4016 5386
298 423 1189 436 —»-.——u—_——————
1203 423 1492 435 -σ-ὀα--κ

187 414 3420 483 W

1306 467 2989 482 Wa

1490 595 1652 637 3‘80
1691 593 1917 637 DOHINI
1957 594 2232 638 “LXXIX.

1346 750 2402 917 JOANNES

1160 1065 1677 1129 ABRINCENSIS
1738 1067 2051 1127 PRIMUM
2128 1066 2545 1129 EPISCOPUS

1696 1238 2012 1280 νοετωουιηι

572 1403 1783 1523 ARCHIEPISCOPUS
1874 1402 3010 1524 ROTOMAGENSIS.

962 1773 1622 1908 NOTITIA
1699 1772 2593 1941 HISTOBICA.

874 2015 1094 2088 (Gallia
1140 2014 1443 2071 Christiana
1496 2026 1651 2070 novae
1694 2010 1988 2077 editionis,
2038 2018 2169 2066 tom.
2215 1985 2319 2075 XI,
2371 2023 2489 2078 με.
2544 2011 2681 2079 δι.)

172 2330 177 2335 ’
235 2339 456 2400 Hormo
505 2339 771 2406 Mamilio,
818 2339 996 2397 clerus
1036 2336 1448 2410 Rotomagcnsis
1470 2332 1746 2412 Lanl'ran-
1777 2325 1827 2384 A
1854 2346 2121 2406 quatenus
2140 2337 2525 2408 exemplnriter
2543 2343 2802 2414 correpti,
2828 2351 2882 2399 et
2905 2346 3140 2414 posteris
3160 2347 3424 2406 similibus

172 2448 289 2489 cum
320 2434 716 2491 Cadomensem
743 2431 993 2487 abbatem
1019 2431 1121 2487 sibi
1146 2428 1609 2498 archiepiscopum
1639 2425 1751 2480 ele-

172 2526 267 2597 git,
314 2526 435 2596 qui,
484 2532 621 2580 teste
660 2522 924 2579 0rderico
945 2521 1140 2590 Vitali,
1167 2520 1465 2584 recusavit,
1511 2517 1748 2586 totisque

177 2616 365 2687 sategit
412 2614 627 2669 viribus
668 2623 727 2667 et
770 2612 916 2682 apud
953 2611 1203 2667 eumdem
1249 2608 1475 2674 clerum,
1503 2616 1559 2663 et
1608 2606 1748 2676 apud

177 2702 609 2761 Normamtorum
638 2703 830 2758 ducem
852 2700 1216 2765 Guillelmum,
1239 2708 1292 2756 et
1317 2698 1457 2770 apud
1479 2711 1750 2753 summum

174 2797 482 2864 pontiﬁcem
510 2792 872 2848 Alexandrum
906 2791 970 2859 ll,
999 2800 1058 2848 ut
1096 2790 1349 2847 Ecclesiae
1367 2789 1548 2844 viduae
1572 2787 1750 2859 praell-

176 2895 385 2940 ceretur
429 2882 673 2939 Joannes
721 2882 1006 2953 episcopus
1057 2878 1446 2945 Abrincensis;
1507 2876 1649 2947 quod
1697 2885 1753 2932 et

176 2985 456 3031 assecutus
486 2981 601 3039 est,
628 2972 858 3028 Romam
877 2971 1242 3027 ordinationis
1269 2967 1433 3037 hujus
1474 2966 1751 3022 licentiam

177 3066 386 3135 petendi
438 3078 607 3119 causa
653 3078 684 3117 a
724 3061 859 3118 duce
903 3062 1117 3129 missus,
1167 3059 1310 3115 unde
1355 3058 1576 3129 pallium
1623 3070 1748 3111 eum

181 3156 388 3213 licentia
423 3155 750 3227 deportavit.

245 3248 484 3303 Joannes
522 3262 654 3302 vero
682 3246 965 3316 episc0pus
1003 3242 1298 3314 apostciica
1347 3237 1613 3310 legatione
1662 3249 1750 3290 re-

176 3344 364 3407 cepta,
410 3345 474 3391 et
514 3334 754 3389 omnium
796 3329 1325 3401 comprovincialium
1376 3327 1750 3396 episcoporum

183 3435 606 3495 cunctorumque
632 3422 795 3479 etiam
816 3422 1057 3491 ejusdem
1087 3418 1342 3474 Ecclesim
1366 3415 1751 3471 canonicorum

180 3515 440 3573 electione
476 3513 749 3571 communi
789 3525 1056 3565 consensu
1084 3507 1250 3574 facta,
1282 3504 1751 3576 metropolitanam

182 3607 404 3677 adeptus
434 3614 520 3662 est
558 3604 774 3667 sedem,
805 3599 1254 3676 quemadmodum
1297 3597 1492 3666 legitur
1517 3597 1573 3650 in
1616 3594 1755 3649 actis

185 3698 419 3767 archiep.
448 3695 673 3751 Rotom.
696 3692 934 3748 Transiit
978 3691 1142 3763 igitur
1180 3704 1213 3744 a
1241 3689 1367 3744 sede
1409 3687 1750 3752 Abrincensi,

185 3788 320 3843 unde
332 3797 387 3843 et
398 3788 721 3859 plerumque
739 3782 962 3838 Joannis
973 3781 1307 3836 Abrincensis
1325 3795 1517 3834 nomen
1531 3779 1756 3834 sortitus

183 3888 279 3945 cst,
303 3881 369 3934 ad
400 3879 588 3934 sedem
620 3875 1066 3948 Rotomagensem
1093 3870 1350 3938 Joannes,
1376 3870 1517 3925 ﬁlius
1545 3868 1754 3923 Rarlulli

182 3969 392 4024 comitis
417 3969 737 4023 Baioearum
776 3974 827 4021 et
864 3963 1048 4028 lbreii,
1073 3963 1259 4018 fratris
1284 3959 1482 4017 uterini
1503 3959 1756 4015 llichardi

188 4056 487 4114 Normania:
537 4056 724 4120 ducis,
771 4051 927 4122 cujus
990 4050 1377 4123 archiepiscopi
1440 4048 1496 4105 in
1550 4048 1757 4104 curiam

188 4165 277 4205 xm
305 4129 579 4206 Kalendas
616 4146 791 4201 Martii
838 4143 976 4200 l070
1026 4152 1195 4199 tracta
1228 4152 1503 4198 estcausa
1533 4141 1597 4197 de
1619 4140 1759 4196 cella

190 4236 245 4293 S.
266 4239 509 4296 Audoeni
538 4239 604 4293 de
626 4236 862 4292 Gisortio
891 4236 1029 4290 inter
1059 4235 1352 4290 monachos
1378 4232 1562 4288 Sancti
1596 4230 1758 4286 Leut-

189 4326 315 4384 lredi
348 4339 405 4384 et
458 4326 677 4398 Maioris
726 4324 1058 4381 Monasterii.
1104 4325 1259 4379 Anno
1302 4323 1442 4379 1072
1478 4323 1531 4377 in
1568 4322 1758 4394 majori

189 4417 401 4476 basilica
440 4434 537 4475 sua
560 4417 845 4474 concilium
886 4416 1074 4472 habuit
1101 4431 1222 4472 cum
1253 4415 1366 4471 suis
1406 4412 1760 4485 suﬂ‘raganeis

188 4526 283 4580 pro
306 4511 644 4569 restituenda
671 4509 1039 4566 ecclesiastica
1066 4507 1367 4579 disciplina.

263 4622 281 4655 ε
323 4602 424 4660 llic
452 4618 600 4667 vero,
629 4618 696 4657 ex
723 4601 860 4659 actis
886 4590 1416 4671 archiepiscoporum
1451 4599 1758 4672 Rotomag.,

193 4689 286 4747 luit
312 4693 394 4747 vir
427 4691 692 4764 progenie
731 4689 950 4756 nobilis,
994 4688 1303 4745 liberalibus
1326 4689 1566 4745 imbutus
1593 4689 1759 4745 disci-

192 4778 363 4848 plinis.
391 4780 446 4836 ls
478 4777 615 4836 alias
655 4781 788 4837 satis
817 4787 1091 4843 strenuus,
1124 4778 1289 4834 animi
1332 4776 1439 4833 fuit
1470 4776 1753 4847 impatien-

196 4872 449 4929 tissimus.
488 4871 854 4929 Crudescebat
890 4871 945 4926 in
979 4883 1049 4925 eo
1088 4869 1176 4925 hic
1206 4869 1449 4929 morbus,
1490 4878 1566 4933 et,
1596 4876 1656 4922 ut
1683 4868 1755 4922 ita

190 4960 437 5022 dixerim.
468 4962 893 5032 exaggerabatur
937 4968 1048 5013 tum
1085 4960 1263 5016 carnis
1301 4956 1605 5021 nobilitate,
1638 4965 1752 5011 tum

194 5050 515 5119 prmlationis
542 5052 819 5123 dignitate.
853 5049 1042 5106 Solent
1074 5050 1216 5106 enim
1244 5051 1363 5106 haec
1393 5047 1500 5102 duo
1523 5046 1759 5117 plerum-

1035 5138 1228 5172 “Arcens

198 5156 295 5172 noun
323 5140 525 5172 λιιι-ἶσαι.
572 5142 624 5172 ἓν.
654 5142 887 5172 ηιιιηςῖιιη
937 5140 987 5172 :n
1035 5138 1228 5172 Παλ-...ει
1262 5153 1438 5172 "anna
1475 5136 1734 5172 cunne-hicn

1847 2429 1958 2484 sint
1989 2430 2204 2496 terrori,
2236 2439 2290 2485 et
2330 2432 2565 2501 parvulis
2587 2434 2720 2505 spei.
2754 2432 2905 2500 Quod
2945 2443 3113 2491 totum
3142 2438 3194 2493 in
3228 2439 3331 2495 hoc
3358 2439 3425 2496 de

1845 2533 1955 2590 quo
2007 2520 2187 2589 agitur
2244 2519 2451 2576 Joanne
2510 2518 2913 2596 archiepiscopo
2966 2525 3141 2582 divina
3194 2544 3424 2586 censura

1847 2608 2099 2664 exhibuit
2136 2608 2189 2664 in
2234 2625 2325 2678 eo,
2368 2627 2528 2681 quem
2573 2613 2617 2668 is
2664 2614 2924 2670 adversus
2965 2619 3137 2672 sancti
3182 2619 3424 2675 Audocni

1845 2699 2149 2754 crcuobitas
2180 2700 2491 2757 inconsulte
2522 2703 2808 2759 tumultum
2836 2708 3099 2761 exercuit.
3125 2708 3278 2774 Quod
3317 2726 3424 2765 non

1849 2787 2191 2859 derogatorie
2213 2831 2228 2855 ,
2258 2806 2364 2846 non
2397 2792 2752 2861 insultatorie,
2784 2795 2878 2850 sed
2912 2797 3241 2854 consultorie
3290 2814 3424 2855 ceu-

1849 2879 2060 2936 suimus
2090 2881 2346 2938 Scribere.
2378 2883 2575 2951 Primo,
2602 2887 2725 2957 quia
2756 2886 3051 2954 insolitum,
3089 2889 3425 2958 incredibile,

1849 2976 1906 3023 et
1934 2969 2089 3039 quasi
2116 2980 2361 3026 monstro
2391 2972 2585 3038 simile,
2613 2982 2823 3029 tantum
2872 2976 3156 3031 tumultum
3177 3018 3191 3043 ,
3223 2987 3426 3035 tantam

1851 3057 2063 3112 turbam
2094 3074 2159 3113 eo
2200 3060 2287 3115 die
2320 3061 2438 3116 sine
2462 3063 2724 3133 sanguine
2750 3064 3030 3122 accidisse.
3061 3066 3338 3137 Secundo,
3370 3080 3430 3127 ut

1852 3144 1971 3203 loco
2007 3149 2361 3214 nobilissimo,
2391 3161 2445 3206 et
2484 3151 2552 3206 ab
2579 3154 2727 3208 omni
2764 3155 2887 3226 jure
2916 3170 3009 3211 seu
3038 3159 3429 3215 consuetudine

1850 3237 2301 3306 archipraesulnm
2335 3238 2495 3307 hujus
2539 3241 2689 3296 urbis
2720 3243 3004 3315 privilegio
3033 3244 3213 3302 Caroli
3249 3245 3425 3319 Magni

1850 3326 2022 3384 libero
2063 3330 2136 3385 sit
2169 3331 2500 3399 memoriale,
2540 3347 2646 3402 quo
2672 3347 2731 3389 se
2760 3336 2986 3404 probent
3008 3351 3107 3392 nec
3136 3338 3188 3392 in
3218 3341 3427 3408 magnis

1852 3420 2168 3475 excessibus
2215 3421 2451 3492 ipsorum
2495 3422 2697 3492 aliquid
2722 3422 2965 3492 justitiam.
2992 3427 3210 3484 debere.
3249 3428 3427 3484 Causa

1852 3515 1994 3574 erat,
2031 3525 2135 3578 qua
2178 3509 2496 3566 Gnillelmus
2525 3510 2995 3568 'Nortmannorum
3025 3529 3209 3573 comes
3234 3526 3293 3573 et
3319 3517 3431 3575 An-

1856 3597 2063 3669 glorum
2103 3616 2197 3655 rex
2226 3602 2489 3672 gloriosus
2536 3603 2898 3660 Cenomaunis
2927 3620 3049 3660 cum
3080 3610 3429 3679 expeditione

1856 3705 1953 3745 sua
2002 3694 2335 3746 morabatur.
2372 3692 2613 3749 Aderant
2653 3694 2702 3749 ei
2734 3695 2874 3751 inter
2912 3697 3148 3769 reliquos
3175 3715 3431 3771 proceres

1858 3777 1961 3833 iste
1985 3776 2222 3834 Joannes
2251 3780 2395 3835 sedis
2424 3779 2584 3849 huius
2621 3783 3060 3859 archiepiscopus
3080 3830 3096 3854 ,
3125 3799 3187 3845 ut
3227 3791 3311 3845 vir
3335 3806 3433 3847 ex-

1848 3868 2102 3924 cellentis
2140 3870 2361 3939 ingenii,
2394 3880 2451 3925 et
2494 3887 2602 3927 non
2635 3876 2922 3933 mediocris
2965 3880 3222 3937 consilii:
3274 3880 3435 3939 Nico-

1859 3957 1977 4011 laus
2003 3971 2219 4028 quoque
2257 3959 2588 4016 reverendus
2627 3961 2795 4016 abbas
2839 3968 3132 4035 supradicti
3178 3970 3431 4026 caenobii.

1859 4043 2217 4101 lmminebant
2263 4047 2618 4104 celeberrima
2672 4050 2906 4121 totisque
2943 4055 3084 4109 votis
3112 4058 3431 4128 excipienda

1859 4136 2188 4193 sanctissimi
2232 4138 2477 4194 Audoeni
2523 4139 2638 4195 dies
2662 4140 2910 4195 natalitia
2950 4159 2971 4195 ε
3008 4151 3064 4198 et
3107 4144 3231 4213 quia
3265 4148 3432 4202 moris

1857 4238 1945 4284 est
1980 4238 2039 4283 ut
2080 4229 2521 4302 archiepiscopus
2553 4230 2670 4303 ipsa
2711 4232 2801 4288 die
2840 4232 2973 4289 inibi
3020 4234 3305 4290 missarum
3345 4250 3435 4292 son

1852 4318 2056 4375 ‘lemuia
2104 4319 2379 4386 celebret,
2428 4335 2535 4375 non
2583 4336 2683 4391 pro
2720 4321 3091 4393 ulla'quidem
3136 4324 3219 4379 vel
3267 4324 3434 4395 ipsius

1853 4408 2112 4479 jentaeuli
2149 4412 2543 4478 vicissitudine,
2572 4412 2667 4468 sed
2704 4414 2860 4484 quasi
2890 4412 2946 4469 in
2972 4406 3427 4488 recompensatio-

1860 4516 1984 4557 nem
2027 4503 2452 4558 consecrationis
2499 4518 2628 4569 sum,
2659 4519 2822 4575 quam
2866 4506 3080 4562 nonnisi
3109 4507 3163 4562 in
3209 4507 3434 4577 praefata

1860 4595 2089 4650 ecclesia
2117 4596 2287 4651 cuivis
2316 4596 2460 4651 sedis
2494 4609 2808 4655 memoratae
2836 4598 2966 4655 licet
2993 4602 3272 4671 accipere;
3304 4602 3435 4659 mis—

1860 4687 2013 4744 sione
2038 4703 2070 4743 a
2105 4702 2230 4760 rege
2260 4689 2428 4758 petita
2476 4688 2688 4746 redibat
2720 4692 2960 4759 coneite,
2991 4692 3188 4753 abbate
3227 4709 3439 4766 praeno-

1859 4778 2068 4834 minato
2124 4778 2340 4834 interim
2396 4778 2465 4834 ad
2517 4782 2864 4851 occupatiora
2909 4792 3245 4841 remanente.
3298 4784 3438 4852 Quid

1858 4865 2051 4938 plura?
2071 4868 2225 4923 adest
2246 4869 2361 4925 dies
2386 4869 2712 4935 veneranda,
2737 4869 2919 4927 clerici
2948 4871 3172 4944 majoris
3199 4874 3443 4930 ecclesiae

1860 4954 2025 5013 solito
2052 4971 2120 5013 eo
2150 4957 2478 5013 conveniunt
2505 4973 2522 5013 :
2552 4959 2615 5011 et
2638 4958 2766 5026 quia
2791 4961 3072 5029 premis-so
3099 4961 3289 5017 nuntio
3314 4976 3444 5016 ven-

1861 5052 2044 5101 turum
2084 5059 2144 5100 se
2175 5046 2549 5112 mandaverat,
2599 5044 2841 5103 solemne
2884 5048 3174 5107 missarum
3226 5050 3442 5104 interim

1860 5136 2108 5172 Αἴθην-θην
2163 5136 2286 5172 οης.
2326 5136 2633 5172 ηΙῖιηισιηΑἶιι
2657 5153 2788 5172 ινα-’Λ
2818 5155 2850 5172 Δ
2885 5140 3158 5172 nonam-In:
3189 5140 3411 5172 “mania
