4016 5386
520 324 584 382 tt
1475 317 1778 377 JOANNES
1823 317 2133 376 ARClllEP'
2153 318 2706 378 noronacsnsrs.
2940 288 2941 291 γ
3564 288 3589 299 ”
3700 296 3775 378 te

522 431 628 490 sibi
655 429 873 488 dolebat
901 428 1166 499 deperire.
1200 426 1378 483 Finito
1424 427 1604 498 itaque
1632 427 1794 499 Kyrie
1824 442 1945 483 eum
1971 428 2099 483 duo-
2131 435 2175 492 Α
2205 440 2384 495 ratur;
2407 432 2529 501 jure
2559 434 2662 488 hoc
2707 433 2758 486 in
2804 432 2918 502 ipsa
2949 435 3108 490 'nuhe
3155 435 3597 504 portendebatur.
3638 436 3778 494 Hinc

517 524 621 580 bus
663 520 949 593 rhythmis,
976 527 1165 574 exacto
1209 516 1394 573 Gloria
1443 517 1501 572 in
1534 519 1752 572 excelsis
1792 516 1922 582 Deo,
1953 516 2095 586 quod

517 613 812 683 incoeptum
842 610 910 664 ab
941 608 1136 664 abbate
1160 606 1436 662 ‘Bichardo
1459 605 1705 678 Sagiensi
1732 605 1930 661 chorus
1957 605 2093 661 cclcc

516 703 752 759 berrime
769 701 957 756 “fuerat
985 706 1275 755 exsecutus
1306 711 1428 753 cum
1460 697 1708 752 laudibus
1731 696 1844 751 suis
1869 696 1943 768 (id
1966 710 2098 750 vero

519 801 689 850 totum
712 792 1112 862 expendebatur
1142 790 1194 844 in
1220 787 1621 858 prmstolatione
1651 786 2091 856 archiprtesulis),

518 899 647 942 ecce
684 882 924 939 accurrit
947 888 1005 936 ut
1044 880 1200 936 turbo
1230 879 1596 950 tempestatis,
1627 894 1842 934 omnem
1871 876 2099 935 confun-

518 975 652 1032 dens
678 974 904 1046 gratiam
950 971 1093 1028 illius
1139 970 1489 1027 celebritatis.
1525 968 1625 1025 llic
1666 984 1899 1040 namque
1932 977 2096 1024 totam

516 1071 716 1128 mentis
751 1068 1173 1141 indignationem
1220 1066 1400 1123 animo
1438 1064 1775 1134 concipiens,
1802 1064 1947 1134 quod
1990 1079 2095 1118 non

517 1174 907 1237 usquequaque
950 1157 1143 1213 fuisset
1183 1164 1555 1226 exspectatus,
1589 1154 1758 1211 torvis
1783 1155 1975 1220 oculis,
2001 1168 2098 1213 ore

516 1251 807 1307 furibundo
833 1248 1043 1305 cunctis
1077 1247 1385 1313 maledixit;
1417 1252 1815 1316 conversusque
1855 1247 1922 1302 ad
1953 1246 2097 1316 ipsos

516 1341 811 1399 monachos
855 1338 1385 1402 excommunicavit,
1433 1352 1500 1392 ex
1548 1337 1869 1394 auctoritate
1905 1336 2007 1393 Dei
2043 1345 2098 1393 et

517 1446 616 1488 sua
653 1429 887 1486 cilicium
926 1443 1167 1500 praesens
1202 1427 1533 1483 interdicens
1561 1441 1781 1483 cessare
1808 1426 1972 1492 fecit,
1998 1427 2096 1482 ab-

516 1521 698 1575 batem
727 1519 795 1575 ab
824 1518 982 1572 altari
1021 1517 1284 1581 evellens,
1333 1515 1504 1571 divini
1524 1513 1768 1571 cilicium
1808 1513 2097 1571 ministerii

515 1606 813 1679 prohibuit.
847 1603 1098 1660 MtBI‘OI'lS
1125 1612 1246 1659 erat
1281 1604 1497 1673 plenum
1530 1611 1585 1658 et
1605 1602 2097 1674 stuporisceruere

516 1705 682 1753 tanta
707 1695 906 1752 festum
934 1694 1155 1760 laetitiae,
1186 1703 1265 1749 tot
1307 1703 1363 1750 et
1398 1702 1577 1749 tantas
1603 1708 1763 1750 voces
1795 1708 1927 1750 eam.
1959 1709 2096 1765 prte-

2199 535 2393 591 nempe
2427 521 2813 577 iuseusibilitcr
2844 521 3135 578 furentium
3158 525 3397 580 nubilum
3427 527 3576 582 velut
3600 527 3778 586 fumus

2199 609 2522 673 ascendens,
2557 610 2751 666 divina:
2800 614 2986 683 gratia:
3033 628 3282 669 serenum
3323 615 3572 672 turbabat
3606 636 3619 670 :
3653 619 3778 676 hinc

2200 711 2416 752 manum
2453 699 2665 755 Domini
2718 711 2866 756 reatu
2919 704 3267 773 ipsorum-ad
3322 706 3619 764 feriendum
3647 725 3777 781 pro-

2197 798 2442 845 vocatam
2472 802 2693 847 sanctus
2737 793 3028 850 Audoenus
3070 798 3277 853 meritis
3306 799 3419 854 suis
3444 803 3779 873 protegendo

2196 878 2530 935 continebat.
2582 882 2735 938 Dicto
2812 883 2886 937 nil
2937 884 3167 957 subripit
3225 888 3367 957 quod
3418 892 3773 961 relragetur:

2201 974 2405 1021 tantum
2435 969 2575 1023 ratio
2623 970 2737 1040 ipsa
2781 987 2810 1026 a
2859 982 2971 1027 toto
3017 978 3257 1045 pendens
3287 976 3634 1050 sull‘ragatur.
3670 969 3776 1051 Ipsi

2197 1071 2345 1121 sane,
2380 1059 2534 1129 cujus
2565 1062 2840 1132 patientia:
2869 1064 2941 1119 sit
2972 1065 3285 1123 Altissimus
3334 1069 3592 1137 redditor,
3624 1074 3775 1128 azsti-

2198 1161 2350 1203 mare
2393 1149 2653 1221 licuisset,
2687 1154 2738 1208 ui
2773 1169 2832 1210 se
2874 1155 2929 1210 in
2960 1172 3056 1212 sua
3101 1159 3399 1228 pertinacia
3429 1164 3716 1223 continens
3742 1181 3777 1222 a

2198 1240 2634 1298 consideratione
2693 1246 2920 1303 rationis
2977 1249 3607 1312 animum'revocasset.
3667 1255 3778 1314 Sed
3856 1324 3861 1335 λ

2197 1332 2559 1391 animositatis
2585 1337 2701 1407 ejus
2750 1338 3059 1396 immanitas
3100 1358 3204 1398 non
3241 1343 3447 1400 destitit
3486 1362 3552 1402 eo
3580 1363 3778 1419 usque,

2197 1439 2305 1494 quo
2333 1440 2393 1481 se
2421 1426 2681 1484 invehens
2711 1429 2869 1485 irruit
2906 1431 2959 1486 in
2996 1447 3073 1488 se.
3119 1433 3288 1504 igitur
3317 1436 3615 1495 vicecomes
3643 1440 3780 1496 civi-

2200 1513 2327 1567 tatis
2367 1514 2831 1588 archiepiscopum
2868 1521 2948 1575 sic
2974 1521 3396 1580 circumventum
3441 1534 3500 1581 ut
3545 1529 3774 1596 audivit,

2197 1603 2404 1665 veritus
2446 1619 2517 1663 ne
2562 1608 2691 1681 quid
2734 1608 3089 1668 inconsultius
3129 1616 3389 1672 adversus
3434 1618 3604 1689 ipsum
3648 1634 3779 1690 age-

2191 1703 2390 1762 retur,
2427 1705 2483 1752 et
2535 1697 2649 1768 ipso
2686 1711 2818 1771 post
2865 1717 3022 1758 nosce
3074 1717 3427 1776 argueretur;
3484 1709 3775 1767 militarent

516 1796 779 1845 conantes
808 1786 862 1841 in
890 1783 1132 1841 subitum
1177 1783 1450 1841 silentium
1481 1784 1838 1840 obmutuisse.
1873 1783 1989 1853 Ipse
2024 1784 2091 1837 ad
2123 1765 2168 1824 Β
2197 1799 2413 1840 manum
2466 1765 2642 1856 cogit,
2693 1765 2835 1860 regis
2879 1765 3415 1853 bannum‘omnibus
3457 1801 3773 1869 pratendit,

515 1877 889 1949 complendum
939 1891 1000 1932 se
1041 1873 1274 1931 ollicium
1319 1883 1586 1946 praeparat
1631 1892 1646 1930 :
1698 1874 1911 1931 clericis
1959 1874 2090 1940 suis,

513 1979 576 2026 ut
616 1985 649 2025 a
694 1969 815 2025 loco
843 1967 1079 2037 incoepto
1123 1974 1470 2038 peragerent,
1519 1966 1769 2035 imperat.
1820 1964 1962 2020 Nihil
2005 1965 2096 2021 hic

518 2058 850 2116 reticendum
893 2056 1010 2112 fore
1052 2070 1360 2125 censemus,
1400 2056 1545 2127 quod
1582 2054 1708 2110 dum
1755 2055 1907 2111 alteri
1952 2055 2094 2125 parti

512 2152 746 2208 favendo
773 2138 1209 2215 diséimulamus,
1244 2148 1403 2204 alteri
1442 2156 1613 2204 totum
1657 2148 1964 2218 derogaudo
1987 2147 2094 2207 .im-
2152 2208 2157 2213 κ

515 2252 711 2314 putare
738 2240 1040 2297 videamur.
1078 2240 1274 2295 Verum
1303 2238 1426 2293 falsi
1457 2237 1836 2309 astipulatione
1864 2252 1968 2297 non
2006 2238 2091 2293 in-

414 2332 419 2335 ’
515 2334 682 2407 diget.
727 2331 971 2399 Fratres,
1001 2330 1102 2388 etsi
1145 2332 1394 2386 decorem
1425 2329 1526 2386 sibi
1571 2328 1702 2387 tanti
1741 2328 1919 2399 gaudii
1950 2343 2091 2398 prce—

514 2425 616 2496 ripi
645 2423 912 2489 dolentes,
937 2421 1234 2493 pontiﬁcali
1279 2430 1458 2477 tamen
1508 2419 1821 2476 auctoritati
1873 2420 2090 2486 cedunt,

514 2516 725 2573 festivis
752 2531 812 2572 se
855 2513 1138 2571 ornatibus
1167 2521 1393 2581 exuunt,
1423 2512 1555 2568 satis
1582 2528 1705 2568 eum
1737 2511 1967 2567 tumultu
1996 2527 2091 2579 cc:

511 2606 730 2662 clesiam
760 2606 1142 2679 egrediuntur;
1173 2605 1280 2663 huc.
1305 2604 1548 2674 quidam,
1580 2620 1701 2669 [ius
1726 2604 1834 2665 il'o,
1867 2602 1953 2657 alii
1987 2601 2092 2658 alio

511 2699 841 2763 succedunt,
893 2695 1123 2751 invicem
1166 2704 1223 2750 et
1252 2694 1333 2749 ad
1360 2709 1489 2751 suos
1538 2710 1696 2763 super
1739 2709 1837 2749 suo
1891 2695 2091 2763 pudore

514 2794 808 2842 maerentes
833 2794 1258 2855 conqueruntur.
1289 2778 1425 2839 Cum
1470 2784 1648 2839 subito
1694 2785 1908 2852 quidam
1957 2799 2090 2839 nio:-

510 2879 654 2934 roris
702 2877 1015 2947 impatiens,
1041 2874 1266 2932 dubium
1312 2874 1531 2943 quidem
1582 2891 1650 2928 an
1700 2892 1763 2929 cx
1814 2876 1975 2943 ipsis,
2008 2874 2088 2929 vel

511 2982 704 3025 eorum
749 2965 987 3031 famulis,
1024 2964 1146 3035 plus
1175 2964 1399 3028 furoris,
1446 2966 1623 3043 minus
1655 2967 1863 3019 consilii
1906 2967 2090 3020 animo

513 3058 796 3128 colligens,
828 3056 1017 3111 turrim
1050 3064 1336 3126 properat,
1367 3054 1542 3124 majus
1590 3056 1832 3113 ecclesiae
1878 3049 2086 3124 signum

416 3166 419 3167 '
513 3150 713 3222 pulsat.
744 3149 881 3209 Hinc
926 3148 1099 3212 forum
1147 3148 1292 3205 otior
1320 3147 1537 3211 advolat
1574 3167 1589 3204 :
1621 3149 2086 3219 archiepiscopum

476 3296 481 3297 ,
512 3242 689 3301 sancti
712 3238 956 3297 Audoeni
980 3238 1193 3310 glebam
1220 3241 1287 3294 ad
1315 3237 1576 3308 majorem
1597 3239 1881 3297 ecclesiam
1903 3251 2089 3308 aspor-

511 3345 634 3392 tare
667 3331 807 3388 ~velle
839 3330 1154 3402 proclamat.
1197 3330 1492 3387 Prosiliunt
1527 3346 1716 3386 omnes
1755 3346 1787 3386 e
1817 3329 2086 3398 domibus,

511 3425 650 3482 alius
694 3423 957 3496 gladium,
982 3423 1071 3481 hic
1103 3422 1412 3494 bipennem,
1440 3423 1639 3489 diversi
1668 3423 1812 3494 quod
1854 3423 2087 3494 primum

511 3517 760 3577 manibus
790 3525 1140 3581 occurrerat,
1182 3515 1479 3585 arripiunt;
1509 3514 1797 3571 ecclesiam
1827 3529 1949 3571 cum
1988 3512 2086 3574 fu-

511 3620 650 3671 rore,
666 3606 996 3675 irrumpunt.
1020 3602 1250 3672 Quidam
1275 3604 1592 3663 curiositate
1613 3604 1741 3666 acti.
1771 3604 1945 3665 celata
1977 3621 2086 3667 mo-

504 3698 729 3756 nasterii
751 3696 1147 3760 conscendunt,
1166 3695 1410 3765 quaedam
1432 3710 1500 3751 ex
1524 3694 1779 3761 tabulatis
1799 3695 2081 3761 auferunt;

506 3791 648 3862 quid
665 3790 746 3846 sic
771 3789 957 3847 furens
980 3786 1209 3859 populus
1234 3802 1395 3858 agere
1416 3786 1612 3853 vellet,
1639 3787 1926 3851 rimantur.
1957 3786 2084 3842 Plu-

498 3882 633 3946 ,rimi
665 3882 784 3954 ejus
826 3881 1143 3938 intentionis
1169 3888 1346 3947 erant,
1393 3889 1453 3937 ut
1497 3880 1625 3951 quia
1659 3881 1738 3937 eis
1768 3889 1930 3937 tantae
1956 3896 2086 3937 con-

509 3971 863 4034 tinuationem
890 3969 1090 4029 laetitiae
1117 3968 1522 4040 interrupisset,
1553 3982 1654 4025 nec
1691 3968 1794 4024 sibi
1825 3968 2086 4037 perlicere

505 4062 717 4119 liceret.
755 4059 1212 4130 Archiepiscopus
1263 4059 1618 4123 circumcirca
1676 4057 1969 4113 furentium
2025 4072 2085 4123 se

506 4153 704 4208 turmis
733 4150 913 4223 appeti
939 4163 1326 4219 expavescens,
1356 4148 1475 4219 plus
1496 4158 1697 4207 tamen,
1715 4147 1947 4218 desuper
1977 4147 2081 4213 im,-

504 4241 777 4299 minentes
820 4242 1087 4303 metuens,
1132 4237 1201 4295 ab
1247 4236 1404 4305 altari
1441 4237 1509 4293 ad
1536 4235 1719 4310 valvas
1770 4237 2082 4293 monasterii

500 4331 691 4402 fugam
736 4328 1022 4399 arripuit;
1055 4328 1143 4382 vix
1169 4327 1383 4398 elapsus
1426 4326 1565 4382 infra
1591 4326 1852 4382 ambitum
1893 4342 2082 4382 earum

2196 1876 2470 1946 suppetias
2518 1874 2791 1946 aecurrit;
2829 1878 2942 1948 jam
2991 1881 3066 1936 nil
3113 1883 3501 1953 reluctantem,
3530 1889 3645 1944 imo
3669 1891 3775 1946 sibi

2194 1964 2408 2033 penitus
2442 1964 2769 2022 diﬂidentem
2813 1969 3052 2039 periculo
3085 1974 3294 2029 eximit.
3325 1975 3395 2031 lis
3445 1977 3773 2034 tumultuum

2194 2054 2484 2112 dementiis
2509 2068 2701 2114 exacta
2729 2068 2815 2116 est
2841 2060 2958 2117 dies
2986 2070 3147 2118 tantze
3174 2065 3523 2124 celebritatis.

2269 2164 2288 2199 ι
2321 2145 2580 2203 ,λΕειίηιθι
2606 2149 2699 2221 qui
2727 2151 3021 2223 valetquae
3062 2152 3228 2210 facies
3260 2165 3385 2215 tunc
3418 2159 3582 2216 fuerit
3606 2161 3775 2237 curia:

2195 2235 2457 2305 caelestis,
2486 2255 2645 2309 quam
2687 2241 3120 2316 indignetulerit
3164 2247 3248 2305 sui
3287 2235 3771 2326 przecellcntissimi

2192 2325 2327 2403 civis
2355 2327 2596 2384 Audoeni
2624 2330 2701 2386 sic
2729 2332 3031 2399 confusam,
3063 2335 3142 2390 sic
3188 2334 3465 2403 fmdatam,
3506 2339 3586 2395 sic
3608 2355 3773 2410 prte-

2194 2426 2399 2486 reptam
2450 2417 2593 2474 diem
2652 2435 2771 2500 ante
2821 2425 3292 2504 remunerationis.
3339 2423 3596 2485 Estimet
3639 2416 3772 2504 quid

2193 2508 2463 2578 exstiterit
2491 2510 2750 2583 miseriae,
2778 2521 2983 2569 tantum
3025 2501 3311 2585 patronum
3343 2518 3418 2597 nil
3457 2501 3673 2591 penitus
3713 2522 3769 2597 in

2195 2596 2317 2674 [iliis
2353 2597 2464 2653 suis
2506 2598 2651 2669 quod
2699 2601 2913 2657 Domini
2950 2603 3141 2661 faciem
3191 2590 3497 2676 placaturus
3522 2590 3768 2679 oll‘erret,

2191 2702 2258 2742 eo
2299 2687 2388 2743 die
2432 2690 2722 2760 accepisse.
2758 2690 2876 2748 Nos
2923 2680 3233 2763 iguOrantes
3280 2696 3443 2771 divini
3494 2691 3769 2773 secretum

2196 2780 2401 2834 consilii
2427 2782 2749 2847 omittimus,
2775 2784 2842 2838 de
2858 2784 3168 2853 hominibus
3193 2786 3425 2849 humana
3447 2774 3767 2869 pensamus.

2191 2871 2249 2924 ln
2283 2880 2429 2927 tanta
2472 2873 2813 2941 multitudine
2840 2875 3255 2941 discretasexu,
3282 2864 3445 2943 relate
3473 2891 3527 2935 et
3551 2865 3764 2951 ordine,

2192 2976 2295 3015 non
2327 2963 2597 3017 credimus
2626 2964 2881 3030 defuisse,
2912 2975 2966 3019 et
2994 2965 3084 3034 qui
3123 2977 3302 3024 mente
3330 2972 3533 3026 carnati
3563 2987 3624 3027 se
3667 2973 3768 3055 mi:

2192 3067 2295 3107 nus
2342 3058 2589 3111 nocuisse
2625 3058 3001 3126 pocuituerint,
3050 3059 3176 3112 dum
3224 3059 3297 3112 nil
3328 3061 3585 3127 medium,
3630 3064 3766 3139 quin

2190 3151 2298 3213 tam
2348 3146 2568 3213 speciali
2616 3148 2812 3229 gaudio
2860 3150 3055 3219 privati
3094 3149 3286 3217 forent,
3315 3140 3679 3223 attenderint;
3709 3164 3767 3229 et

2188 3233 2281 3302 qui
2311 3234 2538 3289 sanioris
2565 3224 2796 3301 consilii,
2838 3240 3075 3306 peccatis
3104 3239 3218 3292 suis
3245 3253 3369 3315 eam
3414 3244 3623 3296 turbam
3657 3244 3763 3298 im-

2185 3309 2515 3393 putaverint,
2548 3336 2670 3380 vota
2703 3342 2799 3382 sua
2822 3341 3090 3400 praerepta
3120 3328 3439 3401 gciuuerint,
3477 3350 3506 3389 a
3542 3350 3639 3404 suo
3670 3352 3764 3406 pa-

2191 3419 2347 3468 trono
2391 3415 2600 3469 veniam
2649 3419 2981 3488 suspirantes
3032 3435 3191 3490 super
3235 3422 3365 3499 suis!
3392 3408 3601 3478 actibus
3632 3438 3761 3501 erug

2189 3500 2421 3584 buerint.
2453 3503 2675 3563 Fratres
2723 3505 2777 3562 in
2809 3508 3104 3563 crastinum
3138 3510 3203 3567 de
3246 3512 3356 3565 suis
3400 3512 3634 3591 eligunt,
3664 3530 3761 3584 pt!’
3808 3562 3817 3573 .

2186 3580 2321 3663 quos
2351 3593 2672 3675 abbati'suo
2711 3600 2854 3671 quod
2896 3599 3098 3670 factum
3145 3599 3341 3677 fuerat,
3373 3580 3758 3674 innotesceret,

2172 3676 2244 3761 Oet
2271 3697 2450 3754 regem
2477 3670 2641 3757 super
2674 3688 2776 3743 hoc
2802 3670 3150 3759 suggeslurus
3181 3674 3382 3757 adiret;
3417 3678 3511 3755 Sed
3550 3670 3761 3750 archie-

2189 3775 2390 3847 piscopi
2437 3779 2655 3834 nuntius
2705 3789 3086 3851 praeessent,
3134 3782 3390 3839 invidiam
3435 3801 3649 3841 omnem
3704 3788 3759 3859 in

2182 3865 2481 3935 monachos
2527 3876 2822 3924 retorserat
2864 3887 2878 3923 :
2929 3871 3009 3925 sie
3044 3870 3252 3937 infecto
3279 3874 3503 3946 negotio.
3522 3864 3757 3945 reditum

2184 3963 2286 4010 est.
2314 3954 2441 4028 Rex,
2475 3956 2603 4012 licet
2629 3967 2750 4028 post
2798 3959 2968 4030 ipsius
2993 3962 3380 4033 archiepiscopi
3415 3974 3471 4018 et
3499 3950 3761 4037 quorum-

2184 4044 2306 4100 dam
2336 4047 2631 4105 aulicorum
2655 4048 2911 4105 instinctu
2934 4051 3115 4107 animo
3142 4047 3196 4127 in
3222 4056 3516 4131 monachos
3541 4064 3754 4126 motus;

2185 4151 2299 4192 rem
2352 4148 2529 4195 tamen
2575 4154 2641 4195 ex
2687 4156 2842 4212 aequo
2872 4157 3120 4213 pensans,
3167 4144 3296 4201 hinc
3344 4147 3758 4220 immoderatam

2184 4232 2597 4307 arrogantiam,
2647 4230 2775 4304 hinc
2832 4233 3191 4290 inconsultum
3249 4234 3537 4309 tumultum
3588 4238 3759 4308 justis

2183 4323 2563 4379 lihratiouihus
2600 4322 2998 4396 praeponderat.
3044 4318 3204 4379 lubet
3243 4325 3407 4394 igitur
3437 4327 3618 4385 statim
3664 4344 3756 4389 ec:-

508 4421 645 4492 ipsis
667 4421 818 4490 prius
862 4418 1061 4475 clausis
1106 4432 1165 4488 se
1207 4418 1409 4489 recepit
1449 4434 1465 4474 :
1513 4416 1748 4488 undique
1777 4416 1981 4473 circum
2024 4432 2083 4473 se
2108 4414 2406 4491 Delesiam
2458 4415 2526 4471 ab
2569 4416 2974 4489 archiepiscopo
3021 4416 3377 4473 reconciliari.
3425 4418 3578 4487 Quod
3628 4422 3755 4478 cum

509 4512 699 4583 sedilia
719 4520 776 4581 et
794 4508 998 4566 formas
1026 4508 1272 4583 aggerari
1298 4508 1445 4564 fecit.
1473 4507 1726 4563 Nonnulli
1756 4516 1933 4563 tamen
1962 4523 2082 4578 par—

510 4604 584 4660 tis
615 4578 783 4673 ipsius
809 4600 1043 4674 arreptis
1064 4578 1440 4665 candelabris,
1470 4597 1644 4653 cereis
1670 4604 1726 4652 et
1752 4598 1995 4668 perticis,
2028 4597 2081 4651 in

511 4693 808 4765 monachos
851 4690 1080 4752 ell'erati,
1108 4687 1203 4745 sed
1244 4688 1313 4744 ab
1341 4689 1422 4744 eis
1448 4703 1556 4745 non
1586 4687 1824 4759 segniter
1849 4687 2081 4756 excepti,

480 4785 675 4856 .pudet
700 4785 900 4848 dicere,
928 4796 1091 4853 quam
1123 4779 1268 4835 foedo
1291 4778 1540 4849 exemplo
1574 4793 1661 4833 res
1685 4792 1750 4833 eo
1781 4775 1869 4831 die
1899 4774 2084 4831 debuit

511 4871 884 4941 determinari.
910 4868 1315 4926 Constititsatis
1358 4868 1472 4937 ipso
1514 4866 1599 4922 die
1632 4864 1884 4921 meritum
1908 4862 2081 4920 sancti

509 4966 762 5024 omnibus
788 4962 1050 5027 adfuisse,
1075 4962 1166 5031 qui
1191 4961 1318 5016 hine
1345 4959 1679 5027 saevientium
1717 4973 1905 5012 manus
1928 4971 2083 5011 com-

511 5054 814 5126 primendo,
841 5053 968 5109 hinc
992 5052 1455 5121 archiepiscopum
1475 5064 1595 5105 cum
1620 5049 1734 5103 suis
1752 5061 1818 5103 eo
1840 5044 2082 5154 periculo

2184 4508 2318 4564 satis
2349 4507 2487 4583 irato
2532 4492 2586 4561 et
2628 4503 2913 4579 reluctanti
2960 4506 3141 4561 animo
3185 4507 3485 4573 abnueret,
3518 4524 3614 4569 rex
3659 4510 3757 4566 Mi-

2178 4593 2356 4656 ,chaeli
2402 4597 2657 4667 episcopo
2700 4594 3073 4672 Abrineatensi
3119 4596 3221 4652 loci
3253 4598 3753 4668 reconciliationem

2170 4686 2439 4756 .iujunxit;
2473 4686 2729 4756 pudorem
2770 4698 2898 4745 vero
2931 4701 3113 4751 suum,
3137 4687 3204 4747 in
3245 4687 3429 4745 futuro
3458 4691 3752 4757 vindictam

2168 4779 2545 4851 praetendens,
2575 4776 2953 4832 dissimulavit.
2979 4776 3220 4845 Quatuor
3262 4778 3429 4848 igitur
3455 4784 3753 4851 monachos

2139 4856 2141 4859 ’
2182 4866 2327 4930 loci,
2355 4881 2491 4936 quos
2537 4875 2593 4921 et
2622 4865 2871 4922 factionis
2913 4876 3160 4925 auctores
3206 4869 3479 4950 audierat,
3527 4873 3751 4952 totidem

2162 4956 2413 5022 _aliorum
2442 4957 2805 5012 cmnnbiorum
2846 4957 3129 5012 abbatibus
3150 4959 3444 5027 commisit,
3486 4972 3749 5031 quatenus

2182 5056 2238 5102 et
2275 5046 2691 5116 archiepiscopo,
2726 5046 3078 5111 satisfaceret,
3124 5056 3180 5102 et
3225 5046 3297 5101 illi
3340 5047 3393 5102 iu
3438 5055 3753 5123 peregrina-
