4016 5386
2519 279 2550 299 ε.
2573 290 2577 293 .

227 326 288 390 is
1467 312 1752 375 NOTITIA,
1793 305 2175 364 msromca.
2359 293 2368 301 '
2524 293 2547 299 "
3419 304 3486 359 it

227 445 374 502 verit.
439 443 548 498 hno
593 449 873 512 postquam
930 435 1146 508 gemino
1197 431 1423 486 lratrum
1479 424 1798 483 earumdem
1830 403 1880 462 Α
1907 432 2033 492 patu
2079 420 2246 487 dedit,
2285 427 2339 476 et
2383 419 2450 475 ad
2480 434 2764 489 quamoam
2809 419 3117 490 patrimonii
3149 418 3230 474 sui
3278 418 3482 481 villam,

223 537 405 593 exsilio
436 531 718 595 satisfecit,
746 541 858 584 rem
893 529 945 582 in
975 524 1264 583 consilium
1295 519 1478 592 ponit,
1505 515 1802 572 concilium

223 629 388 700 cogit;
437 626 579 696 quod
635 622 906 678 abbatiam
952 635 1106 675 suam
1161 618 1301 671 irato
1343 622 1396 666 et
1445 605 1800 664 tumultuanti

224 695 395 774 animo
427 719 717 777 intrasset;
751 713 893 782 quod
921 712 1086 766 totius
1109 708 1279 762 turbre
1299 716 1460 758 causa
1483 709 1537 753 et
1564 695 1803 752 materia

223 809 540 870 exstitisset;
572 806 715 875 quod
743 805 845 858 ioci
872 799 1366 857 reconciliationem
1396 791 1497 847 sibi
1535 789 1804 857 denegas-

222 909 320 964 set,
339 897 542 966 judicio
577 896 866 966 primatum
894 905 1115 946 suorum
1166 891 1440 940 trecentas
1477 880 1645 934 libras
1672 891 1804 932 exer-

223 995 315 1065 git.
345 991 529 1046 Delicti
563 989 698 1044 satis
733 988 852 1042 haec
878 985 1112 1040 vindicta
1147 977 1488 1040 exsolvisset,
1517 973 1564 1028 si
1609 971 1804 1025 intime

227 1062 348 1137 i2cti
393 1081 765 1151 ptenituis'set,
790 1076 1114 1144 nominique
1141 1071 1456 1143 patientiam
1492 1081 1600 1123 non
1631 1062 1802 1134 negli-

223 1177 445 1248 gendam
494 1181 756 1243 putasset.
813 1168 920 1224 Sed
973 1165 1138 1220 animi
1188 1175 1472 1217 rancorem
1529 1171 1632 1212 nec
1669 1165 1804 1208 tunc

225 1269 448 1338 primum
477 1267 739 1319 adversus
770 1258 956 1316 Sancti
1005 1255 1247 1310 Audoeni
1299 1249 1598 1306 coenobitas
1642 1259 1806 1301 occe-

225 1365 390 1428 perat,
425 1364 481 1409 et
507 1355 610 1408 hoc
640 1352 798 1407 modo
842 1349 1014 1420 potuit
1052 1345 1231 1415 potius
1266 1338 1605 1410 exaggerari,
1637 1347 1802 1406 quam

226 1448 394 1502 leniri.
426 1444 614 1499 Trium
661 1455 926 1496 annorum
968 1437 1203 1506 spatium
1253 1433 1528 1488 evolutum
1560 1436 1699 1486 erat.
1748 1434 1803 1480 et

226 1553 430 1609 semper
465 1535 739 1607 repulsam
771 1533 855 1587 sui
887 1529 1073 1585 dolore
1108 1525 1366 1582 continuo
1392 1535 1578 1578 secum
1613 1531 1804 1574 cerro-

228 1631 399 1693 debat,
450 1624 772 1695 congruenti
820 1636 953 1677 sane
1007 1616 1256 1686 exemplo
1293 1626 1623 1684 suspensus,
1653 1609 1803 1662 velut

1905 513 1965 568 S.
2015 511 2295 566 Philiberti
2328 512 2548 576 dictam,
2594 512 2827 575 secedit,
2877 513 2966 566 ubi
3013 521 3068 566 et
3096 510 3486 581 aliquantisper

1906 605 2229 675 supervixit.
2282 604 2608 660 Duodecimn
2649 620 2778 660 vero
2835 605 2917 658 sui
2976 605 3294 674 przesulatus
3341 621 3484 658 anno

1906 695 2049 748 viam
2100 694 2365 748 universae
2409 694 2592 748 carnis
2635 695 2940 764 ingressus,
2984 695 3254 749 hominem
3298 695 3483 749 exivit.

1905 783 2035 839 inde
2065 792 2246 838 tamen
2279 783 2346 837 ad
2370 783 2646 854 propriam
2670 785 2850 838 sedem
2889 784 3144 838 refertur.
3177 802 3196 838 ι

1979 899 2255 955 Hactenus
2303 899 2538 968 scriptor
2579 897 2696 963 ille,
2730 914 2913 968 quem,
2946 898 2988 953 si
3022 898 3204 952 minus
3247 897 3484 952 circurn-

1917 999 2105 1060 specte
2152 990 2444 1059 verbisque
2487 987 2856 1058 aSperioribus
2900 987 3179 1057 praesulem
3213 987 3487 1050 tractavit,

1911 1094 2121 1140 tantum
2148 1085 2304 1137 abest
2330 1091 2387 1136 ut
2415 1082 2728 1145 laudemus;
2780 1081 2869 1134 ubi
2905 1094 3033 1134 vero
3066 1080 3118 1134 in
3147 1078 3490 1133 incommodo

1907 1173 2141 1230 naturali
2186 1173 2506 1227 miraculum
2555 1172 2744 1226 videre
2795 1170 2896 1226 sibi
2953 1171 3101 1224 visus
3154 1177 3238 1224 est
3284 1169 3492 1237 absque

1907 1264 2260 1328 revelatioue,
2294 1278 2400 1317 non
2432 1276 2721 1331 possumus
2768 1275 2874 1314 non
2920 1258 3337 1329 reprehendere.
3380 1258 3488 1311 Sed

1904 1373 2014 1426 quo
2047 1355 2269 1410 nomine
2316 1353 2585 1408 alliciendi
2637 1360 2760 1407 sunt
2809 1351 3047 1406 editores
3088 1349 3332 1405 historia:
3359 1348 3494 1402 Mat-

1909 1451 2034 1506 thzei
2085 1447 2265 1514 Paris,
2319 1448 2411 1517 qui
2459 1457 2568 1501 tam
2619 1447 2670 1500 in
2721 1455 2952 1514 utraque
3003 1443 3242 1499 editione
3282 1441 3495 1496 Londo-

1906 1541 2080 1598 niensi
2132 1554 2398 1594 annorum
2456 1537 2585 1591 1571
2629 1545 2682 1591 et
2727 1534 2887 1601 1640,
2943 1549 3106 1604 quam
3160 1534 3212 1586 in
3255 1531 3495 1587 editione

1904 1631 2199 1686 Parisiensi
2246 1629 2373 1684 anni
2428 1625 2597 1692 iii-i4,
2644 1627 2784 1681 hanc
2832 1625 3070 1680 notulam
3119 1624 3387 1693 scripsere
3439 1622 3492 1675 in

227 1721 542 1792 evangelica:
573 1719 716 1772 iuius
748 1714 994 1770 “omnem
1021 1710 1248 1764 f"“°"“5‘
1276 1707 1428 1762 unde
1453 1705 1532 1759 ⁸ίο
1560 1701 1798 1773 quidam'
1835 1741 1876 1798 Β
1906 1723 2148 1793 margine
2171 1739 2185 1778 :
2223 1720 2467 1775 Monachi
2494 1718 2678 1774 Sancti
2699 1717 3213 1771 Audoeniloannem
3241 1715 3498 1783 archiepi-

341 1855 635 1918 Exspectata
657 1853 811 1901 tribus
830 1848 1042 1898 fructum
1067 1857 1163 1894 non
1187 1839 1350 1892 attulit
1371 1841 1532 1889 annis.

228 1976 350 2031 Cum
389 1982 521 2045 post
551 1973 606 2027 id
651 1969 913 2042 temporis
956 1968 1218 2022 redeunte
1265 1962 1454 2017 eadem
1493 1956 1808 2019 festivitate,

231 2067 404 2136 paucis
435 2074 568 2120 ante
591 2064 867 2118 mensibus
895 2057 1129 2130 paralysi
1161 2067 1472 2126 percussus,
1505 2049 1596 2104 sed
1620 2047 1688 2102 ab
1711 2047 1814 2101 hac

233 2158 538 2211 inﬁrmitate
571 2155 684 2224 jam
725 2152 1036 2222 respirans,
1083 2147 1150 2202 ad
1187 2143 1584 2201 solemnitatem
1644 2136 1812 2200 venit,

233 2257 281 2302 et
303 2250 421 2317 quia
458 2255 567 2317 per
597 2259 656 2300 se
699 2245 922 2298 missam
967 2240 1246 2294 celebrare
1277 2250 1382 2290 non
1424 2231 1618 2304 potuit,
1643 2227 1815 2282 Gisle-

236 2338 375 2392 berto
407 2334 738 2391 Ebroacensi
762 2333 1017 2402 episcopo
1046 2328 1190 2383 vices
1211 2340 1338 2380 suas
1364 2321 1677 2378 commisit:
1703 2318 1817 2387 ipse

239 2429 284 2481 in
330 2429 510 2482 medio
566 2435 850 2480 cantorum
907 2421 1087 2491 specie
1134 2414 1483 2488 praecentor-is
1528 2411 1699 2466 stetit.
1750 2408 1820 2464 Ut

239 2533 354 2572 vero
380 2515 728 2586 evangelium
767 2512 932 2581 ccepit
974 2509 1099 2578 legi,
1134 2503 1392 2560 horribile
1437 2502 1614 2556 dictu!
1644 2500 1722 2554 sic
1750 2499 1817 2553 ab

241 2608 430 2662 intimis
462 2605 788 2662 humoribus
816 2603 870 2656 in
901 2601 1252 2656 secretiorem
1287 2603 1522 2649 meatum
1552 2589 1819 2660 proﬂuen-

239 2701 368 2762 tibus
393 2708 484 2755 est
515 2698 696 2754 subito
724 2694 1084 2765 angustiatus,
1112 2687 1383 2757 utraptim
1412 2686 1568 2740 urina
1599 2696 1822 2753 procur-
1897 2711 1903 2715 -

242 2808 381 2855 rens,
431 2791 638 2846 lineam
691 2802 862 2856 usque
913 2779 1414 2853 superpellicialem.
1444 2777 1821 2830 indumentum

243 2900 386 2940 auiae
424 2882 698 2945 infecerit,
753 2879 1115 2949 pavimentum
1158 2873 1321 2928 etiam
1353 2885 1464 2940 quo
1502 2868 1702 2932 stabat,
1730 2879 1826 2935 per

247 2989 390 3042 quam
427 2969 852 3028 humectaverit.
901 2965 1038 3020 llinc
1069 2972 1188 3035 post
1224 2961 1469 3016 ﬁdelium
1499 2957 1824 3019 oblationes,

247 3079 354 3116 cum
408 3062 652 3131 amplius
705 3055 1048 3114 dissimulare
1098 3069 1203 3108 non
1260 3059 1483 3121 posset,

246 3169 498 3224 egressus,
541 3150 753 3220 pudore
789 3163 894 3202 non
925 3153 1140 3214 oportet
1173 3141 1276 3196 diti
1307 3148 1568 3210 quantum
1597 3146 1652 3191 et
1693 3149 1826 3189 mm-

249 3260 358 3298 rore
388 3243 670 3306 confusus,
703 3241 769 3294 ad
799 3255 896 3293 sua
928 3250 1176 3292 reversus
1199 3242 1298 3288 est.
1329 3231 1481 3298 Quod
1511 3239 1567 3282 ut
1593 3229 1824 3298 primum

248 3336 308 3387 ad
345 3350 500 3389 aures
550 3331 732 3403 populi
785 3327 1131 3398 percrebuit,
1187 3325 1310 3393 quis
1359 3322 1651 3381 aestimare,
1707 3317 1828 3386 quis

251 3426 418 3480 dicere
445 3422 746 3486 suffecerit,
786 3423 838 3474 in
877 3433 1015 3489 quas
1040 3425 1094 3472 et
1137 3422 1369 3484 quantas
1395 3426 1554 3467 voces
1587 3425 1647 3465 se
1675 3409 1828 3462 dere-

250 3527 396 3590 pente
429 3515 736 3588 sparserit?
766 3512 967 3568 Omnes
1003 3520 1180 3565 tamen
1217 3509 1270 3561 in
1300 3517 1586 3562 commune
1607 3499 1829 3579 Domini

247 3609 701 3680 magniﬁcentiam
739 3604 1018 3673 sanctique
1061 3597 1302 3654 Audoeni
1344 3595 1596 3650 meritum
1646 3606 1828 3661 perso-

248 3705 439 3757 nabant
467 3722 482 3754 :
506 3702 634 3772 jure
665 3700 809 3754 hunc
857 3695 924 3749 ab
955 3692 1264 3763 integritate
1302 3684 1583 3757 praesentis
1631 3682 1830 3736 lcetitiae

248 3794 317 3850 sic
352 3795 713 3868 ignominiose
737 3790 1030 3862 repulsum,
1060 3799 1220 3856 quam
1251 3780 1380 3836 olim
1413 3779 1629 3848 indigne
1671 3773 1832 3829 nimis

245 3889 677 3956 perturbaverat,
709 3881 1102 3938 acclamabant.
1130 3875 1299 3930 Nemo
1327 3871 1483 3927 nobis
1509 3881 1831 3924 succensere

247 3980 420 4045 habet,
453 3980 500 4035 si
529 3992 659 4033 vera
689 3975 940 4037 dicimus,
972 3969 1095 4040 quia
1132 3965 1335 4023 nemini
1377 3977 1602 4019 examen
1633 3957 1834 4028 judicis

246 4073 503 4138 omnium,
553 4071 609 4125 in
652 4067 805 4138 cujus
847 4079 1040 4120 manus
1086 4061 1413 4118 horrendum
1459 4065 1542 4112 est
1573 4055 1832 4116 incidere,

244 4143 721 4234 impmperaﬁdum
749 4158 972 4218 scimus,
1013 4161 1068 4208 et
1107 4168 1174 4206 ex
1204 4151 1377 4206 aliena
1420 4146 1576 4216 culpa
1614 4153 1832 4215 poenam

247 4252 530 4308 incurrere
573 4249 733 4306 valde
763 4244 1138 4302 formidamus.
1171 4240 1277 4296 Sed
1317 4239 1460 4293 enim
1491 4237 1692 4307 judicia
1728 4236 1833 4290 Do-

247 4343 394 4408 mini,
430 4357 557 4414 qure
583 4339 731 4395 velut
766 4339 994 4408 abyssus
1032 4331 1195 4388 multa
1229 4339 1382 4392 sunt,
1411 4327 1633 4392 mirari,
1659 4327 1833 4396 ipsum

247 4437 298 4490 in
327 4445 436 4490 tam
485 4441 684 4490 sancto
727 4430 843 4484 viro
888 4426 1201 4498 praedicare,
1233 4438 1339 4492 quo
1373 4418 1570 4474 affectu
1616 4418 1835 4489 pietatis
1864 4435 1914 4495 ο

250 4527 436 4582 iisdem
488 4526 689 4593 devote
735 4521 836 4577 sibi
886 4517 1206 4573 {annillantes
1247 4511 1576 4593 protegendo
1626 4525 1838 4580 semper

248 4589 610 4687 faveat,'plns
649 4599 1044 4681 estisacrilegii
1093 4607 1304 4678 ingrato
1351 4586 1570 4658 silentio‘
1623 4611 1835 4670 tegere,

241 4702 406 4780 quam
439 4719 503 4763 ut
551 4706 784 4768 dicatur,
816 4695 1155 4757 reverentiae.
1191 4697 1460 4752 Caeterum
1507 4706 1613 4746 non
1651 4704 1839 4761 parum

245 4784 618 4856 intentionem
666 4797 812 4867 piam
841 4793 1047 4864 dirigit,
1084 4787 1405 4844 studendum
1449 4785 1709 4839 continue
1738 4781 1842 4834 Do-

247 4892 397 4946 mino
430 4889 665 4944 servire
713 4886 768 4940 in
816 4885 1031 4946 timore,
1077 4887 1133 4933 et
1178 4876 1447 4933 exsultare
1478 4873 1560 4938 ei;
1594 4873 1690 4928 sed
1717 4885 1840 4924 cum

232 4979 495 5040 tremore
527 4997 545 5035 :
577 4980 757 5035 sobrie
805 4990 1057 5047 pensare,
1107 4973 1266 5041 quam
1309 4969 1536 5026 nitidum
1576 4961 1842 5035 templum

235 5060 346 5112 ίςηος
381 5085 599 5112 ..ηεηιρι
631 5072 845 5112 υ-ῑιεοριη
868 5071 1131 5112 οτιιεὴιςνρ
1161 5067 1373 5112 demat-
1405 5062 1452 5112 si
1498 5061 1634 5112 adeo
1655 5059 1902 5112 aelans"

1853 3083 1899 3148 C
1930 3113 2036 3168 quo
2061 3095 2174 3165 jam
2201 3095 2466 3159 diximus;
2500 3092 2638 3146 alius
2670 3106 2812 3145 anno
2836 3090 2995 3153 1074,
3027 3089 3079 3144 in
3107 3103 3214 3158 quo
3240 3090 3514 3157 prioratus

1911 1829 2122 1882 scopum
2144 1811 2570 1882 Rotomagensem
2587 1808 2827 1863 occidunt
2842 1809 2864 1860 .'
2887 1807 3194 1876 Scripserat
3218 1807 3394 1860 minus
3418 1805 3498 1858 in-

1913 1903 2259 1958 considerate
2289 1901 2403 1970 ipse
2438 1899 2724 1953 Matthaaus
2755 1899 2822 1952 ad
2871 1912 3071 1952 annum
3115 1897 3289 1951 £073:
3345 1893 3499 1948 Inva-

1913 2007 2091 2052 serunt
2122 1995 2306 2052 Sancti
2331 1994 2568 2066 Αίδαοεηὶ
2599 1992 2844 2047 monac/ti
2871 1991 3129 2044 Joannem
3153 1986 3500 2055 archiepisco-

1913 2107 2036 2162 pum
2095 2074 2526 2159 Rotomagensem
2575 2088 2785 2141 missam
2833 2084 3174 2139 celebrantem
3223 2082 3503 2150 festivitate

1916 2184 2150 2254 ejusdem
2197 2181 2368 2236 sancti
2416 2196 2532 2234 cum
2563 2189 2769 2233 armata
2798 2194 2957 2232 manu
2987 2175 3235 2231 rt'rarnm.
3280 2174 3387 2228 Sed
3435 2174 3502 2226 ad

1919 2277 2136 2330 ultimos
2170 2274 2424 2346 praesulis
2456 2288 2629 2329 annos
2676 2273 2820 2343 quod
2863 2279 3093 2342 spectat,
3131 2268 3298 2322 tradit
3326 2265 3500 2321 Orde-

1922 2367 2065 2422 ricus
2095 2365 2305 2430 Vitalis,
2335 2364 2530 2436 pagina
2559 2364 2684 2429 550,
2712 2363 2860 2416 illum
2892 2361 3070 2416 subita
3098 2359 3350 2430 passione
3381 2371 3505 2428 per-

1919 2475 2162 2523 cussum,
2199 2458 2353 2512 turba
2387 2464 2691 2526 spectante,
2731 2455 2798 2508 ad
2826 2463 3027 2507 terram
3059 2451 3328 2520 dejectum
3359 2465 3503 2515 esse,

1920 2559 1977 2603 et
2007 2549 2226 2602 biennio
2257 2563 2365 2617 quo
2395 2545 2718 2616 supervixit,
2746 2544 3014 2612 elinguem
3042 2541 3318 2596 exstitisse

1992 2639 2232 2694 Joannes
2280 2638 2532 2693 decorem
2587 2637 2780 2691 domus
2824 2636 2917 2689 Dei
2967 2634 3209 2703 impense
3239 2631 3504 2693 coluerat,

1925 2730 2082 2800 cujus
2129 2727 2408 2798 egregium
2459 2727 2725 2794 hodieque
2785 2731 3034 2794 superest
3099 2729 3506 2776 monun‘ientum

1926 2822 1980 2876 in
2025 2820 2208 2875 libello
2252 2819 2558 2872 divinorum
2587 2815 2888 2871 oﬁiciorum
2921 2816 2996 2874 .ati
3028 2828 3185 2868 usum
3236 2820 3510 2882 metropo-

1926 2913 2108 2967 litante
2128 2909 2394 2974 ecclesiaz,
2424 2907 2672 2962 Maurilio
2697 2885 2968 2962 decessori
2994 2918 3090 2959 suo
3119 2903 3323 2957 oblato.
3348 2901 3509 2968 Plura

1929 3005 2090 3059 etiam
2141 3001 2371 3058 concilia
2419 2998 2742 3063 celebravit;
2779 2998 3012 3066 primum
3052 3009 3197 3048 anno
3243 2992 3414 3054 1072,
3445 2991 3514 3045 de

1932 3190 1989 3245 S.
2017 3187 2256 3243 Victoris
2287 3185 2426 3255 apud
2455 3181 2665 3238 Caletes
2711 3181 2776 3236 ad
2808 3181 3059 3236 abbatias
3101 3189 3354 3246 evectus;
3399 3179 3515 3248 ipse

1933 3297 2058 3336 vero
2087 3279 2228 3349 quod
2259 3275 2592 3349 presbyteris
2625 3275 2738 3329 suis
2768 3273 3100 3328 concubinas
3123 3270 3512 3340 prohibuisset,

1918 3371 2197 3442 lapidibus
2218 3369 2418 3440 petitus
2443 3375 2526 3421 est
2547 3365 2779 3435 fugaque
2793 3364 2950 3420 saluti
2968 3361 3252 3418 consulere
3269 3368 3511 3423 coaetus,

1932 3480 2038 3536 quo
2077 3465 2142 3518 de
2172 3480 2228 3516 re
2254 3460 2546 3516 Ordericus
2574 3457 2788 3512 Vitatis.
2818 3455 3151 3524 Subscripsit
3191 3466 3334 3506 anno
3376 3450 3515 3504 107i-

1933 3555 2210 3627 diplomati
2263 3552 2498 3608 Wilelmi
2556 3550 2697 3621 regis
2755 3563 2856 3618 pro
2918 3546 3147 3602 ecclesia
3206 3542 3512 3614 Bajoccnsi.

1931 3648 2088 3702 Anno
2142 3643 2279 3700 i075
2337 3642 2608 3697 Caeciliam
2657 3640 2956 3710 virginem',
3019 3636 3184 3690 ﬁliam
3238 3634 3518 3690 Guil'elmi

1935 3739 2119 3803 Nothi,
2157 3739 2263 3791 Deo
2287 3734 2522 3790 sxcravit
2550 3733 2601 3786 in
2632 3731 2854 3786 basilica
2883 3727 3279 3784 Fiseamnensi.
3303 3725 3514 3791 Adfuit,

1935 3849 2078 3887 anno
2138 3829 2294 3892 1077,
2352 3824 2680 3881 dediealioni
2741 3821 3086 3875 basilicarum
3141 3818 3200 3872 S.
3254 3816 3517 3885 Stephani

1933 3922 2306 3982 (ladomensis,
2332 3928 2386 3972 et
2411 3917 2590 3972 Beata:
2617 3913 2797 3967 Maria:
2817 3910 3127 3970 Beccensis.
3146 3909 3348 3963 Eodem
3372 3921 3517 3961 anno

1932 4023 2115 4093 jussus
2153 4035 2181 4071 a
2222 4012 2508 4071 Guillelmo
2555 4022 2709 4076 rege;
2759 4004 2932 4060 noluit
2975 4001 3206 4073 sepelire
3235 4001 3519 4070 lingonem

1938 4115 2328 4173 Lexoviensem
2373 4110 2706 4180 episcopum.
2758 4101 3000 4171 Denique
3047 4099 3114 4154 ad
3161 4096 3355 4159 tinem,
3409 4103 3517 4146 tam

1938 4210 2284 4279 episcopatus
2325 4217 2487 4274 quam
2516 4199 2646 4252 vitae
2671 4196 2789 4267 ejus
2819 4193 2962 4263 quod
2995 4195 3234 4262 spectat;
3265 4184 3523 4240 abdicare

1938 4278 2160 4356 coactus
2221 4303 2334 4360 est,
2387 4304 2496 4348 tam
2563 4297 2784 4360 propter
2833 4283 3092 4340 oﬂ'ensam
3154 4278 3297 4350 regis
3357 4289 3522 4345 quam

1943 4403 2164 4465 propter
2198 4387 2491 4461 paralysim
2520 4391 2615 4438 aut
2643 4382 2818 4436 urina:
2846 4371 3313 4433 incontinentiam.
3360 4367 3440 4422 Ad
3468 4365 3523 4420 id

1944 4458 2072 4538 vero
2118 4458 2523 4547 exsequendum
2571 4470 2872 4542 Gregorius
2913 4465 3003 4522 γη
3040 4477 3180 4535 papa
3221 4458 3523 4514 lluhertnm

1942 4579 2184 4648 legatum
2219 4573 2286 4626 ad
2322 4582 2502 4639 regem
2527 4563 2822 4634 Anglorum
2857 4559 3111 4618 miserat,
3139 4552 3314 4626 pridie
3344 4549 3526 4604 Non-ts

1942 4638 2162 4736 aprilis,
2195 4638 2489 4717 indictione
2514 4655 2716 4726 prima,
2739 4665 2860 4722 quae
2884 4647 3028 4704 cadit
3055 4645 3109 4699 in
3132 4651 3334 4698 annum
3361 4638 3522 4736 107$.

1944 4729 2005 4816 ut
2031 4758 2333 4829 inquireret
2369 4768 2442 4807 an
2472 4750 2568 4804 ille
2609 4753 2710 4817 pro
2734 4737 3183 4811 sua'aegritudine
3217 4729 3529 4804 episcOpale

1945 4848 2083 4908 onus
2110 4826 2401 4904 sustinere
2442 4849 2659 4914 posset;
2696 4836 2841 4908 quod
2878 4834 2923 4888 si
2968 4840 3120 4886 tanto
3160 4826 3312 4881 oneri
3355 4827 3532 4894 impar

1949 4943 2306 5014 reperiretur,
2332 4937 2471 4994 alius
2497 4933 2548 4986 in
2581 4929 2700 4999 ejus
2732 4925 2922 4983 locum
2949 4919 3211 4978 canonice
3238 4916 3534 4987 eligeretur

1947 5004 2332 5090 successorem
2383 5031 2561 5082 tamen
2614 5025 2719 5076 non
2752 5017 2963 5080 habuit,
3013 5011 3114 5065 nisi
3161 5020 3347 5062 mense
3393 5004 3535 5060 J'nlio
