4016 5386
472 306 557 361 ηιδ
1592 310 1871 366 JOANNIS
1909 309 2334 368 ARCHIEPISC.
2374 297 2747 371 ROTOMAG.
3704 315 3774 370 ιδ

468 412 813 471 ‘tnmulatum
852 429 975 472 esse
1002 415 1078 471 ait
1124 415 1179 471 in
1224 416 1548 487 baptisterio
1576 418 1831 477 ibasilica:
1865 438 1977 477 sua:
2006 423 2072 477 ad
2105 429 2151 489 Α
2252 406 2509 482 Ecclesire
2540 427 2860 482 minuuntur
2894 444 3046 498 opes,
3089 445 3243 485 sacer
3271 429 3407 485 ordo
3440 431 3688 502 tepescit,

486 505 794 575 aquilonem
825 523 857 560 v
900 506 1022 563 ldus
1064 507 1214 578 Sept.
1250 507 1443 565 Trinas
1476 510 1543 564 ad
1580 526 1703 566 enm
1734 512 2073 568 Lanfraneus
2323 515 2551 571 Provida
2596 518 2807 588 relligio
2844 534 3001 588 quem
3041 536 3136 575 sua
3178 521 3480 577 constituit.

484 595 900 654 Cantuariensis
931 599 1404 669 archiepiscopus,
1433 617 1595 656 unam
1625 618 1755 659 vero
1792 604 2071 662 llildeher-
2250 604 2349 662 llic
2383 607 2627 678 neglecta
2672 609 2763 664 diu
2802 624 3072 666 canonum
3101 612 3320 668 decreta
3360 610 3692 679 reformatis,

484 696 573 740 tus
598 686 1027 744 Cenomanensis
1053 690 1341 760 episcopus
1371 691 1578 748 litteras
1609 694 1900 765 scripsere,
1933 713 2072 768 quas
2319 699 2552 754 lustitnit
2579 708 2738 768 caste
2767 701 2951 756 vivere
2977 702 3348 774 presbyteros,

481 784 605 844 post
655 778 948 834 Acherinm
1005 788 1060 834 et
1105 779 1501 837 Bibliothecam
1555 782 1776 841 Patrum
1833 787 2087 859 vulgavit
2245 790 2393 845 Dona
2444 790 2535 844 Dei
2584 792 2683 845 sub
2725 807 2789 847 eo
2832 792 3042 847 venalia
3081 793 3224 848 nulla
3266 793 3447 858 fuere;

479 868 886 941 Pommeragus,
929 871 1133 927 Concil.
1164 873 1475 945 Rotomag.,
1508 892 1629 948 pag.
1664 878 1730 933 78
1759 890 1813 934 ct
1834 895 1987 951 seqq.
2015 891 2069 937 et
2186 931 2191 935 .
2316 881 2451 937 l~luie
2482 890 2536 936 et
2564 897 2696 952 opes
2722 883 2902 955 largas
2929 885 3156 939 contulit
3181 885 3473 940 Ecclesizc-

482 957 731 1049 lieslinus
762 971 912 1029 parte
944 977 1004 1024 tl.
1038 978 1160 1033 pag.
1194 962 1258 1018 15
1289 974 1344 1019 et
1374 980 1529 1037 seqq.
1576 966 1688 1023 lloc
1731 969 2067 1040 epitaphium
2242 973 2445 1045 Lingua
2476 974 2699 1043 diserta,
2732 991 2922 1045 genus,
2955 976 3242 1049 sapientia,
3270 977 3450 1032 sobria
3476 977 3584 1031 vita

480 1048 598 1117 ejus
631 1050 824 1104 recitat
845 1050 1183 1109 Ordericus:
2307 1064 2444 1120 Huic
2471 1064 2594 1131 fuit,
2621 1068 2848 1138 exiguus
2874 1082 3033 1138 quem
3070 1068 3203 1138 tegit
3239 1067 3345 1123 iste
3372 1067 3530 1138 lapis.

546 1159 886 1231 Metropolita
929 1173 1056 1220 tuus
1078 1164 1227 1234 jacet
1257 1167 1365 1234 hic,
1398 1169 1529 1226 urbs
1556 1169 1993 1241 Rotomagensis,

2240 1153 2392 1209 Nona
2420 1155 2536 1210 dies
2557 1156 2880 1224 septembris
2901 1164 3044 1222 erat,
3067 1173 3188 1215 cum
3218 1173 3385 1225 carne
3405 1157 3687 1212 Johanncs
3752 1220 3756 1225 _

617 1253 869 1311 Cnhnine
894 1257 960 1312 de
988 1273 1225 1325 summo,
1255 1276 1364 1330 quo
1389 1261 1659 1318 moriente
1683 1264 1820 1327 ruis,

2310 1244 2658 1315 Exspoliatus
2686 1246 2803 1301 obit
2832 1265 2844 1302 :
2873 1247 2944 1301 sit
2973 1247 3073 1303 sibi
3099 1263 3224 1303 vera
3252 1248 3426 1317 quies.

531 1401 3755 1430 mm

1284 1514 1504 1678 Β.
1595 1516 1809 1671 Ρ.
1904 1513 2926 1719 ,ΙΟΑΝΝΙΞ

981 1822 1437 1883 ABRINCENSIS
1473 1826 1803 1892 EPISCOPI,
1844 1828 2095 1883 DEINDE
2133 1827 2672 1886 ROTOMAGENSIS
2702 1830 3227 1889 ARCHIEPISCOPI

572 2106 579 2110 _
1905 2007 2320 2120 LIBER

465 2124 468 2128 ’
672 2239 926 2391 DE
1043 2234 1852 2395 OFFICIIS
1992 2237 3528 2458 ECCLESIASTICIS

1672 2530 1825 2618 AD
1897 2515 2605 2620 MAURILIUM

1509 2721 2081 2780 ROTOMAGENSEM
2117 2721 2744 2789 ARCHIEPISCOPUM,

452 2876 738 2941 Primum
775 2897 854 2939 ex
889 2879 1103 2940 codice
1149 2897 1261 2939 ms.
1294 2878 1560 2939 casnobii
1592 2877 1950 2939 Salicosani
1989 2878 2057 2938 in
2097 2877 2293 2937 lucem
2334 2876 2563 2949 editus,
2600 2895 2767 2937 nunc
2814 2896 2892 2936 ea:
2926 2896 3036 2939 ms.
3094 2879 3308 2941 codice
3348 2880 3751 2949 bibliotheca

531 2958 885 3036 Bigoliana:
932 2965 1156 3017 auctus
1187 2964 1242 3016 et
1277 2955 1664 3036 emendatus;
1698 2957 1870 3036 notis
1909 2956 2002 3036 D._
2051 2956 2328 3036 Joannis
2365 2953 2679 3025 Prevotii,
2725 2956 3189 3035 Rotomagensis
3227 2960 3492 3023 ecclesia:
3528 2967 3751 3026 cut/te-

531 3032 733 3096 drEtlis
769 3036 1084 3102 canonici,
1123 3043 1177 3095 et
1204 3032 1661 3095 recentioribus
1692 3033 2231 3094 observationibus
2254 3033 2653 3099 illustratus;

448 3163 507 3219 In
536 3176 645 3231 quo
678 3160 826 3215 varia
849 3159 1193 3230 antiquitatis
1212 3156 1601 3214 ecclesiasticae
1631 3157 1982 3216 monimenta.
2011 3155 2520 3278 hactenuslinedita,
2541 3170 2607 3211 ex
2646 3171 2782 3211 mss.
2824 3156 3101 3214 codicibus
3126 3175 3269 3216 nunc
3297 3161 3536 3231 primum
3568 3163 3623 3216 in
3663 3164 3749 3217 ln-

1879 3241 1996 3278 cem
2025 3241 2141 3278 oret
2162 3240 2266 3278 eun
2300 3265 2312 3278 .

1879 3241 1996 3280 cem
2025 3240 2312 3296 prouentu.

451 3338 882 3425 (ROTOMAGL.
923 3343 1185 3425 [inpensis
1231 3355 1275 3398 et
1310 3342 1446 3413 typis
1472 3340 1858 3425 Bonarcnturte
1889 3339 2117 3425 Lebt'un,
2158 3341 2901 3425 tgpagmphiet.bibliopoltr:
2939 3342 3409 3425 ignarettulfoiatii,
3443 3349 3541 3400 sub
3588 3350 3751 3419 signa

827 3412 888 3469 S.
920 3411 1484 3479 Βοὴηυεηηινωίωιη
1516 3411 1909 3480 approbatione
1930 3411 2211 3466 doctorum
2233 3421 2302 3486 et
2330 3412 2613 3481 privilegio
2642 3411 2804 3483 regis.
2848 3413 2918 3466 Μ.
2954 3414 3057 3469 DC.
3084 3414 3345 3483 LXXlX.)

1901 3550 2339 3563 _

1756 3666 2436 3760 ΡΙὶλίΕΡΑΤΙΟ.

522 3845 775 3903 Solemue
804 3841 1008 3897 habent
1043 3852 1237 3895 omnes
1274 3837 1369 3909 qui
1397 3836 1466 3893 de
1495 3850 1552 3891 re
1587 3837 1768 3906 aliqua
1796 3836 2045 3892 seriben-
2075 3838 2119 3896 Β
2148 3836 2306 3893 facile
2334 3838 2548 3894 obvium
2575 3835 2803 3896 Joannis
2826 3836 3175 3896 Abrincensis
3203 3842 3441 3912 primum
3470 3847 3758 3936 episcopi,

450 3936 578 3991 dum
605 3932 967 4004 susceperint,
1000 3929 1248 4002 quaedam
1285 3928 1616 3999 praemittere
1657 3928 1773 3983 sive
1799 3936 1859 3982 ut
1888 3928 2041 3984 labo-
2144 3927 2267 3982 dein
2301 3928 2693 3998 archiepiscopi
2728 3926 3161 4001 Rotomagensis,
3192 3946 3330 4001 opus
3370 3933 3577 3993 iterum
3618 3926 3761 4013 prb.

447 4041 563 4082 rem
593 4023 901 4096 legentibus
926 4018 1312 4077 commendent
1346 4033 1531 4083 suum,
1561 4017 1678 4073 sive
1718 4026 1777 4072 ut
1807 4017 2039 4072 instituti
2142 4018 2286 4072 diret
2310 4017 2361 4070 in
2390 4017 2563 4072 lucem
2594 4035 2607 4071 :
2637 4033 2704 4073 ne
2735 4018 2919 4072 nativo
2941 4020 3136 4075 decore
3166 4022 3361 4077 nudari
3391 4030 3664 4103 patriam,
3693 4047 3753 4094 et

447 4132 478 4171 a
503 4129 563 4171 se
592 4110 1068 4185 operis'rationem
1098 4118 1389 4180 exponant.
1425 4109 1595 4176 Quem
1626 4122 1832 4162 morem
1868 4122 2042 4177 neque
2142 4107 2438 4178 scriptione
2496 4108 2712 4178 perutili
2767 4107 3054 4179 plerosque
3113 4126 3307 4169 carere
3368 4121 3750 4196 contingeret.

448 4208 667 4279 penitus
705 4203 1033 4267 convellere,
1074 4216 1250 4270 neque
1277 4200 1501 4255 omnino
1530 4200 1804 4255 custodire
1840 4215 2040 4270 propo-
2143 4197 2343 4253 Verum
2374 4212 2496 4253 eum
2522 4213 2626 4253 non
2658 4198 2791 4254 satis
2822 4215 2886 4254 ex
2918 4199 3083 4254 animi
3110 4206 3381 4261 sententia
3411 4217 3755 4277 procederet

444 4297 611 4352 situm
641 4301 747 4349 est.
778 4292 918 4359 Quid
959 4290 1105 4346 enim
1153 4305 1375 4345 necesse
1402 4298 1485 4345 est
1522 4291 1718 4345 librum
1756 4289 2039 4354 extollere,
2140 4298 2389 4354 eventus,
2436 4288 2633 4344 tacitus
2676 4287 2933 4345 felicioris
2981 4293 3366 4367 exspectabam
3413 4315 3607 4372 opem,
3649 4313 3752 4380 qui

444 4401 608 4458 quem
650 4392 707 4440 et
747 4382 983 4453 dignitas
1030 4380 1288 4447 aucturis,
1316 4389 1371 4436 ct
1412 4380 1527 4451 ipsa
1562 4396 1660 4451 per
1687 4395 1747 4436 se
1779 4379 2041 4435 doctrinae
2143 4378 2459 4449 imperfecto
2509 4378 2661 4448 operi
2717 4379 2961 4434 ultimam
3017 4380 3323 4451 imponeret
3370 4406 3640 4464 manum,
3668 4378 3755 4457 -θι

446 4476 795 4536 commendat
825 4474 1077 4530 utilitas?
1100 4474 1289 4529 Divina
1327 4474 1383 4528 in
1420 4488 1486 4528 eo
1514 4482 1815 4528 tractantur
1840 4471 2039 4535 cilicia,
2141 4468 2327 4524 multis
2368 4480 2617 4525 truncato
2656 4472 2906 4539 partibus
2947 4471 3154 4530 faceret
3200 4481 3559 4544 medicinam.
3604 4492 3752 4550 Cum

443 4569 697 4639 ritusque
737 4567 937 4637 quibus
982 4565 1071 4620 illa
1115 4564 1509 4620 celebrantur:
1542 4564 1594 4617 in
1640 4565 1840 4634 quibus
1887 4562 2037 4625 inest,
2144 4559 2286 4613 inter
2326 4558 2441 4613 haec
2481 4560 2642 4613 audio
2675 4562 3065 4631 typographum
3102 4566 3169 4621 ad
3200 4583 3396 4627 novam
3427 4575 3597 4645 hujus
3623 4576 3776 4693 ειη-ξ

452 4659 755 4693 humus-us
783 4666 921 4693 Inclo
950 4655 1102 4693 lania
1153 4654 1255 4693 HQ
1308 4654 1378 4693 ad
1400 4654 1609 4693 Innunr
1681 4669 1710 4693 ρ
1766 4652 1825 4693 '7-
1859 4651 1950 4693 lih-
1983 4666 2036 4693 It
2144 4649 2343 4693 tionem
2392 4661 2449 4693 se
2500 4647 2801 4693 accingere-
2843 4652 3062 4693 nnnnoil
3108 4668 3169 4693 ρει
3220 4673 3305 4693 rm:
3345 4665 3593 4693 “4.....-”
3660 4689 3717 4693 η-

442 4659 755 4729 Augustino
783 4666 921 4713 teste
948 4655 1124 4728 (epist.
1153 4654 1278 4720 “9,
1308 4654 1378 4707 ad
1398 4654 1653 4719 Januar.,
1681 4669 1730 4708 c.
1766 4652 1826 4718 ’ῖς
1859 4651 1952 4705 lib.
1983 4666 2038 4704 ιι
2144 4649 2343 4701 tionem
2392 4661 2449 4703 se
2500 4647 2803 4735 accingere,
2842 4652 3067 4724 pupugit
3108 4668 3171 4710 ea
3220 4673 3307 4714 res
3344 4665 3622 4736 animum,
3660 4689 3748 4729 re-

443 4748 623 4821 Conf.,
659 4763 712 4804 c.
747 4748 814 4815 7;
864 4762 1023 4802 smn.
1053 4745 1159 4811 i6;
1206 4746 1346 4801 inter
1386 4743 1608 4815 Paris.),
1646 4743 1887 4814 quedam
1933 4740 2038 4795 eto-
2142 4740 2802 4836 luctantemque-impulit
2840 4758 2905 4797 eo
2949 4746 3531 4836 vehementius,‘qnod
3581 4771 3753 4836 typo.

443 4840 660 4913 quentia
699 4838 954 4894 salutaris
988 4836 1322 4893 adntonendo
1353 4836 1663 4891 discentium
1695 4832 1908 4904 σβεστκὶ
1949 4847 2040 4885 ac-
2140 4828 2377 4900 graphus
2412 4828 2697 4895 consilium
2741 4844 2898 4886 suum
2929 4832 3067 4889 clam
3110 4853 3201 4894 me
3246 4855 3374 4900 esse
3408 4828 3625 4916 noluit:
3648 4828 3750 4912 sed

443 4929 801 4995 commodata,
828 4943 935 4999 qua
964 4927 1191 4998 frigidus
1216 4943 1247 4979 a
1287 4925 1464 4981 calore
1500 4923 1728 4995 Spiritus
1767 4922 1866 4978 Dei
1898 4924 2038 4977 επὶ-
2142 4923 2389 4977 hortatus
2417 4929 2501 4977 est
2538 4931 2598 4976 ut
2630 4937 2851 4992 operam
2881 4924 3229 4999 adiungerem
3259 4948 3461 4993 meam.
3493 4940 3751 5001 Illibera-

443 5026 590 5072 tatur
618 5018 852 5072 animus.
888 5017 1017 5072 dum
1049 5015 1181 5072 ﬁdes
1207 5030 1328 5072 ante
1359 5012 1568 5068 oculum
1597 5013 1751 5068 habet
1778 5013 1833 5066 in
1859 5011 2036 5072 corde,
2141 5014 2208 5068 iis
2256 5012 2428 5068 vises:
2483 5022 2630 5069 esset
2677 5014 2842 5070 animi
2889 5029 3009 5072 eam
3054 5026 3519 5072 obnorltmitatnm
3574 5049 3745 5072 mm...
