4016 5386
252 303 316 355 17
789 298 990 352 LIBER
1032 298 1118 353 DE
1144 296 1430 353 OFFICHS
1468 290 2031 353 ECCLESIASTICIS.
2066 325 2137 336 --
2182 294 2545 353 PBEFATIO
2584 293 2917 353 EDITORIS.
3418 291 3485 344 ib

248 412 490 468 diversus
533 410 719 475 animi,
749 410 876 479 quid
922 410 1133 464 consilii
1178 424 1428 480 caperem
1465 406 1807 469 lluctuabam,
1840 389 1884 445 Α
1917 406 2290 474 pwuiteutium
2323 409 2507 473 ritum,
2534 424 2694 478 quem
2729 416 3035 476 utrumque,
3063 405 3185 473 quia
3227 404 3293 459 ad
3330 418 3480 460 cam-

246 511 304 559 ut
349 499 496 559 enim
541 499 820 572 sapienter
869 508 1051 555 monet
1105 498 1475 554 Theodericus
1530 512 1622 551 rex
1674 495 1813 565 apud

245 590 624 649 Cassiodorum
656 589 773 661 (lib.
817 604 870 645 tv
914 586 1060 655 Var.,
1103 589 1253 658 epist.
1292 589 1407 657 5i),
1435 588 1504 641 ad
1536 587 1691 655 liuent
1726 587 1816 637 de-

245 681 323 736 bet
345 682 626 751 perducere
660 697 779 748 qua.-
801 678 1114 749 prudentum
1143 677 1360 733 intentio
1397 678 1505 732 risu
1542 683 1617 730 est
1643 688 1816 728 susce-

243 773 409 842 pisse;
437 771 669 839 defectus
692 786 913 839 namque
944 785 1114 822 rerum
1143 777 1234 821 aut
1268 767 1543 821 consilium
1567 764 1812 829 titubare,

242 871 332 915 aut
356 860 492 915 uires
517 860 690 930 arguit
712 858 980 928 defecisse,
1002 857 1126 928 quia
1149 857 1282 911 sicut
1302 854 1583 927 perfectam
1605 853 1815 907 laudent

242 951 311 1007 ad
349 951 509 1021 ﬁnem
544 949 795 1021 perducta
837 951 1073 1018 pariunt,
1102 950 1175 1002 ita
1211 946 1634 1017 vituperationem
1664 961 1815 1015 gene-

244 1050 356 1094 rant
389 1056 509 1110 qute
534 1040 588 1095 in
614 1036 798 1093 mediis
840 1038 1113 1093 conatibus
1156 1054 1298 1109 a'gra
1339 1037 1669 1093 deseruntur.
1706 1033 1814 1089 Sed

242 1128 490 1197 quamvis
529 1128 711 1186 exitus
758 1126 910 1183 labor
951 1127 1040 1182 ille
1082 1142 1187 1182 non
1226 1125 1475 1181 habuerit
1523 1122 1810 1193 expetitos,

241 1224 349 1271 non
371 1216 660 1289 despondit
707 1229 885 1274 tamen
932 1219 1192 1284 animum,
1228 1225 1285 1274 et
1325 1215 1468 1286 quod
1511 1215 1691 1285 priore
1727 1213 1811 1267 via

239 1323 427 1372 parum
479 1323 743 1378 prospere
794 1317 1069 1375 cesserat,
1127 1308 1300 1363 altera
1352 1304 1568 1377 aggredi
1624 1302 1810 1359 statui.

236 1391 417 1467 Itaque
454 1398 747 1468 exquisitis
780 1401 1137 1469 undequaquc
1171 1396 1440 1454 veteribus
1464 1396 1531 1449 ad
1558 1393 1818 1449 Rotoma-

237 1486 411 1557 geusis
450 1486 717 1544 Ecclesia:
757 1503 914 1543 usum
962 1487 1238 1544 codicibus
1281 1484 1681 1554 manuscriptis,
1718 1480 1842 1552 qui‘

236 1578 555 1650 pierumque
602 1581 784 1636 verbis
833 1579 1055 1636 Joannis
1104 1578 1455 1634 Ahrincensis
1503 1578 1578 1632 ita
1620 1589 1817 1631 conso-

236 1680 378 1736 nant,
410 1678 471 1724 ut
506 1685 613 1726 non
654 1685 816 1727 ovum
846 1685 948 1726 ovo
983 1669 1213 1727 similius
1237 1683 1359 1725 esse
1398 1668 1647 1723 videatur
1675 1682 1688 1720 :
1720 1678 1812 1720 eo-

1918 496 2037 551 dem
2067 512 2178 551 rem
2202 499 2451 568 pertinet,
2483 496 2640 555 simul
2672 507 3138 568 reprzeseutamns.

1986 585 2065 639 Ex
2093 588 2314 657 antiquo
2343 586 2630 656 pontificali
2667 602 2769 643 ms.
2796 586 3136 644 biblimhecze
3161 582 3484 642 cathedralis

1916 690 2179 733 annorum
2209 691 2269 732 ut
2294 678 2569 734 minimum
2599 679 2700 733 700
2727 678 3068 748 adiunximus
3107 677 3483 735 allocutionem

1916 768 2284 824 archidiaconi
2326 769 2392 825 ad
2427 768 2488 823 Β.
2522 769 2983 841 archiepiscopum
3018 784 3116 840 pro
3152 767 3488 824 absolutione

1915 859 2314 928 pmniteutium,
2345 876 2465 930 qua:
2506 860 2694 930 incipit
2724 878 2736 915 :
2761 860 2915 916 Adest
2945 870 3168 931 tempus,
3198 868 3252 915 et
3294 857 3487 930 legitur

1916 947 2292 1008 in.catbedrali
2319 950 2545 1007 ecclesia
2576 950 2985 1022 Rotomagensi;
3018 951 3087 1005 iis
3107 958 3365 1020 concepta
3403 957 3488 1004 est

1916 1040 2096 1095 verbis
2134 1056 2254 1110 qute
2300 1051 2581 1111 paternam
2625 1042 2847 1096 omnino
2888 1040 3267 1110 benignitatem
3310 1038 3486 1109 pieta-

1914 1139 2129 1202 temque
2158 1132 2387 1203 spirant.
2410 1131 2598 1188 Dill‘ert
2626 1133 2696 1189 ab
2718 1117 2780 1188 ea
2806 1149 2927 1203 qua:
2953 1132 3178 1188 habetur
3203 1133 3256 1187 in
3282 1130 3484 1188 Ordine

1912 1219 2188 1286 Romano,
2236 1238 2411 1293 neque
2462 1224 2746 1291 hactenus,
2786 1225 2927 1294 quod
2978 1224 3166 1290 sciam,
3208 1224 3262 1279 in
3309 1223 3483 1279 lucem

1911 1312 2109 1368 emissa
2134 1320 2241 1367 est.

1982 1399 2192 1469 Excipit
2220 1401 2359 1457 hanc
2396 1401 2572 1456 tabula
2603 1403 2872 1472 paschalis
2910 1420 3031 1474 qua:
3060 1419 3218 1460 eerco
3245 1404 3486 1474 paschali

1910 1488 2066 1545 aﬂixa
2117 1491 2218 1548 fuit
2264 1508 2405 1547 anno
2444 1494 2654 1548 Domini
2690 1494 2845 1550 1678.
2879 1494 3011 1550 Eam
3053 1495 3293 1550 scribere
3344 1495 3481 1549 seri-

1911 1582 2210 1639 bendamve
2248 1599 2439 1639 curare
2470 1586 2537 1640 ad
2574 1585 2817 1641 ecclesia:
2852 1586 3184 1642 cathedralis
3220 1586 3483 1641 cancella-

1915 1675 2052 1730 rium
2095 1676 2346 1745 pertinet.
2374 1676 2515 1731 ldem
2545 1685 2629 1732 est
2670 1678 2962 1747 quotannis
2999 1678 3054 1732 in
3092 1692 3154 1732 ea
3187 1687 3341 1733 tenor
3369 1693 3486 1730 vcr-

233 1774 347 1817 rum
372 1761 622 1818 subsidio
649 1763 828 1819 varios
852 1763 969 1835 ejus
994 1762 1141 1819 locus
1164 1760 1446 1824 illustrari,
1477 1768 1533 1815 et
1560 1758 1808 1830 quadam
1842 1728 1885 1790 Β
1910 1765 2126 1831 borum,
2154 1774 2539 1837 mittanturque
2570 1728 2936 1827 tantummodo
2965 1776 3103 1824 uola:
3134 1767 3487 1828 arithmeticae

230 1864 346 1919 qua
387 1850 443 1905 in
484 1850 637 1907 edito
686 1851 913 1909 deerant
959 1850 1127 1915 libro,
1178 1850 1234 1905 in
1285 1848 1530 1920 margine
1571 1845 1809 1916 suppleri

231 1954 404 2011 posse,
442 1942 616 1996 verba
654 1942 908 2015 cegitavi.
938 1941 1124 2011 Neque
1164 1940 1352 1995 fefellit
1376 1939 1575 2009 opinio.
1608 1936 1807 1993 Sacra-

231 2048 341 2089 rum
383 2035 541 2090 enim
584 2035 815 2090 vestium
864 2035 1259 2105 expositionem
1297 2048 1417 2104 qua:
1455 2032 1509 2086 in
1543 2031 1650 2086 line
1676 2029 1805 2086 editi

225 2125 340 2181 [bri
369 2126 629 2187 entabal
661 2128 873 2194 mutila,
902 2129 1165 2200 integram
1203 2127 1501 2198 reperimus
1544 2126 1598 2179 in
1641 2139 1809 2194 expo-

230 2218 437 2273 sitionis
476 2217 791 2274 divinorum
837 2216 1135 2274 ofﬁciorum
1176 2217 1362 2273 codice
1400 2233 1499 2272 ius.
1538 2229 1804 2270 annorum

232 2308 350 2375 500,
377 2325 540 2380 quem
590 2309 823 2381 benigne
859 2326 956 2381 pro
998 2325 1099 2365 suo
1139 2325 1288 2365 more
1337 2308 1605 2364 concessit
1631 2306 1695 2363 V.
1733 2306 1803 2362 cl.

230 2399 500 2456 Emericus
531 2400 796 2470 Bigotius.
841 2400 1029 2472 Neque
1067 2402 1155 2457 hic
1181 2402 1334 2457 stetit
1359 2402 1460 2455 viri
1493 2415 1598 2455 non
1627 2400 1804 2455 minus

231 2492 578 2549 humanitatis
639 2494 761 2548 dote
821 2508 986 2564 quam
1043 2493 1367 2548 eruditionis
1426 2501 1480 2549 et
1541 2492 1801 2547 natalium

229 2582 501 2651 splendore
553 2585 830 2655 conspicui
874 2584 928 2639 in
987 2598 1075 2639 me
1109 2582 1479 2639 benevolentia
1508 2600 1521 2636 :
1550 2597 1672 2636 nam
1715 2581 1799 2636 in-

229 2676 602 2732 structissima:
647 2674 987 2731 bibliotheca
1032 2690 1144 2730 sua:
1189 2675 1399 2744 copiam
1449 2672 1601 2739 fecit,
1629 2685 1803 2742 neque

231 2766 417 2837 aliquid
460 2766 659 2822 habuit
701 2766 1037 2821 reconditum
1076 2767 1143 2820 ad
1181 2781 1301 2821 eam
1349 2780 1460 2821 rem
1500 2767 1802 2834 pertinens,

234 2870 330 2926 quo
362 2871 446 2912 mc
487 2872 600 2911 non
639 2855 715 2910 uti
756 2864 1009 2925 tanquam
1037 2870 1095 2910 re
1120 2870 1240 2911 mea
1263 2854 1512 2910 voluerit.
1544 2852 1801 2909 Pracsti'it

231 2955 474 3016 praterea
527 2946 777 3001 ritualctn
833 2945 1092 3001 Ecclesia:
1140 2946 1557 3017 Botomagensis
1600 2944 1797 2999 librum

234 3052 325 3107 ius.
349 3052 617 3092 annorqu
645 3037 866 3093 circiter
888 3037 1266 3103 ducentorum,
1292 3052 1358 3093 ex
1386 3052 1492 3108 quo
1516 3052 1794 3092 sacrarum

230 3124 357 3182 octo
388 3126 799 3195 processionum
846 3127 982 3182 ritus
1022 3126 1315 3198 exscripsi,
1360 3141 1545 3183 earum
1594 3126 1800 3181 scilicet

234 3230 341 3285 qute
371 3215 507 3271 ﬁunt
547 3215 638 3270 die
667 3214 941 3271 Dominica
970 3215 1279 3272 Palmarnm
1305 3217 1374 3272 ad
1401 3215 1658 3271 Sanctum
1689 3213 1800 3269 Cil—

233 3307 459 3373 dardum,
489 3310 547 3364 in
595 3323 705 3378 qua
755 3308 998 3365 defertur
1039 3322 1236 3377 corpus
1279 3308 1477 3364 Christi
1508 3308 1560 3362 in
1599 3307 1799 3362 feretro

231 3401 582 3466 reconditum,
614 3400 703 3455 die
748 3409 937 3456 sancto
965 3399 1147 3455 Marco
1190 3414 1364 3465 sacra,
1407 3399 1577 3455 tribus
1624 3399 1798 3469 Roga-

234 3489 448 3557 tiouum,
488 3501 548 3546 et
587 3491 935 3547 ascendentis
973 3490 1026 3545 in
1066 3491 1264 3547 castum
1293 3490 1516 3554 Christi,
1549 3499 1602 3545 ut
1630 3491 1798 3559 capti-

229 3593 339 3634 vam
371 3581 599 3638 duceret
623 3582 1020 3653 captivitatem,
1047 3583 1136 3637 cui
1177 3595 1367 3637 recens
1400 3579 1677 3636 absolutus
1716 3580 1797 3634 iu-

232 3678 382 3728 terest
406 3689 568 3741 reus;
599 3673 689 3728 die
716 3675 944 3730 solemni
973 3676 1218 3745 corporis
1238 3674 1465 3740 Christi,
1485 3682 1541 3730 et
1566 3675 1619 3729 in
1649 3673 1796 3728 festi-

228 3761 381 3821 vitate
410 3764 468 3820 S.
505 3765 784 3829 Audoeni,
812 3779 917 3834 qua
960 3763 1288 3821 cathedralis
1330 3764 1575 3819 ecclesia:
1618 3762 1794 3819 clerus

229 3858 289 3912 ad
332 3857 572 3928 ejusdem
618 3860 792 3916 sancti
845 3858 1124 3916 basilicam
1168 3857 1531 3928 progreditur.
1570 3856 1626 3911 Si
1673 3870 1793 3926 qute

228 3959 394 4009 autem
433 3960 732 4007 occurrant
776 3951 939 4005 variae
987 3951 1463 4020 discrepantesque
1506 3947 1790 4013 lectiones,

227 4052 311 4094 eas
354 4040 409 4094 in"
462 4041 730 4109 margine,
762 4055 827 4095 ex
866 4039 1197 4095 cathedralis
1235 4038 1478 4094 ecclesirc
1516 4037 1791 4093 ordinario

227 4145 321 4185 ms.
355 4132 405 4187 in
441 4133 564 4203 ejus
607 4133 848 4188 sacrario
890 4140 1124 4198 serrato,
1165 4138 1377 4186 notatas
1423 4128 1593 4184 lector
1643 4129 1792 4184 inve-

212 4221 348 4277 hiet.

288 4330 360 4386 Ex
390 4333 583 4389 eodem
622 4334 831 4404 pariter
865 4333 1048 4389 varios
1077 4332 1322 4403 excerpsi
1357 4333 1514 4395 ritus,
1547 4333 1637 4404 qui
1674 4333 1788 4403 jam

1909 1853 2024 1910 sive
2059 1854 2387 1910 numerales.

1982 1949 2173 2004 Varios
2202 1949 2423 2020 insuper
2452 1950 2883 2021 deprompsimus
2904 1950 3042 2005 ritus
3071 1966 3141 2005 ex
3170 1949 3346 2007 rituali
3381 1963 3484 2004 ms.

1906 2038 2150 2094 ecclesia:
2180 2038 2504 2094 cathedralis
2542 2040 2916 2105 ducentorum,
2943 2040 3063 2110 plus
3083 2039 3280 2104 minus,
3312 2055 3485 2094 anuo-

1908 2142 2045 2192 rum,
2076 2127 2165 2197 qui
2208 2128 2335 2198 quia
2378 2128 2485 2198 jam
2532 2127 2759 2183 obsoleti
2803 2138 2931 2195 sunt
2971 2138 3025 2184 et
3072 2128 3333 2193 inusitati,
3367 2128 3485 2183 ideo

1904 2231 1999 2274 eos
2024 2232 2054 2272 a
2084 2217 2472 2288 superioribus,
2505 2218 2570 2274 dc
2600 2218 2795 2289 quibus
2819 2219 2983 2275 locuti
3010 2234 3214 2285 sumus,
3240 2217 3483 2288 seiunxi-

1906 2323 2046 2363 mus.

1976 2397 2088 2454 Hos
2143 2398 2287 2453 inter
2330 2398 2571 2453 eminent
2616 2398 2846 2453 ofﬁcium
2902 2401 3201 2467 infantum,
3252 2400 3482 2457 ollicium

1903 2487 2090 2565 stellae,
2124 2495 2178 2542 et
2211 2485 2443 2541 ofﬁcium
2475 2488 2727 2558 sepulcri,
2775 2504 3002 2558 quorum
3034 2490 3279 2544 meminit
3316 2490 3481 2545 Joan-

1903 2593 2017 2640 nes,
2051 2585 2106 2632 et
2134 2593 2363 2647 quorum
2391 2579 2581 2633 damus
2609 2580 2767 2640 ritus,
2798 2581 2960 2634 verba
2985 2590 3331 2650 cautmuque,
3362 2597 3480 2650 qua:

1900 2669 2083 2725 omnia
2125 2670 2451 2741 sumpsimus
2478 2686 2543 2724 ex
2580 2671 2787 2725 duobus
2821 2687 2951 2725 mss.
2987 2672 3263 2726 codicibus
3291 2671 3479 2726 biblio-

1901 2779 1979 2820 (κε
2002 2762 2298 2834 Bigotiana:
2326 2780 2591 2821 annorum
2625 2766 2845 2820 circiter
2865 2765 2987 2827 200.
3022 2764 3088 2819 ad
3123 2780 3274 2821 usum
3305 2765 3478 2821 eccle-

1899 2852 1993 2907 siae
2012 2852 2450 2925 Rotomageusis.
2485 2853 2610 2910 llazc
2636 2855 2809 2911 oliicia
2838 2856 3079 2933 pluribus
3110 2856 3162 2911 in
3188 2856 3479 2926 provinciis

1900 2958 1998 2998 usu
2048 2951 2262 3014 recepta
2307 2952 2496 3010 erant,
2547 2944 2613 2998 de
2661 2944 2747 3000 his
2787 2946 2929 2999 enim
2973 2944 3216 3000 scribunt
3245 2944 3480 3000 Joannes

1903 3032 2521 3098 Belethus,Guilleltuus
2544 3034 2830 3093 Durandus
2871 3044 2926 3092 et
2960 3035 3049 3090 alii
3082 3050 3265 3092 rerum
3294 3050 3479 3091 sacra-

1902 3138 2021 3178 rum
2053 3132 2396 3183 tractatores.

1972 3212 2346 3284 Suppeditavit
2386 3216 2540 3272 nobis
2579 3227 2734 3272 vetus
2779 3206 3094 3273 Pontilieale
3140 3216 3477 3273 bibliotheca:

1898 3305 2225 3361 cathedralis
2249 3305 2353 3361 700
2380 3321 2647 3363 annorum
2688 3310 3090 3367 ordinationem
3135 3311 3372 3381 episcopi
3421 3312 3474 3366 in

1899 3395 2173 3465 provincia
2215 3396 2555 3465 Neustriaca,
2595 3415 2699 3453 una
2744 3415 2865 3455 cum
2913 3401 3252 3457 caerenwniis
3296 3403 3473 3472 preci--

1898 3484 2104 3556 busque
2133 3503 2294 3559 super
2322 3504 2445 3544 cum
2480 3491 2533 3546 in
2563 3492 2681 3562 ejus
2708 3492 3117 3563 consecratione
3159 3493 3472 3559 t'eaitandis,

1898 3577 2250 3649 meminitque
2293 3579 2550 3635 Ecclesia:
2597 3580 3008 3651 Rotomageusis
3053 3582 3178 3636 dum
3221 3598 3251 3637 a
3286 3598 3475 3638 conse-

1894 3665 2097 3721 crando
2124 3666 2265 3723 hanc
2294 3667 2681 3737 professionem
2712 3670 2881 3742 exigit
2905 3688 2917 3726 :
2959 3669 3053 3725 Vis
3074 3682 3270 3727 sancta:
3291 3662 3473 3727 Eccle-

1894 3755 1986 3810 δίας
2021 3754 2407 3827 Rotomagensi,
2434 3769 2543 3813 etc.

1963 3846 2020 3901 In
2046 3846 2207 3917 hujus
2229 3847 2561 3904 Pontificalis
2592 3850 2697 3905 fine
2729 3866 2915 3905 eorum
2944 3852 3160 3907 nomina
3185 3853 3469 3908 continen-

1895 3948 2004 4006 tur,
2033 3955 2170 4011 quos
2197 3951 2290 3995 aut
2310 3942 2491 4008 citari,
2518 3951 2610 3996 aut
2641 3944 2804 3997 etiam
2834 3946 3294 3999 excommunicari
3319 3960 3473 4015 Opor-

1894 4032 2061 4099 tebat,
2088 4047 2224 4100 quos
2252 4032 2394 4087 inter
2421 4042 2773 4088 recensentur
2802 4035 3050 4088 monachi
3093 4036 3431 4107 proprietarii
3452 4020 3473 4102 ;’

1893 4139 2012 4197 qua:
2040 4123 2241 4178 referre
2267 4135 2420 4180 extra
2452 4141 2562 4180 retu
2594 4139 2715 4180 esse
2743 4141 2848 4180 non
2876 4128 3220 4182 credidimus.

1961 4213 2331 4285 Episcopalem
2359 4216 2779 4271 admonitionem
2817 4218 2883 4271 ad
2923 4218 3251 4273 ordinandus
3281 4217 3472 4275 habui-

1892 4323 2012 4363 tnus
2053 4323 2122 4363 ex
2156 4307 2459 4364 Pontilicali
2490 4324 2594 4365 ms.
2621 4309 2962 4365 bibliotheca:
3005 4294 3330 4366 cathedralis
3367 4327 3466 4365 au-

214 4420 275 4474 'in
301 4400 710 4494 metr0politana
739 4425 963 4481 ecclesia
1002 4400 1381 4495 nonnullisque
1408 4400 1789 4495 parmcialibus

1910 4416 2082 4455 iurum
2110 4400 2234 4463 ⁸500,
2264 4400 2316 4455 in
2355 4416 2462 4471 quo
2505 4401 2669 4455 multa
2712 4400 3089 4458 observatione
3117 4402 3284 4483 digna
3316 4417 3469 4474 repe-

226 4526 498 4570 servantnr
546 4515 828 4582 ecclesiis,
878 4530 1105 4586 quorum
1159 4525 1340 4571 tamen
1389 4530 1497 4571 non
1544 4516 1791 4571 meminit

224 4614 401 4661 auctor
429 4615 633 4662 noster.
664 4608 748 4665 Ad
788 4610 889 4665 hos
926 4609 1218 4681 confugere
1247 4610 1429 4667 licebit
1461 4611 1526 4666 iis
1555 4611 1646 4681 qui
1676 4625 1789 4664 ma-

227 4700 351 4749 trem
391 4696 679 4755 ecclesiam
707 4713 985 4756 sacrorum
1028 4700 1228 4756 rituum
1265 4703 1457 4758 ducent
1497 4701 1649 4771 sequi
1692 4716 1785 4755 vo-

224 4781 433 4852 luerint,
477 4804 803 4861 omnemque
848 4808 916 4847 ex
959 4792 1075 4863 ejus
1122 4795 1390 4866 exemplo,
1436 4804 1497 4851 ut
1549 4811 1646 4866 par
1680 4803 1786 4857 est,

225 4877 531 4944 exsorbere,
559 4881 608 4934 si
650 4896 770 4952 qua:
806 4882 1076 4950 inciderit,
1117 4884 1507 4951 difﬁcultatem,
1555 4885 1788 4942 servatis

226 4971 393 5023 tanien
421 4971 658 5041 primum
684 4976 1022 5032 caeremoniis
1051 4978 1105 5032 in
1128 4977 1306 5032 rituali
1329 4977 1678 5049 prtescriptis.

1892 4493 2125 4549 riuntur.
2153 4492 2272 4547 Prae
2295 4493 2506 4549 czeleris
2536 4493 2679 4565 quod
2719 4493 2786 4548 ad
2818 4495 3236 4550 subdiaconatus
3277 4493 3336 4548 l8
3367 4512 3465 4551 au-

1884 4601 2010 4654 nos,
2039 4587 2105 4642 ad
2137 4587 2456 4645 diaconatus
2485 4588 2578 4655 20,
2607 4588 2673 4644 ad
2704 4588 2993 4645 sacerdotii
3035 4587 3278 4642 ordinem
3315 4587 3387 4642 ~24
3414 4601 3470 4644 ct

1887 4678 1959 4745 25
1985 4678 2248 4750 requirat.

1958 4770 2182 4841 Insuper
2216 4784 2282 4824 ex
2316 4774 2509 4830 eodem
2546 4771 2739 4826 damus
2778 4770 3208 4827 benedictionem
3252 4767 3472 4826 abbatis

1888 4878 2011 4919 cum
2047 4862 2304 4919 omnibus
2338 4863 2597 4934 precibus
2633 4876 2798 4933 super
2830 4863 3078 4935 abbatem
3109 4858 3471 4917 ordinandum

1885 4955 2193 5020 fundendis,
2236 4955 2288 5009 in
2338 4974 2445 5029 qua
2494 4956 2700 5012 mentio
2746 4953 2808 5016 ﬁt
2842 4953 3160 5012 ubedicntiae
3204 4951 3475 5023 episcopis

1887 5045 2204 5086 nvhihmnlm
2254 5061 2529 5086 nllnmnlln
2568 5047 2621 5086 in
2648 5056 2941 5086 nnncmr-In
2965 5041 3208 5086 ρροΙρκίαξ
3249 5045 3473 5086 nullum-
