4016 5386
487 236 553 291 19

1574 240 1860 298 JOANNIS
1897 238 2327 324 ABCHIEPISC.
2358 238 2720 300 ROTOMAG.

3686 240 3764 297 20

555 346 1147 422 Excipiendm‘parite;
1177 353 1306 410 visas,
1339 361 1467 409 sum
1497 362 1611 412 "es
1640 357 1880 426 antiqua
1902 355 2072 411 bene.
2096 341 2142 399 A
2171 359 2338 416 stum,
2367 349 2524 420 cujus
2548 351 2671 408 loco.
2695 349 2828 419 fet-ia
2865 347 3055 427 quinta
3086 359 3209 431 post
3247 350 3393 408 diem
3424 350 3772 411 Dominicatu

487 444 755 500 dictiones
782 445 1124 514 pontitlcales
1145 460 1212 502 ex
1238 447 1612 505 vetustissimo
1638 450 1936 521 pontiﬁcali
1967 465 2072 506 ms.

486 537 591 592 700
619 538 812 593 saltem
839 552 1102 595 annorum
1136 540 1481 598 bibliothecae
1505 543 1852 599 cathedralis.
1890 542 2073 601 Prima

483 629 649 686 estin
673 629 1033 686 dissolutione
1065 632 1280 703 synodi,
1309 631 1606 702 cujus‘tres
1643 636 2105 705 priores'versus"

483 727 706 774 exstant
752 719 807 773 in
856 716 1074 775 Ordich
1109 719 1377 778 Romano.
1427 718 1665 778 Duarum
1710 724 2073 794 posteriorum

482 812 716 883 primam
746 811 989 868 continet
1017 812 1188 869 codex
1218 814 1359 869 intra
1388 816 1611 871 missam
1637 831 1760 888 quae
1785 817 1838 870 in
1866 815 2074 872 Νειιίνὶ-

483 909 598 956 tate
628 900 841 957 Domini
869 901 1181 960 celebratur
1218 904 1392 960 media
1433 914 1616 973 nacte,
1665 907 1892 963 alteram
1926 907 2097 965 intra-

480 991 703 1046 missam
735 992 960 1049 Sabbati
989 994 1186 1051 sancti.
1219 994 1498 1065 Ejusmodi
1533 996 1938 1055 benedictiones
1964 999 2093 1055 im--

479 1081 671 1152 pertiri
713 1083 922 1140 solebat
949 1085 1234 1156 episcopus
1274 1078 1414 1142 intra
1458 1090 1748 1144 missarum
1779 1090 2073 1157 solemnia,‘

479 1183 776 1244 antequam
799 1176 912 1231 lucc
932 1176 1095 1231 verba
1124 1177 1396 1246 proterret
1425 1196 1438 1232 :
1470 1178 1585 1233 Pax
1609 1179 1822 1236 Domini
1843 1181 1910 1235 sit
1933 1188 2096 1236 sem-'

478 1280 573 1334 per
608 1266 873 1320 vobiscum
918 1266 1065 1341 (vide
1099 1265 1267 1333 Bona,
1303 1268 1397 1325 lib.
1424 1283 1463 1324 ιι
1492 1267 1614 1326 Iter.
1644 1270 1851 1341 liturg.,
1878 1286 1927 1327 c.
1957 1271 2073 1342 l6);

481 1355 817 1426 Snpradictre
850 1372 956 1413 non
985 1356 1259 1423 habentur
1302 1359 1356 1415 in
1400 1361 1574 1417 sancti
1598 1361 1843 1433 Gregorii
1880 1361 2072 1417 Sacra-

480 1457 791 1501 mentorutn
819 1446 977 1504 libro.

550 1536 765 1605 Quibus
808 1540 1231 1613 subnectendam
1283 1544 1612 1603 credidimus
1670 1547 2066 1606 institutionem

477 1630 727 1686 canonici
768 1630 1034 1704 regularis
1073 1626 1350 1714 prioratus
1388 1636 1447 1692 S.
1490 1637 1658 1693 Laudi
1703 1637 2068 1711 Rotomagen-

476 1720 577 1785 sis,
603 1735 669 1776 ex
706 1724 1093 1792 processionali
1124 1742 1226 1781 ms.
1265 1735 1321 1784 et
1350 1728 1663 1785 collectario
1690 1729 1851 1798 hujus
1877 1732 2067 1787 domus

440 1817 927 1891 ‘transsumptam.
984 1813 1222 1886 Uterque
1285 1818 1459 1873 codex
1511 1826 1728 1874 aetatem
1789 1820 2069 1890 prtesefcrt

478 1916 747 1958 annorum
800 1903 926 1959 160.
983 1904 1060 1959 Ex
1109 1921 1174 1962 ea
1235 1907 1577 1964 institutione
1625 1917 1775 1980 patet
1830 1926 2066 1965 annuam

474 1994 852 2065 probationem
902 2013 1011 2054 non
1055 1997 1224 2055 fuisse
1268 2001 1609 2070 requisitam,
1635 2002 1730 2056 sed
1779 2011 2067 2073 postquam

476 2096 765 2158 susceptus
811 2088 990 2145 fuerat
1040 2091 1382 2158 candidatus,
1419 2107 1542 2148 cum
1591 2092 1781 2162 positis
1824 2092 2068 2148 vestibus

474 2178 858 2249 saecularibus,
909 2183 1193 2253 regulares
1222 2184 1479 2241 induisse.
1536 2184 1626 2240 Ere
1674 2188 1832 2241 erant
1879 2180 2068 2241 talaris

474 2272 680 2338 tunica,
712 2272 913 2329 lineum
966 2274 1340 2343 indumentum
1388 2285 1443 2332 et
1491 2278 1765 2347 caputinm
1799 2296 1812 2332 :
1847 2278 1913 2333 de
1956 2278 2065 2333 biré

473 2372 617 2427 reto,
648 2373 704 2418 et
732 2364 955 2431 ah‘nutia
998 2382 1118 2437 quae
1148 2383 1294 2422 nunc
1329 2368 1551 2437 sinistro
1586 2369 1806 2425 brachio
1838 2371 2066 2441 imponi-

470 2461 563 2507 tur
589 2451 733 2520 nulla
765 2453 823 2509 iit
853 2452 1076 2513 mentio.
1103 2457 1306 2514 Deinde
1335 2458 1468 2514 fusis
1497 2460 1766 2514 nonnullis
1792 2461 2063 2530 precibus,

470 2543 865 2612 professionem
909 2549 1193 2605 emittebat
1233 2550 1335 2615 hac
1383 2549 1673 2611 verborum
1715 2544 1887 2608 forma
1923 2546 2064 2625 prte-

470 2643 788 2704 conceptam
819 2654 832 2691 :
862 2634 975 2709 Ego
1019 2639 1188 2709 frater
1228 2639 1303 2695 Ν.
1336 2642 1559 2711 offerens
1590 2643 1744 2697 trado
1783 2660 1862 2698 me
1894 2642 2063 2716 ipsum

468 2716 661 2781 divina?
684 2729 867 2798 pietati
909 2724 964 2784 in
1003 2732 1222 2787 ecclesia
1250 2732 1313 2786 Β.
1341 2730 1513 2786 ι’τιιιιίὶ
1539 2737 1851 2789 serviturum
1879 2752 2064 2791 secun—

468 2816 595 2869 dum
628 2817 861 2886 regulam
911 2818 969 2874 S.
1003 2820 1309 2891 Augustini,
1345 2831 1392 2875 et
1433 2825 1680 2891 promitto
1717 2822 2061 2877 obedientiam

468 2904 661 2960 domno
711 2906 785 2960 N.
816 2910 982 2979 priori
1024 2910 1267 2980 pra’fataz
1303 2910 1557 2977 ecclesitv,
1586 2922 1634 2965 et
1676 2914 2061 2987 successoribus

2178 440 2546 505 sanctissimae
2572 439 2824 495 Trinitati
2862 454 3077 511 sacram
3100 441 3213 513 (cui
3245 441 3490 510 dedicata
3521 440 3623 509 fuit
3652 441 3775 508 [nec

2174 528 2429 601 ecclesia)
2473 529 2708 587 ollicium
2757 530 2826 605 de
2872 528 3009 605 (cria
3040 529 3176 591 .iieri
3228 531 3454 605 indicat.
3505 531 3775 610 Majorem

2174 629 2437 690 prteterea
2484 620 2613 683 huic
2665 621 2847 693 codici
2884 620 3281 681 auctoritatem
3314 622 3772 695 conciliatquod

2174 711 2274 781 qui.
2297 726 2421 767 eum
2456 714 2767 784 exscripsit,
2798 729 2862 769 ex
2884 713 3299 785 antiquioribus
3329 713 3494 780 libris
3528 715 3679 787 illum
3709 730 3772 779 se

2175 803 2523 861 transtulisse
2551 805 2604 859 in
2634 804 2956 875 praefatione
2982 804 3275 877 signiﬁcat.
3306 805 3526 871 liludin
3559 822 3633 874 eo,
3654 822 3774 877 pra;

2175 894 2801 952 caeteris-observatione
2836 896 3079 967 dignum,
3113 898 3260 968 quod
3282 899 3431 969 apud
3469 888 3775 967 canonicos

2175 983 2460 1054 regulares
2491 1000 2593 1040 usu
2622 995 2919 1056 receptum
2943 994 3083 1055 erat,
3113 995 3171 1043 ut
3199 986 3391 1049 diebus
3413 986 3775 1055 hebdomadas

2171 1084 2376 1131 sancta:
2400 1074 2744 1145 aliorumque
2768 1090 2871 1146 per
2899 1091 3105 1147 annum
3130 1075 3452 1145 sulcantiqu
3469 1077 3783 1153 pervigilio

2170 1166 2240 1222 ad
2266 1166 2588 1224 celebranda
2632 1167 2945 1240 religiosius
2983 1168 3461 1239 quacrecolcbattt
3504 1171 3770 1242 mysteria

2168 1255 2423 1313 brevibus
2479 1259 2785 1327 mutuisque
2832 1272 2909 1315 .se
2960 1258 3437 1321 cohortationibus
3491 1260 3780 1325 accendet

2169 1357 2310 1415 rent,
2341 1358 2395 1405 et
2420 1364 2518 1420 per
2545 1349 2835 1414 adventum
2870 1364 2907 1415 a
2933 1350 3193 1416 carnibus
3216 1349 3771 1423 etsagimiueabsti;

2070 1464 2075 1471 ’
2094 1482 2097 1483 ν
2171 1449 2390 1496 iterent.

2238 1533 2644 1603 Expositionem
2666 1534 2907 1592 (lenonis
2935 1535 3119 1605 missae
3142 1546 3198 1599 et
3214 1535 3533 1599 divinorum
3564 1537 3773 1606 otiicia-

2168 1638 2289 1681 rttm
2318 1627 2508 1682 incerti
2545 1628 2788 1683 aucturis
2815 1638 3280 1699 nunquamantea
3304 1630 3528 1696 editam,
3548 1641 3613 1686 et-
3634 1647 3765 1703 quae

2099 1694 2144 1757 Β
2173 1719 2227 1773 in
2258 1720 2443 1775 multis
2471 1720 2667 1776 suanm
2697 1730 2886 1776 nostro
2928 1694 3197 1793 congruit,
3228 1694 3768 1785 tradidit-nobisa

2170 1808 2500 1867 bibliotheca
2530 1811 2819 1882 Bigotiana'
2843 1813 3022 1868 codex‘
3043 1826 3148 1868 ms.
3178 1828 3452 1871 annorum
3474 1814 3612 1881 500;
3632 1813 3772 1883 .ejus

2169 1914 2363 1959 auctor
2389 1913 2445 1960 et
2472 1904 2729 1975 antiquus
2754 1906 2892 1962 etin
2922 1907 3193 1964 Amalan'i
3213 1907 3457 1967 lectione;
3476 1908 3615 1975 adeo
3638 1923 3768 1966 ver-

2169 2002 2318 2051 satus
2360 2006 2464 2062 cSt,
2524 2006 2585 2051 ttt
2639 1996 2757 2065 ejus
2799 1997 3077 2054 breviator
3123 1999 3320 2055 merito
3376 1999 3497 2058 ‘dici
3556 2002 3765 2071 possit.

2167 2087 2397 2142 Breves‘
2430 2094 2591 2143 notas
2625 2088 3132 2159 adjecimttquute»
3168 2088 3310 2159 ejus.
3339 2089 3771 2160 intcltigentiatn'

2161 2178 2564 2250 juvarent.Es
2620 2179 2723 2234 hoc
2762 2179 2950 2234 codice
2982 2192 3127 2234 eam
3190 2188 3402 2250 partem
3464 2181 3771 2251 expositio-

2110 2279 2114 2282 ‘
2168 2268 2254 2322 nis
2308 2282 2588 2323 sacrarum
2647 2268 2887 2324 vestium
2945 2267 3260 2336 hausimus,
3314 2280 3483 2340 quam
3543 2271 3766 2327 deside-

2168 2359 2278 2415 rari
2306 2358 2360 2414 in
2404 2359 2552 2414 edito
2610 2359 2749 2415 libro
2803 2372 2974 2428 supra.
2994 2360 3332 2426 monuimus;
3384 2374 3546 2430 quam
3577 2369 3766 2423 tamen

2170 2451 2259 2505 hic
2305 2460 2525 2505 exstare
2548 2450 2725 2520 passi
2766 2465 2974 2516 sumus,
3007 2464 3185 2521 neque
3214 2464 3314 2507 suo
3354 2450 3475 2508 loco
3511 2452 3767 2510 avulsam

2165 2544 2445 2599 contestni
2468 2542 2705 2599 Joannis
2723 2543 3072 2609 inseruimus,
3098 2557 3166 2598 ne
3191 2543 3323 2600 dicti
3352 2544 3569 2601 codicis
3586 2546 3769 2602 series

2167 2635 2639 2701 in-terturbaretur,
2660 2650 2846 2705 quam.
2866 2643 3145 2702 utesetat,
3166 2635 3304 2691 bona
3320 2635 3433 2692 title
3455 2634 3770 2709 repraesen-

2167 2733 2281 2779 tare
2307 2727 2487 2795 potius
2515 2725 2823 2779 habuimus.
2931 2764 2935 2768 -
3173 2755 3177 2758 ν
3240 2750 3250 2767 .-
3491 2767 3494 2771 .
3592 2762 3595 2763 ν
3676 2772 3679 2777 ,
3745 2746 3777 2771 ,ς

2236 2814 2367 2870 Post
2420 2815 2537 2870 haec
2586 2815 2945 2869 instrumenta
2997 2814 3227 2870 duarum
3268 2814 3764 2880 celeberrimamm

2164 2905 2540 2962 laudationum
2600 2905 3004 2976 capellanorum
3059 2904 3270 2961 scilicet
3323 2906 3540 2980 collegii
3593 2910 3784 2969 Alba;

466 2997 583 3066 ejus
615 2999 864 3052 canonice
893 3000 1233 3055 intrantibus.
1266 3001 1475 3057 Exinde
1505 3002 1776 3058 admissus
1807 3003 1872 3056 ad
1902 3019 2060 3059 oscu-

2164 3000 2348 3055 nensis
2396 3015 2462 3055 ex
2523 2998 2790 3054 tabulario
2844 2996 3375 3066 archiepiscOpatus,
3422 3009 3481 3055 ct
3545 3002 3765 3076 collegii

467 3086 580 3155 lum
637 3090 835 3158 prioris
870 3098 924 3145 ct
962 3091 1267 3158 sociorum,
1311 3091 1667 3163 jurejurando
1714 3092 1961 3149 ﬁrmabat
2000 3110 2059 3151 sc

467 3183 673 3252 ordinis
717 3191 918 3238 statuta
961 3175 1339 3255 servaturum,
1362 3195 1417 3241 et
1463 3200 1661 3241 arcana
1707 3185 1927 3257 capituli
1973 3172 2059 3242 sc-

467 3284 592 3322 cunt
620 3266 953 3334 habiturum,
982 3284 1158 3340 neque
1185 3269 1436 3341 cuiquam
1470 3280 1729 3326 extraneo
1761 3271 2059 3341 patet-actui

467 3373 608 3417 rum.
644 3356 743 3413 Ubi
783 3359 1077 3416 observare
1111 3360 1237 3416 licet
1270 3375 1364 3417 eos
1394 3371 1504 3416 tum
1537 3362 1930 3431 assiduitatem,
1961 3379 2056 3421 seu

466 3455 529 3502 ut
567 3456 781 3516 vocant,
824 3447 1174 3521 stabilitatem
1207 3450 1259 3507 in
1290 3452 1479 3507 eadem
1523 3451 1682 3528 domo
1722 3452 1888 3509 fuisse
1932 3470 2058 3525 pro-

464 3538 661 3594 fessos.
1720 3542 1721 3545 “
1950 3536 1957 3543 κ
2042 3546 2047 3553 “

543 3631 694 3684 Viam
713 3640 868 3700 parat
891 3631 1004 3687 haec
1030 3631 1297 3688 institutio
1321 3632 1387 3687 ad
1400 3632 1761 3699 ordinarium,
1777 3633 1889 3688 sive
1903 3644 2055 3690 ve:us

464 3720 661 3777 rituale
686 3723 849 3777 totius
877 3724 1002 3777 anni
1029 3725 1097 3779 ad
1127 3739 1281 3779 usum
1310 3724 1695 3780 eanonicorum
1727 3724 2053 3796 regularium

464 3812 705 3882 ejusdem
756 3815 1020 3881 ecclesiae,
1056 3817 1199 3887 quod
1246 3817 1297 3872 in
1344 3818 1528 3875 multis
1579 3821 1828 3890 scriptori
1868 3829 2054 3877 nostro

464 3906 815 3969 consentiens
841 3915 944 3962 est.
967 3908 1221 3963 Canonici
1252 3909 1396 3964 enim
1433 3910 1734 3978 regulares,
1765 3926 1833 3981 ne
1861 3900 2051 3980 parum

465 4000 546 4054 cis
584 4015 781 4054 nomen
830 4009 1156 4072 congrueret
1203 4014 1379 4061 suum.
1412 4000 1835 4068 viderenturque
1875 4003 2052 4058 minus

464 4094 764 4159 canonibus
787 4093 1152 4165 obsequentes
1182 4090 1391 4162 (concil.
1432 4090 1610 4145 Venet.
1637 4107 1689 4145 a.
1715 4090 1842 4156 465,
1868 4107 1917 4146 c.
1951 4093 2049 4161 15;

463 4182 883 4257 Epaon.a.\5|7,
907 4199 957 4238 c.
980 4184 1079 4246 27;
1104 4182 1337 4238 Cerund.
1362 4199 1412 4236 a.
1430 4183 1555 4245 517,
1580 4183 1711 4247 0.1;
1738 4181 2050 4249 Bracur.n,

464 4291 517 4330 a.
546 4274 672 4342 565,
706 4289 756 4331 c.
789 4275 851 4340 1;
888 4272 1054 4328 Tolet.
1089 4288 1163 4338 tv,
1198 4286 1251 4326 a.
1280 4272 1406 4337 635,
1427 4287 1476 4329 c.
1505 4272 1568 4338 2;
1598 4270 1762 4327 Tolet.
1790 4289 1866 4338 XI,
1896 4288 1947 4329 c.
1980 4275 2043 4341 3;

463 4363 743 4436 Rotomag.
776 4379 827 4420 a.
866 4363 1021 4433 1189,
1050 4379 1100 4418 c.
1134 4362 1211 4434 l),
1241 4362 1437 4433 quibus
1468 4371 1685 4419 cautum
1716 4372 1835 4418 erat
1869 4372 1928 4418 ut
1960 4380 2046 4420 or-
2079 4386 2128 4446 ο

461 4446 647 4511 dinem
675 4471 837 4526 quem
879 4455 946 4511 ad
977 4454 1300 4510 celebranda
1333 4453 1512 4509 divina
1549 4453 1724 4509 ollicia
1760 4457 2052 4510 observant

464 4541 864 4616 metropolitani
888 4542 1379 4610 comprovinciales
1399 4542 1731 4609 custodiant,
1759 4543 1825 4597 ad
1851 4543 2052 4599 dioece-

468 4638 804 4701 sanosritus
848 4651 908 4692 se
947 4633 1387 4699 conformabant,
1424 4632 1563 4688 idem
1601 4633 1907 4688 recitabant
1936 4633 2052 4688 σαῖ-

464 4725 631 4789 cium,
663 4726 878 4782 eosdem
906 4724 1143 4795 psalmos
1171 4724 1508 4795 hymnosque
1549 4721 1925 4788 concinebant,
1957 4722 2052 4777 ad-

464 4816 593 4873 ditis
627 4818 788 4873 etiam
832 4817 898 4872 ad
938 4816 1099 4872 tinent
1139 4815 1558 4885 antipbonarum
1603 4811 1816 4868 canoris
1852 4813 2050 4882 repeti-

464 4910 704 4966 tionibus
731 4925 869 4980 quas
896 4918 1180 4981 pneumata
1207 4908 1365 4979 vulgo
1390 4915 1606 4962 vocant.
1639 4905 1862 4971 Summa
1900 4904 2051 4962 deni-

468 5018 572 5072 que
602 5013 719 5071 erat
747 5018 934 5057 eorum
978 5016 1103 5057 cum
1136 4998 1465 5073 cathedralis
1511 4997 1752 5053 ecclesiae
1788 4998 2046 5053 Rotomao

466 5074 647 5164 g‘ensis
694 5093 972 5161 canonicis
1026 5076 1262 5147 societas
1303 5100 1466 5161 atque
1515 5090 1832 5165 consensio,
1876 5096 1935 5143 ut
1980 5104 2049 5145 ex

472 5184 638 5238 variis
682 5184 946 5239 ordinarii
998 5184 1158 5254 hujus
1196 5182 1331 5239 locis
1368 5181 1716 5254 perspicuum
1753 5182 1863 5251 lict.
1906 5179 2053 5247 Qua-

466 5272 875 5345 dringentorum
900 5283 982 5332 est
1002 5290 1271 5330 annorum
1299 5277 1466 5331 codex
1499 5273 1640 5343 quod
1665 5273 1903 5347 indicant
1934 5282 2048 5329 tum

2087 3071 2131 3098 υ

2162 3089 2626 3144 Clementinorum
2668 3098 2729 3143 ut
2770 3097 2988 3154 vocant,
3020 3102 3089 3143 ex
3131 3088 3249 3158 ejus
3288 3088 3779 3163 chartophylacio,

2160 3189 2418 3250 excerpta
2478 3180 2600 3236 ideo
2656 3179 2988 3243 addidimus,
3036 3179 3165 3249 quia
3220 3179 3465 3236 divinum
3520 3182 3763 3241 obiciunt

2160 3273 2396 3326 conlatio
2419 3287 2598 3326 eorum
2622 3284 2824 3341 semper
2853 3269 3035 3341 (Psal.
3058 3269 3208 3338 uti),
3243 3273 3548 3342 horumque
3582 3277 3763 3345 portio

2161 3372 2235 3418 est
2285 3364 2473 3433 septies
2513 3364 2568 3417 in
2601 3363 2686 3417 die
2726 3361 2967 3431 conﬁteri
3002 3361 3230 3417 Domino
3260 3362 3436 3434 (Psal.
3464 3368 3666 3439 cxvut)
3710 3379 3764 3423 et

2158 3454 2386 3526 psallere
2407 3456 2605 3510 nomini
2635 3455 2892 3510 Altissimi
2927 3454 3103 3525 (Psal.
3137 3456 3241 3526 ix).
3281 3455 3526 3511 Primum
3557 3458 3762 3517 horum

2158 3547 2444 3617 collegium
2500 3548 2717 3601 Petrum
2769 3546 2836 3602 de
2886 3545 3243 3603 Colle-Medio
3292 3548 3765 3621 Rotomagensem

2156 3636 2335 3708 primo
2380 3636 2845 3706 archiepiscopum
2886 3636 3102 3691 eximiis
3132 3636 3246 3691 suis
3273 3639 3496 3695 statutis
3531 3643 3766 3700 notissi-

2156 3746 2328 3798 mum,
2374 3730 2499 3785 dein
2546 3728 2877 3784 cardinalem
2926 3739 2980 3784 et
3030 3729 3340 3799 episcopum
3383 3731 3765 3794 Albanensen

2156 3819 2376 3888 agnovit
2404 3825 2681 3871 auctorem
2713 3830 2858 3869 anno
2893 3815 3107 3869 Domini
3138 3815 3310 3880 1245;
3342 3817 3580 3874 alterum
3612 3839 3766 3882 anno

2158 3907 2299 3963 1550
2340 3916 2581 3962 erectum
2630 3904 2791 3959 Petro
2832 3903 3086 3974 Rogerio,
3116 3904 3211 3972 qui
3251 3917 3317 3958 cx
3359 3905 3765 3984 Rotomagensi

2156 3996 2569 4065 archiepiscopo
2593 4008 2838 4048 summus
2876 3993 3091 4046 demum
3122 3991 3369 4061 pontifex
3400 3994 3616 4055 electus
3648 4015 3761 4072 est,

2154 4092 2444 4160 dictusque
2488 4088 2739 4143 Clemens
2784 4085 2866 4151 γι,
2898 4086 3098 4156 gaudet
3134 4085 3438 4141 conditore.
3469 4087 3761 4161 Capellani

2154 4194 2288 4236 vero
2314 4180 2394 4234 sic
2420 4178 2490 4232 ab
2516 4186 2747 4246 utroque
2776 4176 3006 4230 instituti
3037 4186 3166 4230 sunt
3193 4185 3253 4231 ut
3280 4176 3333 4230 itt
3365 4176 3568 4236 divinis
3593 4198 3763 4245 exso-

2153 4267 2386 4340 quendis
2409 4265 2599 4322 oliiciis
2631 4265 2890 4320 accedant
2917 4264 3194 4319 canonicis
3216 4265 3520 4335 adjutores.
3552 4287 3668 4328 non
3697 4284 3761 4331 ut

2156 4357 2429 4420 canonici,
2461 4355 2604 4425 quod
2650 4353 2791 4408 forte
2826 4353 3182 4422 arbitrantur,
3211 4356 3280 4410 ab
3311 4356 3420 4412 illis
3464 4361 3761 4420 celebran-

2156 4450 2242 4505 dis
2277 4463 2337 4502 se
2377 4447 2577 4502 liberos
2621 4445 2796 4500 factos
2838 4452 3053 4513 putent;
3100 4447 3403 4503 cantabilcs
3439 4453 3589 4509 enim
3624 4466 3758 4512 sunt

2150 4542 2224 4597 iis
2251 4538 2669 4608 justiﬁeationes
2700 4537 2794 4591 Dei
2839 4536 2892 4590 itt
2934 4536 3097 4599 domo
3128 4539 3585 4601 sanctiﬁcationis
3633 4549 3756 4617 ejus

2154 4632 2327 4708 (l’sal.
2361 4648 2559 4697 cxvm;
2592 4630 2723 4685 lsai.
2754 4627 2924 4698 ηις),
2952 4629 3157 4699 quibus
3191 4631 3447 4701 insistere
3476 4651 3545 4702 eo
3570 4640 3754 4710 magis

2154 4733 2428 4787 tenentur,
2460 4737 2568 4792 quo
2609 4720 2772 4791 jussit
2816 4734 2917 4781 eos
2965 4719 3150 4787 divina
3188 4720 3363 4785 cilicia
3393 4738 3494 4792 per
3521 4741 3606 4792 se,
3638 4744 3752 4788 non

2151 4837 2249 4893 per
2282 4819 2631 4881 substitutos,
2662 4813 2816 4875 obire
2860 4812 3150 4877 concilium
3192 4813 3577 4885 Tridentinum
3609 4835 3748 4876 sese.

2150 4913 2242 4976 24,
2269 4911 2344 4965 De
2369 4911 2494 4980 reﬂ,
2517 4925 2568 4965 e.
2595 4907 2683 4963 12.
2709 4905 2852 4966 Cum,
2887 4906 3106 4974 insuper
3135 4905 3388 4962 Christus
3430 4922 3530 4964 eos
3567 4910 3751 4969 incre.

2149 5004 2396 5078 paverit,
2442 5003 2534 5074 qui
2585 5001 2808 5071 alligant
2846 5015 3007 5053 onera
3055 4998 3234 5069 gravia
3267 5009 3317 5052 et
3357 5000 3748 5074 importabilia,

2151 5097 2533 5167 imponuntque,
2562 5108 2623 5146 ea
2669 5092 2723 5145 in
2769 5091 3012 5166 humeros
3058 5089 3350 5152 hominum,
3389 5104 3513 5158 qua:
3559 5095 3750 5173 nolunt

2150 5185 2316 5255 digito
2350 5198 2555 5237 movere
2585 5179 2804 5253 (Matth.
2842 5192 2999 5239 XXIII,
3027 5176 3105 5244 4).
3146 5177 3387 5259 Interea
3416 5193 3542 5244 qua:
3573 5184 3628 5238 in
3660 5186 3750 5243 his

2151 5277 2500 5334 monimentis
2521 5272 2856 5331 observanda
2887 5268 3109 5323 veniunt
3146 5283 3251 5323 non
3282 5269 3533 5328 ittlimum
3562 5275 3747 5333 locum

2845 5368 3086 5386 [Aman-nn
3129 5374 3466 5386 ι.Λ.νιΜ.ι..Α-..
3504 5368 3555 5386 Σ--
3603 5369 3671 5386 -¹Ι.
