4016 5386
199 281 204 285 ·
248 259 303 323 2|
322 346 335 357 η
789 258 996 320 LIBER
1021 256 1110 316 DE
1131 253 1850 349 OFFlgilS‘ECCLESlAS'l

1962 246 2147 310 5.“:
2167 252 2537 312 PREFATIO
2574 243 2913 313 EDITORISI
3405 253 3475 309 ﬁ

249 362 306 429 δι’
480 385 674 427 mensa:
699 369 891 443 [τηετιιί
917 384 1072 423 sacra
1103 366 1264 423 lectio
1285 384 1388 421 non
1413 367 1655 430 deesset;
1683 379 1803 420 eam
1832 366 1883 426 Α
1910 362 2185 417 radiorum
2218 364 2448 436 gratiam
2478 364 2804 423 reddiderat.
2835 364 3019 423 Virum
3046 365 3191 422 hunc
3216 364 3478 422 eximium

249 463 455 517 tandem
494 474 677 516 mense
702 459 986 514 Decembri
1036 473 1178 512 anno
1226 453 1362 514 l668
1396 455 1713 524 diremptam
1753 460 1807 508 et
1909 452 2112 523 Spiritu
2163 451 2256 508 Dei
2322 451 2540 509 ductum
2587 451 2789 519 fuisse,
2845 453 3142 523 domusque
3192 452 3310 524 eius
3360 451 3479 510 zelo

247 555 567 610 destructam
605 552 868 609 dolemus.
1908 554 2236 600 exaestuasse
2258 545 2475 599 decreta
2511 544 2764 616 probant,
2802 544 2855 600 in
2884 545 3078 616 quibus
3115 545 3313 615 ubique
3346 545 3482 600 emi-

316 646 431 707 Se'x,
470 655 727 717 praeterea
773 660 1071 710 sermones,
1100 644 1331 714 primum
1368 639 1435 696 de
1467 638 1806 696 observantia
1908 646 1998 692 eat
2020 636 2287 706 eloquium
2308 635 2403 691 Dei
2433 636 2659 707 ignitum
2688 637 3058 704 vehementer,
3083 647 3140 693 et
3158 638 3482 708 depravatos

246 751 353 829 qua
397 734 577 806 populi
603 744 867 829 pastores
915 732 1095 788 colere
1146 731 1374 796 debent,
1424 728 1484 785 et
1509 730 1588 829 ‘de
1636 726 1812 829 otiicio
1911 730 2043 785 cleri
2081 729 2372 801 populique
2414 743 2596 785 mores
2637 730 2956 801 castigandi,
2986 745 3052 785 ac
3086 729 3283 786 devios
3309 745 3338 785 a
3380 728 3486 784 lide

245 826 519 891 pastorum
570 818 1001 888 clericornmque
1044 825 1391 882 ceterorum;
1449 813 1684 884 reliquos
1729 812 1810 867 de-
1912 818 2111 875 fratres
2158 818 2213 875 in
2262 834 2425 874 unum
2470 819 2666 875 summi
2718 820 2952 890 pastoris
2997 819 3136 874 ovile
3184 818 3487 875 adducendi

247 925 388 966 mum
415 910 677 979 quinque,
707 908 797 979 qui
827 908 893 961 de
924 920 1145 961 munere
1168 916 1352 977 agunt,
1382 902 1526 975 quod
1556 899 1815 958 incumbit

1956 913 2243 968 esiderium
2274 911 2483 983 ingens.
2508 910 2790 973 Praedictis
2815 910 3033 967 statutis
3058 910 3292 981 pretium
3322 909 3488 964 etiam

247 1002 585 1071 pastoribus,
629 997 853 1054 docendi
900 994 1107 1068 populi,
1156 996 1502 1067 perditosquc
1536 991 1814 1049 hominum

1956 1003 2045 1059 scit
2078 1000 2289 1066 raritas,
2322 1016 2443 1071 quze
2475 1002 2700 1072 gratiam
2729 1017 2928 1069 semper
2959 999 3217 1055 inveniens
3253 1002 3333 1070 (ut
3358 998 3490 1053 Ter-

248 1096 507 1144 mores'et
547 1087 752 1142 scelera
792 1086 1079 1158 arguendi;
1111 1086 1177 1140 de
1222 1083 1506 1140 sanctitate
1545 1098 1649 1154 qua
1685 1079 1820 1135 emio‘

1956 1090 2124 1147 tlliani
2150 1089 2333 1147 verbis
2379 1088 2590 1161 loquar)
2635 1090 3103 1159 concupiscentiam
3138 1088 3363 1142 concitat
3394 1087 3489 1140 Ita-

248 1191 371 1233 nere
420 1178 754 1241 sacerdotes.
801 1189 1070 1246 quamque
1126 1177 1389 1246 integram
1449 1180 1506 1229 et
1561 1174 1816 1228 intactam
1916 1184 2069 1239 bendi
2115 1182 2277 1255 (ηιμ
2323 1181 2396 1236 De
2433 1180 2576 1235 cultu
2619 1178 2763 1249 fem.,
2802 1194 2853 1234 ε.
2886 1177 2971 1249 9);
3021 1177 3312 1233 concitavit
3346 1176 3489 1231 enim

248 1264 513 1323 wstudire
536 1265 733 1323 debent
758 1267 921 1322 etiam
950 1282 979 1321 a
1008 1275 1249 1337 tempore
1274 1264 1508 1335 suscepti
1536 1262 1819 1332 baptisma-

1956 1288 2045 1329 ero
2080 1272 2133 1327 in
2162 1271 2294 1328 viris
2334 1270 2475 1325 illius
2509 1268 2759 1325 ditecesis
2803 1268 3004 1339 pietate
3031 1266 3383 1335 doctrinaque
3411 1264 3495 1319 in-

249 1357 342 1423 tis;
370 1356 575 1428 quibus
605 1356 821 1412 dotibus
865 1356 1260 1425 virtutibusque
1298 1353 1499 1416 ornari,
1544 1366 1663 1422 quae
1688 1348 1823 1404 vitia

1956 1364 2187 1437 ignibus,
2227 1376 2455 1434 quorum
2496 1360 2711 1417 adducti
2747 1358 2999 1431 precibus
3036 1373 3100 1415 ea
3135 1356 3225 1413 hic
3270 1355 3501 1412 exhibe-.

250 1456 353 1504 tum
377 1450 478 1520 ίβεί
513 1450 629 1503 tum
657 1447 929 1504 inferioris
955 1447 1161 1501 Ordinis
1188 1445 1370 1501 clerici
1400 1445 1571 1499 νίκη-θ
1602 1438 1827 1499 lenem;
1921 1415 2187 1514 mimi“
2504 1415 2511 1416 ί
2542 1415 2562 1417 ’ν
2656 1415 2690 1416 η
2747 1415 2765 1431 ι
2858 1415 2868 1416 κ
3593 1415 3603 1425 .

252 1552 351 1609 tur,
391 1543 594 1612 quibus
624 1546 661 1596 a‘
685 1539 988 1597 sacerdotio
1016 1537 1314 1594 defectibus
1344 1545 1650 1600 arceantur,
1680 1532 1822 1604 quod
1991 1548 2251 1604 Ultimum
2288 1546 2411 1601 ideo
2446 1552 2713 1615 occupant
2757 1542 2934 1598 locum
2964 1539 3001 1595 εί
3033 1539 3170 1594 mus
3199 1537 3289 1608 qui
3320 1535 3372 1590 in
3401 1547 3497 1591 ca-

252 1633 567 1695 sacerdotes
601 1646 717 1689 non
764 1633 932 1687 verbo
976 1630 1191 1695 solum,
1234 1626 1328 1684 sed
1371 1628 1532 1699 opere
1575 1624 1732 1681 simul
1770 1632 1825 1679 et

1956 1634 2156 1711 h‘edrali
2195 1636 2422 1692 ecclesia
2467 1648 2648 1689 coram
2683 1633 2745 1687 D.
2783 1630 3189 1701 archiepiscopo
3224 1616 3499 1681 celebran-

253 1725 772 1803 orentplo'oponeat
811 1722 1131 1793 praedicare,
1156 1718 1379 1776 scientia
1426 1717 1675 1789 praeditos
1703 1731 1822 1771 esse

1957 1745 2041 1795 ur,
2068 1729 2193 1804 quia
2221 1738 2275 1783 et
2308 1738 2546 1797 tempore
2570 1727 2920 1797 posteriores,
2946 1732 3003 1779 et
3039 1719 3331 1777 vernaculo
3372 1716 3502 1774 editi

255 1802 534 1885 qua'alios
580 1816 827 1879 doceant,
862 1818 1089 1882 peccata
1127 1812 1522 1880 peccantesqne
1564 1807 1824 1880 gravibus

1958 1829 2053 1875 unt
2076 1796 2394 1875 {constituti
2418 1796 2635 1875 inerant
2659 1830 2799 1870 anno
2822 1812 3034 1869 Domini
3072 1810 3231 1875 1652,
3256 1808 3342 1865 die
3363 1806 3507 1862 hlar-

254 1906 424 1960 urbis
457 1905 804 1961 sinertimore
832 1903 927 1959 sed
953 1908 1078 1957 cum
1111 1902 1303 1957 ﬁducia
1337 1900 1639 1971 increpare,
1672 1908 1824 1975 para-

259 2006 335 2054 to’s
368 1998 605 2068 denique
628 2010 751 2053 esse
778 1996 1065 2057 conveniat
1090 1994 1156 2050 ad
1186 1995 1351 2050 vitam
1382 2008 1481 2069 pro
1511 1972 1833 2048 commissa;

257 2084 369 2145 rem
409 2091 515 2145 sibi
561 2086 742 2145 ovium
791 2088 965 2145 salute
1008 2082 1457 2158 profundendam,
1487 2082 1620 2138 adeo
1646 2090 1828 2153 perse-

260 2186 523 2264 cutionem
550 2180 855 2239 'mortemve
885 2176 1176 2241 formidare
1203 2175 1270 2232 ab
1298 2174 1501 2233 eorum
1520 2186 1666 2231 sorte
1696 2174 1827 2229 alie-

260 2276 376 2325 num
404 2262 517 2329 est;
544 2262 778 2328 Demum"
794 2266 1078 2343 postquam
1101 2270 1294 2340 quibus
1316 2277 1603 2327 teneantur
1623 2267 1830 2323 astricti

260 2362 406 2418 olllcii
436 2362 1047 2429 sui‘Viuc‘ulis-‘édocuit,
1082 2363 1147 2418 ad
1192 2361 1625 2434 perpendendam
1659 2361 1831 2431 impo-

262 2454 487 2511 si'ti"Sibi
538 2456 721 2510 oneris
764 2452 1082 2526 gravitatem
1130 2452 1214 2508 his
1260 2453 1461 2517 verbis,
1497 2448 1834 2507 Considerate

263 2552 376 2616 ergo
402 2560 542 2600 onus
571 2544 827 2612 vestrum,
849 2544 1040 2600 auctor
1080 2544 1346 2600 hortatur.
1376 2539 1527 2610 Quis
1557 2542 1642 2597 ille
1674 2542 1837 2597 fuerit

267 2634 420 2701 quaeri
456 2643 667 2705 potest,
708 2648 828 2690 cum
861 2648 1053 2689 nomen
1085 2633 1326 2690 auctoris
1362 2648 1472 2702 pne
1511 2646 1570 2686 se
1614 2645 1718 2685 non
1759 2629 1837 2683 fe-

270 2724 518 2780 rant:Si
579 2725 708 2795 quid
763 2725 817 2779 in
868 2739 925 2779 re
971 2725 1129 2780 dubia
1182 2724 1450 2794 coniicere
1493 2722 1652 2787 licet,
1702 2723 1838 2777 forte

272 2814 439 2872 fuerit
459 2817 560 2872 tvo
582 2816 936 2872 Carnotensis
974 2816 1279 2887 episcOpus.
1313 2814 1444 2869 Nam
1475 2815 1616 2869 inter
1647 2830 1740 2870 eos
1773 2815 1840 2871 de

274 2911 453 2980 quibus
489 2908 771 2980 loquimur
816 2918 928 2962 tres
974 2907 1064 2962 alii
1108 2914 1321 2962 exstant
1350 2906 1403 2961 in
1436 2914 1623 2962 nostro
1653 2905 1840 2961 codice

276 3015 366 3055 tus.
395 3000 745 3055 hihlimhecm
785 2997 1079 3073 Bigotianze
1122 2996 1228 3053 500
1273 3010 1558 3063 annorum,
1597 2997 1689 3067 qui
1724 2996 1839 3067 jam

277 3092 375 3175 sub
411 3090 537 3160 eius
585 3093 802 3175 nomine
850 3106 953 3146 non
1002 3092 1168 3146 semel
1215 3090 1556 3159 prodierunt;
1590 3088 1843 3159 loquendi

276 3172 533 3251 przeterea
578 3172 939 3253 genusidem,
977 3182 1247 3251 dictioque
1283 3179 1579 3237 consimilis
1622 3180 1690 3235 iis
1732 3194 1847 3235 ser-

284 3277 519 3333 monibus
569 3286 707 3347 qoos
757 3276 824 3329 de
875 3273 1037 3329 rebus
1090 3273 1469 3329 ecclesiasticis
1517 3272 1683 3327 edidit
1734 3269 1845 3338 lvo,

285 3367 574 3434 pﬁBsertim
621 3379 903 3423 sermones
949 3366 1016 3420 de
1060 3364 1367 3433 pastoribus
1408 3379 1531 3419 cum
1580 3378 1645 3418 eo
1687 3377 1848 3432 quem

285 3457 461 3515 habuit
487 3459 584 3515 ille
612 3460 664 3515 in
691 3456 778 3515 die
801 3460 943 3515 festo
963 3459 1233 3515 cathedra:
1257 3458 1315 3514 S.
1346 3459 1491 3514 Petri
1520 3465 1846 3529 congruunt.

287 3547 392 3615 Alia
426 3567 549 3622 qua:
597 3560 899 3617 consonant
946 3550 1150 3607 referre
1191 3565 1648 3621 supervacaneum
1697 3549 1852 3606 duxi-

290 3657 416 3707 mus,
450 3655 564 3698 tum
598 3659 666 3698 ne
694 3644 883 3700 lectori
914 3644 1187 3700 fastidium
1220 3660 1551 3714 pareremus,
1582 3653 1692 3699 tum
1724 3643 1851 3713 quia

290 3730 347 3786 id
373 3731 527 3790 facile
565 3734 842 3790 studiosus
885 3734 1212 3804 experietur.
1243 3734 1404 3789 Certe
1442 3731 1655 3787 ditﬁteri
1695 3746 1854 3789 nemo

290 3830 457 3891 potest
496 3825 632 3896 quin
660 3824 696 3880 ii
742 3825 855 3879 sint
895 3822 1123 3892 alicuius
1159 3821 1414 3893 episcopi,
1443 3822 1682 3891 loquitur
1709 3821 1853 3875 enim

291 3913 352 3969 ad
384 3916 698 3972 sacerdotes
732 3925 986 3985 tanquam
1017 3922 1336 3986 potestatem
1365 3912 1590 3978 habens,
1619 3920 1673 3967 et
1701 3910 1858 3982 quasi

293 4005 551 4061 rationem
581 4005 648 4060 de
674 4020 868 4062 eorum
902 4005 1162 4076 regimine
1207 4003 1535 4069 redditurus,
1565 4018 1673 4074 quo
1701 4003 1761 4057 tit
1798 4010 1858 4057 ut

294 4095 528 4166 synodici
555 4111 839 4152 sermones
870 4110 990 4151 esse
1014 4096 1332 4160 videantur;
1380 4110 1537 4149 suum
1581 4103 1759 4149 tamen
1795 4107 1861 4149 ea

295 4184 345 4239 in
381 4200 440 4241 re
453 4185 721 4255 iudicium
754 4185 948 4255 cuique
975 4185 1045 4240 sit
1069 4184 1296 4245 liberum
1323 4199 1421 4254 per
1454 4199 1539 4238 me
1564 4184 1715 4251 licet,
1744 4184 1860 4254 qni—

296 4275 389 4333 bus
421 4279 566 4334 ducti
605 4277 940 4347 argumentis
973 4291 1036 4333 ea
1074 4276 1324 4360 opinione
1362 4283 1661 4339 teneamur,
1691 4288 1858 4343 expo-

1928 1913 1998 1968 tis
2041 1920 2196 1984 sexta
2235 1909 2452 1981 Aprilis,
2481 1906 2716 1978 capitulo
2749 1912 3074 1976 congregato
3101 1916 3197 1973 per
3219 1899 3496 1970 iuramen-

1932 2010 2042 2057 tum
2071 2009 2124 2055 et
2151 2000 2360 2055 domos.
2392 1998 2500 2054 llos
2528 2014 2593 2053 ex
2622 1996 2861 2069 eiusdem
2895 1992 3114 2064 capituli
3157 1987 3507 2053 monimentis

1929 2100 2213 2164 excerptos
2238 2091 2326 2146 hic
2349 2089 2639 2145 tradimus.

2003 2208 2083 2265 Ex
2125 2208 2210 2265 his
2257 2206 2551 2273 omnibus,
2581 2203 2808 2273 aliisque
2858 2198 3157 2263 veteribus,
3187 2192 3281 2252 sed
3326 2189 3524 2257 editis,.

1936 2308 2046 2358 tum
2078 2296 2513 2367 Rotomagensis,
2543 2303 2656 2357 tum
2685 2287 3222 2363 comprovincialium
3256 2282 3512 2340 ecclesia-

1934 2404 2053 2445 rum
2095 2385 2248 2443 libris
2290 2394 2451 2441 notas
2491 2380 2844 2446 confecimus,
2876 2392 3033 2449 quas.
3057 2375 3094 2431 ii
3143 2373 3244 2445 viri
3283 2381 3517 2442 quorum

1936 2478 2179 2537 consiliis
2209 2494 2313 2534 non
2343 2489 2537 2547 parere
2566 2472 2754 2543 religio
2782 2471 2990 2536 luisset,
3021 2464 3351 2523 necessarias
3373 2459 3517 2532 judi-

1937 2577 2199 2628 caverunt
2230 2569 2299 2624 ad
2337 2565 2595 2635 maiorem
2626 2563 2864 2619 auctoris
2895 2557 3065 2616 nostri
3095 2553 3512 2612 elucidatiouem

1941 2659 2119 2734 (cuius
2145 2659 2351 2713 utinam
2377 2654 2633 2731 librosde
2660 2650 2794 2707 stola
2824 2660 2872 2704 et
2897 2648 3222 2703 dedicatione
3263 2641 3515 2702 ecclesia',

1941 2729 2142 2807 necnon
2187 2746 2458 2818 manipulo
2488 2729 2726 2815 reperire
2756 2750 2812 2797 et
2843 2741 3005 2796 edere
3040 2736 3423 2809 potuissemus,
3452 2729 3519 2784 de

1942 2842 2138 2916 quibus
2167 2839 2407 2912 loquitur
2433 2837 2636 2907 scripta
2666 2835 2731 2892 ad
2760 2848 2883 2889 eum
2911 2828 3135 2904 epistola
3160 2821 3518 2894 Lanl'rancus)

1942 2951 2038 2992 eas
2072 2931 2301 2997 Joannis
2339 2927 2479 2987 libro
2521 2925 2847 2996 subiecimus
2892 2923 2958 2979 iis
3001 2921 3342 2981 intertextos.
3381 2928 3519 2985 quas

1945 3026 2179 3083 Joannes
2204 3023 2509 3087 Prevotius,
2535 3032 2807 3090 nunquam
2836 3015 2954 3072 sine
2978 3008 3193 3069 honore
3232 3005 3518 3064 nominan-

1947 3121 2068 3184 dus,
2100 3118 2153 3172 in
2194 3116 2337 3172 idem
2366 3128 2501 3184 opus
2539 3125 2571 3166 e
2610 3124 2716 3165 ms.
2749 3106 3062 3163 Salicosano
3092 3101 3277 3158 codice
3303 3104 3518 3153 erutum

1947 3211 2190 3270 ediderat
2229 3207 2307 3281 (in
2352 3204 2567 3261 Cotiect.
2608 3199 2798 3257 concil.
2842 3197 3140 3267 Rotomag.,
3188 3208 3244 3264 p.
3283 3189 3409 3281 7?);
3462 3195 3522 3241 ut

1949 3313 2131 3360 autem
2159 3279 2373 3356 erudito
2404 3296 2520 3351 viro
2546 3309 2643 3349 sua
2680 3291 2799 3347 laus
2828 3290 3039 3358 integra
3065 3289 3295 3348 constet,
3320 3279 3533 3335 Prevo—’

1951 3392 2127 3447 tianas
2154 3384 2499 3445 distinximus
2524 3382 2607 3437 his
2637 3374 3043 3435 characteribus
3071 3369 3168 3425 Pr.
3195 3368 3518 3439 dignoscen-

1953 3487 2070 3550 das,
2096 3482 2293 3554 quibus
2326 3475 2611 3549 epistolam
2642 3470 2882 3542 eiusdem
2911 3468 2977 3523 ad
3004 3466 3069 3521 D.
3102 3461 3451 3554 Franciscum
3479 3457 3527 3512 ll

1955 3552 2406 3643 Rotomagcnsem
2436 3563 2899 3634 archiepiscopum
2931 3555 3296 3625 adiunximus.
3323 3552 3399 3606 De
3428 3563 3525 3604 no—

1955 3667 2083 3723 stris
2113 3641 2244 3719 nihil
2273 3659 2522 3721 dicimus,
2550 3656 2695 3709 auris
2719 3651 2863 3707 enim
2890 3649 2989 3704 viri
3014 3647 3154 3701 dicta
3182 3641 3452 3713 adjudicat
3479 3647 3528 3693 et

1956 3755 2138 3828 probat
2167 3762 2226 3808 ut
2255 3749 2486 3807 habetur
2511 3744 2664 3816 apud-
2681 3741 2783 3797 Job
2820 3739 2943 3810 (Job
2972 3753 3061 3828 ιιιΔ
3077 3744 3133 3792 et
3157 3729 3376 3828 xxx”):
3400 3725 3530 3802 Styo‘

1958 3818 2042 3900 ius
2065 3840 2292 3911 simplex
2335 3836 2473 3892 nihil
2518 3835 2682 3890 habet
2727 3828 2961 3886 affectati
3010 3822 3234 3888 nitoris,
3281 3818 3379 3876 sed
3422 3829 3530 3873 non

1960 3936 2081 3992 ideo
2108 3933 2249 3988 forte
2275 3931 2454 3987 minus
2491 3926 2652 3981 rebus
2688 3921 2861 3977 sacris
2892 3916 3224 3988 exponendis
3262 3913 3531 3968 idoneus;

1963 4025 2102 4094 Quid
2133 4023 2267 4079 enim
2293 4019 2500 4092 prodest
2529 4014 2689 4071 clavis
2718 4026 2900 4076 aurea,
2929 4010 2976 4063 si
3001 4005 3206 4078 aperire
3227 4000 3367 4075 quod
3390 3999 3538 4094 colu:

1959 4088 2075 4172 inus
2119 4131 2221 4169 non
2262 4088 2468 4181 potest?
2504 4116 2594 4162 aut
2627 4102 2752 4176 quid
2777 4097 3111 4169 obcst'lignca
3140 4095 3184 4149 si
3198 4094 3308 4148 'hoc
3334 4088 3542 4162 potest?

1961 4206 2171 4281 quando
2219 4205 2294 4259 nil
2334 4202 2618 4275 quwrimus
2655 4198 2756 4252 nisi
2799 4205 2976 4267 patere
3009 4190 3148 4260 quod
3189 4186 3431 4281 clausulis
3464 4191 3541 4281 est

1964 4271 2046 4370 ('s.
2070 4295 2311 4351 Aucusr.
2347 4271 2457 4347 lib.
2489 4302 2544 4346 tv
2580 4287 2657 4343 De
2695 4287 2835 4341 doct.
2876 4283 3097 4370 Christ,
3136 4295 3185 4335 e.
3220 4271 3543 4370 H).-l_)-ictlo

297 4372 461 4427 suisse
518 4372 656 4428 satis
706 4373 988 4427 habemus.
1038 4370 1347 4435 Neminem,
1398 4369 1609 4438 opinor,
1662 4365 1850 4438 pigebit

1971 4362 2119 4441 certe
2164 4381 2366 4454 placuit
2410 4379 2603 4435 amicis
2639 4378 2754 4433 sive
2788 4373 2863 4430 illi
2902 4369 3153 4428 examine
3184 4381 3291 4422 non
3327 4362 3544 4427 fallunt,

296 4475 467 4530 opera:
512 4462 568 4516 ir.
615 4463 681 4516 iis
733 4459 973 4531 legendis
1015 4459 1236 4529 positae,
1281 4471 1403 4512 cum
1451 4458 1688 4511 nondum
1735 4453 1867 4509 editi

298 4553 525 4621 fuerint,
571 4553 899 4624 monitisque
945 4550 1219 4607 abundent
1263 4548 1484 4604 minime
1524 4557 1872 4604 contemnen-

299 4647 396 4703 dis.

364 4736 768 4809 Expositioneru
799 4734 1144 4807 baptismatis
1185 4742 1240 4788 et
1280 4731 1635 4789 Eucharistize
1674 4744 1740 4785 ex
1781 4741 1875 4784 eo.-

301 4824 417 4897 tlctu
445 4829 631 4890 codice
662 4844 762 4885 ms.
793 4826 1189 4899 subjunsimus.
1798 4864 1801 4869 ς
1872 4818 1875 4823 ’

369 4919 465 4974 His
504 4919 592 4989 qui
642 4918 710 4973 de
751 4915 1034 4986 disciplina
1072 4922 1240 4982 agunt
1280 4916 1639 4979 sermonibus,
1675 4923 1877 4981 appen—

305 5009 436 5065 dicis
482 5012 658 5065 instar
706 5008 1018 5063 indusimus
1058 5007 1113 5061 in
1164 5005 1401 5062 animum
1452 5005 1686 5069 annecti,
1718 5013 1880 5072 posse

307 5100 867 5172 statutum‘synodalc
908 5096 1199 5166 Baiocense
1243 5112 1386 5154 anno
1422 5098 1561 5155 1518
1598 5096 1698 5152 sub
1727 5105 1880 5148 reve-

308 5194 471 5249 renda
528 5193 581 5248 in
623 5193 843 5248 Christo
887 5191 1049 5246 Patre
1100 5188 1162 5247 D.
1208 5187 1483 5249 Ludovico
1531 5191 1597 5247 de
1638 5186 1880 5243 Canossa

924 5284 964 5302 '-
1004 5280 1245 5302 Λ-.ιε-2-

1615 5276 1884 5302 ..2-ωιι1κι1Α

1971 4475 2085 4531 sive
2108 4452 2374 4528 cliaritate
2399 4469 2677 4533 falluntur,
2701 4464 2946 4536 cupimus
2968 4469 3148 4516 autem
3175 4465 3233 4512 ut
3257 4452 3437 4511 caeteri
3467 4452 3548 4508 sic

1971 4570 2250 4621 censeant.
2292 4561 2465 4616 Erunt
2505 4559 2646 4616 forte
2678 4556 2769 4626 qui
2796 4555 3003 4611 minuta
3029 4549 3191 4606 nimis
3214 4557 3272 4604 et
3297 4546 3415 4617 ipso
3444 4557 3547 4598 usu

1973 4655 2101 4710 trita
2143 4652 2426 4710 observari
2470 4655 2800 4720 querantur;
2850 4657 3039 4701 verum
3080 4640 3263 4697 omnia
3307 4639 3423 4694 haec
3471 4634 3550 4689 illi

1975 4747 2077 4805 sibi
2108 4747 2249 4802 dicta
2286 4760 2395 4800 non
2431 4749 2622 4815 putent
2657 4740 2845 4810 suique
2881 4735 3181 4799 similibus,
3222 4729 3315 4788 sed
3353 4729 3421 4783 iis
3460 4725 3554 4795 qui

1978 4839 2115 4895 ritus
2162 4845 2379 4894 nostros
2424 4834 2648 4892 omnino
2688 4846 2794 4886 non
2838 4835 3056 4891 norunt,
3082 4831 3465 4893 suntquetam
3499 4818 3557 4872 in

1978 4931 2183 4985 nostris
2214 4929 2459 4985 moribus
2485 4921 2783 4997 peregrini,
2812 4932 2974 4990 quam
3005 4930 3034 4969 a
3066 4921 3255 4968 nostro
3273 4909 3562 4979 iuremunt

1980 5019 2169 5086 liberi;
2224 5017 2465 5089 cOgitent
2509 5011 2812 5070 mendicum
2853 5023 2978 5066 esse
3012 5005 3298 5067 ﬂuviorum
3343 5014 3565 5056 cursum

1982 5113 2074 5183 qui
2102 5088 2398 5167 illustrium
2429 5114 2636 5165 tantum
2667 5102 2868 5183 satiare
2905 5098 3046 5155 valet
3077 5095 3346 5183 ardorem,
3374 5088 3569 5144 memi—

1983 5179 2277 5267 nerintque
2309 5196 2614 5269 apostolum
2650 5206 2755 5247 non
2789 5181 3236 5247 solaminiirmis
3266 5179 3570 5269 inﬁrmum,

2626 5283 2665 5302 ρ-
2714 5281 2756 5302 ιι.
2777 5290 2912 5302 -.--,-
2976 5275 3068 5302 ns:
3114 5273 3298 5302 ιιι-...επ
3333 5263 3573 5302 .ntinnic
