4016 5386
241 341 306 397 ‘29
1308 342 1507 399 LIBER
1547 342 1637 398 DE
1674 339 1961 398 OFFlCllS
1997 339 2566 398 ECCLESIASTICIS.
3445 340 3522 400 30

244 453 502 518 deamus;
551 451 750 508 Esdras
777 450 921 507 enim
962 467 992 507 a
1038 452 1353 524 captivitate
1383 454 1708 525 Babylonica
1747 469 1833 509 rc-
1863 440 1903 498 Α
1936 457 2081 512 dicto
2127 457 2240 528 (Π)
2286 457 2519 527 hymnus
2571 462 2774 511 sancta:
2824 451 3027 523 Mariae,
3079 454 3422 521 humilitatis,
3466 463 3524 510 et

242 557 433 596 versus
477 541 566 612 (ll
593 541 749 595 Esdr.
784 558 862 605 lx,
900 543 956 613 ’5)
1005 543 1258 612 populum
1306 543 1658 598 lsracliticum
1717 541 1830 612 (10)

240 641 437 700 quater
466 640 629 686 nocte
655 642 709 684 et
740 631 832 686 die
853 632 1074 687 domino
1103 633 1344 702 psallere
1385 633 1450 688 ad
1498 631 1616 700 ejus
1657 633 1826 688 mise-

237 722 539 776 ricordiam
595 722 994 791 provocandam
1057 723 1313 778 instituit.
1373 723 1642 792 Propheta
1701 735 1833 777 vero

239 810 409 865 David
433 810 646 880 septies
668 811 721 864 in
753 811 841 865 die
859 811 1074 866 laudem
1117 813 1344 866 Domino
1392 828 1453 866 se
1500 813 1723 876 dixisse,
1778 821 1834 868 et

239 902 440 963 media
477 911 642 958 nocte
689 905 756 958 ad
801 904 1170 960 confitendum
1199 905 1451 960 Domino
1503 905 1831 970 surrexisse,

237 995 398 1050 nobis
453 996 650 1052 indicit
703 993 875 1065 (Psul.
929 999 1139 1066 cxvnt).
1191 998 1299 1053 llas
1358 1013 1591 1068 namque
1645 997 1832 1062 horas,

236 1088 752 1152 scilicctPrimam,
781 1089 1044 1154 Tertiam,
1073 1090 1315 1153 Sextum,
1361 1089 1590 1154 Nonum,
1635 1090 1834 1160 VcSpc—

234 1195 326 1235 ras
355 1189 414 1235 et
441 1179 888 1250 Completorinm,
920 1181 1228 1238 Nocturnas
1271 1192 1327 1237 et
1369 1182 1686 1238 matutinale
1739 1182 1835 1238 0f-

235 1273 443 1336 licium,
478 1272 548 1325 ad
601 1271 935 1338 psallendum
991 1273 1215 1327 Domino
1259 1274 1430 1328 sanc.i
1485 1273 1678 1328 Patres
1722 1288 1832 1342 pra:

235 1361 452 1416 czeteris
476 1361 779 1431 elegerunt.
806 1361 1045 1416 Primam
1077 1375 1227 1426 vero,
1255 1363 1380 1432 quia
1407 1363 1532 1418 linis
1550 1371 1633 1418 est
1659 1363 1835 1418 noctis

234 1461 289 1506 et
319 1453 544 1506 initium
589 1453 722 1507 diei.
772 1452 898 1507 Hanc
929 1453 1062 1508 hora
1095 1455 1239 1508 omni
1289 1464 1552 1524 tempore,
1589 1454 1831 1524 exceptis

234 1545 426 1600 diebus
465 1545 640 1600 tribus
684 1546 954 1615 passionis
997 1547 1230 1613 Domini,
1281 1555 1335 1603 et
1385 1557 1593 1618 septem
1643 1546 1834 1602 diebus

235 1632 484 1699 Pascha},
523 1650 648 1688 eum
695 1636 940 1691 oratione
991 1637 1303 1702 Dominica,
1346 1647 1400 1692 et
1447 1636 1737 1706 Symbolo,
1777 1643 1835 1692 et

235 1727 505 1797 Capitulo,
533 1738 590 1782 et
616 1728 854 1783 Collecta
879 1730 1200 1798 completur.
1231 1730 1286 1784 lu
1317 1731 1420 1784 hac
1448 1731 1574 1799 quia
1615 1739 1829 1784 noctem

234 1833 360 1876 cum
392 1821 572 1876 salute
595 1821 982 1890 transegimus,
1025 1822 1228 1891 pastori
1261 1831 1446 1877 nostro
1492 1823 1695 1892 gratias
1737 1820 1822 1875 de

232 1914 423 1968 bemus
447 1916 696 1974 reddere.
727 1923 782 1969 et
816 1915 1241 1984 quidquidmali
1290 1916 1530 1986 quinque
1578 1913 1831 1970 sensibus

231 2006 483 2075 corporis
505 2007 900 2072 contraximus,
923 2007 1176 2076 precibus
1203 2014 1258 2062 et
1283 2005 1540 2078 lacrymis
1577 2005 1695 2075 ejus
1730 2007 1830 2062 mi-

231 2099 585 2152 scricordiam
612 2097 1022 2169 5posmlando
1068 2098 1278 2163 delere;
1330 2098 1383 2151 id
1432 2099 1655 2167 insuper
1697 2111 1829 2153 exo-

233 2186 357 2245 rare
393 2200 456 2244 nt
503 2191 815 2258 imminenti
841 2191 928 2246 die
977 2191 1043 2244 ah
1096 2190 1350 2245 omnibus
1397 2190 1552 2245 malis
1607 2205 1826 2260 gregem

229 2285 391 2336 suum
425 2280 681 2350 dignetur
707 2280 1017 2344 defendere,
1043 2289 1097 2334 et
1132 2281 1371 2350 quinque
1402 2293 1592 2333 sensus
1638 2294 1829 2349 corpo-

231 2372 307 2425 ris
333 2373 509 2424 n0stri
537 2371 591 2424 in
624 2370 966 2440 beneplacito
1010 2385 1110 2424 suo
1155 2369 1412 2440 dirigere.
1467 2369 1672 2423 Idcirco
1713 2369 1855 2438 (lli

230 2461 482 2530 quinque
503 2459 743 2530 psalmos
768 2459 1016 2516 cauimus
1049 2478 1061 2512 :
1089 2459 1183 2514 sed
1230 2459 1368 2513 trina
1402 2468 1606 2513 sancta:
1649 2451 1828 2512 Trini-

240 2553 371 2607 tatis
422 2551 820 2622 glorilicatione
865 2551 1267 2613 connectimus,
1301 2559 1360 2604 ut
1410 2565 1602 2604 sensus
1653 2549 1824 2603 nostri

229 2643 358 2714 ejus
380 2645 849 2699 ﬁde-muniantur.
896 2646 1010 2716 (l2)
1054 2644 1265 2712 Quibus
1309 2643 1468 2697 ﬁdem
1502 2642 1824 2697 catholicam

232 2751 263 2789 a
295 2735 356 2789 Β.
394 2735 699 2788 Athanasio
732 2734 1112 2790 'Alexandriuo
1157 2735 1468 2804 patriarcha
1527 2733 1824 2802 expositam

233 2828 546 2898 adjicimns,
577 2837 637 2881 ut
665 2839 854 2882 contra
880 2825 1060 2882 omnia
1099 2828 1324 2882 adversa
1352 2826 1582 2880 visibilia
1610 2841 1706 2880 seu
1743 2825 1825 2878 in-

231 2919 475 2973 visibilia
501 2918 756 2973 situobis
786 2918 1222 2989 incXpugnaliilis
1264 2919 1500 2988 clype‘ns.
1535 2916 1648 2987 (l5)
1691 2916 1829 2970 Ter-

235 3009 364 3061 tiam
395 3023 553 3074 vero,
579 3008 707 3078 quia
732 3009 786 3062 in
811 3021 872 3062 ea
902 3005 1137 3078 Spiritus
1162 3018 1384 3064 sanctus
1409 3023 1572 3077 super
1612 3015 1821 3076 aposto-

234 3101 315 3155 los
345 3101 656 3166 descendit;
689 3101 938 3165 Sextam,
967 3101 1094 3170 quia
1139 3102 1192 3154 iu
1245 3117 1306 3154 ea
1352 3099 1688 3154 Salvatorem
1731 3115 1823 3152 no-

235 3203 406 3247 strum
431 3194 826 3248 crucifixerunt
851 3193 1048 3257 Judmi;
1076 3192 1306 3256 Nonam,
1339 3191 1464 3263 quia
1501 3194 1550 3244 in
1575 3207 1637 3246 ea
1683 3191 1822 3245 idem
1853 3170 1896 3230 (ἶ

237 3285 490 3341 Salvator
531 3289 580 3340 in
623 3302 787 3341 cruce
830 3288 1073 3356 pendens
1112 3286 1362 3356 spiritum
1396 3286 1597 3338 emisit.
1647 3283 1701 3337 ln
1742 3285 1826 3340 his

237 3378 410 3432 tribus
435 3377 586 3432 boris
617 3378 731 3446 (M)
759 3377 842 3432 bis
870 3386 978 3432 tres
1005 3378 1242 3446 psalmos
1273 3393 1394 3432 cum
1432 3377 1570 3430 trina
1620 3376 1824 3446 glorili-

236 3471 450 3525 catione
470 3479 677 3525 sancta:
698 3470 986 3524 Trinitatis
1013 3470 1257 3524 canimus
1285 3486 1301 3520 τ
1333 3468 1490 3522 [idem
1523 3470 1667 3522 enim
1694 3483 1824 3522 san-

237 3573 336 3620 ctzc
363 3563 651 3618 Trinitatis
681 3572 864 3618 mente
904 3570 958 3617 et
985 3576 1215 3631 corpore
1249 3571 1433 3616 tenere
1477 3577 1540 3615 ac
1572 3558 1824 3614 venerari

236 3655 516 3711 debemus.
555 3653 663 3710 llas
702 3667 921 3724 quoque
965 3669 1090 3709 eum
1139 3651 1510 3723 responsorio,
1538 3659 1592 3704 et
1637 3663 1824 3715 versu,

234 3757 288 3802 et
315 3747 427 3817 U5)
454 3748 701 3800 oratione
741 3745 1046 3809 Dominica,
1091 3755 1146 3800 et
1193 3743 1464 3814 precibus,
1511 3751 1566 3796 et
1597 3741 1823 3812 psalmo,

235 3838 491 3894 Miserere
512 3841 634 3906 inici,
663 3839 824 3904 Deus,
853 3838 1288 3909 genuﬂectendo,
1318 3848 1371 3893 et
1406 3837 1654 3891 oratione
1679 3849 1826 3889 com-

233 3931 445 4000 plemns
471 3946 487 3985 :
517 3932 761 4002 exceptis
793 3931 966 3997 festis,
993 3931 1044 3986 in
1069 3931 1266 4002 quibus
1296 3930 1472 3984 oratio
1523 3927 1823 3993 Dominica,

234 4033 289 4081 et
318 4041 514 4096 preces
563 4042 686 4080 cum
723 4025 927 4095 psalmo
955 4033 1009 4079 et
1057 4022 1451 4093 genuﬂeetione
1500 4019 1825 4091 praetermit-

233 4127 449 4172 tuntur.
485 4115 680 4170 Finitis
713 4116 793 4170 his
834 4115 1171 4169 diurnalihns
1199 4113 1410 4179 olliciis,
1439 4113 1552 4184 (16)
1600 4120 1825 4166 noctur-

232 4207 377 4261 nalia
433 4207 762 4271 succedunt,
811 4207 863 4259 in
916 4205 1112 4274 quibus
1166 4205 1418 4275 Vespera:
1467 4203 1638 4272 prima
1693 4201 1824 4254 hora

232 4300 510 4355 consistit.
543 4299 675 4371 6|n
711 4301 830 4364 hac,
867 4299 991 4369 quia
1033 4297 1156 4352 [luis
1202 4307 1287 4351 est
1322 4296 1454 4361 diei,
1499 4302 1556 4348 et
1611 4293 1822 4348 initium

231 4393 440 4456 noctis,
471 4400 529 4443 ut
555 4392 607 4444 in
633 4392 830 4461 prima,
859 4391 1098 4460 quinque
1121 4389 1359 4460 psalmos
1394 4396 1618 4458 propter
1660 4386 1823 4454 quin--

232 4499 338 4553 que
368 4498 567 4539 sensus
595 4483 842 4552 corporis
866 4483 1111 4536 canimus
1145 4495 1160 4534 :
1202 4489 1260 4535 nt
1289 4479 1551 4550 quidquid
1594 4492 1690 4547 per
1729 4491 1826 4532 eos
1857 4511 1904 4570 Β

233 4574 288 4628 in
319 4575 407 4626 die
455 4571 804 4637 oll‘endimus,
851 4571 1184 4641 psalmorum
1225 4569 1609 4640 deprecatione
1670 4566 1826 4622 nobis

234 4663 583 4727 dimittatur;
624 4672 677 4717 ct
708 4664 868 4718 iidem
900 4679 1094 4719 sensus
1119 4663 1292 4718 nostri
1318 4664 1636 4717 imminente
1669 4671 1826 4716 nocte

234 4771 265 4809 a
294 4757 527 4814 Domino
559 4757 610 4809 in
641 4755 981 4825 beneplacito
1009 4772 1106 4811 suo
1146 4756 1470 4826 dirigantur.
1519 4753 1825 4824 Unusquis-

232 4866 338 4919 que
384 4848 632 4918 psalmus
676 4864 799 4902 cum
849 4849 1143 4917 autiphona
1191 4857 1460 4913 cantetur,
1495 4857 1554 4901 ut
1592 4846 1827 4900 instituit

233 4941 429 4995 beatus
468 4939 709 5009 lgnatius
745 4939 1055 5008 patriarcha
1096 4938 1487 4994 Antiocheuus.
1541 4936 1646 4991 Per
1690 4934 1825 5006 psal-

236 5047 403 5097 mum,
436 5032 530 5102 qui
557 5029 954 5086 alternantibus
989 5031 1177 5084 choris
1221 5039 1493 5095 cantatur,
1529 5029 1672 5083 bona
1717 5027 1832 5082 fra-

236 5133 376 5178 trum
407 5115 577 5194 Opera
607 5123 955 5192 designantur
988 5137 1002 5175 :
1053 5135 1150 5191 per
1192 5124 1540 5193 antiphonam
1561 5162 1575 5184 ,
1610 5136 1730 5190 quae
1761 5120 1829 5173 ab

235 5232 335 5240 ..αα
390 5221 655 5240 ἷκσιῖηἶινικ
698 5223 747 5240 Α.
806 5231 830 5240 Α
883 5221 1090 5240 ,υσυαλ-..ΖΑ
1140 5221 1498 5240 ΑΛΜκ-ι....ἶιρκ
1556 5221 1808 5240 Ληκαηιοιυι

1933 548 2274 612 obedientite,
2316 557 2370 602 et
2411 549 2526 618 spei
2558 547 2806 616 exemplo
2851 561 2952 602 nos
2993 547 3378 612 corroborans,
3412 547 3519 603 Do-

1931 641 2146 696 minica:
2173 638 2560 695 incarnationis
2582 639 2897 693 memoriam
2921 637 2986 692 ad
3009 637 3368 694 exercendam
3397 636 3521 693 lldei

1936 741 2138 786 nostra:
2163 731 2503 786 devotionem
2546 730 2702 784 nobis
2735 729 2968 785 reducit.
3005 729 3300 800 Incipiente
3331 743 3523 786 versus

1927 826 2079 896 juxta
2120 824 2262 894 quod
2302 823 2558 879 Dominus
2602 822 2857 892 praecepit
2909 820 3076 893 Moysi
3129 820 3324 892 (Exod.
3365 836 3520 886 xxix,

1934 917 2044 984 l5),
2071 917 2180 987 (l8)
2211 915 2492 971 incensum
2519 929 2682 984 super
2699 913 2873 968 altare
2893 931 2924 968 a
2951 914 3234 970 sacerdote
3251 914 3483 968 oll'ertur
3502 921 3536 967 :'

1933 1007 2136 1076 sicque,
2169 1015 2227 1061 ut
2257 1007 2309 1060 in
2341 1007 2554 1062 caeteris
2595 1005 2766 1068 horis,
2800 1005 2912 1074 (1'9)
2943 1019 3063 1060 cum
3111 1005 3358 1059 oratione
3411 1003 3532 1058 υθέ

1934 1100 2130 1155 minica
2163 1108 2218 1154 et
2243 1099 2521 1169 precibus,
2551 1097 2794 1167 exceptis
2827 1097 2878 1167 7
2907 1097 3058 1152 festis
3102 1095 3349 1152 oratione
3391 1107 3521 1151 vero

1932 1204 2147 1259 semper
2175 1189 2494 1258 completur.
2649 1199 2652 1202 '

2003 1279 2116 1349 (20)
2155 1280 2291 1347 Quia
2320 1293 2449 1334 vero
2483 1285 2608 1349 post
2634 1278 2902 1347 V'esperas
2934 1291 3042 1331 non
3071 1277 3253 1330 statim
3281 1275 3522 1345 quiesci-

1933 1387 2075 1437 mus,
2101 1372 2193 1426 sed
2228 1371 2461 1426 terrenis
2498 1369 2753 1439 operibus
2788 1378 2840 1423 et
2878 1368 3294 1423 necessitatibus
3323 1381 3541 1438 carpo--

1933 1479 2074 1526 rum,
2099 1477 2219 1533 qua:
2241 1463 2445 1532 absque
2465 1464 2481 1482 ‘
2507 1463 2728 1516 omnino
2750 1461 2990 1515 exerceri
3011 1470 3302 1530 nequeunt,
3323 1463 3341 1480 ⁹
3365 1460 3523 1529 quid-

1935 1555 2064 1624 quid
2101 1555 2155 1608 in
2214 1554 2320 1609 illis
2366 1551 2720 1622 deliquimus,
2755 1565 2852 1622 per
2889 1550 3308 1622 completorium'
3335 1566 3519 1606 emen-

1931 1647 2143 1703 damns.
2177 1647 2232 1701 In
2265 1647 2366 1701 hac
2393 1647 2589 1716 quippe
2615 1645 2748 1700 hora
2779 1644 3084 1700 secundum
3102 1643 3371 1698 elementa
3403 1659 3521 1698 cor-

1934 1739 2082 1807 poris
2115 1739 2306 1800 nostri,
2335 1737 2529 1806 quibus
2558 1736 2843 1791 Dominum
2892 1734 3234 1799 olfendimus,
3289 1745 3524 1804 quatuor

1934 1833 2000 1886 ad
2031 1831 2348 1899 placandmn
2398 1829 2684 1884 Dominum
2730 1828 2966 1899 psalmos
2995 1829 3240 1882 canimus
3264 1868 3278 1891 ,
3301 1827 3520 1897 quibus,

1933 1931 2052 1992 post
2073 1920 2366 1988 capitulum
2410 1919 2613 1991 hymno
2651 1920 2818 1983 dicto,
2852 1918 2962 1988 (2i)
3012 1919 3270 1989 hymnum
3326 1917 3520 1973 iterum

1925 2009 2056 2080 justi
2089 2009 2362 2066 Simeonis
2386 2011 2692 2081 adjicinnts,
2717 2019 2770 2064 ut
2818 2025 2848 2063 a
2883 2011 2992 2065 Deo
3023 2011 3274 2065 custoditi
3303 2019 3358 2064 et
3404 2010 3524 2064 illu-

1933 2105 2120 2160 minati
2151 2107 2202 2161 in
2227 2121 2357 2175 pace
2385 2100 2750 2175 quiescamus.
2794 2102 2985 2159 Postea
3009 2113 3066 2157 ut.
3097 2104 3150 2158 in
3183 2101 3384 2173 prima,
3407 2102 3536 2175 (22)-

1931 2197 2177 2252 oratione
2211 2195 2512 2259 Dominica,
2549 2205 2604 2251 et
2635 2193 2911 2266 Symbolo,
2943 2204 2998 2248 et
3026 2192 3521 2261 coulcs'sioiie,"u03

1933 2295 2121 2341 contra
2156 2287 2330 2340 noctis
2360 2286 2584 2341 insidias
2635 2285 2962 2348 munientes,
2994 2285 3184 2339 horam
3221 2300 3343 2338 cum
3369 2285 3523 2356 'prea

1932 2376 2106 2442 cibus,
2134 2386 2188 2431 et
2213 2376 2459 2430 oratione
2485 2376 2820 2446 complemus
2850 2375 2964 2444 (23)
2997 2390 3158 2445 quam
3191 2372 3350 2450 lectio
3386 2390 3526 2444 pra:-

1931 2468 2075 2523 cedit
2104 2468 2169 2521 de
2193 2467 2456 2536 exemplis
2482 2477 2794 2523 sanctorum
2819 2465 3064 2532 Patrum,
3115 2467 3182 2520 ad
3207 2465 3542 2520 excitandas

1929 2558 1984 2612 in
2019 2559 2159 2613 bono
2199 2559 2411 2613 animas
2432 2558 2686 2613 fratrum.
3329 2565 3332 2571 ‘

2004 2650 2118 2720 (ἑά)
2151 2649 2324 2704 Media
2356 2659 2536 2714 nocte,
2560 2651 2713 2719 juxta
2735 2650 3064 2720 Prophetam
3093 2645 3267 2719 (Psal.
3304 2646 3518 2712 cxvm),

1931 2741 1996 2794 ad
2021 2740 2385 2794 conﬁtendum
2417 2740 2646 2794 Domino
2684 2755 2910 2810 surgere
2939 2739 3216 2793 debemus.
3259 2726 3518 2807 l’opnlnm

1930 2832 2074 2887 enim
2102 2833 2378 2887 sedentem
2414 2832 2465 2885 iu
2512 2832 2772 2896 tenebris,
2798 2841 2854 2886 et
2896 2832 3085 2884 umbra
3117 2829 3321 2883 mortis
3373 2827 3522 2882 venit

1929 2923 2180 2978 Christus
2203 2924 2496 2989 redimere,
2533 2934 2692 2978 natus
2723 2922 2790 2977 de
2823 2922 3056 2990 virgine,
3085 2921 3260 2977 noctis
3299 2921 3351 2974 in
3384 2929 3523 2975 tem-us

1930 3031 2083 3086 pore,
2112 3031 2273 3087 quam
2321 3016 2484 3070 etiam
2529 3030 2623 3070 sua
2672 3014 2960 3069 illustravit
2985 3013 3408 3069 resurrectione.
3461 3011 3518 3064 lu

1931 3107 2055 3174 hac,
2087 3110 2211 3179 quia
2241 3124 2431 3163 somno
2475 3108 2786 3163 dominante
2832 3107 3109 3176 hucusque
3158 3105 3522 3160 conticuiinus

1931 3201 2219 3254 Dominum
2261 3201 2637 3269 deprecamur,
2677 3207 2733 3252 ut
2770 3198 2908 3252 labia
2962 3207 3147 3251 nostra
3185 3197 3250 3250 ad
3305 3194 3519 3250 laudem

1931 3307 2086 3345 suam
2119 3289 2578 3359 pronuntiandam
2617 3290 2674 3358 8
2700 3287 2914 3356 aperire
2955 3287 3229 3358 dignetur.
3264 3282 3421 3348 Post,
3461 3290 3522 3337 ut

1932 3380 1988 3436 in
2032 3390 2353 3435 cmterarum
2389 3380 2684 3450 primordio
2717 3379 3000 3440 horarum,
3033 3377 3208 3445 ipsum
3238 3375 3290 3429 in
3336 3381 3523 3428 nostro

1928 3487 2093 3543 opere
2121 3473 2232 3543 (εὸ)
2259 3471 2558 3537 adiutorem
2585 3471 2918 3524 invocamus.
2947 3466 3180 3536 Postque
3210 3467 3412 3537 hymno
3451 3461 3522 3517 ad

1933 3577 2058 3618 eum
2084 3563 2404 3632 placandum
2436 3563 2604 3625 dicto,
2643 3559 2756 3630 (26)
2789 3559 3072 3614 duodecim
3105 3556 3340 3627 psalmos
3373 3554 3524 3610 cani-

1928 3661 2072 3720 mus,
2106 3665 2165 3709 nt
2213 3671 2308 3725 per
2344 3653 2626 3708 duodecim
2667 3655 2828 3708 horas
2881 3652 3056 3707 noctis
3093 3667 3122 3705 a
3175 3650 3403 3704 Domino
3451 3648 3521 3701 ab

1927 3748 2180 3802 omnibus
2216 3748 2374 3802 malis
2412 3755 2679 3802 tueamur.
2715 3747 2781 3800 Et
2817 3745 2943 3816 quia
2970 3744 3084 3799 haec
3125 3743 3368 3798 custodia
3421 3754 3522 3809 per

1928 3853 2020 3892 sex
2052 3847 2240 3893 anates
2295 3839 2478 3892 mundi
2513 3835 2822 3891 necessaria
2853 3835 2973 3897 fuit,
3012 3833 3228 3889 eosdem
3283 3831 3521 3902 psalmos

1930 3944 2021 3983 se:
2049 3929 2358 3998 antiphonis
2387 3928 2722 3997 copulamns.
2758 3927 2862 3979 Per
2894 3926 3244 3994 antiphonas,
3282 3931 3340 3976 ut
3380 3920 3523 3975 dixi-

1929 4033 2071 4083 mus,
2107 4018 2350 4072 charitas
2375 4015 2718 4086 exprimitur.
2755 4013 2923 4068 Versu
2956 4013 3021 4066 ad
3049 4011 3366 4066 excitandos
3404 4010 3523 4063 ani-

1930 4127 2047 4165 mos
2078 4112 2251 4174 dicto,
2278 4118 2332 4163 et
2361 4109 2605 4164 oratione
2637 4104 2915 4160 Dominica
2944 4104 3010 4157 azl
3045 4101 3353 4157 mandanda
3399 4114 3522 4153 cor-

1930 4202 1994 4256 da
2026 4201 2200 4264 tinita,
2234 4198 2610 4254 benedictione
2634 4212 2664 4249 a
2699 4193 2982 4249 sacerdote
3015 4201 3257 4261 accepta,
3285 4199 3396 4243 tres
3447 4186 3522 4243 lc-

1933 4295 2144 4350 ctioncs
2180 4293 2455 4363 leguntur,
2483 4304 2712 4360 quarum
2766 4297 3204 4357 unamquamque
3235 4292 3522 4351 responso-

1931 4390 2071 4443 rium
2103 4387 2470 4457 subsequitur.
2507 4381 2860 4438 Lectionibus
2889 4379 3266 4450 prmdicamus,
3302 4388 3523 4443 respou-

1931 4482 2006 4536 sis
2033 4482 2169 4535 bona
2215 4494 2402 4548 opera,
2443 4491 2564 4548 qua:
2613 4473 2868 4542 subsequi
2901 4472 3118 4535 debent,
3149 4468 3519 4538 designantur.

1931 4572 2038 4627 Sex
2069 4572 2214 4625 enim
2242 4580 2430 4625 aetates
2455 4569 2628 4623 tribus
2652 4564 3010 4636 temporibus,
3041 4562 3092 4617 id
3119 4569 3222 4624 est,
3258 4557 3522 4612 naturalis

1928 4661 2084 4733 legis,
2137 4662 2273 4732 legis
2319 4661 2531 4722 litterm,
2582 4667 2636 4712 et
2675 4657 2810 4724 legis
2864 4654 3054 4726 gratiae
3102 4651 3518 4707 concluduntur.

1929 4752 2080 4820 Quod
2121 4754 2262 4807 idem
2314 4750 2608 4806 Dominicis
2657 4748 2846 4803 diebus
2881 4755 2937 4800 et
2963 4746 3119 4799 festis
3161 4758 3256 4812 per
3283 4750 3393 4795 tres
3421 4753 3519 4793 no-

1930 4856 2153 4901 cturnas
2191 4845 2470 4912 tiguratur.
2505 4839 2657 4906 Quod
2701 4854 2831 4893 vero
2867 4837 2919 4892 iu
2953 4837 3132 4907 primo
3173 4841 3437 4889 nocturno
3469 4830 3522 4883 in

1931 4938 2230 4996 Dominicis
2257 4937 2449 4990 diebus
2483 4933 2768 4987 duodecim
2811 4931 3047 5003 psalmos
3072 4945 3195 4984 cum
3236 4929 3377 4982 trina
3409 4923 3524 4995 glo-

1931 5031 2237 5088 riﬁcatione
2271 5035 2473 5082 sanctae
2500 5025 2790 5079 Trinitatis
2834 5023 3099 5084 canimus,
3147 5030 3382 5089 quatuor
3419 5029 3524 5068 una

1931 5121 2347 5200 gloriﬁcatione,
2370 5131 2424 5175 et
2451 5135 2557 5176 una
2597 5118 2895 5187 autiphona
2933 5115 3274 5186 copulamus,
3316 5110 3524 5200 duode-

2005 5236 2032 5240 _-
2083 5211 2424 5240 —nIn:a\nl\l\nh
2491 5227 2553 5240 Αιν
2611 5209 2806 5240 ηηῖιιιη-
2860 5207 3104 5240 ιιιιιηῖηιιέ
3149 5204 3242 5240 nni
3296 5199 3527 5240 ιηΛηΙΙΙΙΙε
