4016 5386
202 277 268 330 55
1153 264 1354 328 LIBER
1398 263 1484 318 DE
1527 258 1815 318 OFFICIIS
1848 257 2434 317 ECCLESIASTICIS.
3394 255 3468 310 54

207 380 462 438 sacerdoti
487 378 716 434 medium
743 376 934 433 altaris
961 375 1224 432 osculanti
1250 375 1597 446 Evangelium
1618 389 1777 430 oscu-
1809 363 1849 419 Α
1885 376 2044 430 tionis
2072 390 2201 438 sum,
2237 374 2288 428 in
2313 375 2481 429 choro
2509 381 2744 430 maneat.
2776 372 2887 444 (55)
2925 370 3220 442 Epistolam
3247 385 3470 442 respon-

208 475 415 530 landum
456 471 679 534 offerat;
712 469 990 540 evangelio
1030 468 1173 523 enim
1218 468 1469 522 Christus
1519 467 1778 538 pracvari-

205 564 423 620 cationis
451 561 870 632 chirographum
900 559 1108 623 delens,
1135 573 1324 629 pacem
1353 559 1552 612 mundo
1591 558 1738 612 dedit
1764 574 1777 611 :

206 657 352 726 cujus
404 655 744 726 przeconibus
803 662 1095 722 utrumque
1152 650 1449 721 populum,
1497 650 1780 706 Judaicum

205 747 390 814 quippe
419 753 474 796 et
521 741 775 813 gentilem
824 743 929 797 sibi
985 742 1374 796 reconciliavit.
1426 742 1579 809 Quod
1611 742 1784 796 altare

207 835 449 891 sacerdos
489 834 802 897 osculatur,
853 834 1121 905 signiﬁcat
1175 843 1391 905 gentem
1435 834 1675 896 Judatam
1729 835 1782 888 in

205 923 494 979 Jerusalem
522 931 844 987 morantem,
877 938 1039 992 quam
1065 922 1315 978 Christus
1337 923 1438 977 sibi
1472 923 1785 979 reconcilia-

207 1018 304 1080 vit;
336 1031 429 1086 per
446 1016 806 1085 evangelium.
837 1016 1090 1086 gentilcm
1120 1014 1398 1085 p0pulum.
1433 1014 1640 1070 Dehinc
1661 1030 1784 1085 per-

207 1106 551 1176 gitsacerdos
589 1105 657 1159 ad
699 1106 948 1160 dextrum
991 1119 1160 1158 cornu
1207 1103 1394 1158 altaris
1443 1121 1455 1157 :
1505 1105 1784 1160 dexteram

210 1195 624 1250 euimeristus
675 1210 890 1265 semper
925 1194 1036 1264 egit
1086 1194 1251 1247 vitam
1299 1211 1312 1248 :
1365 1195 1586 1248 dextera
1638 1195 1784 1250 enim

210 1289 311 1342 vita
353 1287 661 1358 acquiritur
698 1287 934 1342 cmlestis
967 1286 1160 1356 gloria.
1205 1287 1318 1358 (48)
1352 1286 1622 1342 Diaconus
1669 1295 1788 1356 post

211 1396 320 1434 eum
349 1381 600 1434 eamdem
629 1379 890 1434 imitando
917 1379 1082 1433 vitam
1109 1378 1282 1450 [fort.,
1313 1377 1478 1449 viam]
1503 1379 1785 1441 consistat,

213 1484 476 1539 quousque
503 1470 557 1524 ei
610 1470 802 1524 sedere
842 1471 1052 1524 innuat.
1112 1469 1296 1524 Sessio
1349 1469 1584 1538 episcopi
1633 1468 1788 1537 juxta

214 1559 414 1614 decreta
460 1558 671 1615 Urbani
699 1574 852 1630 papa:
894 1561 1070 1632 (epist.
1113 1561 1179 1614 de
1219 1561 1457 1615 cathcdr.
1500 1561 1657 1629 episc.
1712 1573 1786 1625 tr,

218 1666 260 1704 c.
292 1650 398 1722 35),
430 1661 488 1706 et
537 1652 973 1724 Carthaginense
1009 1653 1300 1708 concilium
1351 1651 1566 1705 metet-is
1596 1650 1792 1704 celsior

1882 472 2088 527 sorimn
2122 472 2437 540 opportunis
2491 470 2824 540 temporibus
2866 479 3072 524 tractus
3105 469 3189 522 vel
3236 468 3466 524 Alleluia

1879 571 2204 630 sequuntur.
2235 558 2339 612 Per
2370 559 2768 628 responsorinm
2814 559 2956 629 quod
3003 559 3314 613 alternatim
3346 574 3473 614 can~

1884 661 2046 712 tatur,
2078 651 2252 705 activa
2282 649 2392 703 vita
2439 651 2772 718 designatur,
2805 651 2856 704 in
2901 665 3004 710 qua
3037 651 3300 714 Ecclesia,
3327 651 3468 704 bona

1880 743 2174 812 Operando,
2231 749 2571 809 promeretur
2608 751 2865 796 aeternam
2903 742 3154 811 gloriam,
3199 757 3320 812 qua:
3369 754 3471 810 per

1883 832 2110 886 Alleluia
2144 833 2443 902 figuratur;
2487 846 2582 900 per
2623 840 2874 894 tractum,
2925 833 3026 901 qui
3062 832 3208 886 nullo
3258 847 3475 904 respon-

1883 925 2043 979 dente
2069 931 2343 985 ca;.tatnr,
2371 931 2424 977 et
2449 923 2501 976 in
2529 922 2775 978 melodiis
2799 924 2910 977 suis
2933 924 3341 979 similitudinem
3369 925 3474 981 fert

1881 1013 2152 1082 gemitus,
2209 1013 2319 1066 vita
2369 1011 2826 1080 contemplativa,
2861 1012 2912 1066 in
2953 1027 3057 1081 qua
3097 1012 3322 1081 perfecti
3371 1015 3475 1070 viri

1885 1112 2104 1168 peccata
2144 1101 2428 1171 plorando,
2452 1102 2549 1156 soli
2576 1102 2684 1154 Deo
2705 1101 2967 1165 vacando,
2990 1111 3280 1166 morantes,
3321 1118 3475 1159 eam-

1886 1196 2006 1250 dem
2030 1194 2384 1249 excellentius
2400 1194 2614 1264 quidem
2633 1194 2859 1264 gloriam
2881 1203 3282 1262 promerentur.
3306 1194 3479 1250 Pneu-

1889 1303 1975 1342 ma
2003 1285 2316 1356 sequenti-.e,
2348 1287 2490 1356 quod
2527 1297 2646 1355 post
2685 1284 2910 1340 Alleluia
2946 1295 3214 1349 cantatur,
3262 1287 3478 1342 laudem

1887 1387 2103 1432 aeterna:
2124 1376 2225 1446 17
2253 1375 2435 1446 gloria:
2458 1376 2749 1446 signiﬁcat,
2770 1374 2860 1429 ubi
2885 1374 3028 1430 nulla
3050 1375 3156 1430 erit
3176 1377 3480 1433 necessaria

1888 1469 2177 1522 verborum
2198 1467 2531 1532 loculio,sed
2545 1467 2656 1521 sola
2682 1482 2840 1536 pura,
2861 1467 2982 1520 etin
3017 1465 3125 1521 Deo
3154 1482 3368 1536 semper
3395 1469 3482 1522 in-

1895 1569 2041 1614 tenta
2072 1558 2348 1630 cogitatio.
2381 1557 2494 1628 (56)
2542 1557 2645 1611 Per
2674 1558 2883 1612 tabulas
2930 1573 3136 1620 osseas,
3171 1573 3308 1626 quas
3355 1573 3486 1618 can-

1897 1662 2043 1708 tores
2080 1661 2264 1707 tenent
2313 1652 2367 1706 in
2422 1653 2704 1716 manibus,
2757 1651 2912 1708 fortis
2957 1653 3220 1716 honorum
3259 1668 3484 1722 Operam

219 1745 358 1800 debet
389 1745 538 1812 fieri,
592 1747 645 1800 in
675 1722 782 1816 qua
831 1747 1086 1802 cathedra
1142 1746 1462 1816 pontificalis
1498 1746 1792 1801 honorifice
1826 1722 1868 1780 θ
1896 1746 2326 1814 perseverante,
2355 1758 2459 1812 qua
2489 1743 2687 1798 divinis
2728 1753 2942 1813 opm-tet
2989 1743 3260 1798 inliterere
3310 1743 3486 1800 laudi-

219 1836 569 1890 eonstituatur
595 1851 609 1890 :
634 1837 920 1907 episcopus
963 1838 1107 1892 enim
1150 1837 1360 1901 Graece,
1386 1836 1578 1891 Latine
1605 1853 1790 1906 super-

219 1924 466 1979 intendens
508 1925 904 1996 interpretatur
935 1944 949 1980 :
985 1926 1105 1980 ideo
1160 1927 1342 1992 altior,
1369 1929 1511 1980 sicut
1551 1927 1789 1992 vinitori,

221 2015 280 2068 ad
310 2015 722 2072 custodiendam
763 2017 980 2071 vineam
1022 2015 1237 2070 Domini
1282 2017 1536 2081 sabaoth,
1566 2017 1615 2072 ei
1645 2017 1794 2076 locus

220 2116 562 2176 praeparatur,
591 2123 774 2177 quam,
806 2108 1101 2178 incipiente
1128 2107 1298 2179 Kyrie
1335 2109 1561 2175 eleiran,
1586 2110 1795 2179 episco-

221 2211 308 2264 pus
323 2212 437 2250 cum
455 2199 727 2252 ministris
746 2199 859 2253 suis
878 2200 1151 2260 ascendat,
1169 2215 1396 2270 quorum
1416 2201 1508 2255 alii
1523 2212 1686 2267 stent,
1704 2203 1795 2258 alii

223 2287 447 2341 sedeant.
485 2287 599 2341 Per
647 2304 742 2343 eos
775 2289 867 2358 qui
900 2290 1090 2345 sedent
1137 2291 1377 2344 membra
1423 2291 1624 2347 Christi
1654 2293 1799 2348 desi-

223 2391 436 2448 gnantur
463 2382 516 2436 iu
550 2396 686 2452 pace
709 2383 1042 2452 quiescentia
1069 2399 1084 2448 ;
1117 2397 1214 2452 per
1240 2397 1334 2437 eos
1362 2384 1452 2453 qui
1484 2383 1586 2454 15
1625 2394 1796 2452 stant,

227 2471 272 2524 in
293 2474 593 2528 certamine
618 2475 811 2544 posita.
847 2473 1030 2529 Gloria
1070 2475 1124 2528 in
1162 2475 1382 2529 excelsis
1412 2475 1520 2529 Deo
1550 2492 1673 2532 cum
1717 2479 1801 2532 in-

227 2563 454 2632 ceperit,
478 2564 564 2617 vel
595 2565 894 2619 orationem
917 2565 1118 2620 dixerit
1146 2565 1415 2636 pontifex;
1441 2581 1505 2620 ac
1545 2568 1800 2623 sacerdos

229 2653 285 2705 ad
310 2657 572 2710 orientem
608 2666 881 2722 vertatur;
913 2671 1016 2710 non
1053 2658 1178 2726 quia
1209 2657 1279 2711 iti
1314 2658 1486 2710 solum
1519 2658 1591 2711 sit
1621 2657 1803 2712 Domi-

233 2758 336 2810 nus,
357 2746 445 2814 qui
483 2746 690 2816 ubique
717 2762 822 2802 non
867 2746 1108 2800 locorum
1139 2747 1350 2815 spatiis,
1377 2746 1472 2800 sed
1505 2743 1804 2814 ntajestatis

233 2838 448 2904 potentia
487 2854 738 2910 prmsens
765 2848 869 2904 est,
909 2839 1002 2894 sed
1033 2839 1159 2909 quia
1213 2839 1282 2892 ab
1327 2839 1541 2892 oriente
1571 2837 1660 2892 lux
1688 2838 1804 2892 ori-

235 2935 340 2994 tur,
394 2946 495 2999 qua
551 2941 768 2986 creterra
800 2941 983 3001 partes
1029 2931 1368 2985 illustrantur
1413 2947 1427 2984 :
1480 2930 1560 2986 sie
1611 2946 1642 2984 a
1696 2931 1806 2986 Deo

235 3033 479 3076 summum
511 3024 738 3087 bonum,
767 3037 876 3093 quo
932 3031 1076 3078 tctus
1115 3023 1263 3078 orbis
1313 3022 1666 3077 illuminalur.
1701 3021 1807 3077 Per

236 3111 596 3169 salutationem
626 3115 929 3169 sacerdotis
959 3123 1012 3170 et
1039 3115 1445 3184 responsionem
1484 3114 1666 3184 populi
1706 3129 1803 3168 eo.
1832 3082 1877 3147 C

238 3216 340 3256 rum
375 3207 682 3260 communis
709 3215 767 3260 et
809 3205 1171 3260 eharitativus
1204 3205 1510 3260 ostenditur
1557 3203 1802 3272 affectus,

238 3291 517 3349 alternatim
548 3310 785 3350 monens
805 3304 1069 3366 etoptans
1091 3304 1150 3349 ut
1173 3295 1227 3351 in
1248 3296 1326 3350 eis
1348 3311 1562 3366 semper
1591 3305 1808 3350 maneat

239 3380 481 3439 Christus.
511 3384 673 3452 Quod
707 3385 858 3439 solus
901 3386 1188 3455 episcopus
1233 3384 1523 3440 salutando
1553 3386 1805 3456 populum

243 3467 343 3525 Pax
372 3473 587 3530 Domini
620 3475 774 3542 dicit,
808 3476 920 3546 (49)
951 3477 1192 3531 ostendit
1219 3492 1342 3531 eum
1373 3493 1494 3532 esse
1544 3477 1806 3532 vicarium

241 3561 436 3634 Cluisti,
483 3569 584 3638 qui
635 3582 925 3638 resurgens
952 3583 984 3622 a
1029 3569 1280 3632 mortuis,
1328 3585 1517 3639 pacem
1551 3569 1809 3640 apostolis

241 3657 502 3711 nuntiavit.
533 3655 915 3711 Ministrorum
943 3665 1398 3726 quantuscunque
1428 3657 1590 3713 fuerit
1616 3673 1809 3713 nume-

240 3757 339 3807 rus.
369 3745 535 3815 major
560 3761 694 3818 pars
716 3747 768 3801 in
797 3747 1038 3809 dextera,
1071 3748 1250 3802 minor
1271 3748 1323 3802 in
1352 3747 1569 3803 sinistra
1594 3747 1658 3820 [Ῑ.
1681 3747 1808 3803 add.

240 3835 396 3908 parte]
425 3856 438 3892 :
469 3847 707 3907 utraque
734 3839 882 3893 enim
925 3838 1234 3893 benedictio
1262 3838 1472 3892 scilicet
1503 3838 1812 3907 temporalis

241 3938 289 3983 et
310 3939 526 3995 :cterna,
559 3928 723 3984 nobis
748 3945 778 3984 a
808 3929 918 3985 Deo
958 3939 1042 3985 est
1077 3930 1422 4000 postulanda,
1455 3928 1581 3984 licet
1613 3929 1814 3984 instan-

245 4019 336 4074 tius
357 4023 711 4093 senipiterna.
765 4021 1094 4078 Ceroferarii
1138 4038 1268 4077 vero
1319 4036 1490 4092 usque
1539 4022 1606 4075 ad
1651 4020 1814 4091 Hyrie

243 4109 439 4177 eleison,
490 4113 608 4185 (50)
660 4114 729 4168 ab
779 4123 967 4168 austro
1019 4115 1086 4169 ad
1133 4113 1441 4184 aquilonem
1490 4113 1814 4169 candelabra

248 4208 466 4269 teneant,
489 4219 600 4275 quo
616 4205 854 4275 inctepto
884 4204 1082 4260 ibidem
1103 4204 1399 4261 dimittant.
1422 4206 1526 4260 Per
1548 4214 1812 4270 austrum,

247 4295 325 4362 qui
353 4306 434 4351 est
469 4307 666 4352 ventus
695 4298 926 4364 calidus,
963 4299 1200 4369 Spiritus
1225 4300 1402 4354 sancti
1444 4298 1625 4352 fervor
1670 4297 1815 4353 desi-

247 4396 442 4454 gnatur,
474 4388 566 4458 qui
601 4389 716 4443 veri
762 4389 894 4444 solis
921 4399 1070 4455 ortu,
1097 4391 1167 4445 ab
1213 4391 1423 4445 oriente
1469 4389 1535 4444 ad
1568 4389 1820 4445 occiden-
1848 4427 1896 4487 υ

250 4481 366 4538 tem,
391 4479 654 4533 mundum
687 4477 1063 4546 illuminaudo,
1106 4478 1444 4535 diffunditur.
1499 4479 1645 4534 Unus
1688 4494 1818 4535 vero

249 4569 424 4639 tertius
452 4570 507 4624 in
546 4571 725 4626 medio
766 4581 1020 4641 ponatur,
1063 4588 1162 4643 per
1195 4573 1301 4644 16
1339 4587 1525 4642 quem,
1574 4573 1664 4627 tibi
1713 4572 1822 4628 duo

250 4659 323 4712 vel
352 4670 458 4717 tres
487 4663 806 4735 congregati
836 4663 1041 4720 fuerint
1085 4665 1136 4718 in
1169 4665 1390 4720 nomine
1435 4664 1670 4729 Domini,
1718 4664 1824 4718 Do-

251 4749 440 4806 minum
467 4753 663 4808 adesse
685 4753 1002 4824 designatur
1032 4753 1248 4826 (Matth.
1278 4770 1430 4819 xvm,
1457 4755 1570 4827 20).
1600 4755 1703 4810 Per
1720 4756 1824 4811 hoc

252 4841 382 4906 Quod
407 4842 785 4914 (5|)‘incaapto
806 4843 968 4915 Hyrie
995 4845 1144 4900 cerei
1166 4845 1525 4916 deponuntur,
1558 4862 1675 4911 nos,
1698 4847 1824 4902 dum

254 4929 525 4990 Dominum
557 4951 868 5003 exoramus,
897 4939 1136 4994 contrito
1156 4943 1322 4996 corde
1363 4939 1636 4996 humiliari
1667 4953 1831 5010 opor-

256 5032 359 5080 tere
399 5028 824 5084 demonstratur.
868 5028 1158 5084 Salutante
1187 5031 1510 5102 presbytero
1545 5030 1827 5101 populum,

257 5114 443 5172 ibidem
474 5129 715 5175 teneant.
743 5121 1002 5179 Oratione
1032 5123 1202 5190 finita,
1239 5127 1307 5181 ab
1337 5128 1549 5182 oriente
1578 5125 1644 5179 ad
1687 5125 1834 5178 occi-

259 5206 464 5264 dentem
502 5199 802 5278 collucent;
836 5215 1046 5270 duobus
1068 5215 1212 5270 enim
1243 5215 1608 5273 Testamcutis
1630 5215 1831 5270 illumi-

260 5309 444 5354 nantur
473 5311 709 5370 quatuor
738 5312 918 5373 partes
949 5304 1154 5360 mundi.
1190 5307 1304 5378 (52)
1336 5307 1554 5377 Septem
1582 5303 1834 5360 candela-

1897 1838 2019 1901 bus,
2046 1837 2385 1906 designatur.
2415 1835 2676 1890 Lectores
2702 1835 2954 1905 Epistoia:
2999 1845 3053 1891 et
3100 1836 3402 1906 Evangelii,
3431 1844 3488 1891 et

1895 1939 2152 1986 cantores
2181 1928 2456 2001 gradualis
2499 1938 2553 1984 et
2598 1928 2844 1990 Alleluia,
2879 1929 2933 1982 in
2977 1928 3188 1984 festivis
3217 1929 3406 1984 diebus
3433 1929 3486 1982 in

1895 2022 2160 2094 pulpitum
2211 2021 2550 2076 ascendant:
2592 2019 2790 2074 debent
2812 2020 2954 2074 enim
3009 2029 3257 2090 pastores
3293 2027 3347 2074 et
3387 2020 3488 2072 do-

1897 2124 2076 2170 ctores
2104 2113 2546 2183 praedicationem
2591 2126 2744 2165 suam
2791 2111 2948 2181 juxta
2987 2113 3308 2182 prophetam
3339 2110 3490 2165 exal-

1899 2216 2014 2262 tare
2047 2207 2202 2275 (1εαὶ.
2239 2223 2328 2271 XL,
2353 2204 2431 2275 9),
2463 2215 2518 2258 et
2547 2221 2710 2274 opera
2743 2207 2807 2259 ad
2852 2205 3226 2261 iustrnendmn
3272 2203 3367 2259 Dei
3393 2219 3492 2275 po-

1896 2299 2106 2370 pulum,
2138 2307 2199 2352 ut
2229 2298 2283 2351 in
2313 2297 2395 2351 eis
2445 2296 2576 2350 illud
2631 2296 2968 2351 Dominicum
3021 2296 3313 2367 impleatur
3351 2310 3492 2366 prte-

1899 2400 2156 2460 ccptnm:
2198 2388 2430 2443 Luceant
2462 2404 2619 2458 opera
2665 2388 2890 2442 uestram
2945 2405 3122 2443 rorant
3167 2387 3494 2451 hominibus,

1899 2491 1947 2534 et
1977 2480 2270 2550 gloriﬁcent
2298 2479 2513 2534 Patrem
2537 2489 2782 2551 vestrum,
2806 2479 2895 2548 qui
2925 2482 2978 2532 in
3005 2479 3145 2533 caelis
3171 2489 3248 2533 est
3273 2476 3492 2549 (Matth.

1899 2571 2090 2640 v.16).
2149 2571 2425 2625 Diaconus
2473 2585 2597 2626 cum
2646 2569 2912 2639 pulpitum
2965 2571 3242 2634 ascendit,
3294 2569 3494 2624 celsius

1902 2662 2167 2716 consistat
2197 2659 2546 2714 cerolerariis
2571 2679 2584 2714 :
2632 2660 2982 2730 Evangelium
3008 2660 3153 2715 enim
3181 2659 3386 2715 Christi
3410 2660 3490 2714 lc-

1904 2760 2102 2820 gemet
2129 2751 2420 2821 prophetas
2454 2749 2745 2818 praecellit;
2776 2765 2874 2819 per
2917 2749 3177 2804 thuribuli
3209 2764 3338 2805 vero
3368 2765 3493 2820 por-

1905 2843 2147 2906 titorem,
2193 2841 2284 2910 qui
2317 2841 2370 2894 in
2399 2840 2590 2895 eodem
2641 2839 2760 2894 loco
2802 2855 2924 2895 cum
2962 2839 3189 2894 diacono
3221 2841 3493 2902 consistit,

1907 2937 2224 3007 designatur
2246 2933 2544 3004 fragrantia
2558 2933 2824 2988 doctrina:
2844 2941 2900 2987 et
2921 2931 3494 3000 magnaliumChristi.

1905 3029 2160 3092 Crucem,
2191 3041 2353 3096 quam
2403 3025 2694 3095 incipiente
2749 3024 3043 3094 Evangelio
3093 3022 3364 3078 frontibus
3406 3036 3499 3076 no-

1908 3122 2038 3176 stris
2091 3118 2450 3188 imponimus,
2507 3117 2574 3171 ad
2636 3115 2984 3187 expellendas
3054 3129 3242 3170 omnes
3304 3130 3503 3185 pravas

1908 3213 2282 3285 suggestioues
2309 3209 2570 3275 facimus,
2605 3225 2741 3265 crux
2777 3210 2923 3266 enim
2969 3209 3122 3282 pellit
3168 3225 3359 3265 omnes
3404 3209 3499 3265 ad-

1908 3304 2198 3360 versitates
2229 3303 2418 3356 animi.
2445 3301 2499 3355 In
2532 3301 2722 3355 eadem
2747 3303 2890 3357 hora“
2909 3300 3024 3372 (57)
3053 3309 3267 3372 oportet
3291 3298 3499 3369 cpiscoo

1908 3412 2008 3467 pos
2045 3405 2102 3452 et
2128 3394 2351 3450 abbatcs
2389 3393 2613 3449 baeulos
2640 3395 2706 3449 de
2738 3395 2988 3450 manibus
3018 3396 3288 3466 deponere
3321 3394 3375 3449 in
3405 3408 3504 3449 au-
3531 3435 3537 3446 .

1911 3491 2024 3546 ditu
2059 3489 2211 3545 verbi
2235 3489 2470 3553 Domini,
2504 3496 2558 3543 et
2584 3499 2709 3542 ante
2748 3487 3036 3542 Dominum
3065 3487 3290 3543 devotos
3325 3486 3503 3542 humi-

1913 3583 2038 3638 liter
2066 3590 2230 3638 stare.
2265 3581 2534 3650 Tempore
2577 3581 2683 3650 18
2723 3595 2832 3650 quo
2886 3580 3118 3636 ministri
3162 3579 3363 3635 casulis
3413 3579 3501 3634 in—

1913 3673 2186 3738 duuntur,
2249 3671 2499 3727 oratione
2556 3672 2707 3726 finita
2761 3671 2875 3744 (58)
2919 3664 3287 3732 subdiaconus
3335 3658 3504 3726 exuta

1913 3766 2099 3821 casula
2141 3763 2439 3833 Epistolam
2470 3763 2637 3834 legat,
2669 3778 2774 3833 qua
2801 3763 2940 3819 lecta
2984 3763 3183 3818 iterum
3215 3763 3424 3828 induat,
3448 3768 3507 3834 et

1915 3853 2202 3923 corporale
2225 3853 2291 3905 ad
2327 3851 2499 3906 altare
2525 3852 2778 3907 deferens
2803 3853 3036 3908 diacono
3066 3853 3273 3909 tribuat
3301 3871 3314 3907 :
3359 3849 3502 3922 quod

1916 3945 2005 4001 ille
2033 3946 2086 3998 in
2110 3944 2269 4000 altari
2297 3944 2568 4013 disponat.
2617 3943 2854 4012 luctepto
2888 3954 3062 3998 tractu
3105 3955 3200 3998 aut
3247 3945 3504 4010 Alleluia,

1916 4034 2178 4089 diaconus
2203 4032 2444 4090 casulam
2470 4040 2657 4100 exuat,
2701 4041 2756 4086 et
2784 4032 2885 4086 sub
2916 4032 3108 4087 dextro
3131 4048 3282 4086 armo
3313 4049 3506 4101 snper-

1917 4139 2022 4193 que
2044 4123 2326 4178 sinistrttm
2389 4132 2576 4194 ponat,
2635 4123 2885 4178 dextrum
2938 4134 3060 4193 post
3106 4123 3507 4194 discoopertum

1919 4215 2150 4280 habeat;
2178 4215 2462 4271 brachium
2497 4215 2646 4270 enim
2689 4213 2927 4292 Domini,
2955 4217 3097 4287 quod
3147 4215 3200 4270 in
3244 4215 3357 4286 lege
3385 4223 3508 4270 erat

1919 4307 2270 4370 absconsum,
2303 4307 2459 4364 nobis
2491 4306 2748 4378 patefecit
2790 4307 3164 4380 Evangelium.
3198 4306 3352 4376 Quod
3391 4307 3508 4380 (59)

1921 4397 2102 4452 casula
2145 4397 2387 4452 induitur
2421 4399 2719 4464 diaconus,
2766 4399 3040 4468 signitiiat
3069 4400 3358 4470 mysticum
3408 4397 3510 4452 sub

1922 4489 2038 4561 lege
2066 4500 2316 4561 tempus;
2339 4492 2484 4560 quod
2508 4492 2748 4558 exuitur,
2785 4492 2981 4564 figurat
3033 4501 3243 4563 tempus
3271 4491 3369 4546 sub
3394 4506 3513 4562 gra-

1925 4583 2017 4646 tia,
2051 4579 2116 4653 [ι’.
2147 4581 2198 4635 in
2231 4581 2361 4653 quo}
2418 4583 2676 4654 mysteria
2726 4583 3056 4639 revelantur.
3110 4583 3516 4653 Propiuquaute

1925 4670 2200 4740 Evangelii
2229 4672 2460 4726 termino
2489 4674 2745 4728 sacerdos
2795 4675 3088 4745 thymiama
3139 4675 3193 4730 in
3240 4674 3519 4730 thurihnlo

1923 4770 2111 4834 ponat,
2142 4777 2251 4834 quo
2281 4762 2397 4833 (60)
2447 4765 2732 4820 incensato
2769 4765 2951 4832 altari,
2997 4775 3120 4821 ante
3165 4765 3517 4837 Evangelittm

1927 4853 2219 4910 deferatur.
2255 4851 2361 4908 Per
2385 4855 2744 4922 thuribulum,
2779 4856 2921 4927 quod
2949 4855 3304 4928 fragrantiam
3334 4857 3522 4912 odoris

1929 4945 2144 5010 emittit,
2175 4944 2316 5000 fatua
2348 4945 2613 5003 bonorum
2649 4988 2664 5010 .
2723 4962 2846 5017 qua:
2879 4951 3181 5004 doctrinam
3217 4950 3518 5019 praecessit.

1930 5037 2204 5093 Diaconus
2226 5036 2606 5097 benedictione
2635 5047 2666 5094 a
2703 5041 2988 5096 sacerdote
3031 5052 3278 5111 accepta,
3326 5036 3392 5095 ab
3439 5040 3515 5091 al-

1935 5132 2035 5185 tari
2093 5129 2449 5198 Evaugehum
2514 5132 2817 5205 accipiens,
2855 5133 2969 5205 (61)
3029 5148 3193 5204 super
3241 5131 3525 5186 sinisn'am

1933 5237 2144 5277 armum
2200 5222 2467 5291 imponat.
2512 5227 2616 5283 Per
2651 5223 2942 5281 sinistrum
2993 5227 3137 5280 enim
3175 5237 3388 5276 armum
3416 5220 3524 5270 vita

1936 5313 2249 5384 temporalis
2277 5314 2614 5386 designatur,
2650 5320 2702 5372 in
2757 5333 2864 5386 qua
2911 5324 3128 5386 oportet
3171 5311 3522 5381 Evai‘igelinni
