4016 5386
501 298 570 360 33
1531 294 1823 370 inantus
1858 296 2291 371 ARCHIEPISC.
2330 300 2688 373 ROTOMAG.
3709 312 3782 370 56

499 429 776 485 levitatem
807 429 1026 500 plnum,
1053 437 1321 502 praecepta
1376 429 1483 500 19
1521 414 1721 486 veteris
1762 431 1894 502 legis
1940 432 2075 487 levia
2108 413 2154 472 Α
2192 438 2280 485 tur
2323 429 2577 500 apostoli.
2609 429 2715 485 Per
2749 428 3153 486 inclinationem
3183 426 3533 485 diaconorum
3562 426 3782 499 signiti-

495 520 568 577 ad
593 524 1053 592 comparationem
1076 539 1227 579 novm
1254 541 1266 577 :
1320 522 1373 577 in
1411 523 1498 578 illa
1526 523 1668 577 enim
1693 524 1890 579 dicitur
1920 542 1933 578 :
1962 523 2087 587 Non

497 614 704 670 occides
729 614 929 686 (Exod.
961 632 1054 681 xx,
1081 615 1192 687 l3),
1227 616 1445 669 inuova
1488 630 1640 680 vero,
1684 610 1788 681 Qui
1837 615 2088 669 irascitur

497 704 655 775 fratri
682 723 798 772 suo,
835 723 952 762 reus
989 707 1083 761 en't
1131 706 1327 771 iudicio
1361 705 1573 775 (Mutila.
1624 721 1676 771 v,
1716 706 1831 775 22).
1887 706 2087 776 Sicque

498 794 612 867 (62)
646 796 1072 866 praecedentibus
1097 794 1431 850 ceroferario
1481 794 1844 865 tlutribulique
1887 795 2084 860 latore,

487 902 623 951 ,cum
656 887 1002 957 processione
1033 886 1097 940 ad
1131 887 1397 958 pulpitum
1433 894 1623 956 pergat
1648 927 1662 952 ,
1704 895 1759 941 et
1806 887 2085 956 srpposito

497 976 789 1047 Evangelio
818 992 882 1031 ac
929 970 1231 1049 incensam.
1262 964 1454 1031 versus
1481 977 1545 1031 ad
1579 977 1888 1046 aquilonem
1915 978 2087 1032 Evans

496 1069 698 1140 gelinm
735 1068 912 1139 legat:
944 1084 1041 1137 per
1066 1070 1377 1139 aquilonem
1427 1069 1572 1125 enim
1624 1069 1917 1124 inﬁdelitas
1953 1084 2085 1139 gena-

494 1158 628 1212 tium
660 1158 999 1229 designatur,
1055 1159 1255 1229 quibus
1308 1159 1658 1229 Evangelium
1711 1160 1778 1213 ab
1828 1159 2085 1230 apostolis

492 1248 622 1319 igne
649 1248 884 1318 Spiritus
916 1249 1091 1304 sancti
1119 1250 1368 1305 accensis
1402 1250 1750 1319 prtedieatur.
1805 1248 1917 1320 (65)
1966 1249 2084 1316 Quo

492 1326 632 1394 lecto
661 1339 986 1419 candelabra
1015 1340 1471 1411 exstinguuntur:
1514 1340 1888 1395 immolatione
1932 1341 2079 1396 enim

489 1434 606 1488 veri
633 1433 792 1505 Agni.
822 1433 989 1505 typici
1023 1434 1261 1490 cessavit
1290 1434 1609 1501 immolatio,
1645 1444 1701 1491 et
1729 1444 1927 1491 caetera
1969 1451 2086 1506 my-

488 1526 680 1591 steria,
717 1540 839 1596 quae
865 1525 917 1580 in
944 1525 1064 1595 lege
1105 1526 1529 1582 continebantur
1574 1537 1629 1583 et
1674 1528 1956 1598 prophetis
1986 1537 2083 1597 per

489 1616 817 1673 candelabra
856 1617 1170 1688 designatis.
1204 1617 1319 1689 (64)
1372 1618 1655 1674 locensum
1704 1620 1975 1676 sacerdoti
2026 1620 2078 1675 in

491 1706 770 1764 thuribulo
794 1706 1059 1762 olferatur
1081 1747 1097 1774 ,
1127 1718 1182 1763 et
1228 1708 1578 1781 Evangelium
1609 1710 1843 1781 primum
1875 1728 1906 1766 a
1954 1711 2079 1767 sub-

2189 530 2350 575 eatur
2400 521 2656 577 maestitia
2712 521 3106 592 apostolorum;
3150 536 3248 591 per
3295 518 3779 585 subdiaconorum,

2190 620 2507 666 sanctarum
2574 611 2882 668 mulierum.
2945 611 3275 668 Subdiaconi
3340 626 3470 667 vero
3525 610 3787 667 similiter

2190 700 2431 755 inclinati
2461 702 2577 756 sint
2601 702 2656 756 in
2703 711 2924 772 aspectu
2963 702 3295 767 sacerdotis.
3321 713 3419 772 per
3438 713 3579 771 quos
3597 701 3788 771 expri-

2189 797 2413 844 muntur
2472 800 2679 847 sanctzn
2736 791 3019 857 mulieres,
3068 807 3191 862 quae
3237 796 3476 861 patiente
3525 792 3782 856 Domino,

2186 879 2517 950 fugientibus
2558 881 2853 953 discipulis,
2889 881 3012 937 licet
3050 883 3244 939 timore
3292 891 3350 938 et
3383 897 3618 938 nzmrore
3658 896 3787 951 per-

2185 971 2373 1036 culsm,
2396 972 2449 1027 in
2478 973 2584 1036 his,
2615 987 2736 1041 quae
2766 974 2833 1027 de
2857 988 2923 1027 eo
2959 973 3183 1038 ﬁebant,
3205 985 3363 1028 erant
3401 975 3781 1036 intendentes;

2189 1062 2286 1117 sed
2318 1061 2551 1118 Domino
2581 1064 2649 1117 de
2675 1079 2840 1119 cruce
2869 1064 3115 1135 deposito
3152 1079 3217 1118 ac
3242 1064 3481 1134 sepulto.
3510 1064 3649 1118 inde
3692 1079 3783 1119 re-

2182 1165 2498 1222 cesserunt,
2536 1166 2596 1212 et
2659 1166 2901 1213 aromata
2954 1158 3246 1229 sepultura:
3295 1165 3660 1227 paraverunt;
3709 1156 3781 1209 ita

2188 1248 2505 1303 subdiaconi
2538 1248 2608 1305 ab
2634 1264 2700 1304 eo
2738 1248 2857 1304 loco
2886 1250 3192 1315 discedant,
3220 1256 3280 1304 et
3315 1248 3528 1317 corpori
3552 1261 3625 1301 ac
3651 1261 3782 1301 san-

2184 1339 2332 1408 guini
2380 1339 2585 1395 Christi
2632 1340 2944 1397 ministrare
2971 1339 3571 1410 satagant,'ell‘ereutes
3621 1348 3781 1407 pate-

2185 1443 2309 1483 nam
2339 1443 2438 1498 per
2475 1443 2693 1484 manum
2728 1430 2943 1485 diaconi
2997 1430 3267 1485 sacerdoti
3310 1430 3375 1483 ad
3414 1427 3779 1499 frangendum

2184 1519 2238 1575 in
2293 1534 2357 1574 ea
2399 1535 2600 1590 corpus
2636 1520 2872 1575 Domini.
2920 1518 3035 1576 Hoc
3086 1519 3301 1590 espleto
3348 1519 3609 1575 sacerdos
3663 1518 3778 1589 (71)

2184 1611 2451 1667 Dominici
2478 1612 2724 1682 corporis
2754 1620 2810 1667 et
2839 1613 3114 1684 sanguinis
3153 1613 3645 1668 consecrationem
3671 1612 3778 1682 22

2181 1702 2337 1774 juxta
2365 1712 2679 1759 sanctorum
2707 1703 2930 1758 Patrum
2967 1704 3363 1761 institutionem
3389 1719 3529 1773 puro
3571 1712 3626 1758 et
3672 1706 3779 1759 bu-

487 1796 719 1854 diacono
737 1798 851 1873 .sibi
896 1809 1204 1869 porrectum
1241 1773 1534 1866 osculetur,
1582 1773 1725 1871 quod
1754 1812 1875 1873 post
1905 1819 1935 1857 a
1967 1805 2081 1858 dia-
2112 1773 2156 1832 Β
2186 1773 2297 1849 ἐιιὶιὶ
2341 1793 2507 1851 corde
2555 1795 2842 1865 compleM.
2884 1794 3020 1851 Dum
3068 1806 3200 1866 ergo
3243 1796 3309 1850 ad
3358 1793 3529 1849 Nobis
3571 1808 3780 1866 quoque

487 1904 629 1970 cono
653 1889 968 1945 osculetur:
995 1900 1051 1947 et
1089 1890 1146 1945 in
1199 1891 1407 1948 festivis
1456 1892 1650 1948 diebus
1681 1909 1711 1947 a
1745 1893 2080 1952 subdiacono

488 1980 639 2036 omni
669 1981 839 2052 clero,
869 1980 1098 2037 incenso.
1121 1983 1485 2053 prtecedente,
1506 1991 1882 2054 prmscntetur.
1911 1984 2078 2039 Evan-

488 2072 629 2143 gelio
659 2071 797 2133 lecto
819 2069 1048 2142 populus
1075 2088 1109 2127 a-
1133 2073 1416 2128 sacerdote
1464 2074 1761 2140 salutetur;
1804 2073 2079 2130 oll'creuda

486 2150 814 2237 incipiatur,
867 2162 980 2234 (65)
1052 2179 1215 2233 quam
1270 2163 1477 2220 ﬁnitam
1541 2179 1730 2219 versus
1796 2173 2075 2235 sequatur.

487 2259 709 2335 Interim
741 2275 876 2316 vero
905 2260 1061 2333 panis
1088 2270 1144 2315 et
1169 2260 1278 2327 vini
1310 2259 1513 2319 oblatio
1535 2277 1565 2315 a
1593 2261 1932 2316 subdiacono
1961 2261 2078 2335 dia-

486 2362 650 2412 cono,
699 2366 729 2402 a
758 2350 1009 2425 diacono
1037 2349 1299 2405 oderatnr
1357 2350 1704 2421 presbytero;
1744 2351 1859 2422 (66)
1889 2361 2080 2421 cantor

485 2456 683 2511 aquam
710 2440 881 2517 linteo
899 2449 1241 2510 .coopcrtam‘
1279 2440 1332 2495 in
1381 2440 1536 2496 festis
1571 2442 1809 2497 diacono
1845 2442 2074 2508 deferat,

484 2546 649 2608 quam
681 2531 945 2607 diaconus
970 2531 1096 2587 vino
1127 2532 1396 2586 misceat:
1451 2531 1593 2587 dulci
1644 2532 1788 2588 enim
1839 2533 2078 2589 cantoris

487 2621 879 2687 modulatione,
911 2622 1141 2694 populus
1174 2623 1262 2693 pia
1306 2622 1597 2678 devotione
1644 2608 1703 2678 et
1742 2624 1852 2694 20
1896 2624 2076 2681 divino

484 2727 672 2770 amore
731 2715 1071 2785 accenditur,
1122 2722 1178 2770 et
1228 2715 1308 2770 sic
1360 2715 1427 2781 ad
1483 2716 1770 2770 Dominum
1802 2716 1994 2782 currit,
2024 2727 2078 2775 et

487 2819 657 2873 unum
680 2818 883 2874 corpus
924 2805 977 2860 in
1022 2804 1243 2873 Christo
1267 2804 1517 2861 edicitur.
1556 2806 1661 2861 Per
1698 2808 1881 2869 vinum
1919 2808 2076 2881 Chri-

482 2884 623 2962 stus,
653 2909 751 2964 per
782 2910 993 2965 aquam
1013 2896 1261 2967 pepulus,
1294 2911 1394 2966 per
1434 2896 1669 2953 linteum,
1695 2905 2073 2964 mouet-turam

481 2999 639 3061 aqua:
695 2984 852 3040 labor
899 2984 1285 3039 modulationis
1340 2985 1602 3053 cantoris,
1658 2999 1765 3055 quo
1817 2986 2076 3043 liberatur

480 3075 713 3146 populus
736 3090 764 3130 a
789 3076 1178 3153 cogitationum
1230 3070 1539 3147 pravitate;
1595 3076 1705 3133 lino
1750 3079 1894 3134 enim
1925 3080 2076 3135 labor

481 3160 828 3233 exprimitur.
882 3167 1263 3243 Aquamista
1306 3168 1472 3234 vino,
1516 3170 1747 3239 populus
1798 3171 2072 3228 adunatus

479 3243 948 3333 Cltristof;,vinum
981 3258 1100 3314 sine
1139 3259 1573 3328 aquaChristus
1620 3270 1740 3328 est;
1783 3276 1923 3332 aqua
1955 3262 2071 3318 sine

479 3343 631 3410 vino,
656 3345 889 3414 populus
926 3346 1043 3403 sine
1078 3347 1317 3404 Christo.
1349 3348 1461 3419 (67)
1504 3350 1640 3405 Aliis
1669 3352 1864 3407 diebus
1900 3352 2070 3418 iniui-

479 3429 770 3503 stretveam’
811 3437 1115 3510 acolythus.
1168 3438 1280 3509 (68)
1330 3439 1597 3501 Sacerdos
1637 3441 2068 3500 ohlationemita

478 3515 791 3594 componat,
817 3536 875 3579 ut
903 3526 955 3579 in
980 3524 1199 3584 dextera
1231 3538 1384 3597 parte
1408 3530 1597 3584 hostiae
1619 3530 1842 3586 calicem
1868 3534 2070 3588 consti-

480 3620 599 3684 t’uat
624 3634 638 3671 :
670 3632 700 3672 a
730 3615 1106 3674 dextro'enim
1137 3619 1308 3676 latere
1336 3620 1544 3690 Domini
1594 3623 1817 3694 sanguis
1845 3623 2069 3680 deﬂuxit

478 3698 744 3787 et-aqtta:
786 3708 979 3778 sicque
1024 3710 1293 3779 corporali
1327 3720 1580 3781 conperta
1627 3713 1737 3785 (69)
1788 3713 2067 3771 incensum

476 3799 718 3869 desuper
742 3797 957 3866 oll‘erat,
986 3806 1044 3854 et
1082 3800 1164 3857 sic
1210 3801 1441 3856 diacono
1488 3804 1761 3871 praebeat;
1803 3803 2067 3875 diaconus

478 3894 610 3943 vero
640 3887 694 3942 in
725 3888 960 3944 circuitu
1018 3888 1207 3945 altaris
1254 3890 1483 3957 deferat,
1532 3896 2062 3965 posteasacerdmi,

478 3970 675 4039 deinde
707 3979 957 4035 ministro
995 3980 1207 4046 reddat,
1233 3990 1293 4035 ιιι
1327 3982 1474 4037 clero
1498 3981 1804 4055 populoque
1833 3986 2062 4042 deferat.

476 4064 745 4126 Praeterea
774 4066 1053 4142 accipiens
1095 4083 1344 4143 patenum
1380 4074 1449 4128 de
1497 4074 1677 4138 altari,
1736 4078 2064 4135 subdiacono

475 4161 752 4234 porrigat;
787 4162 902 4234 (70)
930 4161 1298 4218 subdiaconus
1322 4178 1476 4227 vero,
1503 4165 1549 4217 si
1584 4163 1765 4228 fuerit,
1793 4165 2061 4237 acolytlto.

475 4244 593 4307 Non
642 4250 772 4306 licet
800 4250 946 4305 enim
998 4250 1294 4320 quidquam
1348 4251 1492 4306 sacri
1534 4252 1603 4305 ah
1646 4252 1804 4309 altari
1849 4255 2065 4311 auferre

475 4340 667 4406 alicui,
694 4342 796 4396 nisi
830 4342 1079 4410 diacono,
1129 4343 1214 4421 vel
1244 4344 1539 4399 sacerdoti.
1575 4343 1728 4402 Tune
1754 4362 1940 4402 coram
1986 4348 2065 4403 al-

2180 1884 2542 1956 peccaloribus
2586 1886 2815 1949 venerit,
2864 1885 3025 1941 altius
3082 1900 3270 1941 vocem
3309 1900 3467 1941 suam
3508 1887 3775 1957 proferat,

2182 1986 2239 2031 et
2268 1985 2456 2047 pectus
2473 1988 2630 2031 suum
2654 1978 2947 2047 percutiat.
2967 1975 3130 2033 Vocis
3153 1978 3297 2033 enim
3322 1979 3661 2034 exultatione
3680 1992 3781 2049 per

2181 2066 2554 2123 centurionem
2608 2067 2887 2138 gentilium
2943 2067 3269 2138 exprimitur
3303 2066 3617 2138 professio;
3680 2081 3780 2137 per

2179 2159 2417 2228 pectoris
2448 2159 2789 2225 vtnnsionem,
2832 2157 3139 2215 Iudaeorum
3184 2169 3409 2231 pectora
3442 2156 3540 2216 sua
3578 2175 3778 2232 percu-

2182 2252 2430 2308 tientium
2456 2252 2792 2308 lamentatio.
2825 2251 2927 2309 Ubi
2952 2267 3081 2323 ergo
3108 2254 3176 2308 ad
3208 2252 3323 2309 [nec
3348 2254 3514 2315 verba
3535 2253 3773 2318 venerit,

2180 2344 2405 2408 scilicet,
2434 2345 2537 2399 Per
2566 2361 2716 2417 quem
2745 2347 2857 2401 Iure
2887 2347 3085 2410 omnia,
3105 2346 3357 2413 Domine,
3381 2348 3775 2416 semper‘bona,

2180 2438 2327 2490 tunc?
2354 2434 2615 2491 diaconus
2671 2436 2930 2501 accedat,
2976 2444 3032 2490 et
3064 2435 3287 2491 dextera
3322 2446 3487 2491 manu
3512 2437 3775 2491 dextrum

2177 2540 2351 2583 cornu
2378 2527 2676 2608 corporalis
2715 2529 2971 2599 accipiat,
2999 2543 3122 2583 cum
3155 2527 3440 2582 sacerdote
3489 2528 3778 2599 discoope-

2180 2620 2319 2674 rial.
2338 2618 2628 2683 Sacerdos,
2651 2616 2759 2673 Per
2787 2622 2979 2690 ipsum,
3009 2619 3239 2674 dicendo
3269 2614 3618 2690 (72),'ohlata
3640 2630 3778 2689 qua-

2178 2716 2302 2764 tuor
2326 2717 2505 2779 partes
2524 2709 2721 2764 calicis‘
2735 2718 2938 2779 tangat.
2964 2709 3332 2764 lmmolatione
3350 2709 3502 2767 enim
3524 2709 3776 2779 corporis

2174 2797 2376 2865 Christi
2439 2798 2715 2866 redempta
2790 2806 2919 2851 sunt
2980 2807 3214 2867 quatuor
3277 2798 3499 2853 climata
3532 2796 3770 2853 -mundi~;

2178 2887 2307 2955 item
2340 2889 2454 2958 (75)
2493 2889 2738 2943 oratione
2769 2889 2921 2943 ﬁnita
2950 2897 3185 2960 uterque.
3206 2890 3433 2951 calicem
3482 2890 3693 2955 levent;
3716 2897 3776 2945 ct

2177 2978 2339 3035 simul
2363 2988 2566 3047 ponant
2610 2988 2663 3035 et
2699 2978 3776 3050 cooperiant.‘lnde(7t).altareidiacos-

2180 3083 2280 3124 nus
2301 3069 2597 3135 osculetur,
2617 3069 2812 3125 deinde
2834 3070 3116 3127 dexteram
3139 3071 3769 3142 sacerdmis'scapularn.‘

2101 3122 2145 3183 Ο
2176 3160 2281 3216 Per
2318 3162 2595 3231 scapulatn
2626 3163 2927 3218 sacerdotis
2977 3163 3111 3235 lapis
3162 3164 3500 3234 designatur,
3550 3122 3604 3219 ira
3646 3176 3772 3234 equo

2175 3253 2394 3322 angelus
2414 3254 2481 3308 ad
2511 3254 2817 3325 sepulcrum
2847 3255 3070 3311 resedit.
3103 3256 3334 3328 Semper
3362 3257 3510 3324 enim
3536 3256 3772 3329 angelus

2175 3346 2477 3401 credendus
2502 3356 2586 3402 est
2611 3348 2802 3403 adesse
2849 3347 3206 3405 immolationi
3233 3351 3486 3422 corporis
3532 3349 3767 3405 Christi.

2175 3436 2279 3493 Per
2309 3440 2596 3513 diaconum
2641 3438 2846 3511 'Joseph
2896 3442 3241 3512 exprimitur,
3267 3450 3391 3513 :p‘er
3419 3432 3768 3498 sacerdotem

2172 3527 2525 3593 Nicodemus;
2552 3544 2651 3599 per
2680 3529 3036 3585 elevationem
3063 3531 3130 3586 de
3163 3530 3319 3586 altari
3359 3531 3572 3598 hostiae,
3603 3532 3769 3601 depo-

2174 3619 2295 3675 titio
2315 3609 2518 3675 Christi
2548 3621 2613 3676 de
2650 3635 2843 3687 cruce;
2893 3636 2990 3691 per
3031 3622 3425 3693 d‘epositiouem
3460 3624 3681 3680 iterum
3704 3624 3767 3678 in

2172 3713 2351 3778 altari,
2401 3713 2674 3784 sepultura
2700 3712 2925 3768 Christi.
2965 3712 3094 3769 Post
3127 3730 3247 3784 qnze
3276 3717 3534 3771 sacerdos
3562 3716 3769 3771 oratio~

2172 3814 2293 3861 nem
2318 3805 2649 3861 Dominicam
2678 3804 2787 3858 alta
2818 3819 2949 3860 voce
2980 3805 3237 3876 proferat.
3287 3807 3394 3877 23
3420 3806 3528 3862 Per
3556 3807 3769 3861 exalta-

2173 3896 2373 3951 tionem
2422 3894 2714 3950 Dominica:
2762 3894 3024 3950 orationis
3086 3894 3491 3951 demonstratur
3540 3901 3770 3952 nostrae

2172 3985 2358 4041 unitas
2402 3984 2767 4039 fraternitatis
2798 3983 2878 4056 (S.
2927 3984 3055 4040 Cvr.
3092 3987 3160 4041 de
3204 3998 3342 4042 orat.
3384 3986 3714 4060 Dominum)
3750 4004 3763 4040 :

2170 4076 2315 4132 Deus
2333 4077 2471 4129 enim
2500 4073 2663 4129 Pater
2692 4066 2888 4138 noster,
2913 4078 3060 4146 pacis
3087 4087 3136 4132 et
3166 4078 3463 4133 concordia:
3487 4080 3765 4149 magister,

2167 4166 2245 4219 sic
2275 4180 2368 4217 nos
2402 4180 2565 4218 unum
2586 4181 2680 4234 pro
2706 4165 2946 4222 omnibus
2980 4182 3136 4222 orare
3155 4168 3354 4233 docuit,
3391 4172 3662 4240 quomodo
3707 4172 3768 4226 in

2169 4271 2274 4310 uno
2329 4271 2506 4310 omnes
2536 4256 2779 4324 portavit.
2827 4254 3006 4324 Clero,
3052 4255 3161 4313 Sed
3203 4259 3369 4313 libera
3401 4276 3494 4314 nos
3532 4277 3566 4313 ιι
3596 4260 3764 4325 malo,

2168 4347 2560 4418 respondente,
2609 4345 2845 4402 cilicium
2893 4349 3320 4405 consecrationis
3348 4348 3621 4419 perﬁciat.
3658 4350 3768 4406 Sed

478 4431 580 4485 tari
623 4441 743 4489 oret
801 4431 1095 4501 inclinatus
1124 4434 1382 4489 sacerdos
1435 4434 1603 4501 solus,
1654 4438 1976 4507 postulando
2005 4449 2064 4495 ut
2095 4462 2141 4521 υ
2169 4438 2336 4494 libera
2381 4439 2552 4502 dicto,
2585 4439 2845 4494 diaconus
2873 4448 2928 4494 et
2960 4438 3405 4496 subdiaconus‘se
3433 4440 3674 4510 erigant,
3710 4449 3770 4495 et

475 4522 670 4591 dignus
689 4526 862 4593 possit
888 4524 1149 4581 accedere
1172 4527 1238 4581 ad
1265 4525 1530 4593 altare,et
1555 4528 1810 4585 insistere
1832 4531 2065 4591 cultibus

475 4610 699 4679 divinis,
719 4600 785 4669 ne
810 4615 904 4670 liat
927 4615 1002 4671 illi
1018 4616 1159 4686 quod
1184 4615 1384 4672 factum
1406 4619 1953 4688 estBethsamitibus,
1971 4627 2063 4697 qui

476 4710 684 4756 temere
733 4704 986 4759 viderunt
1049 4718 1233 4760 arcam
1288 4704 1501 4762 Domini
1565 4706 1617 4779 (ι
1666 4708 1796 4780 Reg.
1840 4726 1912 4776 vt,
1954 4714 2062 4784 l9).

474 4789 727 4846 Christus
766 4794 910 4848 enim
954 4804 1244 4865 antequam
1281 4804 1580 4867 pateretur,
1604 4814 1747 4870 saepe
1769 4799 1917 4857 solus
1940 4817 2065 4872 pcr-

472 4892 702 4938 noctaus
729 4885 832 4955 21
879 4885 931 4940 in
955 4886 1205 4941 oratione
1226 4887 1422 4953 oravit,
1450 4904 1558 4944 non
1585 4904 1686 4960 pro
1717 4905 1797 4957 se,
1833 4890 1926 4947 sed
1961 4908 2060 4963 pro

473 4973 649 5029 nobis.
677 4975 868 5031 Caeteri
904 4992 1034 5031 vero
1068 4976 1301 5032 ministri
1326 4987 1470 5033 stent
1500 4980 1552 5033 in
1576 4981 1823 5037 oratione
1863 4983 2057 5041 ordine

472 5078 589 5120 suo.
611 5064 739 5120 Post
763 5081 881 5135 qua:
902 5081 1089 5121 versus
1109 5067 1174 5121 ad
1199 5066 1456 5139 populum
1482 5083 1642 5125 orare
1668 5080 1909 5139 moneat,
1934 5087 2062 5129 con-

472 5171 771 5227 versusque
799 5160 864 5213 ad
909 5159 1083 5214 altare
1111 5169 1379 5215 secretam
1402 5159 1701 5216 orationem
1727 5163 1873 5217 dicat
1900 5180 1913 5216 :
1954 5180 2058 5235 qua

471 5249 760 5321 completa,
800 5249 929 5306 Vere
957 5251 1195 5322 dignum,
1218 5251 1412 5306 devota
1441 5261 1622 5307 tuente
1644 5252 1893 5323 dulcique
1929 5270 2061 5312 voce

470 5343 725 5386 nrnfprnL
775 5342 825 5386 in
860 5343 1013 5386 orline
1065 5342 1171 5386 line
1202 5342 1482 5386 hvmnnm-
1539 5340 1783 5386 Sanctus.
1822 5354 2033 5386 Innrhn

2170 4529 2359 4586 oculos
2387 4530 2440 4585 in
2477 4528 2743 4585 Dominici
2785 4530 3031 4599 corporis
3070 4532 3542 4588 consecrationem
3575 4533 3766 4588 intem

2167 4620 2326 4685 dant;
2359 4621 2438 4677 ait
2475 4619 2621 4675 enim
2666 4620 3019 4691 evangelista,
3069 4622 3195 4691 quia
3246 4622 3355 4677 noti
3403 4623 3523 4692 ejus
3552 4623 3768 4694 alonge

2165 4710 2399 4774 stabant,
2459 4727 2559 4764 sua
2606 4720 2817 4779 pectora
2865 4712 3211 4780 percuticnles
3256 4710 3410 4783 (Luc.
3459 4713 3771 4784 unum).

2170 4799 2271 4855 [Ibi
2293 4814 2425 4869 ergo
2447 4801 2512 4853 ad
2550 4799 2752 4866 locum,
2782 4798 2864 4853 Da
2886 4802 3143 4870 propitius
3168 4815 3370 4870 pacem,
3403 4794 3644 4866 venerit,
3671 4788 3765 4873 qui

2166 4891 2376 4948 manlili
2427 4889 2645 4944 indutus
2688 4898 2953 4956 tenuerat,
3008 4891 3158 4964 [add.
3194 4892 3481 4965 patenum]
3533 4895 3763 4949 subdia-

2165 4997 2303 5038 cono
2341 4982 2472 5054 (75),
2506 4982 2869 5038 subdiaconus
2898 4984 3146 5051 diacono,
3176 4985 3444 5039 diaconus
3476 4987 3759 5042 sacerdoti

2162 5071 2377 5137 oderat,
2409 5073 2462 5127 in
2494 5088 2598 5143 qua
2644 5074 2900 5129 sacerdos
2949 5092 3147 5145 corpus
3194 5077 3408 5131 Domini
3467 5079 3761 5149 tripliciter

2163 5163 2385 5227 dividat,
2432 5178 2662 5236 quarunt
2712 5166 2944 5236 partium
2977 5181 3136 5220 unam
3168 5166 3425 5223 sacerdos
3454 5169 3615 5225 calici
3651 5170 3757 5224 im-

2163 5256 2413 5320 mitteus,
2447 5252 2566 5310 Pax
2597 5255 2826 5321 Domini,
2882 5256 2988 5309 alta
3027 5269 3157 5309 voce
3202 5255 3453 5325 dicendo,
3507 5261 3757 5330 protinus

2161 5345 2354 5386 cnlaan
2387 5355 2623 5386 mnrpln-
2663 5344 2785 5386 Fin!
2812 5346 3100 5386 rnstrmiglin
3133 5346 3365 5386 rnrnnri;
3395 5358 3444 5386 pl
3479 5351 3754 5386 εηιυηιὶηῐο
