  <div class='ocr_page' id='page_1' title='image "/cluster/home/n/w/nwhite01/storage/ocr_20150623/147/hvd.32044010574002/024.png"; bbox 0 0 4016 5386; ppageno 0'>
   <div class='ocr_carea' id='block_1_1' title="bbox 227 348 3486 416">
    <p class='ocr_par' dir='ltr' id='par_1_1' title="bbox 227 348 3486 416">
     <span class='ocr_line' id='line_1_1' title="bbox 227 348 3486 416; baseline -0.006 -1"><span class='ocrx_word' id='word_1_1' title='bbox 227 357 301 416; x_wconf 70' lang='grc'><strong>-57</strong></span> <span class='ocrx_word' id='word_1_2' title='bbox 1203 352 1402 407; x_wconf 74' lang='lat' dir='ltr'><strong>LlBER</strong></span> <span class='ocrx_word' id='word_1_3' title='bbox 1425 351 1512 406; x_wconf 79' lang='lat' dir='ltr'><strong>DE</strong></span> <span class='ocrx_word' id='word_1_4' title='bbox 1550 349 1836 406; x_wconf 75' lang='lat' dir='ltr'><strong>OFFIGIIS</strong></span> <span class='ocrx_word' id='word_1_5' title='bbox 1873 348 2444 406; x_wconf 73' lang='lat' dir='ltr'><strong>ECCLESIASTICIS.</strong></span> <span class='ocrx_word' id='word_1_6' title='bbox 3416 351 3486 408; x_wconf 71' lang='grc' dir='ltr'><strong>δε</strong></span> 
     </span>
    </p>
   </div>
   <div class='ocr_carea' id='block_1_2' title="bbox 235 445 3495 531">
    <p class='ocr_par' dir='ltr' id='par_1_2' title="bbox 235 445 3495 531">
     <span class='ocr_line' id='line_1_2' title="bbox 235 445 3495 531; baseline -0.004 -4"><span class='ocrx_word' id='word_1_7' title='bbox 235 474 411 528; x_wconf 60' lang='lat' dir='ltr'><strong>missae</strong></span> <span class='ocrx_word' id='word_1_8' title='bbox 441 469 494 523; x_wconf 89' lang='lat' dir='ltr'><strong>in</strong></span> <span class='ocrx_word' id='word_1_9' title='bbox 531 467 751 523; x_wconf 80' lang='lat' dir='ltr'><strong>calicem</strong></span> <span class='ocrx_word' id='word_1_10' title='bbox 804 463 1106 518; x_wconf 78' lang='lat' dir='ltr'><strong>ostenditur</strong></span> <span class='ocrx_word' id='word_1_11' title='bbox 1152 477 1349 531; x_wconf 88' lang='lat' dir='ltr'><strong>corpus</strong></span> <span class='ocrx_word' id='word_1_12' title='bbox 1393 460 1617 524; x_wconf 86' lang='lat' dir='ltr'><strong>Christi,</strong></span> <span class='ocrx_word' id='word_1_13' title='bbox 1666 458 1808 528; x_wconf 88' lang='lat' dir='ltr'><strong>quod</strong></span> <span class='ocrx_word' id='word_1_14' title='bbox 1838 445 1882 502; x_wconf 78' lang='grc' dir='ltr'>Α</span> <span class='ocrx_word' id='word_1_15' title='bbox 1916 466 2046 510; x_wconf 90' lang='lat' dir='ltr'><strong>tum.</strong></span> <span class='ocrx_word' id='word_1_16' title='bbox 2081 455 2181 521; x_wconf 86' lang='lat' dir='ltr'><strong>Qui</strong></span> <span class='ocrx_word' id='word_1_17' title='bbox 2231 463 2409 509; x_wconf 89' lang='lat' dir='ltr'><strong>autem</strong></span> <span class='ocrx_word' id='word_1_18' title='bbox 2454 457 2774 510; x_wconf 85' lang='lat' dir='ltr'><strong>necessitate</strong></span> <span class='ocrx_word' id='word_1_19' title='bbox 2811 465 2935 512; x_wconf 91' lang='lat' dir='ltr'><strong>ante</strong></span> <span class='ocrx_word' id='word_1_20' title='bbox 2971 456 3207 514; x_wconf 89' lang='lat' dir='ltr'><strong>Tertiam</strong></span> <span class='ocrx_word' id='word_1_21' title='bbox 3259 458 3342 513; x_wconf 84' lang='lat' dir='ltr'><strong>vel</strong></span> <span class='ocrx_word' id='word_1_22' title='bbox 3375 469 3495 528; x_wconf 77' lang='lat' dir='ltr'><strong>post</strong></span> 
     </span>
    </p>
   </div>
   <div class='ocr_carea' id='block_1_3' title="bbox 233 549 1809 622">
    <p class='ocr_par' dir='ltr' id='par_1_3' title="bbox 233 549 1809 622">
     <span class='ocr_line' id='line_1_3' title="bbox 233 549 1809 622; baseline -0.01 -4"><span class='ocrx_word' id='word_1_23' title='bbox 233 559 531 618; x_wconf 70' lang='lat' dir='ltr'><strong>resurrexit</strong></span> <span class='ocrx_word' id='word_1_24' title='bbox 574 573 604 611; x_wconf 87' lang='lat' dir='ltr'><strong>a</strong></span> <span class='ocrx_word' id='word_1_25' title='bbox 649 555 913 618; x_wconf 80' lang='lat' dir='ltr'><strong>mortuis;</strong></span> <span class='ocrx_word' id='word_1_26' title='bbox 963 568 1059 622; x_wconf 81' lang='lat' dir='ltr'><strong>per</strong></span> <span class='ocrx_word' id='word_1_27' title='bbox 1101 562 1394 606; x_wconf 85' lang='lat' dir='ltr'><strong>comestam</strong></span> <span class='ocrx_word' id='word_1_28' title='bbox 1455 566 1484 603; x_wconf 90' lang='lat' dir='ltr'><strong>a</strong></span> <span class='ocrx_word' id='word_1_29' title='bbox 1531 549 1809 603; x_wconf 83' lang='lat' dir='ltr'><strong>sacerdote</strong></span> 
     </span>
    </p>
   </div>
   <div class='ocr_carea' id='block_1_4' title="bbox 231 640 1807 723">
    <p class='ocr_par' dir='ltr' id='par_1_4' title="bbox 231 640 1807 723">
     <span class='ocr_line' id='line_1_4' title="bbox 231 640 1807 723; baseline -0.011 -14"><span class='ocrx_word' id='word_1_30' title='bbox 231 655 312 711; x_wconf 82' lang='lat' dir='ltr'><strong>vel</strong></span> <span class='ocrx_word' id='word_1_31' title='bbox 336 652 562 723; x_wconf 89' lang='lat' dir='ltr'><strong>populo,</strong></span> <span class='ocrx_word' id='word_1_32' title='bbox 610 649 969 703; x_wconf 85' lang='lat' dir='ltr'><strong>viviﬁcantem</strong></span> <span class='ocrx_word' id='word_1_33' title='bbox 1023 659 1114 698; x_wconf 89' lang='lat' dir='ltr'><strong>eos</strong></span> <span class='ocrx_word' id='word_1_34' title='bbox 1167 644 1219 696; x_wconf 85' lang='lat' dir='ltr'><strong>iu</strong></span> <span class='ocrx_word' id='word_1_35' title='bbox 1263 644 1392 705; x_wconf 88' lang='lat' dir='ltr'><strong>Deo,</strong></span> <span class='ocrx_word' id='word_1_36' title='bbox 1441 640 1640 694; x_wconf 87' lang='lat' dir='ltr'><strong>Christi</strong></span> <span class='ocrx_word' id='word_1_37' title='bbox 1683 653 1807 694; x_wconf 87' lang='lat' dir='ltr'><strong>cum</strong></span> 
     </span>
    </p>
   </div>
   <div class='ocr_carea' id='block_1_5' title="bbox 231 729 1804 816">
    <p class='ocr_par' dir='ltr' id='par_1_5' title="bbox 231 729 1804 816">
     <span class='ocr_line' id='line_1_5' title="bbox 231 729 1804 816; baseline -0.013 -13"><span class='ocrx_word' id='word_1_38' title='bbox 231 745 510 816; x_wconf 71' lang='lat' dir='ltr'><strong>discipulis</strong></span> <span class='ocrx_word' id='word_1_39' title='bbox 574 741 686 797; x_wconf 85' lang='lat' dir='ltr'><strong>suis</strong></span> <span class='ocrx_word' id='word_1_40' title='bbox 743 747 863 810; x_wconf 91' lang='lat' dir='ltr'><strong>post</strong></span> <span class='ocrx_word' id='word_1_41' title='bbox 916 735 1369 790; x_wconf 83' lang='lat' dir='ltr'><strong>resurrectionem</strong></span> <span class='ocrx_word' id='word_1_42' title='bbox 1441 729 1804 787; x_wconf 85' lang='lat' dir='ltr'><strong>conversatio.</strong></span> 
     </span>
    </p>
   </div>
   <div class='ocr_carea' id='block_1_6' title="bbox 233 824 1808 902">
    <p class='ocr_par' dir='ltr' id='par_1_6' title="bbox 233 824 1808 902">
     <span class='ocr_line' id='line_1_6' title="bbox 233 824 1808 902; baseline -0.013 -10"><span class='ocrx_word' id='word_1_43' title='bbox 233 838 495 900; x_wconf 81' lang='lat' dir='ltr'><strong>Tertiam,</strong></span> <span class='ocrx_word' id='word_1_44' title='bbox 539 847 660 902; x_wconf 67' lang='lat' dir='ltr'><strong>quae</strong></span> <span class='ocrx_word' id='word_1_45' title='bbox 702 828 809 901; x_wconf 63' lang='grc'><strong>24</strong></span> <span class='ocrx_word' id='word_1_46' title='bbox 859 835 1102 882; x_wconf 87' lang='lat' dir='ltr'><strong>remanet</strong></span> <span class='ocrx_word' id='word_1_47' title='bbox 1135 825 1185 879; x_wconf 93' lang='lat' dir='ltr'><strong>in</strong></span> <span class='ocrx_word' id='word_1_48' title='bbox 1218 824 1398 888; x_wconf 80' lang='lat' dir='ltr'><strong>altari,</strong></span> <span class='ocrx_word' id='word_1_49' title='bbox 1440 830 1595 876; x_wconf 86' lang='lat' dir='ltr'><strong>vocat</strong></span> <span class='ocrx_word' id='word_1_50' title='bbox 1624 829 1808 876; x_wconf 85' lang='lat' dir='ltr'><strong>sancta</strong></span> 
     </span>
    </p>
   </div>
   <div class='ocr_carea' id='block_1_7' title="bbox 231 915 1808 984">
    <p class='ocr_par' dir='ltr' id='par_1_7' title="bbox 231 915 1808 984">
     <span class='ocr_line' id='line_1_7' title="bbox 231 915 1808 984; baseline -0.013 0"><span class='ocrx_word' id='word_1_51' title='bbox 231 927 470 984; x_wconf 83' lang='lat' dir='ltr'><strong>Ecclesia</strong></span> <span class='ocrx_word' id='word_1_52' title='bbox 494 925 752 978; x_wconf 83' lang='lat' dir='ltr'><strong>viaticum</strong></span> <span class='ocrx_word' id='word_1_53' title='bbox 781 918 1089 981; x_wconf 89' lang='lat' dir='ltr'><strong>morientis;</strong></span> <span class='ocrx_word' id='word_1_54' title='bbox 1128 924 1188 970; x_wconf 91' lang='lat' dir='ltr'><strong>ut</strong></span> <span class='ocrx_word' id='word_1_55' title='bbox 1211 915 1527 969; x_wconf 81' lang='lat' dir='ltr'><strong>ostendatur</strong></span> <span class='ocrx_word' id='word_1_56' title='bbox 1565 924 1671 967; x_wconf 93' lang='lat' dir='ltr'><strong>nou</strong></span> <span class='ocrx_word' id='word_1_57' title='bbox 1715 925 1808 964; x_wconf 89' lang='lat' dir='ltr'><strong>eos</strong></span> 
     </span>
    </p>
   </div>
   <div class='ocr_carea' id='block_1_8' title="bbox 231 999 1808 1083">
    <p class='ocr_par' dir='ltr' id='par_1_8' title="bbox 231 999 1808 1083">
     <span class='ocr_line' id='line_1_8' title="bbox 231 999 1808 1083; baseline -0.013 -10"><span class='ocrx_word' id='word_1_58' title='bbox 231 1020 423 1074; x_wconf 88' lang='lat' dir='ltr'><strong>debere</strong></span> <span class='ocrx_word' id='word_1_59' title='bbox 469 1011 719 1083; x_wconf 88' lang='lat' dir='ltr'><strong>deputari</strong></span> <span class='ocrx_word' id='word_1_60' title='bbox 770 1008 1086 1070; x_wconf 87' lang='lat' dir='ltr'><strong>morientes,</strong></span> <span class='ocrx_word' id='word_1_61' title='bbox 1123 1006 1216 1060; x_wconf 88' lang='lat' dir='ltr'><strong>sed</strong></span> <span class='ocrx_word' id='word_1_62' title='bbox 1267 1005 1595 1058; x_wconf 84' lang='lat' dir='ltr'><strong>dormientes</strong></span> <span class='ocrx_word' id='word_1_63' title='bbox 1637 999 1808 1070; x_wconf 88' lang='lat' dir='ltr'><strong>quiin</strong></span> 
     </span>
    </p>
   </div>
   <div class='ocr_carea' id='block_1_9' title="bbox 231 1089 1809 1164">
    <p class='ocr_par' dir='ltr' id='par_1_9' title="bbox 231 1089 1809 1164">
     <span class='ocr_line' id='line_1_9' title="bbox 231 1089 1809 1164; baseline -0.013 -2"><span class='ocrx_word' id='word_1_64' title='bbox 231 1107 446 1163; x_wconf 84' lang='lat' dir='ltr'><strong>Christo</strong></span> <span class='ocrx_word' id='word_1_65' title='bbox 497 1103 823 1164; x_wconf 74' lang='lat' dir='ltr'><strong>moriuntur,</strong></span> <span class='ocrx_word' id='word_1_66' title='bbox 872 1100 999 1152; x_wconf 82' lang='lat' dir='ltr'><strong>dum</strong></span> <span class='ocrx_word' id='word_1_67' title='bbox 1055 1096 1144 1150; x_wconf 89' lang='lat' dir='ltr'><strong>tali</strong></span> <span class='ocrx_word' id='word_1_68' title='bbox 1193 1103 1446 1163; x_wconf 90' lang='lat' dir='ltr'><strong>tantoque</strong></span> <span class='ocrx_word' id='word_1_69' title='bbox 1498 1092 1720 1146; x_wconf 88' lang='lat' dir='ltr'><strong>ductore</strong></span> <span class='ocrx_word' id='word_1_70' title='bbox 1742 1089 1809 1142; x_wconf 91' lang='lat' dir='ltr'><strong>ad</strong></span> 
     </span>
    </p>
   </div>
   <div class='ocr_carea' id='block_1_10' title="bbox 235 1184 1809 1260">
    <p class='ocr_par' dir='ltr' id='par_1_10' title="bbox 235 1184 1809 1260">
     <span class='ocr_line' id='line_1_10' title="bbox 235 1184 1809 1260; baseline -0.01 -10"><span class='ocrx_word' id='word_1_71' title='bbox 235 1195 492 1251; x_wconf 78' lang='lat' dir='ltr'><strong>:eternam</strong></span> <span class='ocrx_word' id='word_1_72' title='bbox 521 1193 685 1246; x_wconf 89' lang='lat' dir='ltr'><strong>vitam</strong></span> <span class='ocrx_word' id='word_1_73' title='bbox 701 1188 1077 1260; x_wconf 86' lang='lat' dir='ltr'><strong>perducuntur</strong></span> <span class='ocrx_word' id='word_1_74' title='bbox 1098 1185 1233 1255; x_wconf 76' lang='lat'><strong>(77).</strong></span> <span class='ocrx_word' id='word_1_75' title='bbox 1259 1184 1313 1238; x_wconf 89' lang='lat' dir='ltr'><strong>Si</strong></span> <span class='ocrx_word' id='word_1_76' title='bbox 1342 1191 1518 1236; x_wconf 88' lang='lat' dir='ltr'><strong>autem</strong></span> <span class='ocrx_word' id='word_1_77' title='bbox 1543 1196 1679 1251; x_wconf 82' lang='lat' dir='ltr'><strong>Opus</strong></span> <span class='ocrx_word' id='word_1_78' title='bbox 1702 1194 1809 1234; x_wconf 92' lang='lat' dir='ltr'><strong>non</strong></span> 
     </span>
    </p>
   </div>
   <div class='ocr_carea' id='block_1_11' title="bbox 235 1273 1812 1346">
    <p class='ocr_par' dir='ltr' id='par_1_11' title="bbox 235 1273 1812 1346">
     <span class='ocr_line' id='line_1_11' title="bbox 235 1273 1812 1346; baseline -0.011 -7"><span class='ocrx_word' id='word_1_79' title='bbox 235 1285 412 1346; x_wconf 76' lang='lat' dir='ltr'><strong>fuerit,</strong></span> <span class='ocrx_word' id='word_1_80' title='bbox 443 1281 666 1336; x_wconf 83' lang='lat' dir='ltr'><strong>tertiam</strong></span> <span class='ocrx_word' id='word_1_81' title='bbox 707 1278 986 1339; x_wconf 82' lang='lat' dir='ltr'><strong>sacerdos,</strong></span> <span class='ocrx_word' id='word_1_82' title='bbox 1029 1285 1122 1328; x_wconf 91' lang='lat' dir='ltr'><strong>aut</strong></span> <span class='ocrx_word' id='word_1_83' title='bbox 1152 1289 1292 1327; x_wconf 81' lang='lat' dir='ltr'><strong>unus</strong></span> <span class='ocrx_word' id='word_1_84' title='bbox 1322 1273 1693 1325; x_wconf 81' lang='lat' dir='ltr'><strong>ministrorum</strong></span> <span class='ocrx_word' id='word_1_85' title='bbox 1723 1283 1812 1322; x_wconf 87' lang='lat' dir='ltr'><strong>ac-</strong></span> 
     </span>
    </p>
   </div>
   <div class='ocr_carea' id='block_1_12' title="bbox 236 1357 1812 1442">
    <p class='ocr_par' dir='ltr' id='par_1_12' title="bbox 236 1357 1812 1442">
     <span class='ocr_line' id='line_1_12' title="bbox 236 1357 1812 1442; baseline -0.011 -15"><span class='ocrx_word' id='word_1_86' title='bbox 236 1371 418 1442; x_wconf 79' lang='lat' dir='ltr'><strong>cipiat.</strong></span> <span class='ocrx_word' id='word_1_87' title='bbox 447 1370 570 1425; x_wconf 84' lang='lat' dir='ltr'><strong>Non</strong></span> <span class='ocrx_word' id='word_1_88' title='bbox 593 1377 773 1422; x_wconf 89' lang='lat' dir='ltr'><strong>autem</strong></span> <span class='ocrx_word' id='word_1_89' title='bbox 805 1364 1032 1418; x_wconf 89' lang='lat' dir='ltr'><strong>intincto</strong></span> <span class='ocrx_word' id='word_1_90' title='bbox 1063 1377 1222 1431; x_wconf 83' lang='lat' dir='ltr'><strong>pane,</strong></span> <span class='ocrx_word' id='word_1_91' title='bbox 1251 1361 1344 1414; x_wconf 88' lang='lat' dir='ltr'><strong>sed</strong></span> <span class='ocrx_word' id='word_1_92' title='bbox 1362 1361 1516 1429; x_wconf 82' lang='lat' dir='ltr'><strong>juxta</strong></span> <span class='ocrx_word' id='word_1_93' title='bbox 1545 1357 1812 1412; x_wconf 58' lang='lat' dir='ltr'><strong>delinitio&#39;</strong></span> 
     </span>
    </p>
   </div>
   <div class='ocr_carea' id='block_1_13' title="bbox 235 1453 1810 1520">
    <p class='ocr_par' dir='ltr' id='par_1_13' title="bbox 235 1453 1810 1520">
     <span class='ocr_line' id='line_1_13' title="bbox 235 1453 1810 1520; baseline -0.012 -3"><span class='ocrx_word' id='word_1_94' title='bbox 235 1478 351 1517; x_wconf 84' lang='lat' dir='ltr'><strong>nem</strong></span> <span class='ocrx_word' id='word_1_95' title='bbox 400 1457 656 1514; x_wconf 81' lang='lat' dir='ltr'><strong>Toletani</strong></span> <span class='ocrx_word' id='word_1_96' title='bbox 710 1453 925 1510; x_wconf 78' lang='lat' dir='ltr'><strong>concilii</strong></span> <span class='ocrx_word' id='word_1_97' title='bbox 975 1467 1218 1506; x_wconf 89' lang='lat' dir='ltr'><strong>seorsum</strong></span> <span class='ocrx_word' id='word_1_98' title='bbox 1276 1464 1522 1520; x_wconf 76' lang='lat' dir='ltr'><strong>corpore,</strong></span> <span class='ocrx_word' id='word_1_99' title='bbox 1569 1461 1810 1502; x_wconf 80' lang='lat' dir='ltr'><strong>seorsum</strong></span> 
     </span>
    </p>
   </div>
   <div class='ocr_carea' id='block_1_14' title="bbox 235 1535 1814 1622">
    <p class='ocr_par' dir='ltr' id='par_1_14' title="bbox 235 1535 1814 1622">
     <span class='ocr_line' id='line_1_14' title="bbox 235 1535 1814 1622; baseline -0.012 -13"><span class='ocrx_word' id='word_1_100' title='bbox 235 1553 516 1622; x_wconf 74' lang='lat' dir='ltr'><strong>sanguine,</strong></span> <span class='ocrx_word' id='word_1_101' title='bbox 564 1547 820 1604; x_wconf 83' lang='lat' dir='ltr'><strong>sacerdos</strong></span> <span class='ocrx_word' id='word_1_102' title='bbox 875 1541 1272 1605; x_wconf 90' lang='lat' dir='ltr'><strong>communicet,</strong></span> <span class='ocrx_word' id='word_1_103' title='bbox 1321 1548 1546 1609; x_wconf 87' lang='lat' dir='ltr'><strong>excepto</strong></span> <span class='ocrx_word' id='word_1_104' title='bbox 1595 1535 1814 1607; x_wconf 85' lang='lat' dir='ltr'><strong>pepulo,</strong></span> 
     </span>
    </p>
   </div>
   <div class='ocr_carea' id='block_1_15' title="bbox 235 1630 1815 1716">
    <p class='ocr_par' dir='ltr' id='par_1_15' title="bbox 235 1630 1815 1716">
     <span class='ocr_line' id='line_1_15' title="bbox 235 1630 1815 1716; baseline -0.011 -18"><span class='ocrx_word' id='word_1_105' title='bbox 235 1661 382 1716; x_wconf 84' lang='lat' dir='ltr'><strong>quem</strong></span> <span class='ocrx_word' id='word_1_106' title='bbox 401 1642 653 1705; x_wconf 80' lang='lat' dir='ltr'><strong>jntincto</strong></span> <span class='ocrx_word' id='word_1_107' title='bbox 675 1652 834 1709; x_wconf 90' lang='lat' dir='ltr'><strong>pane,</strong></span> <span class='ocrx_word' id='word_1_108' title='bbox 865 1649 972 1690; x_wconf 87' lang='lat' dir='ltr'><strong>non</strong></span> <span class='ocrx_word' id='word_1_109' title='bbox 1011 1633 1355 1698; x_wconf 89' lang='lat' dir='ltr'><strong>auctoritate,</strong></span> <span class='ocrx_word' id='word_1_110' title='bbox 1385 1630 1480 1686; x_wconf 87' lang='lat' dir='ltr'><strong>sed</strong></span> <span class='ocrx_word' id='word_1_111' title='bbox 1521 1630 1633 1700; x_wconf 86' lang='lat'><strong>(78)</strong></span> <span class='ocrx_word' id='word_1_112' title='bbox 1664 1645 1815 1682; x_wconf 86' lang='lat' dir='ltr'><strong>stun-</strong></span> 
     </span>
    </p>
   </div>
   <div class='ocr_carea' id='block_1_16' title="bbox 241 1719 1815 1794">
    <p class='ocr_par' dir='ltr' id='par_1_16' title="bbox 241 1719 1815 1794">
     <span class='ocr_line' id='line_1_16' title="bbox 241 1719 1815 1794; baseline -0.013 -2"><span class='ocrx_word' id='word_1_113' title='bbox 241 1753 317 1792; x_wconf 86' lang='lat' dir='ltr'><strong>ma</strong></span> <span class='ocrx_word' id='word_1_114' title='bbox 355 1733 686 1790; x_wconf 82' lang='lat' dir='ltr'><strong>necessitate</strong></span> <span class='ocrx_word' id='word_1_115' title='bbox 721 1729 932 1785; x_wconf 87' lang='lat' dir='ltr'><strong>timoris</strong></span> <span class='ocrx_word' id='word_1_116' title='bbox 960 1724 1238 1794; x_wconf 80' lang='lat' dir='ltr'><strong>sanguinis</strong></span> <span class='ocrx_word' id='word_1_117' title='bbox 1271 1721 1472 1778; x_wconf 79' lang='lat' dir='ltr'><strong>Christi</strong></span> <span class='ocrx_word' id='word_1_118' title='bbox 1533 1719 1815 1774; x_wconf 74' lang='lat' dir='ltr'><strong>eﬁ&#39;usionis</strong></span> 
     </span>
    </p>
   </div>
   <div class='ocr_carea' id='block_1_17' title="bbox 1909 545 3494 616">
    <p class='ocr_par' dir='ltr' id='par_1_17' title="bbox 1909 545 3494 616">
     <span class='ocr_line' id='line_1_17' title="bbox 1909 545 3494 616; baseline 0.003 -16"><span class='ocrx_word' id='word_1_119' title='bbox 1909 545 2115 601; x_wconf 85' lang='lat' dir='ltr'><strong>Nonam</strong></span> <span class='ocrx_word' id='word_1_120' title='bbox 2146 563 2191 598; x_wconf 81' lang='grc' dir='ltr'>ιι·</span> <span class='ocrx_word' id='word_1_121' title='bbox 2219 563 2250 598; x_wconf 90' lang='lat' dir='ltr'><strong>n</strong></span> <span class='ocrx_word' id='word_1_122' title='bbox 2289 557 2566 616; x_wconf 80' lang='lat' dir='ltr'><strong>perpetuo,</strong></span> <span class='ocrx_word' id='word_1_123' title='bbox 2595 549 2686 602; x_wconf 90' lang='lat' dir='ltr'><strong>sed</strong></span> <span class='ocrx_word' id='word_1_124' title='bbox 2710 549 2973 604; x_wconf 89' lang='lat' dir='ltr'><strong>desiderio</strong></span> <span class='ocrx_word' id='word_1_125' title='bbox 2995 550 3330 612; x_wconf 84' lang='lat' dir='ltr'><strong>sacriﬁcandi</strong></span> <span class='ocrx_word' id='word_1_126' title='bbox 3363 553 3494 605; x_wconf 87' lang='lat' dir='ltr'><strong>mis-</strong></span> 
     </span>
    </p>
   </div>
   <div class='ocr_carea' id='block_1_18' title="bbox 1911 639 3494 711">
    <p class='ocr_par' dir='ltr' id='par_1_18' title="bbox 1911 639 3494 711">
     <span class='ocr_line' id='line_1_18' title="bbox 1911 639 3494 711; baseline 0.002 -18"><span class='ocrx_word' id='word_1_127' title='bbox 1911 656 2026 693; x_wconf 58' lang='lat' dir='ltr'><strong>sam</strong></span> <span class='ocrx_word' id='word_1_128' title='bbox 2079 639 2376 704; x_wconf 89' lang='lat' dir='ltr'><strong>celebrant,</strong></span> <span class='ocrx_word' id='word_1_129' title='bbox 2430 655 2534 692; x_wconf 90' lang='lat' dir='ltr'><strong>non</strong></span> <span class='ocrx_word' id='word_1_130' title='bbox 2594 648 2719 695; x_wconf 91' lang='lat' dir='ltr'><strong>sunt</strong></span> <span class='ocrx_word' id='word_1_131' title='bbox 2776 641 3233 710; x_wconf 67' lang='lat' dir='ltr'><strong>reprehendendi;</strong></span> <span class='ocrx_word' id='word_1_132' title='bbox 3301 642 3494 711; x_wconf 81' lang='lat' dir='ltr'><strong>legitur</strong></span> 
     </span>
    </p>
   </div>
   <div class='ocr_carea' id='block_1_19' title="bbox 1909 727 3492 797">
    <p class='ocr_par' dir='ltr' id='par_1_19' title="bbox 1909 727 3492 797">
     <span class='ocr_line' id='line_1_19' title="bbox 1909 727 3492 797; baseline 0.003 -17"><span class='ocrx_word' id='word_1_133' title='bbox 1909 728 2054 781; x_wconf 91' lang='lat' dir='ltr'><strong>enim</strong></span> <span class='ocrx_word' id='word_1_134' title='bbox 2081 727 2314 780; x_wconf 89' lang='lat' dir='ltr'><strong>Leonem</strong></span> <span class='ocrx_word' id='word_1_135' title='bbox 2358 742 2626 781; x_wconf 81' lang='lat' dir='ltr'><strong>sonituum</strong></span> <span class='ocrx_word' id='word_1_136' title='bbox 2672 729 2976 797; x_wconf 89' lang='lat' dir='ltr'><strong>pontiﬁcem</strong></span> <span class='ocrx_word' id='word_1_137' title='bbox 3000 729 3231 784; x_wconf 88' lang='lat' dir='ltr'><strong>diluculo</strong></span> <span class='ocrx_word' id='word_1_138' title='bbox 3276 732 3492 785; x_wconf 88' lang='lat' dir='ltr'><strong>missam</strong></span> 
     </span>
    </p>
   </div>
   <div class='ocr_carea' id='block_1_20' title="bbox 1909 812 3495 890">
    <p class='ocr_par' dir='ltr' id='par_1_20' title="bbox 1909 812 3495 890">
     <span class='ocr_line' id='line_1_20' title="bbox 1909 812 3495 890; baseline 0.001 -17"><span class='ocrx_word' id='word_1_139' title='bbox 1909 817 2237 873; x_wconf 85' lang='lat' dir='ltr'><strong>celebrasse.</strong></span> <span class='ocrx_word' id='word_1_140' title='bbox 2289 817 2448 872; x_wconf 82' lang='lat' dir='ltr'><strong>Missa</strong></span> <span class='ocrx_word' id='word_1_141' title='bbox 2495 833 2592 886; x_wconf 87' lang='lat' dir='ltr'><strong>pro</strong></span> <span class='ocrx_word' id='word_1_142' title='bbox 2654 819 2917 875; x_wconf 79' lang='lat' dir='ltr'><strong>defunctis</strong></span> <span class='ocrx_word' id='word_1_143' title='bbox 2969 821 3171 890; x_wconf 80' lang='lat' dir='ltr'><strong>absque</strong></span> <span class='ocrx_word' id='word_1_144' title='bbox 3220 818 3400 874; x_wconf 79' lang='lat' dir='ltr'><strong>Gloria</strong></span> <span class='ocrx_word' id='word_1_145' title='bbox 3438 812 3495 875; x_wconf 86' lang='lat' dir='ltr'><strong>et</strong></span> 
     </span>
    </p>
   </div>
   <div class='ocr_carea' id='block_1_21' title="bbox 1909 907 3493 982">
    <p class='ocr_par' dir='ltr' id='par_1_21' title="bbox 1909 907 3493 982">
     <span class='ocr_line' id='line_1_21' title="bbox 1909 907 3493 982; baseline 0.003 -21"><span class='ocrx_word' id='word_1_146' title='bbox 1909 907 2158 972; x_wconf 81' lang='lat' dir='ltr'><strong>Alleluia,</strong></span> <span class='ocrx_word' id='word_1_147' title='bbox 2206 917 2262 961; x_wconf 87' lang='lat' dir='ltr'><strong>et</strong></span> <span class='ocrx_word' id='word_1_148' title='bbox 2304 909 2452 977; x_wconf 86' lang='lat' dir='ltr'><strong>pacis</strong></span> <span class='ocrx_word' id='word_1_149' title='bbox 2485 909 2668 963; x_wconf 89' lang='lat' dir='ltr'><strong>osculo</strong></span> <span class='ocrx_word' id='word_1_150' title='bbox 2713 909 3032 964; x_wconf 86' lang='lat' dir='ltr'><strong>celebretur.</strong></span> <span class='ocrx_word' id='word_1_151' title='bbox 3067 911 3205 966; x_wconf 88' lang='lat' dir='ltr'><strong>Sunt</strong></span> <span class='ocrx_word' id='word_1_152' title='bbox 3249 914 3493 982; x_wconf 54' lang='lat' dir='ltr'><strong>quoniam</strong></span> 
     </span>
    </p>
   </div>
   <div class='ocr_carea' id='block_1_22' title="bbox 1907 999 3493 1071">
    <p class='ocr_par' dir='ltr' id='par_1_22' title="bbox 1907 999 3493 1071">
     <span class='ocr_line' id='line_1_22' title="bbox 1907 999 3493 1071; baseline 0.003 -18"><span class='ocrx_word' id='word_1_153' title='bbox 1907 999 2169 1063; x_wconf 68' lang='lat' dir='ltr'><strong>ecclesiae,</strong></span> <span class='ocrx_word' id='word_1_154' title='bbox 2219 999 2273 1053; x_wconf 91' lang='lat' dir='ltr'><strong>in</strong></span> <span class='ocrx_word' id='word_1_155' title='bbox 2311 1000 2505 1068; x_wconf 88' lang='lat' dir='ltr'><strong>quibus</strong></span> <span class='ocrx_word' id='word_1_156' title='bbox 2532 1000 2769 1069; x_wconf 81' lang='lat' dir='ltr'><strong>exceptis</strong></span> <span class='ocrx_word' id='word_1_157' title='bbox 2819 1000 3267 1071; x_wconf 85' lang='lat' dir='ltr'><strong>depositionibus,</strong></span> <span class='ocrx_word' id='word_1_158' title='bbox 3321 1004 3493 1057; x_wconf 86' lang='lat' dir='ltr'><strong>solum</strong></span> 
     </span>
    </p>
   </div>
   <div class='ocr_carea' id='block_1_23' title="bbox 1910 1091 3495 1162">
    <p class='ocr_par' dir='ltr' id='par_1_23' title="bbox 1910 1091 3495 1162">
     <span class='ocr_line' id='line_1_23' title="bbox 1910 1091 3495 1162; baseline 0.003 -17"><span class='ocrx_word' id='word_1_159' title='bbox 1910 1107 2008 1162; x_wconf 84' lang='lat' dir='ltr'><strong>per</strong></span> <span class='ocrx_word' id='word_1_160' title='bbox 2050 1091 2316 1148; x_wconf 79' lang='lat' dir='ltr'><strong>Kalendas</strong></span> <span class='ocrx_word' id='word_1_161' title='bbox 2366 1093 2629 1148; x_wconf 90' lang='lat' dir='ltr'><strong>mensium</strong></span> <span class='ocrx_word' id='word_1_162' title='bbox 2691 1094 2868 1148; x_wconf 78' lang='lat' dir='ltr'><strong>missm</strong></span> <span class='ocrx_word' id='word_1_163' title='bbox 2913 1093 3106 1150; x_wconf 79' lang='lat' dir='ltr'><strong>festive</strong></span> <span class='ocrx_word' id='word_1_164' title='bbox 3147 1097 3495 1150; x_wconf 82' lang='lat' dir='ltr'><strong>celebrantur</strong></span> 
     </span>
    </p>
   </div>
   <div class='ocr_carea' id='block_1_24' title="bbox 1913 1183 3486 1257">
    <p class='ocr_par' dir='ltr' id='par_1_24' title="bbox 1913 1183 3486 1257">
     <span class='ocr_line' id='line_1_24' title="bbox 1913 1183 3486 1257; baseline 0.002 -20"><span class='ocrx_word' id='word_1_165' title='bbox 1913 1191 2271 1238; x_wconf 90' lang='lat' dir='ltr'><strong>mortuorum.</strong></span> <span class='ocrx_word' id='word_1_166' title='bbox 2339 1183 2447 1239; x_wconf 88' lang='lat' dir='ltr'><strong>Nos</strong></span> <span class='ocrx_word' id='word_1_167' title='bbox 2497 1199 2627 1238; x_wconf 87' lang='lat' dir='ltr'><strong>vero</strong></span> <span class='ocrx_word' id='word_1_168' title='bbox 2690 1186 2964 1256; x_wconf 87' lang='lat' dir='ltr'><strong>quotidie,</strong></span> <span class='ocrx_word' id='word_1_169' title='bbox 3013 1189 3255 1257; x_wconf 80' lang='lat' dir='ltr'><strong>exceptis</strong></span> <span class='ocrx_word' id='word_1_170' title='bbox 3312 1187 3486 1249; x_wconf 72' lang='lat' dir='ltr'><strong>festis,</strong></span> 
     </span>
    </p>
   </div>
   <div class='ocr_carea' id='block_1_25' title="bbox 1913 1273 3498 1345">
    <p class='ocr_par' dir='ltr' id='par_1_25' title="bbox 1913 1273 3498 1345">
     <span class='ocr_line' id='line_1_25' title="bbox 1913 1273 3498 1345; baseline 0.002 -17"><span class='ocrx_word' id='word_1_171' title='bbox 1913 1282 1970 1328; x_wconf 88' lang='lat' dir='ltr'><strong>et</strong></span> <span class='ocrx_word' id='word_1_172' title='bbox 2000 1273 2110 1343; x_wconf 82' lang='grc'>(85)</span> <span class='ocrx_word' id='word_1_173' title='bbox 2136 1273 2324 1328; x_wconf 85' lang='lat' dir='ltr'><strong>diebus</strong></span> <span class='ocrx_word' id='word_1_174' title='bbox 2350 1273 2718 1338; x_wconf 83' lang='lat' dir='ltr'><strong>Pentecostes,</strong></span> <span class='ocrx_word' id='word_1_175' title='bbox 2743 1291 2838 1345; x_wconf 91' lang='lat' dir='ltr'><strong>pro</strong></span> <span class='ocrx_word' id='word_1_176' title='bbox 2869 1276 2948 1330; x_wconf 89' lang='lat' dir='ltr'><strong>eis</strong></span> <span class='ocrx_word' id='word_1_177' title='bbox 2975 1275 3201 1331; x_wconf 90' lang='lat' dir='ltr'><strong>Domino</strong></span> <span class='ocrx_word' id='word_1_178' title='bbox 3225 1277 3498 1332; x_wconf 55' lang='lat' dir='ltr'><strong>Sacriﬁco.</strong></span> 
     </span>
    </p>
   </div>
   <div class='ocr_carea' id='block_1_26' title="bbox 1912 1367 3496 1440">
    <p class='ocr_par' dir='ltr' id='par_1_26' title="bbox 1912 1367 3496 1440">
     <span class='ocr_line' id='line_1_26' title="bbox 1912 1367 3496 1440; baseline 0.001 -20"><span class='ocrx_word' id='word_1_179' title='bbox 1912 1381 2050 1431; x_wconf 82' lang='lat' dir='ltr'><strong>mus,</strong></span> <span class='ocrx_word' id='word_1_180' title='bbox 2088 1367 2490 1422; x_wconf 84' lang='lat' dir='ltr'><strong>anniversarios</strong></span> <span class='ocrx_word' id='word_1_181' title='bbox 2528 1369 2642 1421; x_wconf 81' lang='lat' dir='ltr'><strong>dies</strong></span> <span class='ocrx_word' id='word_1_182' title='bbox 2674 1367 2863 1422; x_wconf 80' lang='lat' dir='ltr'><strong>festive</strong></span> <span class='ocrx_word' id='word_1_183' title='bbox 2893 1368 3198 1422; x_wconf 85' lang='lat' dir='ltr'><strong>recolitnus.</strong></span> <span class='ocrx_word' id='word_1_184' title='bbox 3235 1369 3496 1440; x_wconf 83' lang='lat' dir='ltr'><strong>Vcsperas</strong></span> 
     </span>
    </p>
   </div>
   <div class='ocr_carea' id='block_1_27' title="bbox 1913 1456 3496 1526">
    <p class='ocr_par' dir='ltr' id='par_1_27' title="bbox 1913 1456 3496 1526">
     <span class='ocr_line' id='line_1_27' title="bbox 1913 1456 3496 1526; baseline 0.001 -16"><span class='ocrx_word' id='word_1_185' title='bbox 1913 1465 1967 1511; x_wconf 89' lang='lat' dir='ltr'><strong>et</strong></span> <span class='ocrx_word' id='word_1_186' title='bbox 1996 1456 2282 1510; x_wconf 77' lang='lat' dir='ltr'><strong>Matutinus</strong></span> <span class='ocrx_word' id='word_1_187' title='bbox 2328 1457 2532 1526; x_wconf 89' lang='lat' dir='ltr'><strong>absque</strong></span> <span class='ocrx_word' id='word_1_188' title='bbox 2572 1457 2710 1510; x_wconf 76' lang='lat' dir='ltr'><strong>Deus</strong></span> <span class='ocrx_word' id='word_1_189' title='bbox 2737 1458 2792 1511; x_wconf 86' lang='lat' dir='ltr'><strong>iu</strong></span> <span class='ocrx_word' id='word_1_190' title='bbox 2817 1458 3163 1526; x_wconf 83' lang='lat' dir='ltr'><strong>adjutorinm,</strong></span> <span class='ocrx_word' id='word_1_191' title='bbox 3192 1467 3244 1512; x_wconf 90' lang='lat' dir='ltr'><strong>et</strong></span> <span class='ocrx_word' id='word_1_192' title='bbox 3274 1459 3496 1512; x_wconf 80' lang='lat' dir='ltr'><strong>Domine</strong></span> 
     </span>
    </p>
   </div>
   <div class='ocr_carea' id='block_1_28' title="bbox 1909 1551 3497 1622">
    <p class='ocr_par' dir='ltr' id='par_1_28' title="bbox 1909 1551 3497 1622">
     <span class='ocr_line' id='line_1_28' title="bbox 1909 1551 3497 1622; baseline 0.001 -17"><span class='ocrx_word' id='word_1_193' title='bbox 1909 1552 2076 1617; x_wconf 78' lang='lat' dir='ltr'><strong>labia,</strong></span> <span class='ocrx_word' id='word_1_194' title='bbox 2100 1561 2154 1607; x_wconf 88' lang='lat' dir='ltr'><strong>et</strong></span> <span class='ocrx_word' id='word_1_195' title='bbox 2194 1551 2378 1606; x_wconf 81' lang='lat' dir='ltr'><strong>Gloria</strong></span> <span class='ocrx_word' id='word_1_196' title='bbox 2415 1551 2590 1616; x_wconf 82' lang='lat' dir='ltr'><strong>Patri,</strong></span> <span class='ocrx_word' id='word_1_197' title='bbox 2629 1552 2965 1608; x_wconf 83' lang='lat' dir='ltr'><strong>celebramus</strong></span> <span class='ocrx_word' id='word_1_198' title='bbox 2996 1553 3047 1606; x_wconf 91' lang='lat' dir='ltr'><strong>in</strong></span> <span class='ocrx_word' id='word_1_199' title='bbox 3071 1552 3497 1622; x_wconf 75' lang='lat' dir='ltr'><strong>depositionibus</strong></span> 
     </span>
    </p>
   </div>
   <div class='ocr_carea' id='block_1_29' title="bbox 1915 1643 2880 1700">
    <p class='ocr_par' dir='ltr' id='par_1_29' title="bbox 1915 1643 2880 1700">
     <span class='ocr_line' id='line_1_29' title="bbox 1915 1643 2880 1700; baseline 0 -3"><span class='ocrx_word' id='word_1_200' title='bbox 1915 1652 1972 1697; x_wconf 91' lang='lat' dir='ltr'><strong>et</strong></span> <span class='ocrx_word' id='word_1_201' title='bbox 1998 1643 2152 1699; x_wconf 77' lang='lat' dir='ltr'><strong>festis</strong></span> <span class='ocrx_word' id='word_1_202' title='bbox 2173 1660 2296 1698; x_wconf 89' lang='lat' dir='ltr'><strong>cum</strong></span> <span class='ocrx_word' id='word_1_203' title='bbox 2323 1658 2512 1698; x_wconf 89' lang='lat' dir='ltr'><strong>novem</strong></span> <span class='ocrx_word' id='word_1_204' title='bbox 2539 1644 2880 1700; x_wconf 82' lang='lat' dir='ltr'><strong>lectionibus.</strong></span> 
     </span>
    </p>
   </div>
   <div class='ocr_carea' id='block_1_30' title="bbox 2449 1734 2942 1806">
    <p class='ocr_par' dir='ltr' id='par_1_30' title="bbox 2449 1734 2942 1806">
     <span class='ocr_line' id='line_1_30' title="bbox 2449 1734 2942 1806; baseline -0.004 -16"><span class='ocrx_word' id='word_1_205' title='bbox 2449 1736 2555 1806; x_wconf 80' lang='lat'><strong>27</strong></span> <span class='ocrx_word' id='word_1_206' title='bbox 2582 1734 2942 1791; x_wconf 76' lang='lat' dir='ltr'><strong>EXCEPTIO.</strong></span> 
     </span>
    </p>
   </div>
   <div class='ocr_carea' id='block_1_31' title="bbox 243 1798 3499 1897">
    <p class='ocr_par' dir='ltr' id='par_1_31' title="bbox 243 1798 3499 1897">
     <span class='ocr_line' id='line_1_31' title="bbox 243 1798 3499 1897; baseline 0.001 -19"><span class='ocrx_word' id='word_1_207' title='bbox 243 1823 567 1897; x_wconf 85' lang='lat' dir='ltr'><strong>permittitur</strong></span> <span class='ocrx_word' id='word_1_208' title='bbox 596 1817 1027 1876; x_wconf 86' lang='lat' dir='ltr'><strong>communicare.</strong></span> <span class='ocrx_word' id='word_1_209' title='bbox 1059 1815 1194 1868; x_wconf 89' lang='lat' dir='ltr'><strong>Dum</strong></span> <span class='ocrx_word' id='word_1_210' title='bbox 1230 1827 1358 1882; x_wconf 65' lang='lat' dir='ltr'><strong>ergo</strong></span> <span class='ocrx_word' id='word_1_211' title='bbox 1379 1810 1631 1865; x_wconf 88' lang='lat' dir='ltr'><strong>sacerdos</strong></span> <span class='ocrx_word' id='word_1_212' title='bbox 1655 1807 1816 1861; x_wconf 87' lang='lat' dir='ltr'><strong>mini-</strong></span> <span class='ocrx_word' id='word_1_213' title='bbox 1847 1798 1890 1855; x_wconf 73' lang='grc' dir='ltr'><strong><em>Β</em></strong></span> <span class='ocrx_word' id='word_1_214' title='bbox 1989 1825 2044 1879; x_wconf 78' lang='grc' dir='ltr'>ιη</span> <span class='ocrx_word' id='word_1_215' title='bbox 2071 1813 2316 1881; x_wconf 55' lang='lat' dir='ltr'><strong>Adventu</strong></span> <span class='ocrx_word' id='word_1_216' title='bbox 2342 1841 2470 1880; x_wconf 66' lang='lat' dir='ltr'><strong>vero</strong></span> <span class='ocrx_word' id='word_1_217' title='bbox 2500 1798 2552 1881; x_wconf 62' lang='grc' dir='ltr'>ξι</span> <span class='ocrx_word' id='word_1_218' title='bbox 2593 1826 2998 1897; x_wconf 81' lang='lat' dir='ltr'><strong>Septuagesima</strong></span> <span class='ocrx_word' id='word_1_219' title='bbox 3031 1841 3198 1896; x_wconf 89' lang='lat' dir='ltr'><strong>usque</strong></span> <span class='ocrx_word' id='word_1_220' title='bbox 3249 1832 3315 1882; x_wconf 89' lang='lat' dir='ltr'><strong>ad</strong></span> <span class='ocrx_word' id='word_1_221' title='bbox 3357 1801 3499 1882; x_wconf 85' lang='lat' dir='ltr'><strong>diem</strong></span> 
     </span>
    </p>
   </div>
   <div class='ocr_carea' id='block_1_32' title="bbox 239 1904 1815 1977">
    <p class='ocr_par' dir='ltr' id='par_1_32' title="bbox 239 1904 1815 1977">
     <span class='ocr_line' id='line_1_32' title="bbox 239 1904 1815 1977; baseline -0.013 -5"><span class='ocrx_word' id='word_1_222' title='bbox 239 1917 354 1973; x_wconf 84' lang='lat' dir='ltr'><strong>stris</strong></span> <span class='ocrx_word' id='word_1_223' title='bbox 391 1911 834 1971; x_wconf 87' lang='lat' dir='ltr'><strong>communionem</strong></span> <span class='ocrx_word' id='word_1_224' title='bbox 893 1907 1124 1977; x_wconf 74' lang='lat' dir='ltr'><strong>porrigit</strong></span> <span class='ocrx_word' id='word_1_225' title='bbox 1172 1904 1324 1975; x_wconf 85' lang='lat'><strong>(79),</strong></span> <span class='ocrx_word' id='word_1_226' title='bbox 1377 1912 1815 1970; x_wconf 78' lang='lat' dir='ltr'><strong>unumquemque</strong></span> 
     </span>
    </p>
   </div>
   <div class='ocr_carea' id='block_1_33' title="bbox 241 1993 1813 2080">
    <p class='ocr_par' dir='ltr' id='par_1_33' title="bbox 241 1993 1813 2080">
     <span class='ocr_line' id='line_1_33' title="bbox 241 1993 1813 2080; baseline -0.013 -17"><span class='ocrx_word' id='word_1_227' title='bbox 241 2009 481 2080; x_wconf 87' lang='lat' dir='ltr'><strong>primitus</strong></span> <span class='ocrx_word' id='word_1_228' title='bbox 517 2005 816 2067; x_wconf 83' lang='lat' dir='ltr'><strong>osculetur,</strong></span> <span class='ocrx_word' id='word_1_229' title='bbox 846 2011 900 2056; x_wconf 89' lang='lat' dir='ltr'><strong>et</strong></span> <span class='ocrx_word' id='word_1_230' title='bbox 930 2009 1048 2070; x_wconf 90' lang='lat' dir='ltr'><strong>post</strong></span> <span class='ocrx_word' id='word_1_231' title='bbox 1078 1998 1170 2068; x_wconf 86' lang='lat' dir='ltr'><strong>qui</strong></span> <span class='ocrx_word' id='word_1_232' title='bbox 1208 1993 1686 2051; x_wconf 88' lang='lat' dir='ltr'><strong>communicandos</strong></span> <span class='ocrx_word' id='word_1_233' title='bbox 1712 1999 1813 2055; x_wconf 61' lang='lat' dir='ltr'><strong>es‘,</strong></span> 
     </span>
    </p>
   </div>
   <div class='ocr_carea' id='block_1_34' title="bbox 228 2083 1817 2158">
    <p class='ocr_par' dir='ltr' id='par_1_34' title="bbox 228 2083 1817 2158">
     <span class='ocr_line' id='line_1_34' title="bbox 228 2083 1817 2158; baseline -0.011 -3"><span class='ocrx_word' id='word_1_234' title='bbox 228 2101 393 2154; x_wconf 85' lang='lat' dir='ltr'><strong>manu</strong></span> <span class='ocrx_word' id='word_1_235' title='bbox 418 2094 726 2153; x_wconf 87' lang='lat' dir='ltr'><strong>sacerdotis</strong></span> <span class='ocrx_word' id='word_1_236' title='bbox 741 2093 1006 2158; x_wconf 87' lang='lat' dir='ltr'><strong>osculata,</strong></span> <span class='ocrx_word' id='word_1_237' title='bbox 1036 2089 1471 2146; x_wconf 87' lang='lat' dir='ltr'><strong>communionem</strong></span> <span class='ocrx_word' id='word_1_238' title='bbox 1494 2087 1564 2140; x_wconf 86' lang='lat' dir='ltr'><strong>ab</strong></span> <span class='ocrx_word' id='word_1_239' title='bbox 1587 2099 1651 2140; x_wconf 90' lang='lat' dir='ltr'><strong>eo</strong></span> <span class='ocrx_word' id='word_1_240' title='bbox 1677 2083 1817 2138; x_wconf 78' lang='lat' dir='ltr'><strong>acci-</strong></span> 
     </span>
    </p>
   </div>
   <div class='ocr_carea' id='block_1_35' title="bbox 243 2176 1814 2261">
    <p class='ocr_par' dir='ltr' id='par_1_35' title="bbox 243 2176 1814 2261">
     <span class='ocr_line' id='line_1_35' title="bbox 243 2176 1814 2261; baseline -0.01 -17"><span class='ocrx_word' id='word_1_241' title='bbox 243 2191 365 2261; x_wconf 86' lang='lat' dir='ltr'><strong>piat.</strong></span> <span class='ocrx_word' id='word_1_242' title='bbox 409 2187 699 2243; x_wconf 86' lang='lat' dir='ltr'><strong>Postremo</strong></span> <span class='ocrx_word' id='word_1_243' title='bbox 731 2200 859 2240; x_wconf 89' lang='lat' dir='ltr'><strong>vero</strong></span> <span class='ocrx_word' id='word_1_244' title='bbox 887 2182 1232 2254; x_wconf 80' lang='lat' dir='ltr'><strong>particulam,</strong></span> <span class='ocrx_word' id='word_1_245' title='bbox 1269 2195 1390 2249; x_wconf 74' lang='lat' dir='ltr'><strong>qua:</strong></span> <span class='ocrx_word' id='word_1_246' title='bbox 1435 2179 1488 2232; x_wconf 91' lang='lat' dir='ltr'><strong>in</strong></span> <span class='ocrx_word' id='word_1_247' title='bbox 1531 2176 1698 2231; x_wconf 83' lang='lat' dir='ltr'><strong>calice</strong></span> <span class='ocrx_word' id='word_1_248' title='bbox 1728 2190 1814 2229; x_wconf 90' lang='lat' dir='ltr'><strong>re-</strong></span> 
     </span>
    </p>
   </div>
   <div class='ocr_carea' id='block_1_36' title="bbox 243 2266 1815 2342">
    <p class='ocr_par' dir='ltr' id='par_1_36' title="bbox 243 2266 1815 2342">
     <span class='ocr_line' id='line_1_36' title="bbox 243 2266 1815 2342; baseline -0.01 -8"><span class='ocrx_word' id='word_1_249' title='bbox 243 2281 455 2342; x_wconf 83' lang='lat' dir='ltr'><strong>mansit,</strong></span> <span class='ocrx_word' id='word_1_250' title='bbox 490 2274 754 2333; x_wconf 84' lang='lat' dir='ltr'><strong>sacerdos</strong></span> <span class='ocrx_word' id='word_1_251' title='bbox 800 2283 1020 2329; x_wconf 88' lang='lat' dir='ltr'><strong>sumat:</strong></span> <span class='ocrx_word' id='word_1_252' title='bbox 1055 2281 1108 2327; x_wconf 90' lang='lat' dir='ltr'><strong>et</strong></span> <span class='ocrx_word' id='word_1_253' title='bbox 1146 2279 1265 2342; x_wconf 85' lang='lat' dir='ltr'><strong>post</strong></span> <span class='ocrx_word' id='word_1_254' title='bbox 1315 2269 1541 2323; x_wconf 85' lang='lat' dir='ltr'><strong>diacono</strong></span> <span class='ocrx_word' id='word_1_255' title='bbox 1588 2266 1815 2322; x_wconf 84' lang='lat' dir='ltr'><strong>calicem</strong></span> 
     </span>
    </p>
   </div>
   <div class='ocr_carea' id='block_1_37' title="bbox 243 2357 1820 2429">
    <p class='ocr_par' dir='ltr' id='par_1_37' title="bbox 243 2357 1820 2429">
     <span class='ocr_line' id='line_1_37' title="bbox 243 2357 1820 2429; baseline -0.009 -7"><span class='ocrx_word' id='word_1_256' title='bbox 243 2367 305 2422; x_wconf 79' lang='lat' dir='ltr'><strong>ad</strong></span> <span class='ocrx_word' id='word_1_257' title='bbox 333 2366 730 2429; x_wconf 78' lang='lat' dir='ltr'><strong>mandandum,</strong></span> <span class='ocrx_word' id='word_1_258' title='bbox 771 2373 826 2418; x_wconf 90' lang='lat' dir='ltr'><strong>et</strong></span> <span class='ocrx_word' id='word_1_259' title='bbox 851 2362 1168 2418; x_wconf 87' lang='lat' dir='ltr'><strong>smneudum</strong></span> <span class='ocrx_word' id='word_1_260' title='bbox 1201 2360 1344 2428; x_wconf 89' lang='lat' dir='ltr'><strong>quod</strong></span> <span class='ocrx_word' id='word_1_261' title='bbox 1391 2357 1667 2420; x_wconf 85' lang='lat' dir='ltr'><strong>remansit,</strong></span> <span class='ocrx_word' id='word_1_262' title='bbox 1696 2371 1820 2426; x_wconf 78' lang='lat' dir='ltr'><strong>por-</strong></span> 
     </span>
    </p>
   </div>
   <div class='ocr_carea' id='block_1_38' title="bbox 244 2448 1817 2526">
    <p class='ocr_par' dir='ltr' id='par_1_38' title="bbox 244 2448 1817 2526">
     <span class='ocr_line' id='line_1_38' title="bbox 244 2448 1817 2526; baseline -0.007 -15"><span class='ocrx_word' id='word_1_263' title='bbox 244 2461 394 2526; x_wconf 72' lang='lat' dir='ltr'><strong>rigat,</strong></span> <span class='ocrx_word' id='word_1_264' title='bbox 427 2457 520 2526; x_wconf 86' lang='lat' dir='ltr'><strong>qui</strong></span> <span class='ocrx_word' id='word_1_265' title='bbox 546 2456 603 2509; x_wconf 91' lang='lat' dir='ltr'><strong>in</strong></span> <span class='ocrx_word' id='word_1_266' title='bbox 643 2454 924 2508; x_wconf 87' lang='lat' dir='ltr'><strong>sinistrum</strong></span> <span class='ocrx_word' id='word_1_267' title='bbox 967 2466 1135 2505; x_wconf 88' lang='lat' dir='ltr'><strong>cornu</strong></span> <span class='ocrx_word' id='word_1_268' title='bbox 1188 2450 1375 2503; x_wconf 88' lang='lat' dir='ltr'><strong>altaris</strong></span> <span class='ocrx_word' id='word_1_269' title='bbox 1427 2448 1651 2501; x_wconf 76' lang='lat' dir='ltr'><strong>calicem</strong></span> <span class='ocrx_word' id='word_1_270' title='bbox 1693 2461 1817 2501; x_wconf 90' lang='lat' dir='ltr'><strong>cum</strong></span> 
     </span>
    </p>
   </div>
   <div class='ocr_carea' id='block_1_39' title="bbox 246 2543 1820 2623">
    <p class='ocr_par' dir='ltr' id='par_1_39' title="bbox 246 2543 1820 2623">
     <span class='ocr_line' id='line_1_39' title="bbox 246 2543 1820 2623; baseline -0.008 -18"><span class='ocrx_word' id='word_1_271' title='bbox 246 2563 428 2623; x_wconf 87' lang='lat' dir='ltr'><strong>patena</strong></span> <span class='ocrx_word' id='word_1_272' title='bbox 483 2549 716 2611; x_wconf 78' lang='lat' dir='ltr'><strong>delerat,</strong></span> <span class='ocrx_word' id='word_1_273' title='bbox 776 2548 867 2602; x_wconf 78' lang='lat' dir='ltr'><strong>ubi</strong></span> <span class='ocrx_word' id='word_1_274' title='bbox 912 2548 1025 2616; x_wconf 80' lang='lat'><strong>(80)</strong></span> <span class='ocrx_word' id='word_1_275' title='bbox 1077 2557 1284 2616; x_wconf 88' lang='lat' dir='ltr'><strong>partem</strong></span> <span class='ocrx_word' id='word_1_276' title='bbox 1328 2543 1428 2598; x_wconf 87' lang='lat' dir='ltr'><strong>sibi</strong></span> <span class='ocrx_word' id='word_1_277' title='bbox 1483 2543 1735 2611; x_wconf 69' lang='lat' dir='ltr'><strong>accipiat,</strong></span> <span class='ocrx_word' id='word_1_278' title='bbox 1765 2549 1820 2594; x_wconf 91' lang='lat' dir='ltr'><strong>et</strong></span> 
     </span>
    </p>
   </div>
   <div class='ocr_carea' id='block_1_40' title="bbox 248 2633 1818 2713">
    <p class='ocr_par' dir='ltr' id='par_1_40' title="bbox 248 2633 1818 2713">
     <span class='ocr_line' id='line_1_40' title="bbox 248 2633 1818 2713; baseline -0.008 -17"><span class='ocrx_word' id='word_1_279' title='bbox 248 2653 444 2713; x_wconf 84' lang='lat' dir='ltr'><strong>partem</strong></span> <span class='ocrx_word' id='word_1_280' title='bbox 476 2639 816 2695; x_wconf 84' lang='lat' dir='ltr'><strong>subdiacono</strong></span> <span class='ocrx_word' id='word_1_281' title='bbox 868 2638 1069 2692; x_wconf 87' lang='lat' dir='ltr'><strong>tribuat</strong></span> <span class='ocrx_word' id='word_1_282' title='bbox 1119 2635 1248 2690; x_wconf 82' lang='lat' dir='ltr'><strong>Post</strong></span> <span class='ocrx_word' id='word_1_283' title='bbox 1296 2633 1552 2686; x_wconf 48' lang='lat' dir='ltr'><strong>n‘mndato</strong></span> <span class='ocrx_word' id='word_1_284' title='bbox 1591 2643 1818 2700; x_wconf 87' lang='lat' dir='ltr'><strong>utroque</strong></span> 
     </span>
    </p>
   </div>
   <div class='ocr_carea' id='block_1_41' title="bbox 249 2722 1816 2804">
    <p class='ocr_par' dir='ltr' id='par_1_41' title="bbox 249 2722 1816 2804">
     <span class='ocr_line' id='line_1_41' title="bbox 249 2722 1816 2804; baseline -0.009 -16"><span class='ocrx_word' id='word_1_285' title='bbox 249 2737 448 2803; x_wconf 78' lang='lat' dir='ltr'><strong>utrique</strong></span> <span class='ocrx_word' id='word_1_286' title='bbox 479 2732 826 2804; x_wconf 87' lang='lat' dir='ltr'><strong>participent.</strong></span> <span class='ocrx_word' id='word_1_287' title='bbox 850 2730 1146 2801; x_wconf 78' lang='lat' dir='ltr'><strong>Acolythus</strong></span> <span class='ocrx_word' id='word_1_288' title='bbox 1175 2741 1302 2782; x_wconf 81' lang='lat' dir='ltr'><strong>vero</strong></span> <span class='ocrx_word' id='word_1_289' title='bbox 1332 2725 1562 2778; x_wconf 88' lang='lat' dir='ltr'><strong>alterum</strong></span> <span class='ocrx_word' id='word_1_290' title='bbox 1595 2722 1816 2776; x_wconf 87' lang='lat' dir='ltr'><strong>calicem</strong></span> 
     </span>
    </p>
   </div>
   <div class='ocr_carea' id='block_1_42' title="bbox 249 2813 1820 2890">
    <p class='ocr_par' dir='ltr' id='par_1_42' title="bbox 249 2813 1820 2890">
     <span class='ocr_line' id='line_1_42' title="bbox 249 2813 1820 2890; baseline -0.011 -8"><span class='ocrx_word' id='word_1_291' title='bbox 249 2827 524 2882; x_wconf 35' lang='lat' dir='ltr'><strong>sacerdoti»</strong></span> <span class='ocrx_word' id='word_1_292' title='bbox 553 2825 623 2879; x_wconf 88' lang='lat' dir='ltr'><strong>ad</strong></span> <span class='ocrx_word' id='word_1_293' title='bbox 673 2823 1008 2877; x_wconf 89' lang='lat' dir='ltr'><strong>mundandos</strong></span> <span class='ocrx_word' id='word_1_294' title='bbox 1036 2821 1232 2890; x_wconf 79' lang='lat' dir='ltr'><strong>digitos</strong></span> <span class='ocrx_word' id='word_1_295' title='bbox 1265 2815 1491 2873; x_wconf 82' lang='lat' dir='ltr'><strong>deferat.</strong></span> <span class='ocrx_word' id='word_1_296' title='bbox 1526 2813 1820 2868; x_wconf 76' lang='lat' dir='ltr'><strong>Subdiaco-</strong></span> 
     </span>
    </p>
   </div>
   <div class='ocr_carea' id='block_1_43' title="bbox 250 2905 1816 2981">
    <p class='ocr_par' dir='ltr' id='par_1_43' title="bbox 250 2905 1816 2981">
     <span class='ocr_line' id='line_1_43' title="bbox 250 2905 1816 2981; baseline -0.01 -7"><span class='ocrx_word' id='word_1_297' title='bbox 250 2936 340 2974; x_wconf 85' lang='lat' dir='ltr'><strong>nos</strong></span> <span class='ocrx_word' id='word_1_298' title='bbox 367 2931 550 2973; x_wconf 84' lang='lat' dir='ltr'><strong>autem</strong></span> <span class='ocrx_word' id='word_1_299' title='bbox 588 2917 656 2972; x_wconf 87' lang='lat' dir='ltr'><strong>ad</strong></span> <span class='ocrx_word' id='word_1_300' title='bbox 679 2915 1047 2970; x_wconf 81' lang='lat' dir='ltr'><strong>mandandum</strong></span> <span class='ocrx_word' id='word_1_301' title='bbox 1079 2914 1303 2968; x_wconf 88' lang='lat' dir='ltr'><strong>calicem</strong></span> <span class='ocrx_word' id='word_1_302' title='bbox 1328 2921 1384 2966; x_wconf 88' lang='lat' dir='ltr'><strong>et</strong></span> <span class='ocrx_word' id='word_1_303' title='bbox 1431 2919 1681 2981; x_wconf 89' lang='lat' dir='ltr'><strong>pateuam</strong></span> <span class='ocrx_word' id='word_1_304' title='bbox 1710 2905 1816 2976; x_wconf 70' lang='lat'><strong>25</strong></span> 
     </span>
    </p>
   </div>
   <div class='ocr_carea' id='block_1_44' title="bbox 251 2996 1816 3070">
    <p class='ocr_par' dir='ltr' id='par_1_44' title="bbox 251 2996 1816 3070">
     <span class='ocr_line' id='line_1_44' title="bbox 251 2996 1816 3070; baseline -0.008 -9"><span class='ocrx_word' id='word_1_305' title='bbox 251 3004 467 3061; x_wconf 88' lang='lat' dir='ltr'><strong>diacono</strong></span> <span class='ocrx_word' id='word_1_306' title='bbox 497 3005 730 3060; x_wconf 87' lang='lat' dir='ltr'><strong>serviat.</strong></span> <span class='ocrx_word' id='word_1_307' title='bbox 761 3004 888 3058; x_wconf 84' lang='lat' dir='ltr'><strong>Post</strong></span> <span class='ocrx_word' id='word_1_308' title='bbox 919 3003 1326 3056; x_wconf 80' lang='lat' dir='ltr'><strong>inundationem</strong></span> <span class='ocrx_word' id='word_1_309' title='bbox 1361 3010 1569 3070; x_wconf 71' lang='lat' dir='ltr'><strong>patente</strong></span> <span class='ocrx_word' id='word_1_310' title='bbox 1600 3008 1654 3052; x_wconf 91' lang='lat' dir='ltr'><strong>et</strong></span> <span class='ocrx_word' id='word_1_311' title='bbox 1683 2996 1816 3051; x_wconf 80' lang='lat' dir='ltr'><strong>cali-</strong></span> 
     </span>
    </p>
   </div>
   <div class='ocr_carea' id='block_1_45' title="bbox 250 3079 1814 3167">
    <p class='ocr_par' dir='ltr' id='par_1_45' title="bbox 250 3079 1814 3167">
     <span class='ocr_line' id='line_1_45' title="bbox 250 3079 1814 3167; baseline -0.008 -17"><span class='ocrx_word' id='word_1_312' title='bbox 250 3095 319 3150; x_wconf 79' lang='lat' dir='ltr'><strong>cis</strong></span> <span class='ocrx_word' id='word_1_313' title='bbox 357 3095 642 3167; x_wconf 84' lang='lat' dir='ltr'><strong>acolythus</strong></span> <span class='ocrx_word' id='word_1_314' title='bbox 690 3079 990 3161; x_wconf 83' lang='lat' dir='ltr'><strong>utrumque</strong></span> <span class='ocrx_word' id='word_1_315' title='bbox 1030 3089 1234 3145; x_wconf 87' lang='lat' dir='ltr'><strong>mantili</strong></span> <span class='ocrx_word' id='word_1_316' title='bbox 1281 3089 1575 3144; x_wconf 89' lang='lat' dir='ltr'><strong>involutum</strong></span> <span class='ocrx_word' id='word_1_317' title='bbox 1618 3095 1814 3148; x_wconf 74' lang='lat' dir='ltr'><strong>teneat,</strong></span> 
     </span>
    </p>
   </div>
   <div class='ocr_carea' id='block_1_46' title="bbox 251 3152 1888 3254">
    <p class='ocr_par' dir='ltr' id='par_1_46' title="bbox 251 3152 1888 3254">
     <span class='ocr_line' id='line_1_46' title="bbox 251 3152 1888 3254; baseline -0.006 -17"><span class='ocrx_word' id='word_1_318' title='bbox 251 3200 405 3254; x_wconf 80' lang='lat' dir='ltr'><strong>usque</strong></span> <span class='ocrx_word' id='word_1_319' title='bbox 438 3152 520 3239; x_wconf 72' lang='lat' dir='ltr'><strong>ad</strong></span> <span class='ocrx_word' id='word_1_320' title='bbox 552 3181 969 3252; x_wconf 90' lang='lat' dir='ltr'><strong>completiouem</strong></span> <span class='ocrx_word' id='word_1_321' title='bbox 1001 3181 1187 3249; x_wconf 68' lang='lat' dir='ltr'><strong>prima:</strong></span> <span class='ocrx_word' id='word_1_322' title='bbox 1236 3187 1358 3249; x_wconf 93' lang='lat' dir='ltr'><strong>post</strong></span> <span class='ocrx_word' id='word_1_323' title='bbox 1400 3176 1812 3241; x_wconf 84' lang='lat' dir='ltr'><strong>communionis,</strong></span> <span class='ocrx_word' id='word_1_324' title='bbox 1845 3152 1888 3216; x_wconf 60' lang='grc' dir='ltr'><strong>(ἶ</strong></span> 
     </span>
    </p>
   </div>
   <div class='ocr_carea' id='block_1_47' title="bbox 252 3270 1814 3344">
    <p class='ocr_par' dir='ltr' id='par_1_47' title="bbox 252 3270 1814 3344">
     <span class='ocr_line' id='line_1_47' title="bbox 252 3270 1814 3344; baseline -0.003 -16"><span class='ocrx_word' id='word_1_325' title='bbox 252 3285 438 3344; x_wconf 76' lang='lat' dir='ltr'><strong>Suaque</strong></span> <span class='ocrx_word' id='word_1_326' title='bbox 491 3276 693 3330; x_wconf 28' lang='lat' dir='ltr'><strong>caeteri.</strong></span> <span class='ocrx_word' id='word_1_327' title='bbox 731 3273 966 3327; x_wconf 88' lang='lat' dir='ltr'><strong>ministri</strong></span> <span class='ocrx_word' id='word_1_328' title='bbox 1016 3270 1208 3326; x_wconf 78' lang='lat' dir='ltr'><strong>oﬂicia.</strong></span> <span class='ocrx_word' id='word_1_329' title='bbox 1251 3270 1539 3334; x_wconf 85' lang='lat' dir='ltr'><strong>Sacerdos,</strong></span> <span class='ocrx_word' id='word_1_330' title='bbox 1572 3280 1626 3321; x_wconf 91' lang='lat' dir='ltr'><strong>ut</strong></span> <span class='ocrx_word' id='word_1_331' title='bbox 1653 3283 1814 3337; x_wconf 87' lang='lat' dir='ltr'><strong>supra</strong></span> 
     </span>
    </p>
   </div>
   <div class='ocr_carea' id='block_1_48' title="bbox 253 3356 1816 3437">
    <p class='ocr_par' dir='ltr' id='par_1_48' title="bbox 253 3356 1816 3437">
     <span class='ocr_line' id='line_1_48' title="bbox 253 3356 1816 3437; baseline -0.003 -18"><span class='ocrx_word' id='word_1_332' title='bbox 253 3365 486 3432; x_wconf 79' lang='lat' dir='ltr'><strong>diximus,</strong></span> <span class='ocrx_word' id='word_1_333' title='bbox 521 3356 728 3437; x_wconf 70' lang='lat' dir='ltr'><strong>partito</strong></span> <span class='ocrx_word' id='word_1_334' title='bbox 746 3379 976 3436; x_wconf 88' lang='lat' dir='ltr'><strong>corpore</strong></span> <span class='ocrx_word' id='word_1_335' title='bbox 1025 3363 1260 3428; x_wconf 88' lang='lat' dir='ltr'><strong>Domini,</strong></span> <span class='ocrx_word' id='word_1_336' title='bbox 1301 3361 1416 3416; x_wconf 72' lang='lat' dir='ltr'><strong>I’nx</strong></span> <span class='ocrx_word' id='word_1_337' title='bbox 1445 3361 1678 3426; x_wconf 82' lang='lat' dir='ltr'><strong>Domini,</strong></span> <span class='ocrx_word' id='word_1_338' title='bbox 1706 3359 1816 3415; x_wconf 87' lang='lat' dir='ltr'><strong>alta</strong></span> 
     </span>
    </p>
   </div>
   <div class='ocr_carea' id='block_1_49' title="bbox 256 3456 1816 3530">
    <p class='ocr_par' dir='ltr' id='par_1_49' title="bbox 256 3456 1816 3530">
     <span class='ocr_line' id='line_1_49' title="bbox 256 3456 1816 3530; baseline -0.001 -22"><span class='ocrx_word' id='word_1_339' title='bbox 256 3471 370 3514; x_wconf 87' lang='lat' dir='ltr'><strong>voce</strong></span> <span class='ocrx_word' id='word_1_340' title='bbox 401 3456 806 3530; x_wconf 76' lang='lat' dir='ltr'><strong>proferat&#39;(8l),</strong></span> <span class='ocrx_word' id='word_1_341' title='bbox 845 3472 874 3510; x_wconf 88' lang='lat' dir='ltr'><strong>a</strong></span> <span class='ocrx_word' id='word_1_342' title='bbox 897 3460 1006 3526; x_wconf 87' lang='lat' dir='ltr'><strong>quo</strong></span> <span class='ocrx_word' id='word_1_343' title='bbox 1040 3469 1180 3510; x_wconf 91' lang='lat' dir='ltr'><strong>unus</strong></span> <span class='ocrx_word' id='word_1_344' title='bbox 1217 3456 1600 3509; x_wconf 61' lang='lat' dir='ltr'><strong>canonicorum</strong></span> <span class='ocrx_word' id='word_1_345' title='bbox 1631 3468 1816 3521; x_wconf 87' lang='lat' dir='ltr'><strong>pacem</strong></span> 
     </span>
    </p>
   </div>
   <div class='ocr_carea' id='block_1_50' title="bbox 259 3531 1814 3632">
    <p class='ocr_par' dir='ltr' id='par_1_50' title="bbox 259 3531 1814 3632">
     <span class='ocr_line' id='line_1_50' title="bbox 259 3531 1814 3632; baseline -0.003 -32"><span class='ocrx_word' id='word_1_346' title='bbox 259 3552 483 3620; x_wconf 84' lang='lat' dir='ltr'><strong>accipiat,</strong></span> <span class='ocrx_word' id='word_1_347' title='bbox 499 3565 668 3628; x_wconf 85' lang='lat' dir='ltr'><strong>quam</strong></span> <span class='ocrx_word' id='word_1_348' title='bbox 693 3550 746 3604; x_wconf 91' lang='lat' dir='ltr'><strong>in</strong></span> <span class='ocrx_word' id='word_1_349' title='bbox 763 3557 994 3620; x_wconf 88' lang='lat' dir='ltr'><strong>utroque</strong></span> <span class='ocrx_word' id='word_1_350' title='bbox 1015 3547 1182 3602; x_wconf 87' lang='lat' dir='ltr'><strong>choro</strong></span> <span class='ocrx_word' id='word_1_351' title='bbox 1198 3531 1490 3614; x_wconf 83' lang='lat' dir='ltr'><strong>majoribus</strong></span> <span class='ocrx_word' id='word_1_352' title='bbox 1507 3542 1814 3632; x_wconf 72' lang='lat' dir='ltr'><strong>distriimat.</strong></span> 
     </span>
    </p>
   </div>
   <div class='ocr_carea' id='block_1_51' title="bbox 253 3635 1817 3708">
    <p class='ocr_par' dir='ltr' id='par_1_51' title="bbox 253 3635 1817 3708">
     <span class='ocr_line' id='line_1_51' title="bbox 253 3635 1817 3708; baseline -0.001 -16"><span class='ocrx_word' id='word_1_353' title='bbox 253 3637 347 3708; x_wconf 81' lang='lat' dir='ltr'><strong>ipsi</strong></span> <span class='ocrx_word' id='word_1_354' title='bbox 378 3649 561 3696; x_wconf 82' lang='lat' dir='ltr'><strong>autem</strong></span> <span class='ocrx_word' id='word_1_355' title='bbox 587 3641 809 3696; x_wconf 68' lang='lat' dir='ltr'><strong>caeteris</strong></span> <span class='ocrx_word' id='word_1_356' title='bbox 848 3638 921 3692; x_wconf 86' lang='lat' dir='ltr'><strong>ita</strong></span> <span class='ocrx_word' id='word_1_357' title='bbox 959 3637 1240 3708; x_wconf 78' lang='lat' dir='ltr'><strong>porrigant</strong></span> <span class='ocrx_word' id='word_1_358' title='bbox 1271 3644 1326 3689; x_wconf 92' lang='lat' dir='ltr'><strong>ut</strong></span> <span class='ocrx_word' id='word_1_359' title='bbox 1364 3635 1542 3690; x_wconf 89' lang='lat' dir='ltr'><strong>nullus</strong></span> <span class='ocrx_word' id='word_1_360' title='bbox 1587 3636 1652 3690; x_wconf 85' lang='lat' dir='ltr'><strong>de</strong></span> <span class='ocrx_word' id='word_1_361' title='bbox 1701 3635 1817 3690; x_wconf 92' lang='lat' dir='ltr'><strong>loco</strong></span> 
     </span>
    </p>
   </div>
   <div class='ocr_carea' id='block_1_52' title="bbox 262 3713 1820 3804">
    <p class='ocr_par' dir='ltr' id='par_1_52' title="bbox 262 3713 1820 3804">
     <span class='ocr_line' id='line_1_52' title="bbox 262 3713 1820 3804; baseline -0.003 -21"><span class='ocrx_word' id='word_1_362' title='bbox 262 3743 551 3796; x_wconf 73' lang='lat' dir='ltr'><strong>moveatur,</strong></span> <span class='ocrx_word' id='word_1_363' title='bbox 592 3729 686 3786; x_wconf 89' lang='lat' dir='ltr'><strong>sed</strong></span> <span class='ocrx_word' id='word_1_364' title='bbox 711 3745 742 3783; x_wconf 88' lang='lat' dir='ltr'><strong>a</strong></span> <span class='ocrx_word' id='word_1_365' title='bbox 775 3727 1037 3804; x_wconf 85' lang='lat' dir='ltr'><strong>superiori</strong></span> <span class='ocrx_word' id='word_1_366' title='bbox 1075 3727 1307 3797; x_wconf 89' lang='lat' dir='ltr'><strong>accipiat</strong></span> <span class='ocrx_word' id='word_1_367' title='bbox 1339 3736 1394 3780; x_wconf 90' lang='lat' dir='ltr'><strong>et</strong></span> <span class='ocrx_word' id='word_1_368' title='bbox 1439 3713 1682 3780; x_wconf 85' lang='lat' dir='ltr'><strong>infcriori</strong></span> <span class='ocrx_word' id='word_1_369' title='bbox 1724 3725 1820 3778; x_wconf 88' lang='lat' dir='ltr'><strong>tri-</strong></span> 
     </span>
    </p>
   </div>
   <div class='ocr_carea' id='block_1_53' title="bbox 260 3815 1819 3888">
    <p class='ocr_par' dir='ltr' id='par_1_53' title="bbox 260 3815 1819 3888">
     <span class='ocr_line' id='line_1_53' title="bbox 260 3815 1819 3888; baseline -0.002 -16"><span class='ocrx_word' id='word_1_370' title='bbox 260 3817 393 3874; x_wconf 84' lang='lat' dir='ltr'><strong>boat.</strong></span> <span class='ocrx_word' id='word_1_371' title='bbox 410 3819 563 3876; x_wconf 81' lang='lat' dir='ltr'><strong>Unus</strong></span> <span class='ocrx_word' id='word_1_372' title='bbox 595 3819 862 3873; x_wconf 82' lang='lat' dir='ltr'><strong>minorum</strong></span> <span class='ocrx_word' id='word_1_373' title='bbox 883 3819 1159 3888; x_wconf 90' lang='lat' dir='ltr'><strong>utriusque</strong></span> <span class='ocrx_word' id='word_1_374' title='bbox 1179 3817 1328 3872; x_wconf 90' lang='lat' dir='ltr'><strong>ebori</strong></span> <span class='ocrx_word' id='word_1_375' title='bbox 1356 3832 1384 3870; x_wconf 89' lang='lat' dir='ltr'><strong>a</strong></span> <span class='ocrx_word' id='word_1_376' title='bbox 1416 3815 1706 3882; x_wconf 87' lang='lat' dir='ltr'><strong>majoribus</strong></span> <span class='ocrx_word' id='word_1_377' title='bbox 1729 3830 1819 3869; x_wconf 83' lang='lat' dir='ltr'><strong>ac-</strong></span> 
     </span>
    </p>
   </div>
   <div class='ocr_carea' id='block_1_54' title="bbox 257 3895 1815 3983">
    <p class='ocr_par' dir='ltr' id='par_1_54' title="bbox 257 3895 1815 3983">
     <span class='ocr_line' id='line_1_54' title="bbox 257 3895 1815 3983; baseline -0.002 -20"><span class='ocrx_word' id='word_1_378' title='bbox 257 3895 422 3979; x_wconf 78' lang='lat' dir='ltr'><strong>cipiat,</strong></span> <span class='ocrx_word' id='word_1_379' title='bbox 438 3921 490 3967; x_wconf 92' lang='lat' dir='ltr'><strong>et</strong></span> <span class='ocrx_word' id='word_1_380' title='bbox 497 3911 655 3981; x_wconf 87' lang='lat' dir='ltr'><strong>juxta</strong></span> <span class='ocrx_word' id='word_1_381' title='bbox 676 3920 1001 3983; x_wconf 69' lang='lat' dir='ltr'><strong>praeceptum</strong></span> <span class='ocrx_word' id='word_1_382' title='bbox 1022 3910 1266 3966; x_wconf 89' lang='lat' dir='ltr'><strong>ordinem</strong></span> <span class='ocrx_word' id='word_1_383' title='bbox 1283 3910 1492 3964; x_wconf 81' lang='lat' dir='ltr'><strong>caeteris</strong></span> <span class='ocrx_word' id='word_1_384' title='bbox 1505 3908 1815 3962; x_wconf 80' lang='lat' dir='ltr'><strong>distribuat.</strong></span> 
     </span>
    </p>
   </div>
   <div class='ocr_carea' id='block_1_55' title="bbox 258 3999 1818 4070">
    <p class='ocr_par' dir='ltr' id='par_1_55' title="bbox 258 3999 1818 4070">
     <span class='ocr_line' id='line_1_55' title="bbox 258 3999 1818 4070; baseline -0.003 -16"><span class='ocrx_word' id='word_1_385' title='bbox 258 3999 358 4057; x_wconf 76' lang='lat' dir='ltr'><strong>Hoc</strong></span> <span class='ocrx_word' id='word_1_386' title='bbox 382 4013 562 4060; x_wconf 83' lang='lat' dir='ltr'><strong>autem</strong></span> <span class='ocrx_word' id='word_1_387' title='bbox 591 4004 821 4059; x_wconf 87' lang='lat' dir='ltr'><strong>ﬁrmiter</strong></span> <span class='ocrx_word' id='word_1_388' title='bbox 842 4000 1240 4070; x_wconf 88' lang='lat' dir='ltr'><strong>teneant,juxta</strong></span> <span class='ocrx_word' id='word_1_389' title='bbox 1266 3999 1588 4070; x_wconf 88' lang='lat' dir='ltr'><strong>apostolum,</strong></span> <span class='ocrx_word' id='word_1_390' title='bbox 1621 3999 1818 4052; x_wconf 80' lang='lat' dir='ltr'><strong>honore</strong></span> 
     </span>
    </p>
   </div>
   <div class='ocr_carea' id='block_1_56' title="bbox 254 4090 1816 4165">
    <p class='ocr_par' dir='ltr' id='par_1_56' title="bbox 254 4090 1816 4165">
     <span class='ocr_line' id='line_1_56' title="bbox 254 4090 1816 4165; baseline -0.003 -21"><span class='ocrx_word' id='word_1_391' title='bbox 254 4091 456 4149; x_wconf 79' lang='lat' dir='ltr'><strong>invicem</strong></span> <span class='ocrx_word' id='word_1_392' title='bbox 473 4096 847 4165; x_wconf 50' lang='lat' dir='ltr'><strong>praeueniente:</strong></span> <span class='ocrx_word' id='word_1_393' title='bbox 873 4091 1050 4163; x_wconf 84' lang='lat' dir='ltr'><strong>(Rom.</strong></span> <span class='ocrx_word' id='word_1_394' title='bbox 1076 4107 1173 4157; x_wconf 86' lang='lat' dir='ltr'><strong>xtl,</strong></span> <span class='ocrx_word' id='word_1_395' title='bbox 1199 4090 1311 4162; x_wconf 82' lang='lat' dir='ltr'><strong>l0),</strong></span> <span class='ocrx_word' id='word_1_396' title='bbox 1327 4100 1386 4144; x_wconf 89' lang='lat' dir='ltr'><strong>ut</strong></span> <span class='ocrx_word' id='word_1_397' title='bbox 1418 4090 1606 4144; x_wconf 87' lang='lat' dir='ltr'><strong>dantes</strong></span> <span class='ocrx_word' id='word_1_398' title='bbox 1631 4101 1816 4158; x_wconf 89' lang='lat' dir='ltr'><strong>pacem</strong></span> 
     </span>
    </p>
   </div>
   <div class='ocr_carea' id='block_1_57' title="bbox 256 4177 1819 4260">
    <p class='ocr_par' dir='ltr' id='par_1_57' title="bbox 256 4177 1819 4260">
     <span class='ocr_line' id='line_1_57' title="bbox 256 4177 1819 4260; baseline -0.006 -20"><span class='ocrx_word' id='word_1_399' title='bbox 256 4191 304 4238; x_wconf 82' lang='lat' dir='ltr'><strong>et</strong></span> <span class='ocrx_word' id='word_1_400' title='bbox 327 4186 642 4260; x_wconf 85' lang='lat' dir='ltr'><strong>recipientes</strong></span> <span class='ocrx_word' id='word_1_401' title='bbox 652 4199 867 4256; x_wconf 85' lang='lat' dir='ltr'><strong>semper</strong></span> <span class='ocrx_word' id='word_1_402' title='bbox 887 4183 1164 4247; x_wconf 86' lang='lat' dir='ltr'><strong>inclinent,</strong></span> <span class='ocrx_word' id='word_1_403' title='bbox 1180 4197 1274 4252; x_wconf 91' lang='lat' dir='ltr'><strong>per</strong></span> <span class='ocrx_word' id='word_1_404' title='bbox 1290 4180 1533 4235; x_wconf 87' lang='lat' dir='ltr'><strong>osculum</strong></span> <span class='ocrx_word' id='word_1_405' title='bbox 1559 4179 1705 4249; x_wconf 87' lang='lat' dir='ltr'><strong>pacis</strong></span> <span class='ocrx_word' id='word_1_406' title='bbox 1725 4177 1819 4232; x_wconf 88' lang='lat' dir='ltr'><strong>dc-</strong></span> 
     </span>
    </p>
   </div>
   <div class='ocr_carea' id='block_1_58' title="bbox 255 4267 1820 4344">
    <p class='ocr_par' dir='ltr' id='par_1_58' title="bbox 255 4267 1820 4344">
     <span class='ocr_line' id='line_1_58' title="bbox 255 4267 1820 4344; baseline -0.003 -20"><span class='ocrx_word' id='word_1_407' title='bbox 255 4272 487 4344; x_wconf 75' lang='lat' dir='ltr'><strong>signatur</strong></span> <span class='ocrx_word' id='word_1_408' title='bbox 517 4285 720 4330; x_wconf 71' lang='lat' dir='ltr'><strong>nostra:</strong></span> <span class='ocrx_word' id='word_1_409' title='bbox 746 4274 951 4329; x_wconf 88' lang='lat' dir='ltr'><strong>utilitas</strong></span> <span class='ocrx_word' id='word_1_410' title='bbox 984 4272 1104 4328; x_wconf 86' lang='lat' dir='ltr'><strong>ﬁdei</strong></span> <span class='ocrx_word' id='word_1_411' title='bbox 1135 4272 1269 4344; x_wconf 76' lang='lat'><strong>(8&#39;2).</strong></span> <span class='ocrx_word' id='word_1_412' title='bbox 1299 4271 1507 4324; x_wconf 88' lang='lat' dir='ltr'><strong>(‘hurus</strong></span> <span class='ocrx_word' id='word_1_413' title='bbox 1530 4285 1657 4324; x_wconf 83' lang='lat' dir='ltr'><strong>vero</strong></span> <span class='ocrx_word' id='word_1_414' title='bbox 1679 4267 1820 4338; x_wconf 78' lang='lat' dir='ltr'><strong>psal-</strong></span> 
     </span>
    </p>
   </div>
   <div class='ocr_carea' id='block_1_59' title="bbox 256 4360 1817 4435">
    <p class='ocr_par' dir='ltr' id='par_1_59' title="bbox 256 4360 1817 4435">
     <span class='ocr_line' id='line_1_59' title="bbox 256 4360 1817 4435; baseline 0 -22"><span class='ocrx_word' id='word_1_415' title='bbox 256 4360 342 4427; x_wconf 86' lang='lat' dir='ltr'><strong>lat,</strong></span> <span class='ocrx_word' id='word_1_416' title='bbox 373 4367 549 4434; x_wconf 78' lang='lat' dir='ltr'><strong>Agnus</strong></span> <span class='ocrx_word' id='word_1_417' title='bbox 575 4365 692 4428; x_wconf 81' lang='lat' dir='ltr'><strong>Dei,</strong></span> <span class='ocrx_word' id='word_1_418' title='bbox 713 4365 858 4434; x_wconf 91' lang='lat' dir='ltr'><strong>quod</strong></span> <span class='ocrx_word' id='word_1_419' title='bbox 879 4363 1101 4435; x_wconf 78' lang='lat' dir='ltr'><strong>Sergius</strong></span> <span class='ocrx_word' id='word_1_420' title='bbox 1137 4377 1272 4433; x_wconf 89' lang='lat' dir='ltr'><strong>papa</strong></span> <span class='ocrx_word' id='word_1_421' title='bbox 1315 4371 1555 4431; x_wconf 88' lang='lat' dir='ltr'><strong>tempore</strong></span> <span class='ocrx_word' id='word_1_422' title='bbox 1601 4360 1817 4415; x_wconf 82' lang='lat' dir='ltr'><strong>confra—</strong></span> 
     </span>
    </p>
   </div>
   <div class='ocr_carea' id='block_1_60' title="bbox 1917 1915 3501 1988">
    <p class='ocr_par' dir='ltr' id='par_1_60' title="bbox 1917 1915 3501 1988">
     <span class='ocr_line' id='line_1_60' title="bbox 1917 1915 3501 1988; baseline 0.001 -18"><span class='ocrx_word' id='word_1_423' title='bbox 1917 1915 2120 1979; x_wconf 72' lang='lat' dir='ltr'><strong>Cmnte,</strong></span> <span class='ocrx_word' id='word_1_424' title='bbox 2160 1925 2215 1969; x_wconf 88' lang='lat' dir='ltr'><strong>et</strong></span> <span class='ocrx_word' id='word_1_425' title='bbox 2267 1925 2498 1985; x_wconf 85' lang='lat' dir='ltr'><strong>quatuor</strong></span> <span class='ocrx_word' id='word_1_426' title='bbox 2545 1925 2842 1988; x_wconf 90' lang='lat' dir='ltr'><strong>temporum</strong></span> <span class='ocrx_word' id='word_1_427' title='bbox 2876 1916 3128 1971; x_wconf 88' lang='lat' dir='ltr'><strong>Sabbatis</strong></span> <span class='ocrx_word' id='word_1_428' title='bbox 3185 1925 3239 1970; x_wconf 90' lang='lat' dir='ltr'><strong>et</strong></span> <span class='ocrx_word' id='word_1_429' title='bbox 3279 1915 3501 1986; x_wconf 83' lang='lat' dir='ltr'><strong>agendis</strong></span> 
     </span>
    </p>
   </div>
   <div class='ocr_carea' id='block_1_61' title="bbox 1918 2009 3502 2080">
    <p class='ocr_par' dir='ltr' id='par_1_61' title="bbox 1918 2009 3502 2080">
     <span class='ocr_line' id='line_1_61' title="bbox 1918 2009 3502 2080; baseline -0.001 -16"><span class='ocrx_word' id='word_1_430' title='bbox 1918 2018 2255 2064; x_wconf 82' lang='lat' dir='ltr'><strong>mortuorum</strong></span> <span class='ocrx_word' id='word_1_431' title='bbox 2303 2009 2509 2064; x_wconf 79' lang='lat' dir='ltr'><strong>festivis</strong></span> <span class='ocrx_word' id='word_1_432' title='bbox 2541 2010 2675 2080; x_wconf 81' lang='grc'>(86),</span> <span class='ocrx_word' id='word_1_433' title='bbox 2725 2010 3004 2076; x_wconf 19' lang='lat' dir='ltr'><strong>diaconus,</strong></span> <span class='ocrx_word' id='word_1_434' title='bbox 3035 2017 3090 2064; x_wconf 92' lang='lat' dir='ltr'><strong>ct</strong></span> <span class='ocrx_word' id='word_1_435' title='bbox 3135 2009 3502 2063; x_wconf 81' lang='lat' dir='ltr'><strong>subdiaconus</strong></span> 
     </span>
    </p>
   </div>
   <div class='ocr_carea' id='block_1_62' title="bbox 1915 2100 3501 2179">
    <p class='ocr_par' dir='ltr' id='par_1_62' title="bbox 1915 2100 3501 2179">
     <span class='ocr_line' id='line_1_62' title="bbox 1915 2100 3501 2179; baseline 0 -23"><span class='ocrx_word' id='word_1_436' title='bbox 1915 2102 2210 2157; x_wconf 87' lang='lat' dir='ltr'><strong>induantur</strong></span> <span class='ocrx_word' id='word_1_437' title='bbox 2238 2102 2464 2168; x_wconf 85' lang='lat' dir='ltr'><strong>casulis;</strong></span> <span class='ocrx_word' id='word_1_438' title='bbox 2511 2102 2556 2156; x_wconf 90' lang='lat' dir='ltr'><strong>si</strong></span> <span class='ocrx_word' id='word_1_439' title='bbox 2603 2110 2782 2156; x_wconf 89' lang='lat' dir='ltr'><strong>autem</strong></span> <span class='ocrx_word' id='word_1_440' title='bbox 2830 2101 2882 2154; x_wconf 93' lang='lat' dir='ltr'><strong>in</strong></span> <span class='ocrx_word' id='word_1_441' title='bbox 2925 2100 3129 2155; x_wconf 83' lang='lat' dir='ltr'><strong>eisdem</strong></span> <span class='ocrx_word' id='word_1_442' title='bbox 3171 2101 3501 2179; x_wconf 86' lang='lat' dir='ltr'><strong>temporibus</strong></span> 
     </span>
    </p>
   </div>
   <div class='ocr_carea' id='block_1_63' title="bbox 1922 2193 3501 2260">
    <p class='ocr_par' dir='ltr' id='par_1_63' title="bbox 1922 2193 3501 2260">
     <span class='ocr_line' id='line_1_63' title="bbox 1922 2193 3501 2260; baseline 0 -10"><span class='ocrx_word' id='word_1_443' title='bbox 1922 2194 2182 2250; x_wconf 76' lang='lat' dir='ltr'><strong>festivitas</strong></span> <span class='ocrx_word' id='word_1_444' title='bbox 2211 2196 2470 2260; x_wconf 88' lang='lat' dir='ltr'><strong>evenerit,</strong></span> <span class='ocrx_word' id='word_1_445' title='bbox 2523 2195 2824 2249; x_wconf 84' lang='lat' dir='ltr'><strong>dalmaticis</strong></span> <span class='ocrx_word' id='word_1_446' title='bbox 2861 2204 2917 2248; x_wconf 91' lang='lat' dir='ltr'><strong>et</strong></span> <span class='ocrx_word' id='word_1_447' title='bbox 2965 2194 3192 2258; x_wconf 87' lang='lat' dir='ltr'><strong>tunicis;</strong></span> <span class='ocrx_word' id='word_1_448' title='bbox 3245 2193 3501 2249; x_wconf 86' lang='lat' dir='ltr'><strong>similiter</strong></span> 
     </span>
    </p>
   </div>
   <div class='ocr_carea' id='block_1_64' title="bbox 1919 2285 3498 2353">
    <p class='ocr_par' dir='ltr' id='par_1_64' title="bbox 1919 2285 3498 2353">
     <span class='ocr_line' id='line_1_64' title="bbox 1919 2285 3498 2353; baseline -0.001 -11"><span class='ocrx_word' id='word_1_449' title='bbox 1919 2289 1972 2342; x_wconf 91' lang='lat' dir='ltr'><strong>in</strong></span> <span class='ocrx_word' id='word_1_450' title='bbox 2005 2288 2090 2343; x_wconf 91' lang='lat' dir='ltr'><strong>die</strong></span> <span class='ocrx_word' id='word_1_451' title='bbox 2121 2287 2324 2353; x_wconf 75' lang='lat' dir='ltr'><strong>Cmutc,</strong></span> <span class='ocrx_word' id='word_1_452' title='bbox 2355 2297 2408 2343; x_wconf 89' lang='lat' dir='ltr'><strong>et</strong></span> <span class='ocrx_word' id='word_1_453' title='bbox 2435 2286 2673 2342; x_wconf 66' lang='lat' dir='ltr'><strong>Sablxato</strong></span> <span class='ocrx_word' id='word_1_454' title='bbox 2701 2286 2938 2340; x_wconf 75' lang='lat' dir='ltr'><strong>Paschzc.</strong></span> <span class='ocrx_word' id='word_1_455' title='bbox 2970 2285 3022 2340; x_wconf 86' lang='lat' dir='ltr'><strong>in</strong></span> <span class='ocrx_word' id='word_1_456' title='bbox 3051 2285 3301 2340; x_wconf 88' lang='lat' dir='ltr'><strong>omnibus</strong></span> <span class='ocrx_word' id='word_1_457' title='bbox 3345 2285 3498 2341; x_wconf 82' lang='lat' dir='ltr'><strong>festis</strong></span> 
     </span>
    </p>
   </div>
   <div class='ocr_carea' id='block_1_65' title="bbox 1920 2375 3501 2453">
    <p class='ocr_par' dir='ltr' id='par_1_65' title="bbox 1920 2375 3501 2453">
     <span class='ocr_line' id='line_1_65' title="bbox 1920 2375 3501 2453; baseline -0.004 -18"><span class='ocrx_word' id='word_1_458' title='bbox 1920 2381 2212 2435; x_wconf 88' lang='lat' dir='ltr'><strong>induantur</strong></span> <span class='ocrx_word' id='word_1_459' title='bbox 2262 2381 2369 2433; x_wconf 91' lang='lat' dir='ltr'><strong>duo</strong></span> <span class='ocrx_word' id='word_1_460' title='bbox 2417 2379 2753 2434; x_wconf 80' lang='lat' dir='ltr'><strong>ceroferarii.</strong></span> <span class='ocrx_word' id='word_1_461' title='bbox 2794 2376 3085 2443; x_wconf 79' lang='lat' dir='ltr'><strong>Graduale,</strong></span> <span class='ocrx_word' id='word_1_462' title='bbox 3123 2376 3374 2441; x_wconf 77' lang='lat' dir='ltr'><strong>Alleluia,</strong></span> <span class='ocrx_word' id='word_1_463' title='bbox 3411 2375 3501 2453; x_wconf 84' lang='lat' dir='ltr'><strong>‘vel</strong></span> 
     </span>
    </p>
   </div>
   <div class='ocr_carea' id='block_1_66' title="bbox 1921 2460 3501 2540">
    <p class='ocr_par' dir='ltr' id='par_1_66' title="bbox 1921 2460 3501 2540">
     <span class='ocr_line' id='line_1_66' title="bbox 1921 2460 3501 2540; baseline -0.004 -13"><span class='ocrx_word' id='word_1_464' title='bbox 1921 2481 2152 2527; x_wconf 82' lang='lat' dir='ltr'><strong>tractum</strong></span> <span class='ocrx_word' id='word_1_465' title='bbox 2185 2471 2298 2526; x_wconf 90' lang='lat' dir='ltr'><strong>bini</strong></span> <span class='ocrx_word' id='word_1_466' title='bbox 2326 2482 2380 2526; x_wconf 89' lang='lat' dir='ltr'><strong>et</strong></span> <span class='ocrx_word' id='word_1_467' title='bbox 2411 2471 2521 2525; x_wconf 91' lang='lat' dir='ltr'><strong>bini</strong></span> <span class='ocrx_word' id='word_1_468' title='bbox 2567 2471 2861 2526; x_wconf 84' lang='lat' dir='ltr'><strong>cantabunt</strong></span> <span class='ocrx_word' id='word_1_469' title='bbox 2900 2460 3094 2523; x_wconf 6' lang='lat' dir='ltr'><strong>clerici,</strong></span> <span class='ocrx_word' id='word_1_470' title='bbox 3131 2469 3265 2540; x_wconf 88' lang='lat'><strong>(87).</strong></span> <span class='ocrx_word' id='word_1_471' title='bbox 3318 2467 3501 2522; x_wconf 84' lang='lat' dir='ltr'><strong>Gloria</strong></span> 
     </span>
    </p>
   </div>
   <div class='ocr_carea' id='block_1_67' title="bbox 1917 2558 3502 2629">
    <p class='ocr_par' dir='ltr' id='par_1_67' title="bbox 1917 2558 3502 2629">
     <span class='ocr_line' id='line_1_67' title="bbox 1917 2558 3502 2629; baseline -0.001 -15"><span class='ocrx_word' id='word_1_472' title='bbox 1917 2562 1970 2614; x_wconf 84' lang='lat' dir='ltr'><strong>in</strong></span> <span class='ocrx_word' id='word_1_473' title='bbox 2002 2561 2242 2624; x_wconf 75' lang='lat' dir='ltr'><strong>excelsis,</strong></span> <span class='ocrx_word' id='word_1_474' title='bbox 2277 2561 2326 2614; x_wconf 90' lang='lat' dir='ltr'><strong>in</strong></span> <span class='ocrx_word' id='word_1_475' title='bbox 2355 2559 2509 2615; x_wconf 86' lang='lat' dir='ltr'><strong>festis</strong></span> <span class='ocrx_word' id='word_1_476' title='bbox 2538 2571 2764 2629; x_wconf 81' lang='lat' dir='ltr'><strong>excepto</strong></span> <span class='ocrx_word' id='word_1_477' title='bbox 2794 2560 3065 2624; x_wconf 83' lang='lat' dir='ltr'><strong>Adventu,</strong></span> <span class='ocrx_word' id='word_1_478' title='bbox 3106 2569 3161 2614; x_wconf 91' lang='lat' dir='ltr'><strong>et</strong></span> <span class='ocrx_word' id='word_1_479' title='bbox 3185 2558 3502 2628; x_wconf 80' lang='lat' dir='ltr'><strong>Quadragc-</strong></span> 
     </span>
    </p>
   </div>
   <div class='ocr_carea' id='block_1_68' title="bbox 1919 2651 3502 2723">
    <p class='ocr_par' dir='ltr' id='par_1_68' title="bbox 1919 2651 3502 2723">
     <span class='ocr_line' id='line_1_68' title="bbox 1919 2651 3502 2723; baseline 0 -17"><span class='ocrx_word' id='word_1_480' title='bbox 1919 2654 2066 2706; x_wconf 70' lang='lat' dir='ltr'><strong>s&#39;tnm</strong></span> <span class='ocrx_word' id='word_1_481' title='bbox 2091 2660 2350 2721; x_wconf 84' lang='lat' dir='ltr'><strong>tempore,</strong></span> <span class='ocrx_word' id='word_1_482' title='bbox 2392 2667 2604 2720; x_wconf 89' lang='lat' dir='ltr'><strong>semper</strong></span> <span class='ocrx_word' id='word_1_483' title='bbox 2635 2661 2753 2722; x_wconf 90' lang='lat' dir='ltr'><strong>post</strong></span> <span class='ocrx_word' id='word_1_484' title='bbox 2796 2651 2960 2723; x_wconf 81' lang='lat' dir='ltr'><strong>Kyrie</strong></span> <span class='ocrx_word' id='word_1_485' title='bbox 2995 2652 3210 2717; x_wconf 83' lang='lat' dir='ltr'><strong>eleison,</strong></span> <span class='ocrx_word' id='word_1_486' title='bbox 3245 2653 3502 2712; x_wconf 87' lang='lat' dir='ltr'><strong>sacerdos</strong></span> 
     </span>
    </p>
   </div>
   <div class='ocr_carea' id='block_1_69' title="bbox 1919 2743 3498 2816">
    <p class='ocr_par' dir='ltr' id='par_1_69' title="bbox 1919 2743 3498 2816">
     <span class='ocr_line' id='line_1_69' title="bbox 1919 2743 3498 2816; baseline -0.003 -19"><span class='ocrx_word' id='word_1_487' title='bbox 1919 2743 2274 2812; x_wconf 82' lang='lat' dir='ltr'><strong>adorieutem</strong></span> <span class='ocrx_word' id='word_1_488' title='bbox 2301 2760 2487 2798; x_wconf 87' lang='lat' dir='ltr'><strong>versus</strong></span> <span class='ocrx_word' id='word_1_489' title='bbox 2511 2744 2754 2812; x_wconf 83' lang='lat' dir='ltr'><strong>incipiat,</strong></span> <span class='ocrx_word' id='word_1_490' title='bbox 2779 2745 2920 2813; x_wconf 84' lang='lat' dir='ltr'><strong>quod</strong></span> <span class='ocrx_word' id='word_1_491' title='bbox 2949 2743 3310 2813; x_wconf 82' lang='lat' dir='ltr'><strong>Telesphorus</strong></span> <span class='ocrx_word' id='word_1_492' title='bbox 3338 2758 3498 2816; x_wconf 81' lang='lat' dir='ltr'><strong>papa,</strong></span> 
     </span>
    </p>
   </div>
   <div class='ocr_carea' id='block_1_70' title="bbox 1919 2835 3502 2914">
    <p class='ocr_par' dir='ltr' id='par_1_70' title="bbox 1919 2835 3502 2914">
     <span class='ocr_line' id='line_1_70' title="bbox 1919 2835 3502 2914; baseline 0.002 -26"><span class='ocrx_word' id='word_1_493' title='bbox 1919 2850 1979 2888; x_wconf 89' lang='lat' dir='ltr'><strong>ea</strong></span> <span class='ocrx_word' id='word_1_494' title='bbox 2019 2851 2137 2904; x_wconf 74' lang='lat' dir='ltr'><strong>quze</strong></span> <span class='ocrx_word' id='word_1_495' title='bbox 2168 2835 2491 2906; x_wconf 79' lang='lat' dir='ltr'><strong>angelicam’</strong></span> <span class='ocrx_word' id='word_1_496' title='bbox 2543 2848 2944 2908; x_wconf 87' lang='lat' dir='ltr'><strong>prosequuntur</strong></span> <span class='ocrx_word' id='word_1_497' title='bbox 2983 2835 3304 2914; x_wconf 67' lang='lat' dir='ltr'><strong>adiiciendo,</strong></span> <span class='ocrx_word' id='word_1_498' title='bbox 3348 2835 3502 2891; x_wconf 87' lang='lat' dir='ltr'><strong>insti-</strong></span> 
     </span>
    </p>
   </div>
   <div class='ocr_carea' id='block_1_71' title="bbox 1920 2925 3502 2998">
    <p class='ocr_par' dir='ltr' id='par_1_71' title="bbox 1920 2925 3502 2998">
     <span class='ocr_line' id='line_1_71' title="bbox 1920 2925 3502 2998; baseline 0.001 -19"><span class='ocrx_word' id='word_1_499' title='bbox 1920 2927 2051 2996; x_wconf 84' lang='lat' dir='ltr'><strong>tuit;</strong></span> <span class='ocrx_word' id='word_1_500' title='bbox 2082 2937 2135 2979; x_wconf 89' lang='lat' dir='ltr'><strong>et</strong></span> <span class='ocrx_word' id='word_1_501' title='bbox 2157 2927 2514 2998; x_wconf 78' lang='lat' dir='ltr'><strong>Symmachus</strong></span> <span class='ocrx_word' id='word_1_502' title='bbox 2538 2943 2673 2997; x_wconf 90' lang='lat' dir='ltr'><strong>papa</strong></span> <span class='ocrx_word' id='word_1_503' title='bbox 2705 2927 2848 2992; x_wconf 86' lang='lat' dir='ltr'><strong>omni</strong></span> <span class='ocrx_word' id='word_1_504' title='bbox 2880 2928 2964 2980; x_wconf 84' lang='lat' dir='ltr'><strong>die</strong></span> <span class='ocrx_word' id='word_1_505' title='bbox 2989 2925 3282 2989; x_wconf 90' lang='lat' dir='ltr'><strong>Dominica,</strong></span> <span class='ocrx_word' id='word_1_506' title='bbox 3309 2935 3362 2980; x_wconf 88' lang='lat' dir='ltr'><strong>ct</strong></span> <span class='ocrx_word' id='word_1_507' title='bbox 3407 2942 3502 2980; x_wconf 86' lang='lat' dir='ltr'><strong>na-</strong></span> 
     </span>
    </p>
   </div>
   <div class='ocr_carea' id='block_1_72' title="bbox 1922 3013 3500 3092">
    <p class='ocr_par' dir='ltr' id='par_1_72' title="bbox 1922 3013 3500 3092">
     <span class='ocr_line' id='line_1_72' title="bbox 1922 3013 3500 3092; baseline 0.002 -23"><span class='ocrx_word' id='word_1_508' title='bbox 1922 3017 2110 3072; x_wconf 89' lang='lat' dir='ltr'><strong>talitiis</strong></span> <span class='ocrx_word' id='word_1_509' title='bbox 2134 3027 2427 3089; x_wconf 72' lang='lat' dir='ltr'><strong>martyrum</strong></span> <span class='ocrx_word' id='word_1_510' title='bbox 2459 3027 2680 3071; x_wconf 88' lang='lat' dir='ltr'><strong>cantare</strong></span> <span class='ocrx_word' id='word_1_511' title='bbox 2700 3016 2956 3086; x_wconf 79' lang='lat' dir='ltr'><strong>praecepit</strong></span> <span class='ocrx_word' id='word_1_512' title='bbox 2976 3015 3119 3087; x_wconf 81' lang='lat'><strong>(88);</strong></span> <span class='ocrx_word' id='word_1_513' title='bbox 3146 3027 3199 3071; x_wconf 89' lang='lat' dir='ltr'><strong>et</strong></span> <span class='ocrx_word' id='word_1_514' title='bbox 3226 3016 3303 3092; x_wconf 86' lang='lat' dir='ltr'><strong>sic</strong></span> <span class='ocrx_word' id='word_1_515' title='bbox 3328 3013 3500 3092; x_wconf 83' lang='lat' dir='ltr'><strong>altare</strong></span> 
     </span>
    </p>
   </div>
   <div class='ocr_carea' id='block_1_73' title="bbox 1921 3099 3498 3182">
    <p class='ocr_par' dir='ltr' id='par_1_73' title="bbox 1921 3099 3498 3182">
     <span class='ocr_line' id='line_1_73' title="bbox 1921 3099 3498 3182; baseline -0.001 -22"><span class='ocrx_word' id='word_1_516' title='bbox 1921 3107 2274 3182; x_wconf 75' lang='lat' dir='ltr'><strong>iuceusaudo,</strong></span> <span class='ocrx_word' id='word_1_517' title='bbox 2329 3118 2540 3162; x_wconf 84' lang='lat' dir='ltr'><strong>secrete</strong></span> <span class='ocrx_word' id='word_1_518' title='bbox 2590 3124 2713 3162; x_wconf 87' lang='lat' dir='ltr'><strong>cum</strong></span> <span class='ocrx_word' id='word_1_519' title='bbox 2760 3107 3022 3161; x_wconf 83' lang='lat' dir='ltr'><strong>ministris</strong></span> <span class='ocrx_word' id='word_1_520' title='bbox 3050 3099 3275 3161; x_wconf 81' lang='lat' dir='ltr'><strong>dicendo</strong></span> <span class='ocrx_word' id='word_1_521' title='bbox 3310 3105 3498 3160; x_wconf 87' lang='lat' dir='ltr'><strong>ﬁniat:</strong></span> 
     </span>
    </p>
   </div>
   <div class='ocr_carea' id='block_1_74' title="bbox 1919 3195 3502 3269">
    <p class='ocr_par' dir='ltr' id='par_1_74' title="bbox 1919 3195 3502 3269">
     <span class='ocr_line' id='line_1_74' title="bbox 1919 3195 3502 3269; baseline -0.001 -17"><span class='ocrx_word' id='word_1_522' title='bbox 1919 3207 2040 3269; x_wconf 90' lang='lat' dir='ltr'><strong>post</strong></span> <span class='ocrx_word' id='word_1_523' title='bbox 2066 3215 2183 3268; x_wconf 82' lang='lat' dir='ltr'><strong>quae</strong></span> <span class='ocrx_word' id='word_1_524' title='bbox 2220 3200 2271 3252; x_wconf 92' lang='lat' dir='ltr'><strong>in</strong></span> <span class='ocrx_word' id='word_1_525' title='bbox 2319 3197 2436 3253; x_wconf 87' lang='lat' dir='ltr'><strong>loco</strong></span> <span class='ocrx_word' id='word_1_526' title='bbox 2465 3214 2560 3253; x_wconf 90' lang='lat' dir='ltr'><strong>suo</strong></span> <span class='ocrx_word' id='word_1_527' title='bbox 2597 3198 2750 3268; x_wconf 86' lang='lat' dir='ltr'><strong>juxta</strong></span> <span class='ocrx_word' id='word_1_528' title='bbox 2787 3197 2955 3251; x_wconf 86' lang='lat' dir='ltr'><strong>altare</strong></span> <span class='ocrx_word' id='word_1_529' title='bbox 3001 3197 3248 3262; x_wconf 72' lang='lat' dir='ltr'><strong>resideat,</strong></span> <span class='ocrx_word' id='word_1_530' title='bbox 3297 3206 3352 3250; x_wconf 88' lang='lat' dir='ltr'><strong>et</strong></span> <span class='ocrx_word' id='word_1_531' title='bbox 3389 3195 3502 3250; x_wconf 82' lang='lat' dir='ltr'><strong>dia-</strong></span> 
     </span>
    </p>
   </div>
   <div class='ocr_carea' id='block_1_75' title="bbox 1919 3285 3496 3357">
    <p class='ocr_par' dir='ltr' id='par_1_75' title="bbox 1919 3285 3496 3357">
     <span class='ocr_line' id='line_1_75' title="bbox 1919 3285 3496 3357; baseline -0.003 -13"><span class='ocrx_word' id='word_1_532' title='bbox 1919 3305 2057 3344; x_wconf 81' lang='lat' dir='ltr'><strong>cono</strong></span> <span class='ocrx_word' id='word_1_533' title='bbox 2098 3290 2368 3342; x_wconf 71' lang='lat' dir='ltr'><strong>licentiam</strong></span> <span class='ocrx_word' id='word_1_534' title='bbox 2395 3288 2618 3342; x_wconf 84' lang='lat' dir='ltr'><strong>sedendi</strong></span> <span class='ocrx_word' id='word_1_535' title='bbox 2650 3288 2870 3341; x_wconf 90' lang='lat' dir='ltr'><strong>tribuat.</strong></span> <span class='ocrx_word' id='word_1_536' title='bbox 2901 3285 3167 3357; x_wconf 77' lang='lat' dir='ltr'><strong>llymnum</strong></span> <span class='ocrx_word' id='word_1_537' title='bbox 3201 3291 3327 3352; x_wconf 85' lang='lat' dir='ltr'><strong>vero</strong></span> <span class='ocrx_word' id='word_1_538' title='bbox 3355 3300 3496 3354; x_wconf 53' lang='lat' dir='ltr'><strong>prce-</strong></span> 
     </span>
    </p>
   </div>
   <div class='ocr_carea' id='block_1_76' title="bbox 1919 3377 3494 3453">
    <p class='ocr_par' dir='ltr' id='par_1_76' title="bbox 1919 3377 3494 3453">
     <span class='ocr_line' id='line_1_76' title="bbox 1919 3377 3494 3453; baseline -0.003 -21"><span class='ocrx_word' id='word_1_539' title='bbox 1919 3378 2085 3444; x_wconf 81' lang='lat' dir='ltr'><strong>fatum</strong></span> <span class='ocrx_word' id='word_1_540' title='bbox 2115 3380 2310 3432; x_wconf 89' lang='lat' dir='ltr'><strong>chorus</strong></span> <span class='ocrx_word' id='word_1_541' title='bbox 2335 3378 2624 3432; x_wconf 85' lang='lat' dir='ltr'><strong>celebriter</strong></span> <span class='ocrx_word' id='word_1_542' title='bbox 2645 3379 2887 3453; x_wconf 85' lang='lat' dir='ltr'><strong>canendo</strong></span> <span class='ocrx_word' id='word_1_543' title='bbox 2912 3378 3146 3447; x_wconf 82' lang='lat' dir='ltr'><strong>expleat.</strong></span> <span class='ocrx_word' id='word_1_544' title='bbox 3169 3377 3319 3432; x_wconf 90' lang='lat' dir='ltr'><strong>Dicto</strong></span> <span class='ocrx_word' id='word_1_545' title='bbox 3339 3377 3494 3447; x_wconf 78' lang='lat' dir='ltr'><strong>bym-</strong></span> 
     </span>
    </p>
   </div>
   <div class='ocr_carea' id='block_1_77' title="bbox 1921 3463 3501 3545">
    <p class='ocr_par' dir='ltr' id='par_1_77' title="bbox 1921 3463 3501 3545">
     <span class='ocr_line' id='line_1_77' title="bbox 1921 3463 3501 3545; baseline -0.004 -21"><span class='ocrx_word' id='word_1_546' title='bbox 1921 3484 2010 3534; x_wconf 89' lang='lat' dir='ltr'><strong>no,</strong></span> <span class='ocrx_word' id='word_1_547' title='bbox 2052 3471 2307 3524; x_wconf 68' lang='lat' dir='ltr'><strong>sacerdos</strong></span> <span class='ocrx_word' id='word_1_548' title='bbox 2338 3463 2571 3523; x_wconf 82' lang='lat' dir='ltr'><strong>salutato</strong></span> <span class='ocrx_word' id='word_1_549' title='bbox 2598 3467 2792 3539; x_wconf 86' lang='lat' dir='ltr'><strong>pepnio</strong></span> <span class='ocrx_word' id='word_1_550' title='bbox 2815 3469 3120 3523; x_wconf 82' lang='lat' dir='ltr'><strong>Orationem</strong></span> <span class='ocrx_word' id='word_1_551' title='bbox 3153 3469 3317 3522; x_wconf 88' lang='lat' dir='ltr'><strong>dicat.</strong></span> <span class='ocrx_word' id='word_1_552' title='bbox 3356 3465 3501 3545; x_wconf 81' lang='lat' dir='ltr'><strong>Ordo</strong></span> 
     </span>
    </p>
   </div>
   <div class='ocr_carea' id='block_1_78' title="bbox 1921 3553 3501 3634">
    <p class='ocr_par' dir='ltr' id='par_1_78' title="bbox 1921 3553 3501 3634">
     <span class='ocr_line' id='line_1_78' title="bbox 1921 3553 3501 3634; baseline -0.001 -20"><span class='ocrx_word' id='word_1_553' title='bbox 1921 3577 2048 3614; x_wconf 85' lang='lat' dir='ltr'><strong>vero</strong></span> <span class='ocrx_word' id='word_1_554' title='bbox 2073 3561 2249 3614; x_wconf 72' lang='lat' dir='ltr'><strong>missa:</strong></span> <span class='ocrx_word' id='word_1_555' title='bbox 2273 3576 2430 3630; x_wconf 86' lang='lat' dir='ltr'><strong>supra</strong></span> <span class='ocrx_word' id='word_1_556' title='bbox 2459 3553 2692 3630; x_wconf 88' lang='lat' dir='ltr'><strong>scriptus</strong></span> <span class='ocrx_word' id='word_1_557' title='bbox 2723 3560 2752 3595; x_wconf 70' lang='lat'>&quot;</span> <span class='ocrx_word' id='word_1_558' title='bbox 2774 3575 2870 3630; x_wconf 87' lang='lat' dir='ltr'><strong>per</strong></span> <span class='ocrx_word' id='word_1_559' title='bbox 2902 3570 3070 3634; x_wconf 84' lang='lat' dir='ltr'><strong>totum</strong></span> <span class='ocrx_word' id='word_1_560' title='bbox 3102 3562 3363 3627; x_wconf 75' lang='lat' dir='ltr'><strong>servetur.</strong></span> <span class='ocrx_word' id='word_1_561' title='bbox 3396 3557 3501 3613; x_wconf 76' lang='lat' dir='ltr'><strong>Sel</strong></span> 
     </span>
    </p>
   </div>
   <div class='ocr_carea' id='block_1_79' title="bbox 1918 3637 3502 3724">
    <p class='ocr_par' dir='ltr' id='par_1_79' title="bbox 1918 3637 3502 3724">
     <span class='ocr_line' id='line_1_79' title="bbox 1918 3637 3502 3724; baseline -0.001 -18"><span class='ocrx_word' id='word_1_562' title='bbox 1918 3652 1973 3706; x_wconf 88' lang='lat' dir='ltr'><strong>in</strong></span> <span class='ocrx_word' id='word_1_563' title='bbox 2029 3653 2120 3706; x_wconf 90' lang='lat' dir='ltr'><strong>his.</strong></span> <span class='ocrx_word' id='word_1_564' title='bbox 2159 3653 2359 3707; x_wconf 82' lang='lat' dir='ltr'><strong>diebus</strong></span> <span class='ocrx_word' id='word_1_565' title='bbox 2393 3651 2525 3724; x_wconf 72' lang='lat'><strong>(39),</strong></span> <span class='ocrx_word' id='word_1_566' title='bbox 2559 3651 2727 3706; x_wconf 75' lang='lat' dir='ltr'><strong>Credo</strong></span> <span class='ocrx_word' id='word_1_567' title='bbox 2751 3655 2804 3706; x_wconf 84' lang='lat' dir='ltr'><strong>iu</strong></span> <span class='ocrx_word' id='word_1_568' title='bbox 2833 3637 2990 3706; x_wconf 82' lang='lat' dir='ltr'><strong>unum</strong></span> <span class='ocrx_word' id='word_1_569' title='bbox 3033 3652 3221 3715; x_wconf 83' lang='lat' dir='ltr'><strong>Deum,</strong></span> <span class='ocrx_word' id='word_1_570' title='bbox 3262 3668 3288 3704; x_wconf 91' lang='lat' dir='ltr'><strong>a</strong></span> <span class='ocrx_word' id='word_1_571' title='bbox 3323 3666 3502 3705; x_wconf 54' lang='grc' dir='ltr'><strong>επιει-</strong></span> 
     </span>
    </p>
   </div>
   <div class='ocr_carea' id='block_1_80' title="bbox 1919 3729 3503 3811">
    <p class='ocr_par' dir='ltr' id='par_1_80' title="bbox 1919 3729 3503 3811">
     <span class='ocr_line' id='line_1_80' title="bbox 1919 3729 3503 3811; baseline 0.001 -18"><span class='ocrx_word' id='word_1_572' title='bbox 1919 3741 2042 3794; x_wconf 91' lang='lat' dir='ltr'><strong>dote</strong></span> <span class='ocrx_word' id='word_1_573' title='bbox 2068 3742 2362 3811; x_wconf 73' lang='lat' dir='ltr'><strong>inemptum</strong></span> <span class='ocrx_word' id='word_1_574' title='bbox 2390 3741 2732 3804; x_wconf 79' lang='lat' dir='ltr'><strong>cantabitur,</strong></span> <span class='ocrx_word' id='word_1_575' title='bbox 2768 3729 2975 3795; x_wconf 87' lang='lat' dir='ltr'><strong>scilicet</strong></span> <span class='ocrx_word' id='word_1_576' title='bbox 3020 3739 3270 3794; x_wconf 67' lang='lat' dir='ltr'><strong>omnibus</strong></span> <span class='ocrx_word' id='word_1_577' title='bbox 3316 3739 3503 3794; x_wconf 87' lang='lat' dir='ltr'><strong>diebus</strong></span> 
     </span>
    </p>
   </div>
   <div class='ocr_carea' id='block_1_81' title="bbox 1921 3828 3503 3898">
    <p class='ocr_par' dir='ltr' id='par_1_81' title="bbox 1921 3828 3503 3898">
     <span class='ocr_line' id='line_1_81' title="bbox 1921 3828 3503 3898; baseline 0.001 -16"><span class='ocrx_word' id='word_1_578' title='bbox 1921 3828 2233 3892; x_wconf 89' lang='lat' dir='ltr'><strong>Dominicis,</strong></span> <span class='ocrx_word' id='word_1_579' title='bbox 2263 3828 2374 3898; x_wconf 76' lang='grc'>28</span> <span class='ocrx_word' id='word_1_580' title='bbox 2398 3835 2453 3882; x_wconf 89' lang='lat' dir='ltr'><strong>et</strong></span> <span class='ocrx_word' id='word_1_581' title='bbox 2479 3837 2602 3883; x_wconf 92' lang='lat' dir='ltr'><strong>octo</strong></span> <span class='ocrx_word' id='word_1_582' title='bbox 2641 3829 2831 3884; x_wconf 88' lang='lat' dir='ltr'><strong>diebus</strong></span> <span class='ocrx_word' id='word_1_583' title='bbox 2876 3828 3116 3895; x_wconf 76' lang='lat' dir='ltr'><strong>Paschte,</strong></span> <span class='ocrx_word' id='word_1_584' title='bbox 3147 3838 3202 3884; x_wconf 88' lang='lat' dir='ltr'><strong>et</strong></span> <span class='ocrx_word' id='word_1_585' title='bbox 3239 3829 3503 3884; x_wconf 75' lang='lat' dir='ltr'><strong>Penteco-</strong></span> 
     </span>
    </p>
   </div>
   <div class='ocr_carea' id='block_1_82' title="bbox 1923 3917 3503 3995">
    <p class='ocr_par' dir='ltr' id='par_1_82' title="bbox 1923 3917 3503 3995">
     <span class='ocr_line' id='line_1_82' title="bbox 1923 3917 3503 3995; baseline 0.002 -23"><span class='ocrx_word' id='word_1_586' title='bbox 1923 3928 2053 3984; x_wconf 88' lang='lat' dir='ltr'><strong>stes,</strong></span> <span class='ocrx_word' id='word_1_587' title='bbox 2085 3928 2138 3973; x_wconf 91' lang='lat' dir='ltr'><strong>et</strong></span> <span class='ocrx_word' id='word_1_588' title='bbox 2167 3917 2475 3972; x_wconf 79' lang='lat' dir='ltr'><strong>Nativitatis</strong></span> <span class='ocrx_word' id='word_1_589' title='bbox 2523 3919 2754 3985; x_wconf 90' lang='lat' dir='ltr'><strong>Domini,</strong></span> <span class='ocrx_word' id='word_1_590' title='bbox 2805 3931 2859 3974; x_wconf 88' lang='lat' dir='ltr'><strong>et</strong></span> <span class='ocrx_word' id='word_1_591' title='bbox 2890 3921 2941 3995; x_wconf 87' lang='lat' dir='ltr'><strong>in</strong></span> <span class='ocrx_word' id='word_1_592' title='bbox 2974 3920 3060 3974; x_wconf 92' lang='lat' dir='ltr'><strong>die</strong></span> <span class='ocrx_word' id='word_1_593' title='bbox 3103 3920 3415 3989; x_wconf 73' lang='lat' dir='ltr'><strong>Epiphania:</strong></span> <span class='ocrx_word' id='word_1_594' title='bbox 3452 3927 3503 3975; x_wconf 85' lang='lat' dir='ltr'><strong>et</strong></span> 
     </span>
    </p>
   </div>
   <div class='ocr_carea' id='block_1_83' title="bbox 1919 4007 3499 4080">
    <p class='ocr_par' dir='ltr' id='par_1_83' title="bbox 1919 4007 3499 4080">
     <span class='ocr_line' id='line_1_83' title="bbox 1919 4007 3499 4080; baseline -0.002 -14"><span class='ocrx_word' id='word_1_595' title='bbox 1919 4007 2289 4076; x_wconf 84' lang='lat' dir='ltr'><strong>Ascensionis,</strong></span> <span class='ocrx_word' id='word_1_596' title='bbox 2337 4019 2392 4066; x_wconf 90' lang='lat' dir='ltr'><strong>et</strong></span> <span class='ocrx_word' id='word_1_597' title='bbox 2438 4011 2491 4065; x_wconf 91' lang='lat' dir='ltr'><strong>in</strong></span> <span class='ocrx_word' id='word_1_598' title='bbox 2554 4011 2764 4065; x_wconf 90' lang='lat' dir='ltr'><strong>cunctis</strong></span> <span class='ocrx_word' id='word_1_599' title='bbox 2817 4021 3019 4076; x_wconf 75' lang='lat' dir='ltr'><strong>sancta:</strong></span> <span class='ocrx_word' id='word_1_600' title='bbox 3087 4011 3267 4066; x_wconf 54' lang='grc' dir='ltr'><strong>Μαικία*</strong></span> <span class='ocrx_word' id='word_1_601' title='bbox 3329 4011 3499 4080; x_wconf 78' lang='lat' dir='ltr'><strong>festis,</strong></span> 
     </span>
    </p>
   </div>
   <div class='ocr_carea' id='block_1_84' title="bbox 1919 4100 3501 4172">
    <p class='ocr_par' dir='ltr' id='par_1_84' title="bbox 1919 4100 3501 4172">
     <span class='ocr_line' id='line_1_84' title="bbox 1919 4100 3501 4172; baseline -0.002 -12"><span class='ocrx_word' id='word_1_602' title='bbox 1919 4112 2144 4172; x_wconf 87' lang='lat' dir='ltr'><strong>excepta</strong></span> <span class='ocrx_word' id='word_1_603' title='bbox 2182 4101 2638 4166; x_wconf 81' lang='lat' dir='ltr'><strong>Annuntiatione,</strong></span> <span class='ocrx_word' id='word_1_604' title='bbox 2680 4109 2734 4156; x_wconf 88' lang='lat' dir='ltr'><strong>et</strong></span> <span class='ocrx_word' id='word_1_605' title='bbox 2780 4101 2952 4156; x_wconf 87' lang='lat' dir='ltr'><strong>sancti</strong></span> <span class='ocrx_word' id='word_1_606' title='bbox 2999 4100 3222 4156; x_wconf 84' lang='lat' dir='ltr'><strong>Joannis</strong></span> <span class='ocrx_word' id='word_1_607' title='bbox 3251 4102 3501 4170; x_wconf 65' lang='lat' dir='ltr'><strong>Baptistae</strong></span> 
     </span>
    </p>
   </div>
   <div class='ocr_carea' id='block_1_85' title="bbox 1921 4177 3498 4263">
    <p class='ocr_par' dir='ltr' id='par_1_85' title="bbox 1921 4177 3498 4263">
     <span class='ocr_line' id='line_1_85' title="bbox 1921 4177 3498 4263; baseline -0.001 -14"><span class='ocrx_word' id='word_1_608' title='bbox 1921 4193 2228 4259; x_wconf 87' lang='lat' dir='ltr'><strong>nativitatc,</strong></span> <span class='ocrx_word' id='word_1_609' title='bbox 2275 4194 2627 4263; x_wconf 90' lang='lat' dir='ltr'><strong>omniumque</strong></span> <span class='ocrx_word' id='word_1_610' title='bbox 2679 4191 3068 4262; x_wconf 89' lang='lat' dir='ltr'><strong>apostolorum,</strong></span> <span class='ocrx_word' id='word_1_611' title='bbox 3104 4177 3157 4247; x_wconf 87' lang='lat' dir='ltr'><strong>et</strong></span> <span class='ocrx_word' id='word_1_612' title='bbox 3198 4193 3255 4247; x_wconf 89' lang='lat' dir='ltr'><strong>S.</strong></span> <span class='ocrx_word' id='word_1_613' title='bbox 3290 4192 3498 4258; x_wconf 83' lang='lat' dir='ltr'><strong>Crucis,</strong></span> 
     </span>
    </p>
   </div>
   <div class='ocr_carea' id='block_1_86' title="bbox 1921 4282 3500 4359">
    <p class='ocr_par' dir='ltr' id='par_1_86' title="bbox 1921 4282 3500 4359">
     <span class='ocr_line' id='line_1_86' title="bbox 1921 4282 3500 4359; baseline -0.003 -17"><span class='ocrx_word' id='word_1_614' title='bbox 1921 4287 2204 4357; x_wconf 81' lang='lat' dir='ltr'><strong>sanctique</strong></span> <span class='ocrx_word' id='word_1_615' title='bbox 2235 4284 2532 4350; x_wconf 81' lang='lat' dir='ltr'><strong>Michaelis,</strong></span> <span class='ocrx_word' id='word_1_616' title='bbox 2559 4295 2615 4338; x_wconf 91' lang='lat' dir='ltr'><strong>ct</strong></span> <span class='ocrx_word' id='word_1_617' title='bbox 2639 4284 2690 4338; x_wconf 91' lang='lat' dir='ltr'><strong>in</strong></span> <span class='ocrx_word' id='word_1_618' title='bbox 2722 4284 2972 4340; x_wconf 82' lang='lat' dir='ltr'><strong>Omnium</strong></span> <span class='ocrx_word' id='word_1_619' title='bbox 3000 4283 3321 4338; x_wconf 88' lang='lat' dir='ltr'><strong>Sanctorum</strong></span> <span class='ocrx_word' id='word_1_620' title='bbox 3341 4282 3500 4359; x_wconf 68' lang='lat' dir='ltr'><strong>festi-</strong></span> 
     </span>
    </p>
   </div>
   <div class='ocr_carea' id='block_1_87' title="bbox 1921 4371 3501 4437">
    <p class='ocr_par' dir='ltr' id='par_1_87' title="bbox 1921 4371 3501 4437">
     <span class='ocr_line' id='line_1_87' title="bbox 1921 4371 3501 4437; baseline 0.002 -12"><span class='ocrx_word' id='word_1_621' title='bbox 1921 4375 2120 4437; x_wconf 80' lang='lat' dir='ltr'><strong>vitate,</strong></span> <span class='ocrx_word' id='word_1_622' title='bbox 2171 4385 2228 4428; x_wconf 89' lang='lat' dir='ltr'><strong>et</strong></span> <span class='ocrx_word' id='word_1_623' title='bbox 2280 4374 2645 4430; x_wconf 87' lang='lat' dir='ltr'><strong>Dedicationis</strong></span> <span class='ocrx_word' id='word_1_624' title='bbox 2686 4373 2950 4432; x_wconf 77' lang='lat' dir='ltr'><strong>ecclesiae.</strong></span> <span class='ocrx_word' id='word_1_625' title='bbox 3001 4373 3235 4429; x_wconf 84' lang='lat' dir='ltr'><strong>Sabbato</strong></span> <span class='ocrx_word' id='word_1_626' title='bbox 3281 4371 3501 4428; x_wconf 74' lang='lat' dir='ltr'><strong>Paschze</strong></span> 
     </span>
    </p>
   </div>
   <div class='ocr_carea' id='block_1_88' title="bbox 245 4451 3502 4550">
    <p class='ocr_par' dir='ltr' id='par_1_88' title="bbox 245 4451 3502 4550">
     <span class='ocr_line' id='line_1_88' title="bbox 245 4451 3502 4550; baseline -0.003 -23"><span class='ocrx_word' id='word_1_627' title='bbox 245 4454 440 4550; x_wconf 52' lang='grc' dir='ltr'><strong>’ςῑίοτξίε</strong></span> <span class='ocrx_word' id='word_1_628' title='bbox 485 4457 733 4526; x_wconf 60' lang='lat' dir='ltr'><strong>corporis</strong></span> <span class='ocrx_word' id='word_1_629' title='bbox 784 4456 995 4510; x_wconf 69' lang='lat' dir='ltr'><strong>Domini</strong></span> <span class='ocrx_word' id='word_1_630' title='bbox 1056 4463 1278 4510; x_wconf 64' lang='lat' dir='ltr'><strong>camare</strong></span> <span class='ocrx_word' id='word_1_631' title='bbox 1331 4455 1614 4550; x_wconf 48' lang='lat' dir='ltr'><strong>Prif‘iepilo</strong></span> <span class='ocrx_word' id='word_1_632' title='bbox 1668 4451 1818 4520; x_wconf 65' lang='lat' dir='ltr'><strong>Ullus</strong></span> <span class='ocrx_word' id='word_1_633' title='bbox 1851 4492 1896 4550; x_wconf 76' lang='grc' dir='ltr'><strong>ο</strong></span> <span class='ocrx_word' id='word_1_634' title='bbox 1926 4467 2006 4522; x_wconf 89' lang='lat' dir='ltr'><strong>vel</strong></span> <span class='ocrx_word' id='word_1_635' title='bbox 2046 4467 2395 4523; x_wconf 77' lang='lat' dir='ltr'><strong>l’entccostes</strong></span> <span class='ocrx_word' id='word_1_636' title='bbox 2422 4483 2526 4522; x_wconf 92' lang='lat' dir='ltr'><strong>non</strong></span> <span class='ocrx_word' id='word_1_637' title='bbox 2553 4475 2830 4531; x_wconf 62' lang='lat' dir='ltr'><strong>cantetm‘,</strong></span> <span class='ocrx_word' id='word_1_638' title='bbox 2857 4481 3029 4536; x_wconf 86' lang='lat' dir='ltr'><strong>neque</strong></span> <span class='ocrx_word' id='word_1_639' title='bbox 3059 4466 3178 4536; x_wconf 88' lang='lat' dir='ltr'><strong>ullis</strong></span> <span class='ocrx_word' id='word_1_640' title='bbox 3207 4466 3326 4520; x_wconf 84' lang='lat' dir='ltr'><strong>aliis</strong></span> <span class='ocrx_word' id='word_1_641' title='bbox 3359 4465 3502 4519; x_wconf 81' lang='lat' dir='ltr'><strong>festi-</strong></span> 
     </span>
    </p>
   </div>
   <div class='ocr_carea' id='block_1_89' title="bbox 254 4543 1821 4614">
    <p class='ocr_par' dir='ltr' id='par_1_89' title="bbox 254 4543 1821 4614">
     <span class='ocr_line' id='line_1_89' title="bbox 254 4543 1821 4614; baseline 0 -17"><span class='ocrx_word' id='word_1_642' title='bbox 254 4543 380 4614; x_wconf 74' lang='lat' dir='ltr'><strong>Agni</strong></span> <span class='ocrx_word' id='word_1_643' title='bbox 420 4546 719 4602; x_wconf 86' lang='lat' dir='ltr'><strong>immulatio</strong></span> <span class='ocrx_word' id='word_1_644' title='bbox 777 4547 1038 4602; x_wconf 91' lang='lat' dir='ltr'><strong>mundum</strong></span> <span class='ocrx_word' id='word_1_645' title='bbox 1095 4546 1342 4601; x_wconf 90' lang='lat' dir='ltr'><strong>redemit.</strong></span> <span class='ocrx_word' id='word_1_646' title='bbox 1413 4543 1533 4612; x_wconf 87' lang='lat' dir='ltr'><strong>Quo</strong></span> <span class='ocrx_word' id='word_1_647' title='bbox 1586 4546 1821 4613; x_wconf 73' lang='lat' dir='ltr'><strong>inempto</strong></span> 
     </span>
    </p>
   </div>
   <div class='ocr_carea' id='block_1_90' title="bbox 256 4637 1823 4708">
    <p class='ocr_par' dir='ltr' id='par_1_90' title="bbox 256 4637 1823 4708">
     <span class='ocr_line' id='line_1_90' title="bbox 256 4637 1823 4708; baseline 0.001 -19"><span class='ocrx_word' id='word_1_648' title='bbox 256 4637 565 4693; x_wconf 84' lang='lat' dir='ltr'><strong>candelabra</strong></span> <span class='ocrx_word' id='word_1_649' title='bbox 615 4638 1003 4693; x_wconf 91' lang='lat' dir='ltr'><strong>illuminentur.</strong></span> <span class='ocrx_word' id='word_1_650' title='bbox 1033 4637 1168 4708; x_wconf 69' lang='grc' dir='ltr'><strong>Λειιί</strong></span> <span class='ocrx_word' id='word_1_651' title='bbox 1206 4637 1452 4707; x_wconf 85' lang='lat' dir='ltr'><strong>passione</strong></span> <span class='ocrx_word' id='word_1_652' title='bbox 1494 4637 1823 4692; x_wconf 91' lang='lat' dir='ltr'><strong>illuminatus</strong></span> 
     </span>
    </p>
   </div>
   <div class='ocr_carea' id='block_1_91' title="bbox 255 4729 1821 4802">
    <p class='ocr_par' dir='ltr' id='par_1_91' title="bbox 255 4729 1821 4802">
     <span class='ocr_line' id='line_1_91' title="bbox 255 4729 1821 4802; baseline 0.001 -22"><span class='ocrx_word' id='word_1_653' title='bbox 255 4736 331 4781; x_wconf 88' lang='lat' dir='ltr'><strong>est</strong></span> <span class='ocrx_word' id='word_1_654' title='bbox 371 4730 598 4786; x_wconf 85' lang='lat' dir='ltr'><strong>mundus</strong></span> <span class='ocrx_word' id='word_1_655' title='bbox 642 4729 776 4802; x_wconf 80' lang='grc'>(85).</span> <span class='ocrx_word' id='word_1_656' title='bbox 831 4729 1097 4786; x_wconf 83' lang='lat' dir='ltr'><strong>Diaconos</strong></span> <span class='ocrx_word' id='word_1_657' title='bbox 1124 4738 1301 4784; x_wconf 89' lang='lat' dir='ltr'><strong>autem</strong></span> <span class='ocrx_word' id='word_1_658' title='bbox 1345 4730 1388 4784; x_wconf 90' lang='lat' dir='ltr'><strong>si</strong></span> <span class='ocrx_word' id='word_1_659' title='bbox 1421 4729 1602 4784; x_wconf 84' lang='lat' dir='ltr'><strong>casula</strong></span> <span class='ocrx_word' id='word_1_660' title='bbox 1634 4729 1821 4794; x_wconf 85' lang='lat' dir='ltr'><strong>utitur,</strong></span> 
     </span>
    </p>
   </div>
   <div class='ocr_carea' id='block_1_92' title="bbox 258 4823 1822 4894">
    <p class='ocr_par' dir='ltr' id='par_1_92' title="bbox 258 4823 1822 4894">
     <span class='ocr_line' id='line_1_92' title="bbox 258 4823 1822 4894; baseline 0.005 -22"><span class='ocrx_word' id='word_1_661' title='bbox 258 4833 406 4887; x_wconf 89' lang='lat' dir='ltr'><strong>quam</strong></span> <span class='ocrx_word' id='word_1_662' title='bbox 435 4823 563 4888; x_wconf 90' lang='lat' dir='ltr'><strong>sibi,</strong></span> <span class='ocrx_word' id='word_1_663' title='bbox 589 4834 649 4879; x_wconf 89' lang='lat' dir='ltr'><strong>ut</strong></span> <span class='ocrx_word' id='word_1_664' title='bbox 677 4840 841 4894; x_wconf 85' lang='lat' dir='ltr'><strong>supra</strong></span> <span class='ocrx_word' id='word_1_665' title='bbox 866 4827 1126 4889; x_wconf 84' lang='lat' dir='ltr'><strong>diximus,</strong></span> <span class='ocrx_word' id='word_1_666' title='bbox 1158 4826 1610 4890; x_wconf 82' lang='lat' dir='ltr'><strong>circumdederat,</strong></span> <span class='ocrx_word' id='word_1_667' title='bbox 1635 4827 1822 4891; x_wconf 90' lang='lat' dir='ltr'><strong>choro,</strong></span> 
     </span>
    </p>
   </div>
   <div class='ocr_carea' id='block_1_93' title="bbox 259 4909 1825 4985">
    <p class='ocr_par' dir='ltr' id='par_1_93' title="bbox 259 4909 1825 4985">
     <span class='ocr_line' id='line_1_93' title="bbox 259 4909 1825 4985; baseline 0.006 -25"><span class='ocrx_word' id='word_1_668' title='bbox 259 4909 449 4979; x_wconf 77' lang='lat' dir='ltr'><strong>Agnus,</strong></span> <span class='ocrx_word' id='word_1_669' title='bbox 480 4914 565 4969; x_wconf 88' lang='lat' dir='ltr'><strong>bis</strong></span> <span class='ocrx_word' id='word_1_670' title='bbox 596 4926 891 4985; x_wconf 85' lang='lat' dir='ltr'><strong>repetente,</strong></span> <span class='ocrx_word' id='word_1_671' title='bbox 924 4918 1120 4972; x_wconf 86' lang='lat' dir='ltr'><strong>iterum</strong></span> <span class='ocrx_word' id='word_1_672' title='bbox 1153 4917 1355 4972; x_wconf 65' lang='lat' dir='ltr'><strong>induat.</strong></span> <span class='ocrx_word' id='word_1_673' title='bbox 1395 4917 1662 4974; x_wconf 87' lang='lat' dir='ltr'><strong>Sacerdos</strong></span> <span class='ocrx_word' id='word_1_674' title='bbox 1682 4915 1825 4970; x_wconf 88' lang='lat' dir='ltr'><strong>salu-</strong></span> 
     </span>
    </p>
   </div>
   <div class='ocr_carea' id='block_1_94' title="bbox 263 5003 1823 5074">
    <p class='ocr_par' dir='ltr' id='par_1_94' title="bbox 263 5003 1823 5074">
     <span class='ocr_line' id='line_1_94' title="bbox 263 5003 1823 5074; baseline 0.008 -25"><span class='ocrx_word' id='word_1_675' title='bbox 263 5003 364 5052; x_wconf 85' lang='lat' dir='ltr'><strong>tato</strong></span> <span class='ocrx_word' id='word_1_676' title='bbox 409 5005 604 5074; x_wconf 90' lang='lat' dir='ltr'><strong>populo</strong></span> <span class='ocrx_word' id='word_1_677' title='bbox 650 5007 946 5063; x_wconf 89' lang='lat' dir='ltr'><strong>orationem</strong></span> <span class='ocrx_word' id='word_1_678' title='bbox 974 5008 1140 5062; x_wconf 88' lang='lat' dir='ltr'><strong>dicat.</strong></span> <span class='ocrx_word' id='word_1_679' title='bbox 1188 5007 1286 5062; x_wconf 85' lang='lat' dir='ltr'><strong>Cui</strong></span> <span class='ocrx_word' id='word_1_680' title='bbox 1332 5010 1524 5063; x_wconf 80' lang='lat' dir='ltr'><strong>iterum</strong></span> <span class='ocrx_word' id='word_1_681' title='bbox 1567 5008 1823 5062; x_wconf 90' lang='lat' dir='ltr'><strong>salutanti</strong></span> 
     </span>
    </p>
   </div>
   <div class='ocr_carea' id='block_1_95' title="bbox 261 5093 1812 5168">
    <p class='ocr_par' dir='ltr' id='par_1_95' title="bbox 261 5093 1812 5168">
     <span class='ocr_line' id='line_1_95' title="bbox 261 5093 1812 5168; baseline 0.007 -23"><span class='ocrx_word' id='word_1_682' title='bbox 261 5093 528 5160; x_wconf 89' lang='lat' dir='ltr'><strong>populum,</strong></span> <span class='ocrx_word' id='word_1_683' title='bbox 560 5095 847 5161; x_wconf 84' lang='lat' dir='ltr'><strong>diaconus,</strong></span> <span class='ocrx_word' id='word_1_684' title='bbox 902 5098 1000 5162; x_wconf 84' lang='lat' dir='ltr'><strong>Ite,</strong></span> <span class='ocrx_word' id='word_1_685' title='bbox 1049 5097 1161 5168; x_wconf 77' lang='lat'><strong>26</strong></span> <span class='ocrx_word' id='word_1_686' title='bbox 1191 5100 1368 5163; x_wconf 70' lang='lat' dir='ltr'><strong>missa,</strong></span> <span class='ocrx_word' id='word_1_687' title='bbox 1425 5101 1669 5168; x_wconf 81' lang='lat' dir='ltr'><strong>tempore</strong></span> <span class='ocrx_word' id='word_1_688' title='bbox 1712 5113 1812 5156; x_wconf 91' lang='lat' dir='ltr'><strong>suo</strong></span> 
     </span>
    </p>
   </div>
   <div class='ocr_carea' id='block_1_96' title="bbox 262 5183 1824 5262">
    <p class='ocr_par' dir='ltr' id='par_1_96' title="bbox 262 5183 1824 5262">
     <span class='ocr_line' id='line_1_96' title="bbox 262 5183 1824 5262; baseline 0.008 -29"><span class='ocrx_word' id='word_1_689' title='bbox 262 5192 366 5246; x_wconf 90' lang='lat' dir='ltr'><strong>aut,</strong></span> <span class='ocrx_word' id='word_1_690' title='bbox 415 5183 790 5241; x_wconf 79' lang='lat' dir='ltr'><strong>Benedicamus</strong></span> <span class='ocrx_word' id='word_1_691' title='bbox 818 5188 1068 5252; x_wconf 82' lang='lat' dir='ltr'><strong>Domino,</strong></span> <span class='ocrx_word' id='word_1_692' title='bbox 1116 5191 1359 5244; x_wconf 86' lang='lat' dir='ltr'><strong>succinat</strong></span> <span class='ocrx_word' id='word_1_693' title='bbox 1386 5191 1521 5262; x_wconf 67' lang='lat' dir='ltr'><strong>(Si).</strong></span> <span class='ocrx_word' id='word_1_694' title='bbox 1554 5188 1708 5243; x_wconf 86' lang='lat' dir='ltr'><strong>Clero</strong></span> <span class='ocrx_word' id='word_1_695' title='bbox 1739 5205 1824 5245; x_wconf 87' lang='lat' dir='ltr'><strong>re-</strong></span> 
     </span>
    </p>
   </div>
   <div class='ocr_carea' id='block_1_97' title="bbox 262 5273 1392 5318">
    <p class='ocr_par' dir='ltr' id='par_1_97' title="bbox 262 5273 1392 5318">
     <span class='ocr_line' id='line_1_97' title="bbox 262 5273 1392 5318; baseline 0 0"><span class='ocrx_word' id='word_1_696' title='bbox 262 5273 562 5318; x_wconf 50' lang='lat' dir='ltr'><strong>smntlenlo</strong></span> <span class='ocrx_word' id='word_1_697' title='bbox 601 5274 703 5318; x_wconf 66' lang='lat' dir='ltr'><strong>&quot;an</strong></span> <span class='ocrx_word' id='word_1_698' title='bbox 727 5280 919 5318; x_wconf 74' lang='lat' dir='ltr'><strong>nrnh’nc</strong></span> <span class='ocrx_word' id='word_1_699' title='bbox 979 5278 1217 5318; x_wconf 70' lang='lat' dir='ltr'><strong>nﬂ‘minm</strong></span> <span class='ocrx_word' id='word_1_700' title='bbox 1247 5279 1392 5318; x_wconf 71' lang='lat' dir='ltr'><strong>liniot</strong></span> 
     </span>
    </p>
   </div>
   <div class='ocr_carea' id='block_1_98' title="bbox 1925 4557 3500 4633">
    <p class='ocr_par' dir='ltr' id='par_1_98' title="bbox 1925 4557 3500 4633">
     <span class='ocr_line' id='line_1_98' title="bbox 1925 4557 3500 4633; baseline -0.001 -21"><span class='ocrx_word' id='word_1_701' title='bbox 1925 4559 2211 4633; x_wconf 83' lang='lat' dir='ltr'><strong>vitalibus,</strong></span> <span class='ocrx_word' id='word_1_702' title='bbox 2240 4559 2334 4614; x_wconf 90' lang='lat' dir='ltr'><strong>sed</strong></span> <span class='ocrx_word' id='word_1_703' title='bbox 2357 4573 2571 4628; x_wconf 90' lang='lat' dir='ltr'><strong>semper</strong></span> <span class='ocrx_word' id='word_1_704' title='bbox 2601 4557 2951 4630; x_wconf 79' lang='lat' dir='ltr'><strong>Evangelium</strong></span> <span class='ocrx_word' id='word_1_705' title='bbox 2983 4558 3236 4612; x_wconf 88' lang='lat' dir='ltr'><strong>salutatio</strong></span> <span class='ocrx_word' id='word_1_706' title='bbox 3259 4557 3500 4611; x_wconf 45' lang='lat' dir='ltr'><strong>sacerdo.</strong></span> 
     </span>
    </p>
   </div>
   <div class='ocr_carea' id='block_1_99' title="bbox 1927 4649 3502 4721">
    <p class='ocr_par' dir='ltr' id='par_1_99' title="bbox 1927 4649 3502 4721">
     <span class='ocr_line' id='line_1_99' title="bbox 1927 4649 3502 4721; baseline -0.001 -17"><span class='ocrx_word' id='word_1_707' title='bbox 1927 4651 1998 4704; x_wconf 87' lang='lat' dir='ltr'><strong>tis</strong></span> <span class='ocrx_word' id='word_1_708' title='bbox 2038 4652 2417 4720; x_wconf 87' lang='lat' dir='ltr'><strong>subsequatur.</strong></span> <span class='ocrx_word' id='word_1_709' title='bbox 2475 4650 2674 4705; x_wconf 90' lang='lat' dir='ltr'><strong>Diebus</strong></span> <span class='ocrx_word' id='word_1_710' title='bbox 2725 4649 2996 4711; x_wconf 87' lang='lat' dir='ltr'><strong>omnibus,</strong></span> <span class='ocrx_word' id='word_1_711' title='bbox 3051 4661 3280 4721; x_wconf 86' lang='lat' dir='ltr'><strong>excepto</strong></span> <span class='ocrx_word' id='word_1_712' title='bbox 3314 4649 3502 4718; x_wconf 67' lang='lat' dir='ltr'><strong>jejtlnii</strong></span> 
     </span>
    </p>
   </div>
   <div class='ocr_carea' id='block_1_100' title="bbox 1928 4741 3502 4814">
    <p class='ocr_par' dir='ltr' id='par_1_100' title="bbox 1928 4741 3502 4814">
     <span class='ocr_line' id='line_1_100' title="bbox 1928 4741 3502 4814; baseline -0.001 -18"><span class='ocrx_word' id='word_1_713' title='bbox 1928 4751 2188 4812; x_wconf 83' lang='lat' dir='ltr'><strong>tempore,</strong></span> <span class='ocrx_word' id='word_1_714' title='bbox 2239 4751 2387 4796; x_wconf 83' lang='lat' dir='ltr'><strong>sexta</strong></span> <span class='ocrx_word' id='word_1_715' title='bbox 2446 4743 2666 4796; x_wconf 89' lang='lat' dir='ltr'><strong>missam</strong></span> <span class='ocrx_word' id='word_1_716' title='bbox 2725 4749 3013 4812; x_wconf 90' lang='lat' dir='ltr'><strong>sequatur;</strong></span> <span class='ocrx_word' id='word_1_717' title='bbox 3068 4741 3178 4814; x_wconf 89' lang='lat'><strong>(90)</strong></span> <span class='ocrx_word' id='word_1_718' title='bbox 3212 4757 3369 4810; x_wconf 81' lang='lat' dir='ltr'><strong>nona</strong></span> <span class='ocrx_word' id='word_1_719' title='bbox 3406 4756 3502 4796; x_wconf 74' lang='lat' dir='ltr'><strong>sra</strong></span> 
     </span>
    </p>
   </div>
   <div class='ocr_carea' id='block_1_101' title="bbox 1924 4832 3499 4902">
    <p class='ocr_par' dir='ltr' id='par_1_101' title="bbox 1924 4832 3499 4902">
     <span class='ocr_line' id='line_1_101' title="bbox 1924 4832 3499 4902; baseline -0.002 -15"><span class='ocrx_word' id='word_1_720' title='bbox 1924 4832 2059 4888; x_wconf 84' lang='lat' dir='ltr'><strong>hora</strong></span> <span class='ocrx_word' id='word_1_721' title='bbox 2083 4833 2312 4887; x_wconf 86' lang='lat' dir='ltr'><strong>dicatur.</strong></span> <span class='ocrx_word' id='word_1_722' title='bbox 2353 4833 2408 4896; x_wconf 83' lang='lat' dir='ltr'><strong>In</strong></span> <span class='ocrx_word' id='word_1_723' title='bbox 2436 4835 2700 4901; x_wconf 82' lang='lat' dir='ltr'><strong>vesperis,</strong></span> <span class='ocrx_word' id='word_1_724' title='bbox 2733 4843 2788 4888; x_wconf 88' lang='lat' dir='ltr'><strong>et</strong></span> <span class='ocrx_word' id='word_1_725' title='bbox 2833 4833 3106 4887; x_wconf 87' lang='lat' dir='ltr'><strong>matutinis</strong></span> <span class='ocrx_word' id='word_1_726' title='bbox 3147 4834 3326 4902; x_wconf 89' lang='lat' dir='ltr'><strong>plures</strong></span> <span class='ocrx_word' id='word_1_727' title='bbox 3354 4848 3499 4885; x_wconf 74' lang='lat' dir='ltr'><strong>can;—</strong></span> 
     </span>
    </p>
   </div>
   <div class='ocr_carea' id='block_1_102' title="bbox 1928 4923 3506 4998">
    <p class='ocr_par' dir='ltr' id='par_1_102' title="bbox 1928 4923 3506 4998">
     <span class='ocr_line' id='line_1_102' title="bbox 1928 4923 3506 4998; baseline -0.002 -20"><span class='ocrx_word' id='word_1_728' title='bbox 1928 4941 2082 4998; x_wconf 80' lang='lat' dir='ltr'><strong>pante</strong></span> <span class='ocrx_word' id='word_1_729' title='bbox 2109 4924 2381 4994; x_wconf 78' lang='lat' dir='ltr'><strong>sigillatim</strong></span> <span class='ocrx_word' id='word_1_730' title='bbox 2413 4934 2646 4990; x_wconf 90' lang='lat' dir='ltr'><strong>sonent;</strong></span> <span class='ocrx_word' id='word_1_731' title='bbox 2674 4931 2949 4995; x_wconf 87' lang='lat' dir='ltr'><strong>postremo</strong></span> <span class='ocrx_word' id='word_1_732' title='bbox 2978 4935 3035 4978; x_wconf 91' lang='lat' dir='ltr'><strong>ut</strong></span> <span class='ocrx_word' id='word_1_733' title='bbox 3070 4925 3122 4978; x_wconf 90' lang='lat' dir='ltr'><strong>in</strong></span> <span class='ocrx_word' id='word_1_734' title='bbox 3173 4925 3334 4979; x_wconf 83' lang='lat' dir='ltr'><strong>missa</strong></span> <span class='ocrx_word' id='word_1_735' title='bbox 3365 4923 3506 4987; x_wconf 70' lang='lat' dir='ltr'><strong>dum,</strong></span> 
     </span>
    </p>
   </div>
   <div class='ocr_carea' id='block_1_103' title="bbox 1926 5013 3508 5085">
    <p class='ocr_par' dir='ltr' id='par_1_103' title="bbox 1926 5013 3508 5085">
     <span class='ocr_line' id='line_1_103' title="bbox 1926 5013 3508 5085; baseline -0.003 -14"><span class='ocrx_word' id='word_1_736' title='bbox 1926 5027 1981 5072; x_wconf 90' lang='lat' dir='ltr'><strong>et</strong></span> <span class='ocrx_word' id='word_1_737' title='bbox 2037 5018 2114 5070; x_wconf 92' lang='lat' dir='ltr'><strong>sic</strong></span> <span class='ocrx_word' id='word_1_738' title='bbox 2158 5016 2489 5083; x_wconf 85' lang='lat' dir='ltr'><strong>incipiantur</strong></span> <span class='ocrx_word' id='word_1_739' title='bbox 2532 5029 2797 5084; x_wconf 55' lang='lat' dir='ltr'><strong>vespera}.</strong></span> <span class='ocrx_word' id='word_1_740' title='bbox 2846 5013 3227 5085; x_wconf 85' lang='lat' dir='ltr'><strong>Unusquisque</strong></span> <span class='ocrx_word' id='word_1_741' title='bbox 3273 5015 3508 5085; x_wconf 79' lang='lat' dir='ltr'><strong>psalmis</strong></span> 
     </span>
    </p>
   </div>
   <div class='ocr_carea' id='block_1_104' title="bbox 1927 5104 3507 5182">
    <p class='ocr_par' dir='ltr' id='par_1_104' title="bbox 1927 5104 3507 5182">
     <span class='ocr_line' id='line_1_104' title="bbox 1927 5104 3507 5182; baseline -0.002 -23"><span class='ocrx_word' id='word_1_742' title='bbox 1927 5121 2048 5160; x_wconf 92' lang='lat' dir='ltr'><strong>cum</strong></span> <span class='ocrx_word' id='word_1_743' title='bbox 2095 5104 2391 5173; x_wconf 89' lang='lat' dir='ltr'><strong>antiphona</strong></span> <span class='ocrx_word' id='word_1_744' title='bbox 2443 5113 2695 5160; x_wconf 86' lang='lat' dir='ltr'><strong>cantetur</strong></span> <span class='ocrx_word' id='word_1_745' title='bbox 2734 5107 2870 5176; x_wconf 79' lang='lat'><strong>(9|),</strong></span> <span class='ocrx_word' id='word_1_746' title='bbox 2913 5118 3045 5172; x_wconf 83' lang='lat' dir='ltr'><strong>quos</strong></span> <span class='ocrx_word' id='word_1_747' title='bbox 3074 5105 3387 5182; x_wconf 77' lang='lat' dir='ltr'><strong>capitulum,</strong></span> <span class='ocrx_word' id='word_1_748' title='bbox 3419 5105 3507 5156; x_wconf 69' lang='lat' dir='ltr'><strong>t&#39;c-</strong></span> 
     </span>
    </p>
   </div>
   <div class='ocr_carea' id='block_1_105' title="bbox 1925 5193 3506 5266">
    <p class='ocr_par' dir='ltr' id='par_1_105' title="bbox 1925 5193 3506 5266">
     <span class='ocr_line' id='line_1_105' title="bbox 1925 5193 3506 5266; baseline -0.007 -16"><span class='ocrx_word' id='word_1_749' title='bbox 1925 5196 2050 5250; x_wconf 81' lang='lat' dir='ltr'><strong>hinc</strong></span> <span class='ocrx_word' id='word_1_750' title='bbox 2072 5197 2307 5262; x_wconf 80' lang='lat' dir='ltr'><strong>hymnus</strong></span> <span class='ocrx_word' id='word_1_751' title='bbox 2328 5203 2608 5266; x_wconf 86' lang='lat' dir='ltr'><strong>sequatur,</strong></span> <span class='ocrx_word' id='word_1_752' title='bbox 2627 5195 2717 5264; x_wconf 90' lang='lat' dir='ltr'><strong>qui</strong></span> <span class='ocrx_word' id='word_1_753' title='bbox 2742 5208 3018 5264; x_wconf 75' lang='lat' dir='ltr'><strong>rmnquam</strong></span> <span class='ocrx_word' id='word_1_754' title='bbox 3047 5193 3506 5261; x_wconf 71' lang='lat' dir='ltr'><strong>pt&#39;mtern‘titla&#39;ur.</strong></span> 
     </span>
    </p>
   </div>
   <div class='ocr_carea' id='block_1_106' title="bbox 1926 5279 3509 5318">
    <p class='ocr_par' dir='ltr' id='par_1_106' title="bbox 1926 5279 3509 5318">
     <span class='ocr_line' id='line_1_106' title="bbox 1926 5279 3509 5318; baseline 0 0"><span class='ocrx_word' id='word_1_755' title='bbox 1926 5285 1988 5318; x_wconf 64' lang='grc' dir='ltr'><strong>ΠΙ</strong></span> <span class='ocrx_word' id='word_1_756' title='bbox 2021 5284 2129 5318; x_wconf 46' lang='lat' dir='ltr'><strong>Hic“</strong></span> <span class='ocrx_word' id='word_1_757' title='bbox 2161 5281 2374 5318; x_wconf 61' lang='lat' dir='ltr'><strong>furi-alno</strong></span> <span class='ocrx_word' id='word_1_758' title='bbox 2414 5283 2598 5318; x_wconf 67' lang='lat' dir='ltr'><strong>Iurnan:</strong></span> <span class='ocrx_word' id='word_1_759' title='bbox 2659 5287 2760 5318; x_wconf 74' lang='grc' dir='ltr'><strong>πιῖοἶ</strong></span> <span class='ocrx_word' id='word_1_760' title='bbox 2799 5288 2851 5318; x_wconf 71' lang='grc' dir='ltr'>ιη</span> <span class='ocrx_word' id='word_1_761' title='bbox 2893 5282 3038 5318; x_wconf 71' lang='grc' dir='ltr'><strong>Γηειῖα</strong></span> <span class='ocrx_word' id='word_1_762' title='bbox 3078 5293 3126 5318; x_wconf 75' lang='lat' dir='ltr'><strong>nl</strong></span> <span class='ocrx_word' id='word_1_763' title='bbox 3160 5284 3345 5318; x_wconf 65' lang='lat' dir='ltr'><strong>aliulntu</strong></span> <span class='ocrx_word' id='word_1_764' title='bbox 3378 5279 3509 5318; x_wconf 61' lang='lat' dir='ltr'><strong>&quot;ut:-</strong></span> 
     </span>
    </p>
   </div>
  </div>
