4016 5386
463 246 536 307 39
1557 248 1841 308 JOANNIS
1880 247 2304 308 ARClﬁEPlSC.
2342 247 2696 310 ROTOEIAG.
3673 253 3744 309 £0

459 360 807 436 genuﬂectat.
864 361 1002 430 Quia
1053 373 1182 418 vero
1232 361 1403 418 vicem
1459 361 1661 418 Christi
1713 364 1872 434 gerit,
1922 363 2049 417 dum
2082 352 2128 408 Α
2161 371 2372 427 costen,
2396 371 2450 418 et
2485 379 2516 419 a
2555 362 2849 417 Nativitalc
2878 375 3051 432 usque
3091 361 3159 418 ad
3204 370 3455 420 octavam
3500 363 3748 435 Epipha-

458 451 572 524 29
623 452 690 508 ad
736 443 1041 508 orationem
1103 453 1349 519 venerit,
1415 461 1601 522 surgat
1655 461 1709 506 et
1752 453 2049 507 oralionem

459 534 659 598 Stando
685 542 848 597 dicat.
873 539 1035 597 Stare
1060 555 1188 595 vero
1215 542 1501 612 pugnantis
1525 551 1644 595 est:
1683 551 1886 611 pugnat
1918 557 2050 613 ergo

459 633 717 687 sacerdos
763 631 966 691 Christi
1014 632 1353 687 orationibus
1399 641 1584 687 contra
1646 633 1855 688 hostem
1905 633 2049 687 anti-

459 739 629 794 quum
659 739 759 794 pro
785 722 980 794 populo
1000 714 1105 777 sibi
1141 722 1452 777 commisso.
1486 722 1542 777 Si
1588 733 1771 778 autem
1818 724 2050 795 alicujus

455 816 632 873 sancti
660 816 899 871 evenerit
941 814 1227 878 festivitas,
1269 816 1449 871 oratio
1483 825 1689 871 tantum
1715 818 1833 873 sine
1872 818 2049 888 preci-

457 904 562 960 bus
590 904 841 958 sulliciat.
892 905 957 957 Et
987 904 1031 958 si
1084 903 1280 959 festum
1326 906 1492 959 trium
1540 904 1830 961 lectionum
1863 906 2047 971 fuerit,

460 993 518 1049 in
547 995 828 1050 matutinis
857 994 1225 1050 invitatoriam
1254 1003 1311 1049 et
1339 994 1452 1066 (94»)
1484 996 1718 1066 hymnus
1758 997 1826 1051 de
1856 1007 2047 1052 sancto

457 1094 732 1151 cantetur,
761 1093 1027 1139 nocturna
1069 1092 1177 1139 tota
1228 1085 1465 1150 dicatur,
1510 1100 1700 1142 versus
1742 1087 1810 1143 de
1858 1096 2047 1144 sancto

455 1189 580 1228 cum
614 1174 994 1244 responsoriis,
1042 1183 1098 1229 et
1137 1175 1418 1230 matutina:
1461 1175 1644 1231 laudes
1676 1191 1798 1231 cum
1844 1178 2047 1248 hymno

453 1264 662 1333 absque
684 1265 940 1333 precibus
990 1264 1371 1329 celebremus;
1420 1265 1677 1322 lectiones
1703 1282 1833 1322 vero
1861 1268 1928 1324 de
1966 1269 2051 1324 hi-

455 1354 625 1408 storia
655 1354 922 1423 legantur.
954 1354 1115 1411 Missa
1142 1369 1292 1420 vero,
1322 1355 1366 1411 si
1414 1356 1726 1412 denotatum
1755 1358 1906 1415 libris
1932 1360 2048 1415 olli-

454 1442 688 1497 cialibus
713 1440 949 1507 ollicium
999 1443 1284 1508 imbuerit,
1316 1444 1385 1499 de
1412 1457 1604 1501 sancto
1646 1447 1782 1512 erit;
1837 1448 1921 1502 sin
1952 1464 2050 1504 au-

454 1544 583 1596 tem.
613 1534 965 1614 Dominicalis
1012 1537 1351 1601 cantabitur;
1389 1539 1567 1594 oratio
1619 1554 1772 1605 vero,
1818 1548 1875 1594 et
1904 1540 2047 1596 Alle-

451 1625 586 1695 luia,
619 1625 686 1679 de
713 1635 900 1680 sancto
929 1625 1159 1681 dicatur.

2157 449 2262 506 nia:
2289 460 2347 506 ct
2389 453 2644 508 omnibus
2687 451 2884 519 festis,
2932 464 2992 508 ut
3039 470 3070 511 a
3118 454 3374 511 Kalendis
3423 454 3749 511 Novembris

2156 556 2330 612 usque
2356 541 2424 596 ad
2446 552 2607 612 caput
2625 541 2815 611 jejunii
2840 559 3080 613 vesperae
3108 552 3318 600 tantum
3338 545 3594 601 dicantur
3621 553 3750 614 post

2156 650 2412 706 vesperas
2441 637 2572 702 (liei,
2602 646 2728 706 post
2754 637 3048 693 matutinas
3086 638 3272 695 laudes
3293 637 3474 707 vigilia
3500 646 3751 693 mortuo-

2151 740 2274 780 rum
2304 741 2426 781 cum
2457 726 2736 803 matutinis
2786 727 3032 783 laudibus
3074 743 3304 794 eorum;
3343 727 3457 798 (99)
3491 743 3522 782 a
3566 728 3751 797 capite

2149 813 2343 885 jejunii
2380 829 2552 885 usque
2601 816 2669 870 ad
2712 815 2982 872 Kalendas
3024 816 3371 883 Novembris,
3416 831 3665 887 vesperae
3692 823 3753 872 et

2153 906 2351 977 vigilia:
2378 916 2714 962 mortuorum
2743 915 2864 978 post
2893 922 3151 978 vesperas
3189 906 3322 973 diei,
3352 914 3474 977 post
3508 905 3747 961 matuti-

2153 1015 2282 1055 num
2310 999 2501 1055 laudes
2528 1014 2628 1069 pro
2656 999 2927 1054 defunctis
2951 1016 2966 1081 ξ
3013 999 3157 1070 quod
3188 997 3426 1055 oﬂleium
3471 1006 3598 1068 post
3627 1011 3752 1052 ma-

2148 1093 2354 1148 tutinas
2410 1091 2596 1147 laudes
2644 1092 2695 1146 in
2754 1102 2951 1161 quarta
3011 1090 3148 1147 feria
3198 1090 3474 1162 passionis
3524 1088 3746 1145 Domini

2149 1182 2393 1238 ﬁniatur.
2446 1182 2524 1237 lbi
2583 1197 2713 1237 vero
2766 1182 2913 1254 (100)
2960 1197 3083 1237 cum
3144 1197 3340 1239 novem
3406 1180 3747 1238 lectionibus

2149 1273 2341 1329 festive
2363 1273 2693 1339 celebretur,
2735 1274 2861 1344 quia
2907 1289 3014 1328 non
3058 1275 3290 1345 amplius
3309 1288 3488 1344 usque
3508 1275 3565 1329 in
3589 1280 3749 1328 octa-

2147 1378 2270 1420 vam
2310 1364 2662 1421 Pentecostcs
2690 1364 2920 1419 dicetur.
2950 1364 3064 1420 lloc
3110 1365 3250 1421 idem
3302 1365 3398 1421 flat
3454 1365 3509 1420 in
3555 1363 3747 1435 vigilia

2147 1452 2460 1509 Nativitatis
2492 1453 2783 1509 Dominicte
2822 1469 2835 1506 :
2870 1469 2978 1509 non
3026 1455 3168 1509 cnim
3218 1452 3453 1524 amplius
3502 1452 3748 1510 celebra-

2147 1543 2293 1598 bitur
2323 1558 2494 1613 usque
2521 1543 2589 1598 ad
2609 1553 2861 1599 octavam
2889 1544 3223 1614 Epiphanite.

2218 1633 2325 1704 32
2356 1632 2533 1688 Prima
2572 1633 2851 1690 Dominica
2896 1634 3177 1689 Adventus
3230 1631 3466 1696 Domini,
3500 1630 3747 1689 Sabbato

462 1736 467 1741 -
521 1713 606 1769 Ab
631 1715 875 1769 Adventu
927 1731 1100 1786 usque
1135 1716 1205 1771 ad
1259 1715 1610 1773 Nativitatem
1662 1718 1717 1773 in
1775 1729 2041 1775 conventu
2074 1701 2122 1762 Β
2150 1722 2205 1778 in
2230 1701 2481 1794 vesperis
2512 1724 2955 1794 responsorium:
2998 1722 3133 1777 Ecce
3168 1723 3280 1778 dies
3327 1722 3562 1787 ueniunt,
3590 1723 3745 1779 dice-

451 1804 717 1860 memoria
753 1813 960 1859 tantum
1014 1804 1073 1861 S.
1128 1805 1312 1863 Mariae
1360 1808 1632 1878 virginis,
1691 1808 2046 1880 omniumque

454 1906 768 1950 sanctorum
796 1895 1121 1963 celebretur.
1173 1899 1220 1953 A
1255 1897 1551 1953 Nativitate
1601 1914 1774 1969 usque
1804 1900 1871 1954 ad
1896 1910 2047 1956 octa~

451 2001 578 2041 vam
621 1986 936 2057 Epiphaniae
987 1997 1199 2045 tantum
1247 1998 1447 2044 sanctm
1490 1988 1694 2045 Maria.
1740 1989 1823 2044 Ab
1853 1998 2046 2045 octava

451 2077 768 2149 Epiphania:
817 2093 989 2147 usque
1049 2079 1117 2133 ad
1164 2089 1329 2150 caput
1374 2078 1569 2149 jejunii
1620 2079 1734 2152 (95)
1785 2080 2045 2139 memoria

455 2178 661 2224 sanctae
693 2168 894 2234 "urite,
926 2170 1269 2240 angelorum,
1295 2170 1524 2227 Joannis
1548 2170 1824 2242 Baptistae,
1866 2171 2042 2227 sancti

451 2261 621 2325 Petri,
650 2260 877 2318 Joannis
906 2263 1268 2334 evangelistte,
1319 2272 1742 2334 sanctorumque
1773 2262 2049 2333 apostolo-

454 2369 573 2407 rum
620 2363 677 2409 et
730 2353 876 2409 beati
933 2354 1239 2425 Stephani,
1292 2357 1536 2411 omnium
1590 2366 1935 2427 martyrum,
1982 2355 2042 2411 S.

459 2445 698 2510 Martini,
732 2445 1086 2516 omniumque
1113 2446 1510 2512 confessorum,
1544 2456 1855 2503 sanctarum
1883 2447 2047 2518 virgi-

451 2551 604 2602 num,
634 2536 985 2607 omniumque
1012 2545 1328 2592 sanctorum
1358 2538 1411 2592 in
1441 2537 1682 2608 vesperis
1708 2537 1819 2608 30
1839 2546 1895 2592 et
1928 2553 2045 2592 ma-

451 2625 642 2681 tutinis
669 2642 886 2697 semper
930 2625 1225 2683 recolatur.
1278 2628 1390 2699 (96)
1436 2628 1496 2684 ln
1545 2630 1709 2685 missa
1760 2644 1915 2695 vero,
1945 2643 2041 2685 ex-

447 2716 622 2784 ceptis
668 2714 844 2780 festis,
874 2717 1122 2772 secunda
1170 2717 1345 2773 oratio
1398 2719 1466 2773 de
1497 2720 1749 2774 omnibus
1797 2719 2039 2785 sanctis;

447 2806 616 2867 tertia
646 2820 745 2873 pro
769 2805 1069 2876 episcopo;
1109 2819 1304 2876 quarta
1352 2822 1452 2878 pro
1494 2808 1710 2867 cunctis
1758 2807 1860 2861 sibi
1891 2821 2041 2861 eom-

450 2895 674 2961 tnissis;
704 2895 817 2966 (97)
838 2896 1028 2964 quinta
1059 2911 1159 2965 pro
1208 2896 1457 2966 principe
1480 2905 1538 2950 ct
1563 2897 1709 2951 omni
1736 2895 1951 2967 populo.
1987 2896 2043 2950 In

448 2987 616 3043 missa
648 3002 746 3056 pro
773 2985 1067 3051 defunctis,
1101 2987 1273 3058 prima
1320 2988 1565 3042 omnium
1615 2986 1995 3042 defunctorum
2024 3002 2038 3050 ;

449 3076 685 3132 secunda
731 3075 1148 3145 episcoporum;
1197 3076 1359 3131 tertia
1401 3075 1629 3130 fratrum
1661 3084 1715 3129 et
1743 3091 1990 3129 sororum
2022 3091 2037 3141 ;
2067 3062 2112 3124 C

447 3175 643 3237 quarta
674 3180 772 3235 pro
794 3165 1129 3221 commissis.
1150 3165 1234 3220 Ab
1260 3166 1468 3221 octavis
1493 3165 1847 3221 Peutecostes
1875 3181 2042 3233 usque

452 3259 520 3313 ad
566 3258 873 3311 Adventum
931 3255 1143 3310 Domini
1193 3256 1309 3311 haec
1361 3258 1551 3311 eadem
1603 3255 1866 3310 memoria
1918 3270 2041 3309 cum

348 3358 359 3367 ‘
447 3358 653 3405 sanctae
677 3348 869 3404 Crucis
892 3348 1245 3402 veneratione
1276 3346 1659 3402 celebrabitur.
1697 3345 1756 3400 In
1805 3345 1888 3400 his
1912 3361 2041 3413 ergo

446 3438 806 3509 temporibus,
833 3437 945 3508 (98)
993 3437 1040 3492 si
1088 3437 1142 3492 in
1197 3436 1491 3492 Dominicis
1530 3436 1811 3490 festivitas
1849 3450 2041 3489 novent

446 3531 742 3588 lectionum
784 3528 1011 3599 alicujus
1055 3529 1231 3585 sancti
1260 3528 1527 3592 evenerit,
1558 3542 1823 3597 vesperae,
1851 3536 1909 3583 et
1933 3543 2043 3582 tua-

446 3622 659 3687 tutinte,
687 3629 745 3677 et
772 3621 939 3677 missa
983 3620 1052 3676 de
1085 3627 1277 3675 sancto
1316 3619 1755 3675 celebrabuntur.
1792 3618 2041 3689 Vespera:

443 3713 611 3767 etiam
639 3711 811 3782 ipsius
838 3711 1013 3766 sancti
1042 3710 1110 3765 de
1140 3718 1332 3765 sancto
1362 3708 1660 3777 finientur;
1711 3718 1766 3764 et
1796 3708 1841 3763 si
1873 3710 1927 3764 in
1951 3710 2041 3764 die

447 3801 735 3857 Dominica
764 3799 1034 3855 festivitas
1063 3800 1225 3857 trium
1257 3799 1550 3855 lectionum
1588 3800 1861 3863 revenerit,
1895 3800 2039 3855 unde

443 3890 706 3954 Oﬁcium.
733 3890 819 3945 vel
858 3889 1043 3961 passio
1069 3889 1353 3955 habeatur,
1402 3888 1769 3945 invitatoriam
1792 3899 1851 3944 et
1879 3889 2035 3958 hym-

446 4001 554 4041 nus
581 3983 650 4041 de
671 3993 862 4040 sancto
908 3983 1162 4049 dicetur;
1217 3996 1315 4037 sex
1348 3982 1609 4038 lectiones
1646 3996 1772 4037 cum
1814 3980 2036 4036 totidem

447 4077 817 4151 responsoriis
868 4076 937 4133 de
1000 4075 1227 4131 historia
1279 4074 1569 4144 legentur;
1632 4080 1758 4142 post
1821 4071 2037 4125 tertium

445 4177 793 4232 nocturnum,
824 4180 987 4221 versu
1041 4166 1110 4220 de
1151 4173 1347 4218 sancto
1391 4162 1555 4229 dicto,
1587 4159 1935 4230 Evangeliurn
1973 4160 2040 4215 de

442 4238 636 4317 eodem
668 4258 1070 4326 pronuntietur,
1098 4265 1157 4310 et
1177 4256 1299 4310 aliae
1327 4253 1588 4311 lectiones
1610 4268 1732 4308 cum
1761 4251 2038 4307 matutinis

446 4350 701 4405 laudibus
746 4350 814 4403 de
862 4356 1054 4402 sancto
1091 4344 1551 4411 celebrabuntur;
1592 4343 1639 4398 si
1694 4350 1874 4397 autem
1908 4354 2037 4409 pro-

447 4443 626 4511 prium
671 4437 908 4494 cilicium
959 4435 1214 4501 defuerit,
1269 4432 1614 4489 Dominicalis
1660 4433 1826 4487 missa
1850 4439 2038 4485 canta-

450 4534 631 4599 bitur;
655 4532 833 4587 orntio
859 4545 993 4586 vero
1009 4539 1067 4584 et
1087 4526 1319 4583 Alleluia
1342 4526 1409 4581 dc
1437 4536 1629 4581 sancto
1652 4522 2038 4579 celebrabitur.

448 4624 512 4680 Si
563 4639 756 4678 novem
804 4622 1092 4678 lectionem
1144 4618 1391 4673 evenerit
1414 4657 1431 4682 ,
1476 4626 1647 4671 totum
1690 4613 1943 4672 ollicium‘
1973 4613 2043 4670 de

449 4722 645 4770 sancto
667 4711 1051 4782 complebitur.
1079 4709 1164 4764 Ab
1190 4709 1437 4766 Adventu
1469 4722 1598 4776 ergo
1625 4720 1798 4775 usque
1828 4704 1896 4758 ad
1937 4703 2043 4758 Na-

449 4806 742 4872 tivitatem,
778 4805 884 4877 31
912 4813 970 4860 et
996 4819 1026 4857 a
1048 4800 1464 4873 Septuagesima
1485 4814 1656 4868 usque
1684 4800 1753 4853 ad
1780 4797 2044 4853 Penteco-

448 4907 595 4965 sten,
624 4899 670 4955 si
700 4897 898 4953 festum
936 4909 1129 4951 novem
1156 4893 1451 4949 lectionum
1494 4891 1548 4944 in
1588 4888 1883 4944 Dominicis
1913 4903 2039 4943 eve-

446 4992 613 5058 nerit,
641 4988 876 5047 cilicium
907 4986 1084 5043 noctis
1130 4993 1188 5041 et
1232 4984 1340 5039 diei
1385 4997 1665 5051 nunquam
1709 4980 2036 5043 mutabitur;

446 5082 724 5140 festivitas
767 5096 896 5137 vero
929 5080 983 5135 in
1015 5076 1318 5134 crastinum
1360 5071 1687 5130 celebranda
1735 5067 2044 5126 reservabi-

449 5183 562 5231 tur.
591 5173 779 5229 Sancti
812 5187 940 5228 vero
959 5171 1031 5227 de
1060 5183 1169 5241 quo
1193 5179 1305 5222 tres
1332 5170 1549 5218 tantum
1598 5160 1862 5216 lectiones
1903 5158 2042 5215 cele-

450 5265 699 5330 brantur,
721 5264 767 5317 si
803 5263 1001 5318 festum
1046 5261 1099 5314 in
1155 5258 1273 5328 ipsa
1322 5254 1413 5310 die
1452 5250 1727 5315 evenerit,
1777 5248 2040 5304 memoria

453 5363 659 5386 ι.........
688 5355 754 5386 ,ιη
781 5368 847 5386 οη
899 5355 987 5386 ησιι
1066 5350 1098 5386 Α
1159 5348 1425 5386 Duplum
1459 5355 1634 5386 suntm
1678 5341 1747 5386 ad
1790 5344 2038 5386 ncmvam

2148 1822 2238 1869 tur
2260 1813 2410 1885 (101)
2443 1814 2587 1884 quod
2634 1814 2808 1869 altero
2848 1813 3186 1884 praecedente
3233 1811 3478 1868 Sabbato
3525 1812 3578 1867 in
3610 1827 3747 1883 pro-

2144 1906 2490 1961 nuntiatione
2511 1906 2790 1961 Adventus
2815 1904 3046 1967 Domini.
3085 1920 3115 1960 a
3158 1904 3371 1961 duobus
3413 1904 3582 1960 cleris
3611 1919 3748 1975 cap-

2145 1999 2454 2070 pisindutis
2498 1998 2757 2070 primitus
2801 1998 3157 2055 celeberrime
3199 1997 3533 2053 cantabitur.
3579 1995 3744 2063 Quod

2147 2088 2203 2143 in
2233 2088 2339 2143 isto
2365 2088 2584 2159 quidem
2622 2087 2861 2145 Sabbato
2899 2088 3163 2145 adventus
3210 2089 3447 2159 hymnus
3482 2085 3749 2141 Conditor

2146 2179 2306 2241 alme.
2335 2180 2706 2250 subsequitur.
2757 2180 3062 2251 Capitulum
3112 2193 3265 2244 vero,
3317 2188 3376 2234 et
3415 2190 3634 2244 versus,
3686 2184 3748 2233 et

2148 2271 2446 2340 antipbona
2472 2272 2538 2326 de
2562 2269 2811 2326 Adventu
2841 2270 3114 2326 dicantur.
3145 2270 3229 2325 Ab
3256 2269 3359 2325 bac
3403 2269 3541 2324 hora
3567 2282 3750 2338 usque

2145 2362 2214 2415 ad
2252 2371 2504 2416 octavam
2558 2360 2779 2415 Pascha:
2820 2360 2970 2432 (102)
3015 2359 3291 2429 processio
3318 2362 3385 2412 ad
3413 2356 3747 2412 cruciﬁxum

2145 2454 2293 2509 nulla
2324 2454 2436 2509 flat.
2471 2454 2750 2509 Matutinte
2777 2469 2899 2509 cum
2929 2453 3150 2524 proprio
3200 2451 3542 2515 invitatorio,
3585 2450 3747 2522 bym-

2146 2543 2254 2609 nis,
2289 2552 2344 2598 et
2376 2544 2757 2614 responsoriis,
2794 2552 2851 2600 et
2884 2542 3195 2613 antiphonis
3227 2542 3425 2597 festive
3453 2541 3746 2598 celebren-

2147 2643 2258 2688 tur.
2293 2633 2617 2688 Matutinum
2652 2649 2776 2689 cum
2818 2633 3151 2703 propheticis
3190 2648 3286 2688 sex
3317 2632 3658 2703 antiphonis,
3687 2640 3747 2688 et

2147 2726 2324 2780 tribus
2355 2725 2558 2779 ultimis
2588 2723 2902 2794 apostolicis
2928 2738 3024 2794 per
3060 2725 3272 2779 diversa
3300 2733 3565 2780 nocturna
3587 2723 3747 2779 diea-

2149 2821 2258 2866 tnr.
2290 2813 2346 2866 lu
2389 2814 2565 2882 primo
2595 2822 2860 2867 nocturno
2912 2811 3048 2868 liber
3093 2813 3244 2868 Isaiae
3297 2812 3614 2882 incipiatur,
3644 2811 3743 2881 qui

2142 2916 2242 2973 per
2277 2910 2447 2956 totum
2485 2901 2792 2956 Adventum
2841 2915 3013 2970 usque
3067 2902 3136 2956 ad
3183 2900 3533 2956 Nativitatem
3580 2900 3740 2971 lega-

2147 3002 2272 3056 tur;
2316 2991 2409 3045 scd
2440 2991 2493 3045 in
2523 2991 2776 3047 secundis
2823 2994 3106 3047 nocturnis
3128 2992 3199 3047 de
3233 2991 3582 3048 sermonibus
3632 2990 3745 3046 Pa-

2144 3094 2314 3146 trum,
2361 3083 2415 3136 in
2452 3083 2626 3137 tertiis
2673 3084 2741 3138 de
2779 3084 3215 3153 expositionibus
3264 3084 3739 3154 Evangeliorum:

2145 3174 2398 3229 similiter
2435 3175 2486 3227 in
2516 3183 2709 3243 quarta
2742 3184 2799 3230 et
2823 3184 2975 3230 sexta
3008 3176 3176 3241 feriis,
3218 3186 3277 3232 et
3319 3176 3565 3233 Sabbato
3595 3186 3741 3233 tem—

2142 3263 2346 3332 poralis
2392 3261 2601 3330 jejuuii.
2654 3272 2710 3317 et
2768 3263 2953 3334 vigilia
3007 3264 3318 3323 Nativitatis
3378 3267 3614 3322 Domini.
3679 3267 3743 3322 Si

2146 3353 2416 3406 festivitas
2443 3352 2495 3406 in
2525 3353 2819 3407 Doninicis
2860 3354 2943 3407 his
2984 3355 3246 3420 evenerit,
3289 3364 3350 3410 ut
3391 3370 3557 3426 supra
3587 3356 3743 3410 dixi-

2142 3459 2284 3515 mus,
2343 3443 2395 3496 in
2452 3443 2694 3498 crastino
2749 3442 3072 3499 celebranda
3144 3454 3471 3502 reservetur.
3531 3446 3588 3503 In
3654 3447 3747 3504 bis

2145 3534 2486 3598 Doutinicis,
2549 3541 2607 3588 et
2680 3533 2733 3588 in
2812 3532 2899 3589 his
2962 3548 3084 3604 qum
3146 3544 3275 3591 sunt
3335 3551 3366 3592 a
3436 3535 3748 3609 Septuage-

2142 3623 2281 3678 sitna
2340 3635 2513 3694 usque
2586 3623 2640 3678 in
2705 3620 2914 3677 Pascha
2949 3662 2964 3688 ,
3031 3621 3103 3677 Te
3176 3624 3344 3679 Deum
3401 3625 3699 3681 laudamus
3729 3667 3746 3691 ,

2141 3730 2253 3769 non
2303 3714 2648 3780 cantabitur;
2722 3713 2816 3768 sed
2877 3711 2996 3781 eius
3051 3712 3170 3770 loco
3234 3728 3439 3770 nonum
3504 3730 3747 3786 respon-

2140 3806 2349 3861 sorium
2436 3813 2732 3875 repetetur.
2811 3802 2960 3859 Ordo
3008 3803 3283 3859 ferialium
3349 3806 3565 3861 dierum
3597 3847 3614 3871 ,
3687 3818 3751 3863 ut

2142 3894 2250 3965 33
2282 3903 2341 3947 ut
2364 3909 2525 3964 supra
2565 3893 2894 3957 notavimus,
2929 3904 3197 3949 servetur.
3233 3893 3291 3950 lu
3333 3894 3643 3951 Dominicis
3683 3896 3750 3951 li-

2142 3988 2257 4041 nita
2288 3986 2463 4055 prima
2493 3983 2768 4054 processio
2793 3982 2873 4038 sic
2902 3984 2993 4039 flat
3012 4025 3027 4049 ,
3075 3996 3136 4040 ut
3166 3994 3376 4041 tantum
3406 4002 3437 4041 a
3466 3986 3749 4045 crucifixo

2143 4076 2401 4140 divertat,
2433 4074 2487 4128 in
2517 4089 2622 4143 qua
2666 4074 2973 4143 autipbonre
3021 4077 3301 4133 Adventus
3352 4078 3751 4147 processiona-

2143 4164 2244 4229 les,
2271 4174 2363 4218 aut
2394 4164 2575 4235 aliqua
2606 4164 2948 4232 responsoria
2973 4173 3287 4220 eantentur.

2509 4251 2596 4307 DE
2636 4250 2870 4306 DOMlNl
2910 4251 3068 4307 NA'l‘l
3078 4253 3230 4309 Vl-TA
3239 4253 3350 4308 TE.

2216 4342 2541 4399 Solemnitas
2557 4343 2863 4398 Nativitatis
2880 4345 3095 4398 Domini
3122 4346 3195 4399 ita
3224 4345 3558 4403 celebretur.
3583 4350 3606 4422 (
3618 4350 3747 4419 l03)

2144 4434 2191 4490 A
2228 4435 2437 4489 duobus
2458 4433 2769 4489 cantoribus
2795 4434 3038 4502 cappatis
3062 4435 3261 4488 chorus
3286 4444 3510 4506 regatur
3543 4455 3557 4491 :
3587 4439 3746 4509 (104)

2144 4541 2175 4580 a
2210 4523 2429 4594 quibus,
2461 4525 2606 4579 dicto
2628 4522 2886 4593 capitulo,
2912 4524 3335 4593 responsorium,
3368 4524 3613 4593 0Juda,
3643 4543 3749 4585 ee-

2143 4615 2368 4671 lebriter
2394 4615 2733 4669 decantetur.
2766 4612 2978 4684 Hymno
3001 4615 3182 4679 dicto;
3227 4612 3364 4668 Veni
3406 4618 3748 4688 redemptor,

2142 4706 2439 4776 antipbona
2467 4721 2591 4761 cum
2640 4706 2783 4759 trina
2837 4706 3160 4775 repetitione
3187 4719 3358 4774 super
3386 4706 3747 4778 Hagniﬁeal,

2143 4805 2438 4854 cantetur:
2485 4795 2694 4850 duobus
2743 4792 3029 4848 thuribulis
3073 4793 3606 4851 altareinceusetur.
3658 4800 3750 4854 Ad

2144 4888 2471 4943 matutinum
2514 4885 2664 4956 (105)
2686 4896 2878 4939 omnes
2902 4898 3182 4953 campana
3206 4884 3384 4953 prima
3426 4888 3625 4943 noctis
3662 4890 3749 4945 vi-

2144 4979 2272 5050 gilia
2324 4977 2648 5046 pulsentur;
2682 4973 2876 5028 deinde
2922 4975 3061 5030 bina:
3090 4981 3146 5028 et
3194 4973 3339 5028 binae
3382 4980 3747 5036 consunendo

2144 5074 2570 5136 consequentur.
2621 5064 2768 5136 (106)
2797 5065 3169 5120 lnvitatorium
3201 5080 3230 5118 a
3256 5075 3501 5133 quatuor
3521 5071 3745 5127 clericis

2143 5164 2432 5221 cantetur;
2464 5155 2694 5225 hymnus
2714 5164 2994 5224 sequatur.
3042 5153 3278 5210 Chorum
3310 5163 3371 5208 ut
3404 5156 3458 5211 in
3490 5162 3744 5229 vesperis

2143 5247 2255 5302 duo
2278 5253 2489 5315 regant.
2521 5242 2715 5300 Omnia
2741 5244 3083 5314 responsoria
3109 5251 3332 5301 cantent
3365 5245 3483 5301 bini
3516 5258 3574 5302 et
3600 5250 3739 5316 bini,

2143 5334 2294 5386 (1071
2318 5334 2559 5386 tertium.
2587 5343 2821 5386 sextum.
2858 5347 3057 5386 nonum
3106 5332 3291 5386 cannis
3336 5334 3515 5386 induti
3546 5354 3559 5386 :
3586 5338 3741 5386 (tum
