4016 5386
192 361 247 417 θ
1141 345 1342 403 LIBER
1379 345 1468 401 DE
1503 341 1790 401 OFFlCllS
1826 340 2397 398 ECCLESIASTICIS.
3352 318 3424 408 η

196 470 326 525 done
348 462 779 537 Evangeliorum.
805 457 1102 533 (l10)'l'ria
1140 456 1431 527 Evangelia
1459 455 1512 509 in
1542 453 1749 524 cappis,
1776 441 1826 500 Δ
1855 454 2140 525 agendum.
2194 452 2356 509 Missa
2385 451 2621 509 diluculo
2648 454 2983 511 matutinalis
3017 456 3342 529 celebretur,
3367 473 3428 521 ut

197 559 422 621 incenso,
467 562 523 609 et
570 549 906 608 candelabris
949 546 1403 618 praecedentibus,
1468 543 1578 616 35.
1630 559 1754 613 pro-

194 620 512 705 nuntiantur.
558 641 740 696 Finito
777 652 922 693 nono
971 636 1339 706 responsorio,
1390 620 1534 702 (ill;
1583 630 1756 699 major

192 734 419 791 ecclesiae
446 731 724 793 sacerdos,
769 727 814 782 si
862 725 1044 789 fuerit,
1103 723 1391 779 dalmatica
1435 722 1652 775 indutus
1697 727 1754 774 et

192 825 355 881 casula
400 822 676 893 procedat,
708 827 761 874 et
792 814 1141 886 Evangelium
1178 810 1504 882 genealogim
1546 808 1754 865 Christi

192 916 469 970 secundum
497 911 810 965 Mattlueum
864 907 1059 962 festive
1108 903 1289 973 legat;
1324 917 1434 972 quo
1475 901 1639 965 lecto,
1683 897 1754 954 Te

195 1006 343 1060 Deum
371 1003 677 1064 laudamus,
726 999 835 1054 alta
879 1011 1013 1052 voce
1062 995 1308 1064 incipiat,
1343 1002 1400 1046 ct
1441 999 1561 1062 post
1605 988 1752 1061 (112)

189 1096 348 1151 clerus
373 1104 426 1149 et
449 1093 706 1165 populus,
730 1089 879 1145 brevi
906 1102 1060 1143 mora
1092 1084 1479 1147 intercedente,
1519 1081 1753 1134 lavatum

187 1196 348 1241 exeat.
393 1185 603 1240 Deinde
654 1181 837 1237 clerici
883 1179 1053 1234 sacris
1103 1177 1344 1243 vestibus
1390 1172 1561 1229 induti
1604 1170 1751 1243 (113)

190 1278 388 1330 missam
411 1274 691 1329 celebrent
723 1286 842 1325 cum
882 1267 1150 1331 laudibus,
1180 1275 1234 1320 ct
1258 1264 1559 1333 sequentia,
1590 1274 1753 1331 quam

192 1364 321 1437 (lli)
351 1362 682 1419 secretarius
709 1358 955 1415 ecclesiae
992 1356 1253 1423 celebret,
1298 1352 1591 1408 secundum
1623 1363 1753 1405 vero

189 1460 387 1516 cantor,
435 1451 658 1506 tertiam
705 1445 902 1518 praesul
931 1453 1024 1499 aut
1054 1444 1311 1500 decanus.
1341 1440 1468 1496 ideo
1503 1438 1558 1493 in
1594 1449 1753 1493 nocte

191 1544 376 1614 angelis
398 1542 629 1598 missam
650 1549 874 1597 cantare
918 1536 1284 1606 Telesphorus
1313 1547 1468 1605 papa,
1492 1529 1751 1596 instituit,

189 1637 300 1705 quia
327 1637 379 1691 in
406 1650 473 1691 ea
520 1640 683 1689 natus
740 1640 827 1688 est
855 1630 1107 1686 Salvator
1151 1625 1362 1690 mundi,
1405 1632 1462 1678 et
1506 1623 1634 1693 quia
1669 1635 1755 1677 se-

193 1725 346 1797 ipsum
368 1734 487 1781 erat
529 1722 817 1779 oblaturus
866 1719 1100 1776 hostiam
1147 1725 1394 1772 sanctam
1439 1729 1540 1785 pro
1587 1712 1754 1767 totius

193 1813 356 1869 mundi
398 1813 607 1878 salute,
657 1819 712 1866 et
757 1812 813 1864 in
861 1824 926 1865 ea
971 1816 1188 1878 partum
1243 1804 1501 1873 Virginis,
1538 1804 1594 1856 in
1634 1804 1752 1870 eius

189 1901 327 1957 laude
350 1902 537 1958 Gloria
589 1902 647 1956 in
681 1897 900 1956 excelsis
928 1897 1060 1964 Deo,
1112 1903 1419 1960 cantantes,
1461 1893 1751 1948 nuntiave-

192 2005 300 2048 runt
325 1992 640 2062 pastoribus
670 1989 869 2059 angeli.
902 1989 1017 2056 Qua
1041 1996 1283 2058 peracta,
1309 1983 1603 2039 matutinas
1632 1983 1751 2036 lau-

188 2084 269 2138 des
296 2084 620 2154 compleant.
668 2080 877 2148 Quibus
916 2077 1203 2149 completis
1240 2075 1388 2148 (115)
1433 2083 1626 2130 cantor
1652 2090 1750 2128 an-

186 2174 468 2246 tiphonam,
494 2172 637 2228 Ecce
680 2170 937 2242 coutpleta
966 2179 1107 2235 sunt,
1156 2168 1383 2238 incipiat
1408 2183 1427 2234 ;
1457 2167 1543 2221 cui
1574 2164 1751 2221 oratio

188 2280 468 2338 congruens
489 2261 1035 2321 commemorationis
1050 2268 1252 2317 sancta:
1275 2259 1457 2314 Maria:
1472 2256 1749 2313 succedat.

188 2357 321 2429 (illi)
367 2357 674 2427 incipiente
699 2353 935 2409 diluculo
974 2352 1140 2408 altera
1173 2351 1336 2406 missa
1373 2348 1560 2405 eodem
1594 2346 1753 2401 modo

186 2448 486 2512 celebretur,
517 2454 572 2499 ut
595 2446 796 2515 prima.
829 2443 991 2499 Lucis
1020 2456 1150 2497 vero
1195 2440 1420 2496 exordio
1468 2438 1637 2492 altera
1660 2452 1754 2491 ca-

188 2539 331 2605 nitur,
358 2539 513 2610 quia,
529 2535 688 2607 juxta
709 2536 862 2591 [sane
889 2532 1226 2596 vaticinium,
1250 2532 1363 2601 ipsa
1397 2529 1484 2585 die
1516 2528 1606 2582 lux
1632 2536 1752 2582 orta

189 2641 259 2685 est
275 2647 411 2687 nova
444 2630 665 2703 populis
697 2626 1012 2685 sedentibus
1042 2627 1095 2681 in
1122 2622 1359 2678 tenebris
1400 2619 1537 2692 (Isa.
1567 2635 1645 2682 ix,
1670 2618 1751 2688 ‘2),

186 2737 268 2777 seu
293 2732 507 2793 propter
532 2720 907 2776 visitationem
936 2727 1216 2788 pastorum
1269 2713 1336 2768 ad
1373 2726 1614 2781 praesepe
1643 2708 1751 2762 Da-

191 2811 322 2876 ntini,
348 2812 402 2867 in
429 2828 541 2880 quo
572 2813 900 2866 invenerunt
925 2821 1121 2878 panem
1157 2802 1491 2874 angelorum,
1515 2800 1753 2874 3511110

193 2904 485 2960 reﬁciuntur
536 2902 737 2957 animm
797 2908 1134 2955 sanctorum.
1178 2895 1310 2952 Post
1346 2894 1564 2949 tertiam
1627 2905 1756 2947 vero

188 3005 379 3063 semper
408 2993 462 3048 in
486 2991 673 3047 Natali
700 2988 911 3045 Domini
942 2988 1033 3042 ﬁat
1076 2984 1375 3057 processio,
1407 2998 1527 3052 quae
1559 2989 1616 3034 ut
1638 2979 1755 3033 lue-

195 3083 253 3137 rit
278 3084 445 3149 ﬁnita,
478 3081 660 3148 major
686 3081 854 3135 missa
893 3079 1223 3135 celebretur.
1256 3074 1405 3147 (H7)
1431 3073 1487 3126 In
1516 3068 1756 3141 vespcris

192 3175 399 3246 hymnus
464 3177 510 3228 Α
537 3146 669 3229 solis
694 3183 870 3237 ortus,
898 3178 956 3228 ut
983 3170 1037 3224 in
1066 3146 1345 3222 matutinis
1371 3163 1619 3218 laudibus
1658 3177 1754 3215 ca-
1781 3146 1831 3210 C

191 3278 332 3321 natur
360 3285 373 3320 :
406 3267 495 3322 cui
544 3262 978 3334 responsorium,
1010 3257 1240 3314 Verbum
1289 3269 1436 3319 caro,
1477 3265 1757 3323 praepona—

192 3365 285 3410 tur.
313 3357 501 3413 Finitis
526 3356 616 3411 his
650 3353 911 3424 vesperis,
939 3350 1088 3420 (118)
1129 3344 1347 3403 diaconi
1383 3340 1758 3399 diaconalibus

191 3449 406 3503 vestibus
438 3447 616 3503 induti
648 3444 949 3518 procedant
994 3455 1117 3496 cum
1156 3436 1352 3501 cereis,
1375 3440 1630 3490 canentes
1662 3429 1760 3485 ali-

192 3541 317 3609 quod
342 3538 753 3609 responsorium
783 3543 849 3589 de
882 3542 1073 3589 sancto
1128 3528 1428 3601 Stephano,
1470 3522 1623 3593 cujus
1662 3536 1761 3576 na-

193 3628 300 3684 talis
318 3627 874 3703 orditur‘celebratio.
902 3624 1279 3692 Subsequatur
1300 3615 1595 3685 antiphona
1636 3627 1761 3669 cum

191 3716 356 3775 Gloria
388 3721 562 3785 Patri,
607 3728 662 3775 et
707 3702 958 3773 oratione
986 3715 1128 3770 dicta
1175 3710 1513 3781 compleatur
1539 3719 1760 3775 vesper-

191 3812 290 3866 tica
317 3800 734 3884 synaxis.(ll9)
764 3810 823 3865 lu
856 3805 1138 3863 matutinis
1167 3813 1227 3859 ut
1247 3797 1573 3872 praecedenti
1605 3805 1762 3851 nocte

190 3905 467 3975 pulsentur
488 3920 804 3977 campanae.
857 3902 904 3957 Α
948 3907 1185 3971 quatuor
1229 3893 1472 3952 diaconis
1520 3888 1763 3961 cappatis

189 4007 417 4054 cantetur
463 3998 847 4055 invitatorium
874 4033 891 4059 ,
941 3998 1261 4050 conservato
1313 3994 1513 4041 caetero
1563 3982 1773 4054 prince-5

192 4088 350 4144 dentis
369 4089 551 4145 noctis
571 4089 764 4144 ordine
798 4087 854 4139 in
888 4082 1221 4140 lectionibus
1277 4087 1332 4134 et
1383 4071 1762 4144 responsoriis,

189 4184 537 4234 etcantorum
588 4193 840 4234 numero.
889 4172 1016 4228 Tria
1053 4181 1232 4227 tamen
1279 4177 1625 4237 respousorta
1657 4177 1764 4217 non

186 4279 455 4326 cantcutur
486 4270 543 4324 in
592 4267 805 4341 eappis.
836 4261 1190 4349 Evangeliurh
1216 4258 1531 4331 pronuntiet
1585 4255 1768 4310 diaco-

189 4373 279 4416 nus
319 4363 725 4426 dalmaticatus,
774 4356 1212 4430 thymiamaterio
1258 4362 1318 4410 et
1359 4351 1535 4407 cereis
1565 4362 1768 4420 praece-

190 4447 444 4508 dentibus.
471 4452 594 4508 Duo
613 4450 830 4507 diaconi
863 4450 918 4503 in
953 4445 1263 4504 dalmaticis
1292 4442 1523 4498 chorum
1552 4446 1763 4509 regant,

190 4542 294 4609 qui,
324 4544 499 4599 altare
554 4541 910 4606 incensando,
970 4538 1041 4593 Te
1084 4537 1251 4593 Deum
1299 4532 1582 4603 incipiant.
1625 4532 1766 4584 Ante

191 4643 528 4700 nocturnum,
558 4644 614 4688 et
662 4634 717 4688 in
757 4630 1008 4687 laudibus
1062 4635 1351 4685 cauteulur
1394 4622 1580 4693 hymni
1629 4635 1766 4689 prm-

189 4723 313 4776 senti
340 4720 484 4779 festo
531 4721 803 4792 congrui;
861 4719 929 4773 ad
972 4716 1307 4780 Benedictus,
1353 4711 1647 4783 antiphona
1685 4718 1767 4763 tcr

190 4826 470 4887 repetatur.
499 4818 669 4875 Missa
702 4818 753 4873 in
796 4817 984 4889 cappis
1030 4815 1358 4870 celebretur.
1404 4813 1504 4879 Qui
1539 4811 1765 4866 chorum

189 4916 379 4976 regent,
408 4917 466 4963 et
506 4906 769 4978 graduale
795 4905 880 4960 vel
925 4902 1151 4960 Alleluia
1191 4904 1491 4958 cantabunt
1516 4918 1529 4929 ·
1585 4901 1678 4953 sed
1713 4908 1769 4953 et

189 4994 469 5063 Epistulam
500 4995 596 5051 vel
616 4995 963 5067 Evangelium
1009 4994 1213 5065 legent,
1263 5000 1485 5047 utantur
1516 4989 1765 5043 dalmati-

190 5084 279 5130 eis-
338 5088 446 5130 ac
498 5085 703 5130 Finitis
760 5085 1134 5130 diarnnalilms
1188 5084 1458 5130 vnannris-
1495 5080 1767 5130 recnlatur

1852 543 2170 599 authentico
2223 543 2426 599 Missali
2486 544 2934 614 demonstratur;
2985 557 3039 605 et
3093 550 3343 610 similiter
3372 555 3441 611 iu,

1852 635 2140 689 nativitate
2176 634 2353 690 sancti
2389 634 2614 691 Joannis
2666 636 2964 708 Baptistte:
3012 647 3240 713 uterque
3281 646 3433 709 enim

1854 723 1924 778 ab
1952 724 2176 778 exordio
2199 723 2337 779 lucis
2357 723 2569 795 seipsos
2595 723 2906 781 obtulerunt
2938 726 3049 783 Deo
3073 714 3437 800 sacriﬁcium:

1852 813 2179 883 virginitatis
2200 814 2555 884 evangelista,
2587 815 2930 871 abstinentiae
2964 817 3225 890 Baptista.
3262 800 3441 891 Madet"

1853 902 2018 957 missa
2047 903 2100 958 in
2126 903 2334 973 cappis,
2356 903 2508 973 cujus
2533 902 2811 970 olﬁciales,
2849 922 2941 975 qut
2968 918 3094 962 sunt
3143 910 3293 982 (122)
3344 930 3430 967 sa-

1853 995 2122 1061 cerdotes,
2153 1004 2376 1050 utantur
2399 996 2618 1050 casulis.
2656 993 2911 1067 Vesperis
2949 1007 3007 1054 ut
3039 1016 3201 1071 supra
3232 1002 3428 1073 ﬁnitis,

1852 1082 2042 1137 ﬁnitur
2073 1083 2414 1139 sacerdotale
2450 1084 2706 1140 oliicium.
3432 1080 3436 1085 ’

1924 1172 2074 1244 (125)
2110 1173 2407 1245 Incipiente
2452 1174 2631 1230 ollicio
2668 1176 2957 1246 infantum,
2988 1179 3040 1233 in
3075 1183 3348 1251 omnibus,
3372 1166 3440 1241 ut.

1853 1278 1885 1317 a
1916 1264 2160 1319 diaconis
2189 1265 2241 1318 in
2280 1280 2399 1330 suo,
2430 1266 2717 1336 agendum,
2748 1266 2899 1333 licet,
2930 1278 2989 1324 ut
3022 1269 3075 1325 in
3107 1284 3282 1329 morte
3326 1275 3436 1332 Do-

1852 1354 2008 1420 mini,
2036 1354 2107 1409 Te
2148 1355 2338 1423 Deum,
2361 1366 2418 1412 et
2436 1354 2619 1412 Gloria
2662 1360 2716 1412 in
2740 1360 2980 1426 excelsis,
3009 1372 3065 1417 et
3102 1362 3349 1435 Alleluia,
3377 1367 3434 1422 in

1853 1444 2058 1514 aliquot
2085 1445 2332 1502 ecclesiis
2375 1462 2442 1503 ex
2473 1463 2624 1503 more
2676 1450 2903 1519 antiquo
2943 1451 3271 1520 omittatur;
3303 1457 3430 1525 quia

1852 1544 1914 1591 ut
1934 1535 2185 1592 Christus
2228 1537 2596 1605 occideretur,
2653 1548 2733 1594 tot
2766 1542 2978 1609 parvuli
3029 1545 3203 1599 occidi
3244 1546 3435 1616 juben-

1854 1636 1943 1682 tur
1969 1644 1984 1693 ;
2018 1637 2073 1682 et
2102 1627 2209 1683 illis
2233 1628 2432 1685 occisis
2460 1630 2519 1684 lit
2562 1646 2708 1687 mors
2734 1630 2936 1689 Christi
2962 1637 3260 1691 secundum
3285 1638 3435 1693 aesti-

1856 1717 2150 1773 mationem
2179 1718 2450 1775 llerodis:
2499 1728 2678 1777 tamen
2717 1724 2842 1792 quia
2886 1724 3092 1795 placuit
3138 1726 3434 1794 modernis,

1854 1806 2031 1877 placet
2060 1816 2116 1863 et
2138 1808 2294 1864 nobis
2323 1817 2381 1864 ut
2404 1817 2713 1865 canteutur.
2772 1810 3104 1868 Subdiaconi
3128 1822 3185 1870 et
3224 1815 3437 1872 diaconi

1855 1895 2058 1951 tunicis
2105 1905 2162 1951 ct
2210 1896 2314 1967 37
2362 1895 2669 1953 dalmaticis
2700 1909 2944 1968 utantur,
2996 1903 3243 1970 quamvis
3297 1903 3438 1974 apud

1852 1987 2115 2056 quasdam
2142 1986 2418 2044 Ecclesiae
2444 1989 2547 2044 hac
2584 1989 2669 2045 die
2693 1989 2758 2064 [ἶ.
2784 1993 2911 2047 add.
2948 1993 3099 2068 usus]
3129 1996 3438 2053 casularum

1853 2075 2136 2132 habeatur.
3442 2074 3451 2081 “

1924 2166 2076 2238 (lii)
2116 2166 2175 2223 lu
2208 2167 2347 2224 festo
2374 2169 2548 2224 sancti
2578 2169 2829 2227 Silvestri
2860 2187 2960 2241 se;
3009 2175 3199 2246 prima:
3243 2152 3451 2234 lectio:

1853 2273 1952 2314 nes
1979 2258 2047 2315 de
2074 2267 2284 2324 sancto,
2342 2268 2451 2317 tres
2485 2260 2691 2317 ultimm
2745 2261 2812 2318 de
2866 2264 3157 2321 nativitate
3193 2282 3210 2333 ;
3270 2266 3439 2323 missa

1854 2349 2192 2407 matutinalis
2240 2350 2308 2407 de
2337 2362 2571 2417 sancto;
2616 2353 2814 2425 major,
2845 2356 3168 2413 nativitatis.
3216 2357 3442 2415 Creteris
3472 2344 3483 2347 Α

1853 2455 1985 2496 vero
2013 2441 2207 2498 diebus
2228 2457 2400 2513 usque
2428 2443 2497 2497 ad
2529 2455 2782 2500 octavum
2825 2460 2854 2500 a
2883 2446 3090 2503 duobus
3132 2447 3348 2505 clericis
3382 2447 3442 2503 in

1857 2532 2048 2602 cappis
2094 2541 2348 2589 cantetur
2392 2534 2788 2591 invitatorium.
2839 2535 3042 2593 Novem
3088 2537 3279 2608 psalmi
3315 2552 3443 2594 cum

1857 2621 2083 2675 totidem
2114 2621 2426 2691 antiphonis
2454 2638 2469 2689 ;
2508 2623 2659 2695 (ηδ)
2694 2623 2960 2682 lectiones
2986 2634 3098 2682 tres
3117 2642 3240 2683 cum
3265 2626 3442 2682 tribus

1856 2710 2220 2779 responsoriis
2249 2725 2280 2764 a
2311 2710 2455 2766 binis
2481 2722 2537 2767 et
2564 2712 2707 2768 binis
2736 2712 3108 2769 concinendis.
3150 2713 3223 2768 Te
3268 2714 3453 2769 Deum'

1857 2798 2142 2855 laudamus
2194 2809 2481 2869 cantetur;
2526 2811 2582 2859 et
2628 2803 2810 2861 missae
2851 2803 3085 2862 ollicium
3126 2806 3273 2877 (ηδ)
3313 2802 3449 2861 ειιιιι’

1858 2886 2113 2946 laudibus
2132 2898 2189 2946 et
2215 2893 2497 2962 sequentia
2538 2902 2624 2949 est
2671 2895 2962 2965 agendum.
3001 2893 3229 2953 Octavae
3263 2892 3449 2954 sancti

1863 2980 2151 3053 Stephani,
2183 2993 2244 3039 ut
2261 2984 2460 3041 festum
2483 2986 2819 3044 Dominicale
2851 3004 2866 3054 ;
2894 2987 3044 3060 (127)
3075 2990 3248 3045 sancti
3270 2989 3439 3045 Joan-

1866 3072 1968 3137 nis,
1994 3081 2053 3128 ut
2075 3073 2275 3130 festum
2312 3075 2540 3146 apostoli
2576 3093 2592 3144 ;
2652 3076 3049 3133 Innocentium.
3082 3087 3143 3134 ut
3194 3079 3311 3136 dies
3335 3079 3457 3154 Do-g

1861 3162 2149 3219 utiuicalis.
2179 3164 2327 3236 (128)
2353 3165 2482 3223 Dies
2506 3166 2970 3236 Circumcisionis,
2993 3169 3084 3239 qui
3111 3178 3197 3225 est
3219 3160 3455 3227 octavus

1860 3253 2218 3322 nativitatis,-
2250 3254 2562 3312 celebretur
2618 3266 2677 3312 nt
2719 3257 2919 3314 festum
2973 3258 3149 3315 sancti
3197 3258 3442 3325 Joannis,

1860 3345 2104 3415 exceptis
2125 3346 2326 3402 casulis
2360 3355 2415 3403 et
2441 3348 2608 3403 missa
2640 3348 2966 3404 matutinali.
2996 3349 3121 3407 Ideo
3158 3350 3444 3422 praecipuae

1860 3433 2185 3492 festivitates
2216 3446 2341 3493 octo
2362 3436 2553 3494 diebus
2597 3437 2867 3505 coluntur,
2903 3441 3027 3510 quia
3071 3456 3167 3497 sex
3195 3441 3446 3498 aetatibus

1860 3526 2104 3596 vergitur
2130 3527 2402 3594 mundus;
2440 3528 2670 3599 septima
2708 3538 2842 3585 actas
2891 3538 3175 3604 estusque
3224 3532 3293 3587 ad
3325 3531 3445 3587 uni-

1859 3616 2125 3671 versalem
2155 3620 2609 3676 resurrectionem
2656 3622 2873 3692 requies
2899 3623 3203 3679 animarum
3233 3616 3461 3681 sancta?

1863 3719 2014 3771 rum;
2037 3715 2250 3772 octava,
2279 3721 2507 3779 regnum
2535 3707 2630 3763 Dei
2662 3720 2782 3778 post
2813 3712 3270 3769 resurrectionem
3304 3710 3459 3768 θεαί-⁸

1862 3793 2134 3863 plternam
2160 3812 2175 3849 :
2204 3805 2259 3852 et
2282 3797 2406 3853 ideo
2434 3805 2627 3852 octava
2649 3798 2764 3853 dies
2793 3799 2974 3870 agitur
3001 3799 3290 3865 celebrior,
3320 3800 3462 3871 quia“

1864 3884 1919 3938 in
1972 3884 2092 3953 ipso
2149 3901 2318 3957 regno
2367 3887 2571 3943 Christi
2624 3887 2794 3959 gloria
2839 3890 2945 3945 erit
2998 3892 3351 3962 sempiterna,
3391 3900 3451 3947 et

1865 3974 2152 4031 ineﬂ’abilis
2174 3975 2487 4032 exsultatio.
2526 3975 2594 4030 Et
2626 3977 2826 4032 iterum
2873 3977 3000 4032 dum
3031 3987 3342 4034 sanctorum
3367 3978 3449 4036 fe-

1864 4076 1950 4123 sta
1982 4066 2344 4133 celebramus,
2392 4068 2444 4123 in
2477 4067 2564 4123 die
2608 4068 2971 4124 solemnitatis
2998 4082 3189 4124 eorum
3232 4068 3464 4124 anima-'

1866 4171 1989 4212 rum
2019 4157 2227 4226 requiei
2255 4157 2366 4230 38
2395 4157 2819 4229 eongaudemus,
2850 4157 2921 4212 'in
2955 4165 3151 4213 octavo
3175 4171 3359 4213 eorum
3394 4154 3460 4213 in'

1866 4245 2036 4317 gloria
2075 4248 2482 4304 resurrectioni.
3048 4258 3053 4263 '
3118 4250 3125 4265 λ
3460 4246 3465 4253 ’

1939 4334 2090 4407 (129)
2130 4336 2257 4392 Dies
2286 4336 2602 4407 Epiphania:
2625 4345 2686 4392 ut
2719 4337 2835 4393 dies
2869 4336 3180 4397 Nativitatis
3206 4339 3456 4397 ccleore-'

1869 4432 1961 4480 tur
2007 4425 2154 4496 (150)
2200 4426 2406 4495 absque
2452 4426 2789 4482 invitatorio.
2836 4428 3125 4487 Lectiones
3167 4426 3326 4499 primi
3357 4424 3465 4483 no-'

1794 4495 1847 4557 Ῑ)
1870 4515 2055 4570 cturni
2082 4515 2146 4571 de
2166 4517 2447 4588 prophetis
2478 4524 2640 4571 erunt
2670 4533 2685 4582 ;
2716 4517 2965 4582 secundi,
2996 4517 3062 4572 de
3108 4495 3453 4572 sermonibus

1872 4608 2141 4675 Patrum;
2198 4609 2363 4675 tertii,
2412 4610 2478 4664 de
2517 4610 2854 4678 expositione
2892 4607 3327 4680 Evangeliorum.
3370 4606 3457 4661 ln-

1873 4700 2188 4756 vitatorium
2216 4700 2435 4769 quidem
2475 4700 2531 4758 in
2573 4700 2661 4754 die
2685 4700 2999 4770 Epiphaniae
3029 4699 3457 4770 prtedecessores

1874 4800 2092 4847 nostros
2113 4792 2352 4847 arbitror
2384 4805 2492 4846 non
2522 4790 2745 4858 dixisse,
2776 4791 2897 4845 ideo
2932 4788 3072 4859 quod
3107 4797 3205 4857 per
3232 4793 3477 4867 praetera

1876 4881 2187 4937 missionem
2236 4879 2572 4934 invitationis
2594 4879 2663 4933 ab
2700 4878 3024 4935 llerodianis
3070 4876 3324 4946 operibus
3349 4874 3462 4929 dis-
3552 4878 3556 4883 '

1876 4985 2102 5043 crepare
2130 4971 2380 5026 videntur
2408 4987 2423 5038 ;
2466 4968 2556 5039 qui
2587 4983 2649 5023 ea
2678 4971 2766 5025 die
2795 4973 2864 5027 ad
2909 4971 3014 5025 hoc
3060 4964 3374 5022 Scribarum
3405 4970 3463 5017 et

1874 5065 2279 5121 Pharisaeorum
2306 5061 2437 5119 fecit
2472 5063 2870 5130 invitationem,
2908 5073 2963 5120 ut
2990 5063 3251 5117 Dominus
3281 5065 3467 5114 noster
