4016 5386
527 178 596 235 ιδ
1498 188 1507 193 ~
1576 166 1859 227 DANle
1896 167 2331 228 ARCHIEPISC.
2377 168 2737 228 ROTOMAG.
3735 168 3812 227 ιι

530 287 815 340 leluiancts
851 285 905 340 in
936 284 1095 340 tertia
1148 288 1409 339 nocturna
1456 296 1579 338 cum
1616 282 1982 355 responsoriis
2009 285 2106 340 ba-
2137 266 2183 324 Α
2221 281 2651 352 Αεειιηιριὶοηῑς,
2675 281 2999 349 celebretur,
3030 279 3272 354 exceptis
3298 279 3481 353 vigilia
3502 287 3559 337 et
3590 279 3815 337 octavis

530 373 765 445 ptisterii
810 373 932 430 ideo
965 374 1217 435 dieimus,
1248 371 1370 441 quia
1398 371 1450 425 in
1502 371 1661 428 tertio
1692 379 1955 442 tempore,
2013 371 2115 427 sci-

527 465 658 520 licet
705 463 914 533 gratiae,
944 464 1092 517 venit
1120 463 1389 518 Christus.
1421 461 1602 517 Finito
1639 477 1783 518 nono
1832 478 2115 532 responso-

526 554 632 618 rio,
660 550 807 624 (132)
840 552 1090 607 sacerdos
1118 550 1498 607 dalmatieatus
1527 558 1583 604 et
1630 550 1909 606 casulatus
1928 567 2114 621 proce-

527 646 643 710 dat,
700 656 755 701 et
804 644 1151 715 Evangelium
1194 642 1517 713 genealogize
1563 634 1761 697 Christi
1819 644 2112 698 secundum

526 737 733 793 Lucam
768 735 1085 793 solemniter
1111 735 1275 807 legat.
1302 735 1358 789 ln
1406 734 1698 789 Nativitate
1750 734 1962 790 Domini
1999 734 2114 804 ejus

529 826 808 899 generatio
831 825 900 880 ab
920 824 1192 880 Abraham
1222 822 1332 895 39
1360 833 1514 894 patre
1543 823 1667 879 ﬁdei
1696 832 1751 879 et
1770 826 2110 891 obedientiae,

527 932 700 987 usque
731 916 796 972 ad
821 915 1018 986 Ioseph
1051 916 1225 970 virum
1278 910 1480 981 Maria),
1514 931 1635 985 quae
1688 916 1964 971 Christum
2010 916 2114 972 ﬁde

526 1004 773 1074 concepit
802 1012 857 1059 et
904 1004 1139 1074 peperit,
1185 998 1561 1060 descendendo
1604 1013 1856 1061 contexta
1897 1006 2109 1076 legitur.

523 1093 777 1152 Christus
806 1096 950 1152 enim
977 1095 1161 1151 ﬁdeles
1190 1111 1441 1165 quaerens
1464 1088 1528 1150 de
1559 1098 1687 1151 sede
1720 1097 2020 1168 majestatis
2045 1098 2112 1153 ad

525 1189 630 1241 ima
663 1187 962 1253 descendit,
998 1186 1248 1256 Patrique
1275 1202 1446 1257 usque
1473 1186 1539 1241 ad
1581 1199 1809 1242 mortem
1853 1188 2110 1243 obedien-

524 1279 731 1347 do,‘qui
782 1278 1057 1347 perierant
1106 1278 1349 1332 redemit.
1412 1278 1466 1331 lu
1498 1279 1769 1348 baptismo
1816 1294 1944 1334 vero
1974 1279 2110 1348 ejus,

523 1371 695 1440 ipsius
743 1368 1023 1438 generatio
1071 1368 1137 1422 ab
1190 1367 1303 1422 lleli
1362 1368 1469 1421 lilio
1526 1369 1777 1437 adoptivo
1826 1385 1995 1438 usque
2046 1372 2111 1424 ad

521 1462 823 1533 Adam,qui
856 1460 1078 1531 gloriam
1104 1459 1337 1531 primum
1371 1454 1471 1515 Sibi
1502 1476 1814 1515 concessam
1840 1461 2111 1532 peccando

523 1549 724 1614 amisit,
790 1550 1132 1620 septuaginta
1186 1559 1387 1619 septem
1439 1550 1877 1621 generationibus
1919 1566 2108 1606 ascen-

523 1640 698 1695 dendo
742 1649 995 1695 contexta
1050 1640 1266 1710 legitur.
1316 1641 1665 1711 Septuaginta
1715 1642 1861 1697 enim
1907 1651 2110 1713 septem

517 1731 820 1785 nndenario
866 1722 1092 1784 munero
1142 1730 1344 1800 septies
1409 1731 1556 1785 dicto
1604 1731 1958 1802 colliguntur.
2008 1731 2113 1787 Per

519 1822 773 1877 undecim
799 1837 949 1886 vero,
973 1822 1116 1891 quod
1148 1831 1232 1876 est
1258 1820 1509 1892 Decalogi
1560 1824 1940 1892 transgressio,
1981 1838 2107 1892 pee-

517 1921 662 1979 cata,
694 1922 748 1968 et
779 1928 874 1983 per
902 1911 1270 1982 septenarium
1296 1921 1500 1982 septem
1538 1912 1678 1967 dona
1709 1914 1882 1993 sancti
1934 1912 2110 1984 Spiri-

517 2012 608 2058 tus
647 2004 1030 2075 exprimuntur
1059 2020 1071 2055 :
1106 2018 1204 2072 per
1238 2019 1383 2073 qum,
1408 2003 1654 2075 originali
1672 2013 1925 2075 peccato,
1965 2005 2111 2075 quod

518 2098 589 2155 ab
625 2096 798 2152 Adam
846 2094 1245 2160 contraximus,
1291 2096 1613 2166 exterisque
1639 2097 1891 2153 omnibus
1934 2098 1987 2152 in
2016 2097 2111 2151 ba-

516 2186 775 2257 ptismate
806 2184 1017 2252 deletis,
1064 2183 1160 2240 ﬁlii
1207 2184 1301 2241 Dei
1336 2186 1569 2255 adoptivi
1611 2185 1895 2252 efﬁcimur,
1924 2186 2111 2257 sicque

515 2277 659 2331 bona
689 2275 993 2347 operando,
1024 2275 1128 2330 ﬁde
1162 2284 1217 2330 et
1245 2277 1557 2332 obedientia
1604 2276 1673 2330 ad
1713 2276 1958 2331 eamdem
1997 2278 2111 2347 glo-

520 2365 682 2431 riam,
709 2380 872 2435 quam
920 2364 1095 2419 Adam
1137 2364 1439 2435 plasmatus
1480 2366 1709 2435 accepit,
1742 2367 2107 2436 pervenimus.

515 2452 722 2510 Deinde
751 2454 899 2525 (153)
932 2454 1101 2508 slcllre
1130 2454 1365 2509 cilicium
1407 2456 1646 2525 incipiat.
1681 2456 1964 2513 Processio
2007 2473 2107 2511 au-

516 2552 626 2597 tem
662 2552 719 2597 ut
748 2543 801 2597 iu
828 2542 915 2598 die
942 2536 1271 2597 Nativitatis‘
1292 2560 1508 2616 semper
1531 2546 1719 2601 eadem
1748 2547 1834 2601 die
1863 2547 1975 2600 ﬁat.
2010 2545 2109 2603 Re-

515 2633 680 2705 liquis
703 2634 893 2691 diebus
922 2650 1094 2705 usque
1115 2635 1182 2689 ad
1212 2645 1486 2702 octavum,
1508 2636 1738 2693 ollicium
1771 2638 2024 2693 diurnum
2053 2647 2109 2693 et

518 2732 848 2779 nocturnum
907 2724 1056 2795 (154)
1116 2724 1323 2793 absque
1386 2723 1454 2778 Te
1505 2725 1672 2778 Deum
1724 2724 2007 2778 laudamus
2054 2733 2111 2780 et

518 2808 704 2868 Gloria
729 2815 783 2867 in
820 2816 1063 2879 excelsis,
1095 2814 1454 2882 compleatur.
1485 2811 1721 2868 Octavus
1746 2814 1861 2867 dies
1894 2814 1946 2867 in
1981 2827 2107 2882 cap-

514 2892 624 2973 pis,
677 2910 736 2958 ut
785 2902 988 2956 festum
1022 2901 1250 2973 aposmli
1284 2901 1609 2957 celebretur.
1644 2902 1701 2955 In
1757 2902 1993 2959 crastino
2032 2902 2108 2958 fe-

515 3002 657 3046 stum
704 2991 815 3065 40
863 2992 1040 3048 sancti
1092 2990 1348 3064 Remigii,
1387 2990 1579 3047 llilarii
1627 3002 1683 3050 et
1717 2992 1916 3049 Felicis
1960 2993 2104 3050 cele-

512 3086 720 3141 bretur.

584 3174 904 3231 Transactis
927 3172 1104 3243 festis,
1139 3176 1190 3231 in
1221 3174 1521 3234 Dominicis
1571 3194 1744 3250 usque
1782 3179 1849 3235 ad
1878 3178 2106 3251 Septua-

509 3266 774 3340 gesimam
806 3268 1084 3338 processio
1141 3267 1213 3321 ita
1246 3267 1340 3322 ﬁat
1367 3277 1428 3323 ut
1462 3268 1529 3323 ad
1576 3271 1900 3326 cruciﬁxum
1927 3272 2105 3328 diver-

513 3366 614 3411 tat.
639 3356 969 3428 Autiphonac
1001 3358 1462 3428 processiondes,
1508 3361 1594 3415 vel
1621 3363 1966 3432 responsoria
1989 3363 2104 3433 ejus

509 3449 770 3518 temporis
789 3458 1099 3515 eantentur,
1114 3463 1233 3518 quae
1257 3458 1384 3504 ante
1404 3451 1629 3505 chorum
1654 3451 1932 3508 ﬁniantur.
1950 3454 2100 3527 (155)

512 3539 927 3596 lntrocuntibus
955 3540 1204 3607 chorum,
1241 3550 1438 3596 cantor
1492 3542 1843 3612 antiphonam
1871 3553 1964 3598 aut
2020 3559 2104 3601 re-

511 3633 858 3703 sponsorium
911 3632 1142 3702 incipiat
1197 3632 1264 3687 de
1294 3641 1500 3695 sancto,
1540 3632 1692 3701 cujus
1719 3641 1805 3689 est
1851 3633 2099 3691 ecclesia.

512 3721 943 3779 Dominicalihus
976 3730 1032 3777 ct
1064 3722 1347 3779 ferialibus
1373 3724 1622 3781 noctibus
1668 3724 1923 3796 Epistolas
1948 3724 2101 3782 Pauli

510 3812 808 3881 legantur;
845 3812 1194 3883 responsoria
1248 3813 1314 3868 de
1363 3814 1586 3884 psalmis
1633 3824 1965 3883 cantentur;
2007 3832 2101 3874 ex-

511 3901 686 3973 ceptis
712 3912 894 3957 autem
927 3901 1228 3957 Dominicis
1249 3912 1303 3958 et
1330 3901 1562 3970 festivis,
1588 3920 1781 3975 preces
1811 3915 1868 3960 et
1891 3908 2098 3976 agenda

511 3978 853 4047 mortuorum
884 4001 1135 4064 agantur.
1173 3992 1311 4058 Quia
1350 4007 1479 4048 vero
1512 3994 1628 4048 dies
1673 3995 1814 4048 inter
1848 3994 2097 4051 Circum-

508 4083 772 4138 cisionem
816 4090 871 4136 et
917 4080 1275 4150 Epiphaniam
1309 4095 1581 4149 exponere
1630 4084 2093 4152 praetermisimus,

514 4173 621 4227 hoc
659 4171 714 4224 in
741 4170 863 4225 loco
892 4170 1222 4224 interserere
1269 4172 1613 4225 commodum
1653 4172 2005 4228 arbitramur.
2037 4174 2093 4229 ln

2221 372 2494 440 processio
2524 373 2594 427 ita
2620 372 2735 439 ﬁat,
2764 383 2822 428 ut
2842 373 3016 429 cereis
3060 380 3116 428 et
3137 370 3476 428 candelabris
3518 370 3718 444 positis
3753 369 3812 426 in

2221 462 2416 528 altera,
2447 463 2490 518 si
2524 463 2710 529 Fuerit,
2763 465 3014 532 ecclesia,
3049 464 3196 537 (158)
3248 465 3316 520 ad
3361 478 3480 519 eam
3526 465 3711 520 clerus
3755 473 3815 519 et

2218 553 2446 622 pepulus
2467 548 2814 623 antipl’mnam
2843 573 2855 609 :
2900 556 3005 611 Ave
3026 558 3222 627 gratia,
3250 555 3522 612 cantando
3549 553 3817 622 religiose

2218 653 2465 713 pergant,
2492 642 2671 712 ibique
2700 644 2953 700 candelas
2992 644 3059 699 ab
3100 645 3354 716 episcopo
3398 634 3484 699 vel
3517 646 3817 699 sacerdote

2218 741 2458 788 Sacratas
2515 732 2592 803 [id
2619 747 2716 797 est,
2747 735 3086 806 benedictus]
3136 735 3425 807 accipiant.
3474 734 3686 802 Quibus
3717 750 3816 790 ac-

2218 825 2413 884 censis.
2440 838 2629 880 cantor
2659 827 3036 898 autiphonam,
3065 828 3264 883 Lumen
3294 829 3363 882 ad
3412 827 3815 895 reuelationem,

2217 914 2478 985 incipiat;
2511 933 2617 987 qua
2669 920 2838 984 ﬁnita,
2891 921 3104 973 Adorna
3140 920 3455 986 thalamum,
3485 929 3811 984 cantantes,

2218 1006 2285 1061 ad
2312 1018 2543 1065 matrem
2571 1009 2855 1065 ecclesiam
2879 1024 2975 1079 per
3006 1011 3317 1076 claustrum,
3355 1019 3450 1065 aut
3480 1011 3535 1065 in
3566 1010 3812 1067 circuitu

2216 1099 2459 1155 ecclesia:
2519 1101 2762 1156 redeant.
2815 1102 3018 1158 Deinde
3072 1103 3512 1174 responsorium,
3567 1101 3811 1173 Accepit,

2216 1198 2519 1255 cantantes,
2547 1200 2673 1245 ante
2701 1191 2924 1246 chorum
2951 1192 3140 1245 ﬁniant
3170 1208 3185 1257 ;
3217 1192 3365 1263 (159)
3387 1206 3578 1247 versus
3606 1205 3817 1260 sequa-

2218 1289 2305 1335 tur
2331 1296 2359 1333 a
2389 1282 2598 1335 duobus
2620 1281 3109 1341 clericis.cantatus
3135 1300 3147 1335 :
3175 1292 3296 1353 post
3339 1282 3641 1352 repetendo
3666 1272 3816 1336 anti-

2215 1372 2450 1443 phonam
2474 1372 2698 1427 chorum
2755 1373 2978 1437 intrent,
3002 1382 3055 1428 et
3088 1374 3165 1428 sic
3192 1373 3414 1429 missam
3461 1389 3587 1428 cum
3636 1371 3819 1426 laudi-

2215 1459 2315 1515 bus
2341 1470 2395 1515 et
2425 1461 2705 1529 sequentia
2747 1460 2936 1517 festive
2965 1461 3258 1516 celebrent.
3312 1461 3370 1516 Si
3423 1472 3606 1516 autem
3658 1460 3817 1515 festi-

2218 1548 2355 1601 vitas
2386 1548 2499 1617 ipsa
2546 1550 2789 1604 evenerit
2824 1548 2960 1603 infra
2992 1549 3484 1621 Septuagesimam,
3516 1565 3619 1621 pro
3669 1549 3819 1603 Alle-

2218 1637 2349 1703 luia,
2392 1646 2598 1692 tractus
2626 1638 2836 1693 dicatur
2870 1655 2882 1691 :
2918 1639 3200 1709 sequentia
3238 1654 3368 1694 vero
3405 1639 3526 1693 sine
3549 1637 3814 1701 A'leluia,

2219 1725 2605 1795 subsequatur.
2639 1726 2696 1780 lu
2738 1726 3061 1797 llypapanti,
3091 1742 3209 1797 quae
3239 1727 3440 1781 dicitur
3465 1726 3817 1797 prwsenlalio

2215 1813 2447 1879 Domini,
2483 1814 2660 1869 lumen
2686 1817 2911 1870 Domino
2941 1814 3496 1886 przcsentamus,quia
3529 1815 3583 1869 in
3617 1814 3819 1870 eadem

2217 1904 2305 1960 die
2336 1905 2585 1960 Christus
2637 1904 2815 1960 lumen
2872 1906 3258 1977 sempiternum
3290 1922 3319 1960 a
3350 1905 3514 1961 beato
3558 1904 3673 1977 42
3728 1903 3819 1959 Si-

2220 2009 2414 2049 meone
2467 1992 2519 2048 in
2553 1994 2751 2065 templo
2784 2003 3167 2066 prresentatur,
3221 2011 3321 2066 per
3360 1995 3547 2051 lumen
3598 1996 3655 2050 in
3692 2010 3815 2050 ma-

2216 2085 2373 2141 nibus
2399 2086 2538 2141 bona
2567 2101 2727 2155 opera
2755 2087 3126 2158 designantur.

2286 2177 2567 2233 Dominica
2596 2176 3019 2248 Septuagesimae
3046 2177 3118 2232 ita
3139 2176 3469 2242 celebretur,
3487 2186 3549 2233 ut
3574 2177 3631 2232 in
3659 2177 3816 2248 (HO)

2214 2275 2552 2341 praecedente
2590 2269 2830 2327 Sabbato
2867 2264 2941 2326 ad
2976 2286 3230 2343 vesperas
3274 2273 3396 2329 vice
3443 2275 3637 2345 hymni
3675 2290 3816 2330 can—

2216 2370 2359 2414 tetur
2407 2360 2730 2429 sequentia:
2770 2359 3051 2415 Cantemus
3081 2363 3251 2415 cuncti
3283 2361 3569 2418 melodum.
3607 2362 3667 2419 In
3695 2377 3818 2419 ma-

2215 2450 2403 2505 tutinis
2432 2451 2578 2521 (Ml)
2612 2450 2978 2506 invitatorium
3005 2450 3425 2520 alleluiaticum;
3455 2453 3655 2524 psalmi
3684 2469 3815 2509 cum

2212 2541 2326 2595 suis
2352 2540 2661 2610 antiphonis
2684 2549 2739 2595 et
2777 2541 3136 2611 responsoriis
3164 2543 3279 2597 suis
3302 2551 3618 2598 cantentur.
3653 2544 3813 2615 (142)

2212 2630 2268 2685 1η
2298 2632 2473 2700 primo
2508 2642 2772 2686 nocturno
2795 2632 3119 2701 hcptaticum
3143 2632 3436 2705 incipiatur
3461 2634 3609 2704 quod
3634 2650 3814 2707 usque

2212 2719 2278 2772 ad
2307 2720 2534 2788 primam
2561 2708 2894 2777 Dominicam
2927 2723 3217 2780 Dominica:
3243 2725 3516 2794 passionis
3541 2725 3764 2797 legatur
3792 2742 3810 2782 :

2215 2818 2286 2864 tta
2321 2818 2499 2864 tamen
2527 2811 2658 2865 utin
2686 2814 2979 2870 Dominicis
3007 2823 3117 2870 tres
3141 2819 3332 2885 prima:
3351 2816 3622 2875 lectiones
3644 2821 3716 2876 de
3746 2834 3814 2877 eo

2213 2897 2485 2969 legantur,
2516 2900 2569 2954 in
2598 2902 2837 2957 secundo
2866 2912 3133 2960 nocturno
3181 2913 3292 2963 tres
3337 2906 3406 2963 de
3454 2910 3813 2967 sermonibus

2211 2988 2455 3056 Patrum,
2492 2990 2544 3044 in
2598 2992 2756 3047 tertio
2779 2993 2845 3049 de
2871 2997 3204 3064 expositione
3250 2998 3703 3071 Evangeliorum.
3751 3003 3815 3057 In

2209 3077 2643 3149 Septuagesima,
2678 3079 2748 3135 Te
2778 3081 2944 3137 Deum
2977 3083 3283 3154 laudamus,
3323 3089 3629 3158 celebrato,
3654 3091 3812 3165 (N5)

2208 3167 2489 3222 matutina:
2515 3168 2703 3253 laudes
2733 3185 2854 3225 cum
2884 3171 3226 3230 alleluiatieis
3274 3179 3596 3248 antiphonis
3618 3192 3677 3236 et
3704 3182 3812 3253 hy-

2207 3272 2335 3312 nmo
2392 3258 2667 3313 ﬁniantur.
2713 3261 2756 3313 Δ
2795 3258 3201 3333 Septuagesima
3252 3280 3426 3338 usque
3478 3268 3535 3323 in
3587 3269 3814 3327 Pascha

2206 3347 2356 3422 (144)
2388 3350 2441 3404 in
2475 3350 2753 3405 matutinis
2772 3365 2868 3420 per
2895 3352 3204 3409 Dominicas
3233 3366 3425 3412 noctes
3460 3355 3575 3414 duo
3603 3359 3814 3430 psalmi

2206 3450 2486 3497 mutantur
2513 3459 2526 3495 :
2556 3441 2807 3496 Miserere
2833 3444 2953 3511 mei,
3003 3443 3166 3511 Deus,
3215 3455 3273 3503 et
3312 3446 3660 3519 Conﬁtemini
3690 3454 3812 3509 Do-

2205 3533 2370 3586 mino.
2398 3532 2625 3587 Peccata
2657 3534 2801 3588 enim
2842 3545 3025 3590 nostra
3066 3536 3325 3609 plangere
3354 3551 3599 3612 oportet,
3635 3544 3811 3599 Mise-

2204 3638 2318 3676 rere
2346 3622 2464 3686 mei,
2496 3621 2659 3688 Deus,
2696 3621 2942 3679 dicendo.
2983 3624 3189 3692 Quibus
3236 3644 3367 3685 vero
3417 3633 3606 3688 cordis
3653 3634 3813 3704 plan-

2203 3719 2296 3769 ctu
2325 3711 2540 3777 deletis,
2570 3711 2852 3767 charitatis
2882 3712 3075 3768 ﬁducia
3122 3719 3337 3773 accensi
3366 3719 3640 3781 debemus
3694 3725 3813 3779 lau-

2202 3802 2335 3858 dare
2382 3802 2686 3864 Dominum,
2737 3810 2793 3856 et
2840 3803 3066 3859 invicem
3099 3806 3305 3862 hortari
3357 3808 3598 3867 Domino
3629 3814 3810 3871 conﬁ-

2204 3893 2303 3947 teri
2335 3893 2590 3961 quoniam
2619 3893 2790 3946 bonus
2810 3901 2915 3947 est.
2937 3893 2993 3947 ln
3026 3896 3201 3964 prima
3249 3913 3381 3954 vero
3417 3901 3471 3955 in
3500 3900 3628 3959 loco
3660 3903 3811 3959 Con-

2208 3980 2443 4047 ﬁtemim’,
2495 3981 2745 4035 Dominus
2782 3984 3032 4052 regnavit.
3082 3984 3212 4039 Post
3263 3990 3605 4046 matutinum
3649 4010 3811 4050 eom-

2201 4069 2524 4125 memoratio
2575 4079 2772 4124 sanctae
2816 4068 3025 4137 Marire,
3070 4076 3428 4147 onmiumquc
3475 4093 3811 4140 sanctorum

2200 4162 2330 4214 item
2357 4176 2480 4214 cum
2528 4158 2870 4215 alleluiaticis
2906 4158 3012 4231 43
3062 4163 3374 4233 atltiphOnis
3402 4176 3629 4224 tantum
3687 4174 3808 4229 ﬁat.

505 4260 746 4329 crastino
795 4257 1239 4314 Circumcisionis
1284 4258 1514 4333 Domini
1561 4260 1900 4339 celebramus
1946 4272 2094 4318 oeta-
2121 4288 2173 4346 ι)
2200 4252 2352 4325 (145)
2392 4252 2530 4346 Post
2576 4250 2959 4346 Benedlcamus
3011 4270 3133 4346 cum
3187 4255 3420 4312 Alleluia
3472 4265 3813 4331 pronuntie-

508 4365 636 4404 vum
681 4348 857 4403 sancti
890 4346 1154 4417 Stephani
1207 4360 1359 4401 more
1418 4348 1779 4415 Dominicali;
1828 4350 1880 4403 in
1933 4352 2088 4406 tertia

506 4442 617 4510 die,
657 4439 833 4496 sancti
860 4437 1104 4502 Joannis,
1154 4446 1213 4492 ut
1243 4435 1443 4493 festum
1472 4440 1701 4508 apostoli
1732 4457 1748 4504 ;
1793 4440 1843 4494 in
1875 4452 2088 4510 quarta,

504 4514 822 4588 sanctorum
869 4527 1268 4594 Innocentium,
1301 4536 1379 4605 ut.
1405 4529 1579 4583 sancti
1631 4528 1910 4599 Stephani.
1944 4531 2090 4604 (156)

504 4623 700 4694 Vigilia
724 4635 855 4675 vero
884 4617 1220 4689 Epiphaniae,
1242 4632 1405 4687 quam
1432 4617 1620 4688 plebes
1650 4620 1863 4675 diverse
1885 4621 2090 4687 colunt,

502 4714 615 4785 (alii
647 4708 1082 4781 enimjejunant,
1109 4716 1165 4762 et
1194 4707 1289 4760 alii
1329 4707 1620 4778 prandent)
1647 4709 1804 4763 nobis
1840 4707 2091 4778 jejunan-

504 4806 631 4860 dum
662 4815 961 4870 congruum
988 4797 1205 4852 videtur
1238 4813 1251 4851 :
1290 4796 1496 4852 nullam
1524 4798 1668 4875 enim
1714 4798 2089 4855 celsitudinem

506 4876 827 4949 reverentia:
853 4888 1012 4959 hujus
1058 4885 1165 4942 diei
1220 4885 1731 4965 reperimus,lquam
1762 4889 1815 4942 in
1842 4888 2091 4943 omnibus

2201 4355 2309 4411 tur,
2350 4361 2447 4398 nec
2483 4344 2621 4398 ultra
2649 4345 2715 4398 ad
2745 4343 3041 4399 Sabbatum
3081 4342 3303 4403 Pascha:
3362 4354 3657 4423 audiatur,
3713 4361 3813 4415 sed

2200 4437 2252 4490 in
2282 4434 2397 4501 ejus
2425 4436 2543 4488 loco
2580 4433 2724 4488 Laus
2752 4435 2862 4499 tibi,
2899 4435 3140 4503 Domine,
3171 4447 3225 4491 et
3263 4440 3316 4493 in
3361 4443 3533 4500 missa
3590 4458 3812 4507 tractus

2198 4535 2468 4579 cantetur.
2503 4522 2656 4590 Quod
2688 4525 2756 4578 ab
2810 4524 2922 4594 ipsa
2960 4526 3065 4593 die,
3112 4527 3181 4582 Te
3228 4529 3395 4585 Deum
3437 4544 3495 4590 et
3527 4535 3727 4596 Gloria
3756 4544 3814 4598 in

2196 4616 2429 4677 excelsis,
2460 4625 2511 4671 et
2536 4602 2784 4681 Alleluia,
2813 4632 2982 4687 usque
3005 4620 3071 4672 ad
3115 4618 3325 4678 Pascha
3381 4624 3811 4700 intermittitur,

2196 4719 2251 4763 et
2282 4708 2333 4761 in
2364 4707 2481 4762 loco
2509 4704 2759 4772 Alleluia,
2790 4706 2933 4774 quod
2985 4706 3309 4764 llebraicum
3338 4717 3569 4773 caeteris
3602 4720 3815 4794 linguis

2194 4797 2412 4863 celsius,
2436 4797 2578 4850 Laus
2601 4796 2715 4861 tibi,
2746 4796 2984 4861 Domine,
3009 4799 3151 4866 quod
3179 4799 3445 4859 humilius
3494 4818 3608 4875 est,
3662 4812 3812 4869 dici-

2195 4904 2335 4950 mus,
2377 4886 2584 4955 (Graeca
2612 4887 2754 4939 enim
2784 4896 2838 4939 et
2868 4885 3079 4952 Latina,
3126 4899 3455 4962 eteterzeque
3499 4897 3712 4972 lingua:
3742 4907 3815 4962 ad

501 4982 693 5037 diebus
733 4975 1137 5034 Purilicationis
1166 4982 1372 5057 sanetae
1398 4973 1582 5029 Mariae
1612 4976 1759 5047 (157)
1813 4977 1864 5030 in
1897 4978 2093 5046 quibus
2150 4976 2651 5059 ,comparationem
2700 4975 2977 5030 llebraicre
3022 4992 3291 5047 pauperes
3331 4992 3641 5062 vocantur)
3674 4993 3817 5050 allii-

499 5087 598 5143 per
621 5069 825 5139 aliquot
848 5069 963 5124 dies
983 5066 1327 5138 .jejunamus.
1356 5065 1425 5120 Et
1445 5066 1572 5137 quia
1605 5076 1751 5121 tanta
1775 5068 2091 5147 solemnitas
2153 5066 2329 5129 ~ctio,
2358 5080 2520 5136 quam
2570 5068 2623 5119 in
2649 5065 2734 5119 his
2759 5067 3097 5135 septuaginta
3129 5067 3320 5124 diebus
3351 5079 3712 5140 contritione
3758 5095 3818 5141 et

498 5161 605 5238 41
658 5162 813 5215 nobis
841 5161 1109 5223 imminet,
1145 5158 1199 5213 in
1229 5172 1335 5229 qua
1367 5172 1427 5212 se
1458 5165 1571 5212 tota
1616 5157 1860 5233 Trinitas
1886 5157 2088 5214 mundo

504 5230 897 5316 manifestavit,
929 5256 1145 5320 oportet
1175 5262 1276 5302 nos
1323 5245 1622 5317 puriﬁcari.
1666 5230 1923 5323 Simplex
1958 5262 2088 5302 vero

500 5343 759 5386 ipinninm
783 5358 903 5386 ωιτη
931 5343 1197 5386 hnnnrnm
1225 5353 1455 5386 orn-rum
1501 5338 1680 5386 fructu
1712 5355 1841 5386 vera
1868 5349 1953 5386 est
1991 5357 2089 5386 nn-

2197 5158 2500 5235 humilitate
2526 5160 2705 5215 cordis
2733 5176 2831 5230 pro
2860 5160 3096 5229 peccatis
3139 5165 3345 5237 nostris
3394 5184 3681 5235 exercere
3712 5182 3815 5237 de-

2195 5249 2403 5314 bemus,
2433 5266 2538 5320 qua
2586 5264 2714 5305 vera
2760 5249 3009 5304 libertate
3051 5251 3245 5320 adepta
3296 5257 3367 5312 ad
3400 5259 3753 5327 haereditate

2196 5340 2433 5386 ria-lentis
2485 5342 2674 5386 natrim
2712 5340 2887 5386 redire
2934 5355 3256 5386 memmnnr-
3311 5347 3657 5386 ἀραῖον-.-μη
3705 5362 3813 5386 -.~..
