4016 5386
208 211 271 267 ιις
1023 176 1025 178 ’
1183 207 1384 264 unca
1426 206 1512 263 DE
1544 203 1829 264 OFFlCllS
1867 201 2434 261 ECCLESIASTICIS.
2913 182 2924 190 '
3358 205 3426 262 re

208 319 525 376 describitur.
557 319 707 391 (146)
739 319 1089 391 Septuaginta
1111 319 1255 374 enim
1282 321 1397 375 dies
1427 334 1456 373 a
1481 319 1760 374 Dontlnica
1789 306 1836 362 Α
1867 321 2037 372 nostri
2068 325 2303 386 quatuor
2329 313 2610 372 clementis
2660 314 3004 373 subsistentis
3032 317 3355 389 cogitatione
3383 332 3439 376 et

207 428 312 483 quae
342 412 741 482 Septuagesima
779 412 1000 479 dicitur,
1026 427 1196 482 usque
1227 410 1296 465 ad
1343 411 1485 466 diem
1537 410 1761 465 Sabbatl

207 511 316 572 post
361 500 562 555 Pascha
618 499 1034 571 computantur.
1075 499 1226 556 Licet
1268 500 1411 554 enim
1455 499 1507 552 in
1557 497 1760 553 Pascha

201 595 369 663 jugum
402 592 675 646 servitutis
699 601 894 646 nostra:
931 591 1131 646 Christi
1180 597 1353 644 morte
1379 587 1612 644 deletum
1667 587 1759 654 sit,

206 695 366 736 tamen
414 695 517 735 non
550 680 844 751 perfectam
902 681 1206 746 libertatem
1237 695 1407 749 USquc
1457 680 1524 733 ad
1571 693 1760 734 verum

205 766 606 835 Sabbatismum,
644 784 759 838 .per
794 768 939 837 quod
973 768 1300 837 sempiterna
1355 767 1568 836 requies
1614 766 1759 821 desi-

203 869 402 931 guatur,
448 875 864 930 consequemur.
917 861 1052 915 Dum
1101 861 1248 914 enim
1293 860 1346 914 in
1393 860 1494 914 hoc
1532 873 1761 928 corpore

203 951 549 1016 subsistimus,
592 951 773 1006 multis
831 951 1013 1005 carnis
1058 950 1421 1019 voluptatibus
1473 958 1526 1002 et
1577 947 1762 1004 smculi

107 1081 110 1084 .
202 1041 331 1096 curis
356 1056 733 1112 aggravatnur.
765 1039 918 1107 Quod
949 1057 1044 1110 per
1091 1040 1200 1113 44
1233 1056 1329 1095 sex
1373 1040 1488 1094 dies
1515 1039 1760 1106 Pascha),

204 1131 251 1184 iu
275 1131 458 1198 quibus
478 1129 738 1199 graduale
765 1140 820 1185 et
850 1131 1076 1184 Alleluia
1128 1141 1434 1194 cantamus,
1478 1129 1758 1199 ﬁguratur.

203 1217 293 1272 Per
315 1219 566 1289 graduale
587 1220 756 1284 enim,
789 1230 847 1274 ut
872 1219 1228 1290 praetulimus,
1249 1219 1474 1274 actualis
1496 1221 1760 1273 bonorum

202 1325 400 1380 operum
428 1311 537 1365 vita
563 1327 578 1376 ;
613 1325 708 1380 per
732 1309 982 1376 Alleluia,
1010 1320 1213 1366 (eterna
1250 1310 1559 1364 animarum
1587 1309 1759 1380 gloria

203 1401 328 1456 bono
345 1416 503 1470 opere
529 1401 816 1470 acquisita.
848 1400 1160 1472 Postquam
1216 1415 1347 1456 vero
1377 1403 1444 1456 ad
1472 1400 1759 1471 praefatum

205 1493 618 1558 Sahbatismum,
659 1493 802 1562 quod
861 1507 956 1561 per
1011 1494 1146 1560 hoc,
1194 1493 1248 1548 in
1282 1508 1390 1562 quo
1433 1493 1636 1563 absque
1675 1507 1761 1547 rc-

206 1583 430 1652 ponsorio
479 1582 592 1637 duo
639 1579 866 1635 Alleluia
913 1591 1224 1650 cantantur,
1271 1583 1606 1654 designatur,
1635 1597 1760 1651 pero

1864 415 1986 461 actu
2037 415 2230 460 contra
2283 405 2607 478 Dccalogum
2666 407 3069 473 contraximus,
3125 408 3439 478 quotidiana

1863 497 2154 552 atllictione
2176 497 2546 553 emcndcmus.
2591 498 2692 553 Tot
2717 499 2862 554 enim
2912 500 3100 556 diebus
3143 502 3437 557 secundum

1863 588 2209 659 physiologos
2240 588 2536 642 humanum
2575 602 2771 659 corpus
2819 591 2959 644 intra
3002 592 3191 646 matris
3221 599 3438 647 uterum

1863 683 2010 737 adita
2066 681 2370 736 nativitatis
2418 681 2504 736 die
2558 690 2987 751 compaginatur.
3020 681 3124 738 Tot
3158 684 3301 738 enim
3341 683 3434 755 [[2,

1863 774 2110 846 dierum]
2159 773 2400 840 circulo,
2447 788 2667 828 carnem
2723 783 2964 828 nostram
3015 775 3342 830 macerando
3386 783 3442 830 et

1863 863 2002 918 bona
2027 864 2320 932 operando,
2357 871 2572 931 oportet
2603 877 2702 917 nos
2726 878 2892 916 unum
2941 877 3136 930 corpus
3162 863 3440 933 compagi-

1863 954 1981 1008 nari
2013 969 2133 1007 cum
2157 953 2396 1006 Christo.
2425 952 2578 1018 Quod
2607 961 2783 1006 autem
2807 951 2957 1017 iuxta
2979 950 3295 1022 Gregorium
3327 954 3442 1022 (lio-

1863 1042 1974 1097 mi‘l.
2013 1043 2077 1096 16
2103 1043 2167 1096 de
2193 1042 2375 1112 temp.)
2407 1041 2624 1111 triginta
2654 1056 2750 1096 sex
2781 1040 2896 1096 dies
2918 1038 3107 1108 jejunii
3139 1042 3191 1095 in
3221 1056 3280 1096 se
3311 1056 3442 1096 con-

1864 1133 2037 1187 tinent
2061 1147 2154 1187 sex
2178 1131 2545 1197 hebdomadas,
2571 1131 2906 1186 demonstrat
2924 1129 3018 1201 (1.,
3045 1131 3170 1185 add.
3199 1131 3321 1204 nos]
3343 1132 3440 1188 de-

1862 1225 2034 1280 cimas
2054 1224 2262 1280 dierum
2284 1223 2409 1278 anni
2459 1222 2657 1278 debere
2685 1222 2862 1276 cordis
2886 1221 3209 1276 contritione
3237 1231 3289 1276 ct
3315 1236 3441 1277 car-

1862 1317 1946 1370 nis
1993 1315 2355 1371 maceratione
2396 1313 2506 1369 Deo
2563 1312 2865 1367 immolare.
2899 1310 3026 1366 Post
3079 1319 3288 1382 tempus
3312 1327 3443 1367 vero

1861 1405 2008 1461 beati
2047 1403 2292 1474 Gregorii
2322 1405 2389 1458 ad
2433 1402 2809 1472 complendum
2863 1414 3148 1456 numerum
3178 1400 3445 1456 Dominici

1856 1494 2048 1566 jejttnii
2075 1494 2222 1565 (148)
2275 1503 2510 1564 quatuor
2540 1492 2656 1547 dies
2699 1507 2729 1546 a
2776 1491 2979 1548 sanctis
3027 1490 3278 1547 Patribus
3315 1499 3444 1546 sunt

1865 1585 2056 1639 additi.
2095 1584 2251 1651 Quod
2274 1598 2403 1638 vero
2430 1599 2460 1638 a
2481 1583 2662 1653 capite
2705 1582 2896 1653 jejunii
2942 1596 3112 1651 usque
3139 1582 3204 1636 ad
3235 1580 3445 1636 Pascha

209 1674 456 1728 veniemus
511 1687 742 1742 regnum
789 1671 906 1737 Dei,
963 1671 1018 1726 in
1050 1687 1159 1742 quo
1206 1673 1498 1737 duplicem.
1555 1672 1762 1728 scilicet
1795 1661 1837 1722 Β
1867 1675 2008 1728 inter
2042 1671 2405 1728 Dominicales
2431 1683 2485 1728 et
2508 1671 2725 1727 feriales
2751 1671 3111 1744 quadraginta
3138 1680 3193 1728 et
3214 1685 3311 1728 sex
3331 1671 3446 1727 dies

203 1765 419 1835 corporis
444 1773 501 1820 et
555 1763 751 1817 anima:
799 1762 1031 1832 gloriam
1086 1766 1505 1834 possidebimus,
1548 1775 1603 1820 et
1646 1778 1767 1836 per-

204 1855 325 1911 lecta
352 1857 604 1912 libertate
628 1856 916 1925 acquisita,
947 1856 1002 1910 in
1027 1857 1240 1913 caelesti
1271 1855 1587 1922 Jerusalem,
1617 1856 1764 1912 omni

204 1954 441 2000 servitute
468 1954 523 2000 et
557 1945 740 2014 operis
760 1961 927 2000 onere
949 1947 1220 2016 deposito,
1253 1962 1373 2002 cum
1397 1946 1616 2002 Christo
1641 1959 1765 2017 rege

203 2044 382 2100 nostro,
411 2036 464 2090 in
503 2035 628 2105 ejus
671 2035 924 2089 laudibus
974 2051 1191 2106 semper
1243 2045 1522 2092 vacantes.
1573 2050 1763 2107 perpe-

206 2125 399 2178 tualiter
425 2124 801 2194 regnabimus.
832 2125 979 2196 (M7)
1011 2125 1129 2195 Ipsa
1164 2126 1253 2182 die
1290 2127 1342 2181 in
1391 2127 1762 2196 processione,

206 2211 322 2267 Ecce
367 2213 684 2276 cltarissimi,
736 2212 816 2266 vel
849 2214 970 2267 alia:
997 2213 1067 2284 (ί.
1099 2215 1223 2268 add.
1260 2214 1588 2286 antipbortm]
1636 2230 1766 2270 cott-

204 2313 432 2370 gruenles
461 2303 595 2358 huic
627 2303 855 2372 tempori
882 2311 1193 2370 cantentur,
1223 2313 1280 2358 et
1334 2304 1387 2359 in
1419 2303 1539 2359 aliis
1583 2303 1763 2358 Domi-

204 2389 320 2445 uicis
343 2405 508 2460 usque
539 2392 612 2446 ad
662 2391 804 2446 diem
845 2392 1303 2462 Quadragcsimar.
1352 2392 1417 2446 Hi
1466 2407 1596 2464 ergo
1647 2393 1762 2449 dies

204 2493 352 2548 usque
385 2481 448 2534 ad
492 2487 661 2549 caput
703 2477 916 2548 jejunii,
979 2489 1038 2534 ut
1090 2480 1479 2550 praecedentes,
1534 2491 1762 2551 excepto

203 2569 423 2636 Alleluia,
481 2569 858 2626 celebrentur.
905 2571 986 2625 Ad
1040 2586 1294 2640 vesperas
1333 2572 1757 2642 responset-ium,

207 2657 315 2729 Spes
361 2677 470 2715 mea
502 2701 519 2728 ,
579 2668 850 2716 cantetur.
912 2661 1259 2732 Sexagesima
1308 2663 1362 2717 in
1420 2661 1575 2716 tertia
1628 2660 1760 2715 feria

205 2753 444 2820 paschalis
466 2753 824 2808 hebdomadac
856 2753 1247 2810 linitur.ﬂabet
1279 2770 1405 2811 vero
1432 2755 1542 2824 ipsa
1570 2763 1762 2824 quarta

209 2837 320 2894 feria
366 2843 663 2911 quamdam
713 2843 1144 2898 convenientiam
1190 2858 1312 2898 cum
1358 2853 1550 2914 quarta
1603 2853 1764 2900 aetate

207 2932 368 2985 mundi
391 2933 442 2986 in
471 2947 584 3002 qua
637 2931 807 2987 David
853 2942 907 2987 et
960 2932 1214 2988 Salomon
1244 2933 1557 2989 nobilissimi
1609 2950 1763 3005 rcges

1867 1763 2212 1819 abstinentia;
2271 1771 2699 1833 computantur,
2762 1760 3032 1832 signiﬁcat
3092 1776 3192 1816 nos
3245 1760 3446 1817 debere

1867 1861 1946 1907 tot
1973 1852 2163 1909 diebus
2187 1851 2445 1922 templum
2473 1851 2676 1906 Christi
2702 1851 2958 1906 vitiorum
2981 1851 3184 1922 impetu
3211 1852 3265 1906 in
3289 1851 3446 1906 nobis

1864 1941 2224 2008 destructum,
2253 1941 2411 1997 bonis
2439 1941 2695 2012 operibus
2722 1956 2822 1995 nos
2869 1940 3190 2008 excolendo,
3231 1951 3445 1998 restau-

1864 2047 2006 2098 rare,
2037 2040 2170 2102 quot
2206 2031 2395 2087 diebus
2426 2030 2681 2100 templum
2720 2030 2933 2086 Domini
2961 2045 2990 2084 a
3018 2030 3326 2102 Babyloniis
3354 2031 3447 2086 de-

1863 2131 2153 2190 structum,
2177 2139 2206 2177 a
2233 2123 2430 2194 populo
2479 2123 2575 2179 Dei
2615 2131 2980 2179 restauratum
3023 2137 3142 2178 esse
3195 2122 3448 2192 perhibe-

1865 2222 1996 2268 tur:
2042 2212 2402 2283 quadraginta
2431 2211 2578 2267 enim
2627 2220 2684 2266 et
2732 2226 2826 2267 sex
2855 2211 3013 2266 annis
3061 2209 3448 2268 reaediﬁcatunl

1861 2312 1945 2360 est
1993 2301 2273 2372 templum.
2303 2301 2408 2358 Per
2434 2301 2762 2374 Babylonios
2793 2303 2922 2356 vitia
2959 2302 3357 2373 exprimuntur.
3383 2301 3445 2356 hi

1863 2396 2041 2466 capite
2065 2393 2259 2465 jejunii
2287 2395 2437 2467 (149)
2475 2395 2724 2467 legantur
2758 2393 2865 2468 47
2899 2409 3177 2452 sermones
3198 2394 3445 2461 Patrum,

1863 2500 1892 2539 a
1924 2487 2104 2555 capite
2129 2485 2318 2555 jejunii
2354 2500 2526 2555 usque
2565 2485 2634 2540 ad
2665 2485 2808 2540 diem
2836 2484 3038 2552 Coenaz,
3069 2485 3162 2553 ita,
3204 2487 3446 2556 exceptis

1862 2572 2180 2639 Dominicis,
2229 2581 2496 2629 servetur.
2547 2573 2678 2629 Post
2727 2574 3022 2629 matutinas
3050 2573 3237 2629 laudes
3268 2573 3443 2646 (150),

1864 2663 2052 2719 laudes
2092 2672 2430 2720 mortuorum
2483 2672 2692 2719 tantum
2731 2664 3096 2720 celebrentur.
3130 2664 3338 2732 Quibus
3382 2665 3448 2720 ﬁ-

1864 2756 1993 2812 nitis
2018 2754 2165 2826 (151)
2191 2764 2398 2825 septem
2427 2755 2644 2826 psalmi,
2669 2754 2993 2810 cumlitania
3014 2763 3069 2811 et
3086 2755 3443 2822 orationibus,

1864 2845 2154 2917 prostratis
2178 2845 2459 2910 fratribus,
2502 2843 2878 2900 decantentur.
2912 2843 3041 2900 Post
3071 2843 3283 2898 tertiam
3313 2859 3445 2900 vero

1865 2939 2031 2993 missa
2080 2953 2178 3007 pro
2220 2935 2510 3002 defunctis,
2552 2943 2675 3006 post
2723 2949 2922 2990 nonam
2950 2935 3115 2991 missa
3142 2935 3448 2992 celebretur

205 3032 561 3090 regnaverunt,
603 3037 702 3092 per
726 3039 863 3093 quos
892 3023 1141 3079 Christus
1190 3041 1284 3080 rex
1332 3027 1590 3095 paciﬁcus
1619 3027 1757 3081 desi.
1787 3014 1832 3076 C
1866 3029 1992 3084 diei.
2029 3028 2178 3098 (152)
2230 3026 2415 3081 Prima
2459 3040 2587 3082 vero
2616 3035 2739 3096 post
2783 3025 2914 3082 solis
2944 3034 3122 3082 ortum
3171 3035 3444 3081 cantetur.

206 3121 394 3181 gnatur.
423 3114 543 3186 lpsa
577 3125 714 3169 aetas
744 3115 978 3186 gloriosa
1029 3117 1354 3172 sanctissimi
1385 3117 1567 3188 templi
1590 3115 1757 3173 aediﬁ-

205 3207 391 3262 catione
413 3211 752 3281 designatur.
804 3209 1006 3265 lu'hac
1050 3209 1298 3265 Christus
1350 3224 1640 3280 resurgens
1690 3225 1758 3264 ex

205 3293 295 3368 45
323 3301 567 3368 mortuis,
598 3315 670 3354 ex
693 3300 902 3354 duobus
930 3300 1140 3369 populis
1179 3317 1342 3355 unum
1367 3301 1758 3358 nobilissimum

207 3389 300 3443 Deo
324 3390 460 3446 Patri
511 3391 775 3462 templum
833 3393 1139 3447 aediﬁcavit.
1195 3390 1299 3447 Pcr
1357 3393 1758 3465 Sexagesitnam

205 3477 395 3537 alllictio
425 3491 478 3538 et
523 3482 852 3554 poenitentia
897 3482 1237 3553 exprimitur.
1279 3481 1570 3554 Sexaginta
1617 3485 1760 3539 enim

205 3565 260 3636 υ.
290 3573 404 3624 add.
436 3572 580 3644 dies]
610 3573 682 3626 ad
712 3573 925 3637 viduas,
954 3588 1182 3642 quarum
1211 3573 1396 3626 vitain
1421 3573 1762 3628 tribulatione

203 3661 449 3729 consistit,
484 3663 827 3718 referuntur.
868 3663 926 3718 In
977 3663 1327 3719 tribulatione
1381 3672 1434 3718 et
1476 3662 1762 3719 aﬁlictione

203 3751 360 3805 carnis
380 3763 583 3810 nostra:
619 3764 845 3824 peccata
874 3761 1057 3810 nostra
1094 3755 1360 3824 paenitch
1394 3755 1675 3821 debemus,
1706 3765 1764 3810 ut

200 3844 327 3897 omni
361 3847 518 3901 sorde
543 3855 896 3917 peccatorum
943 3847 1166 3916 expiati,
1204 3857 1259 3901 et
1301 3847 1498 3902 mentis
1526 3847 1762 3916 puritate

203 3932 493 4003 sanctisque
543 3934 805 4005 operibus
851 3936 1052 3999 ornati,
1085 3951 1250 3990 unum
1281 3937 1334 3991 in
1369 3936 1586 3992 Christo
1632 3947 1766 3991 tent-

201 4019 325 4088 pluin
350 4023 670 4082 etliciamur.
695 4026 1152 4099 Quinquagesima
1185 4028 1238 4083 in
1267 4030 1351 4084 die
1387 4029 1609 4084 Pascha:
1645 4029 1764 4086 ﬁtti-

204 4122 318 4168 tur:
365 4125 419 4172 et
457 4118 578 4189 ipse
635 4126 722 4172 est
769 4118 1270 4190 quinquagesimns,
1321 4134 1480 4189 quem
1537 4121 1766 4190 mystice

201 4209 453 4272 quondam
510 4211 786 4280 ﬁgurabat
834 4211 1336 4281 quinquagesimus,
1386 4212 1592 4268 scilicet
1623 4212 1764 4283 jubi-

199 4291 331 4363 lzeus,
354 4298 697 4354 remissionis
719 4307 777 4354 et
826 4298 1096 4356 libertatis
1150 4315 1343 4356 annus.
1377 4300 1437 4355 In
1491 4303 1592 4358 hac
1617 4304 1761 4358 enim

1868 3119 2172 3189 Capitulum
2204 3127 2326 3190 post
2351 3119 2568 3174 tertiam
2598 3117 2932 3185 reservetur,
2973 3117 3118 3188 quod
3141 3118 3305 3174 missa
3334 3134 3447 3178 ma:

1870 3209 2113 3265 tutiualis
2141 3216 2398 3278 sequatur
2429 3226 2442 3262 :
2469 3217 2522 3262 et
2551 3223 2676 3263 mox
2701 3207 2846 3279 (155)
2876 3217 3027 3263 sexta
3054 3208 3200 3263 dicta
3218 3224 3445 3280 parvum

1867 3298 2204 3356 intervallum
2230 3299 2344 3352 fiat.
2374 3295 2527 3352 Nona
2549 3297 2684 3352 hora
2710 3312 2806 3352 sua
2828 3297 3061 3363 dicatur,
3089 3312 3250 3366 quam
3277 3297 3444 3352 missa

1866 3396 1973 3451 diei
2000 3403 2276 3465 sequatur,
2323 3393 2471 3464 (154)
2501 3407 2606 3462 qua
2649 3392 2799 3446 ﬁnita
2825 3406 3064 3462 vespera:
3109 3399 3446 3446 mortuorum

1863 3487 2150 3553 dicantur;
2183 3501 2319 3556 quas
2351 3486 2472 3540 sine
2514 3482 2801 3539 intervallo
2839 3484 3201 3553 subsequatur
3230 3496 3445 3552 vesper-

1866 3576 2028 3632 tinale
2055 3577 2160 3632 diei
2184 3575 2441 3630 oﬂicium.
2469 3575 2613 3630 Ante
2635 3572 3064 3644 completorium,
3107 3572 3446 3644 signiﬁcante

1865 3681 2130 3736 campana
2151 3665 2350 3719 fratres
2376 3665 2429 3719 in
2458 3663 2687 3718 ecclesia
2715 3670 3111 3732 congregemur
3141 3679 3156 3729 ;
3189 3660 3338 3733 (155)
3365 3661 3445 3716 vi-

1865 3755 1989 3825 gilia
2021 3763 2358 3809 mortuorum
2400 3763 2596 3824 agatur
2625 3768 2640 3819 ;
2666 3752 2862 3809 deinde
2885 3752 3036 3824 (156)
3075 3751 3241 3809 lectio
3285 3753 3451 3808 colla-

1868 3846 2032 3902 tionis
2053 3844 2336 3901 recitetur.
2361 3843 2561 3898 lterum
2588 3843 2833 3913 pulsante
2854 3843 3010 3914 signo
3032 3845 3448 3913 completorium

1868 3940 2100 3995 dicatur.
2153 3937 2603 4008 Unamqnamque
2651 3935 2843 3990 horam
2880 3933 2986 3990 diei
3036 3943 3295 4005 sequatur
3351 3950 3450 4005 pro

1869 4032 2131 4088 fratribus
2159 4046 2299 4086 unus
2328 4031 2394 4085 de
2423 4029 2543 4084 istis
2572 4026 2794 4098 psalmis
2822 4042 2837 4081 :
2887 4028 2968 4082 Ad
3021 4027 3301 4082 Dominum
3329 4045 3448 4080 cum

1870 4124 2186 4185 tribularer;
2215 4119 2436 4186 Levavi;
2467 4119 2698 4174 Ltetatus
2722 4135 2839 4173 sum
2861 4137 2880 4185 ,'
2901 4119 2982 4174 Ad
3021 4129 3068 4174 te
3094 4118 3257 4173 levavi
3278 4135 3298 4184 ;
3329 4118 3452 4172 Nisi

1871 4217 1996 4286 quia
2027 4213 2280 4268 Dominus
2306 4228 2324 4276 ;
2349 4210 2453 4277 Qui
2487 4209 2800 4278 conﬁdunt;
2831 4209 2899 4264 la
2937 4209 3312 4274 convertenda;
3355 4224 3452 4278 pro

1874 4306 2144 4364 defunctis
2193 4320 2407 4374 semper
2450 4302 2530 4357 De
2581 4302 2878 4373 profundis.
2929 4303 3078 4374 (157)
3117 4302 3174 4358 ln
3204 4303 3457 4359 omnibus

199 4389 292 4456 die,
307 4393 456 4450 hoste
469 4394 681 4450 Christi
704 4402 878 4450 morte
898 4396 1249 4467 triumphato,
1274 4395 1343 4450 ab
1364 4395 1480 4464 ejus
1505 4399 1764 4453 servitute
1798 4367 1846 4428 θ
1872 4397 2132 4452 horarum
2156 4367 2408 4465 precibus
2439 4367 2656 4463 semper
2680 4367 3076 4458 Μίκωνα-ηιεῇ
3102 4391 3261 4457 Deus,
3287 4392 3372 4448 cui
3409 4393 3457 4447 si

199 4483 407 4550 populus
431 4483 643 4540 Christi
667 4493 752 4540 est
779 4493 998 4555 ereptus
1026 4494 1083 4541 et
1118 4500 1263 4540 verae
1304 4484 1542 4540 libertati
1589 4487 1764 4541 reddi-

201 4579 294 4626 tus.
322 4573 653 4644 Quicunque
698 4590 830 4647 ergo
878 4584 1000 4646 post
1046 4577 1373 4646 baptismum
1416 4576 1762 4646 obsequendo

201 4665 349 4732 vitiis,
371 4683 428 4722 se
457 4666 747 4723 diabolicae
777 4667 974 4723 iterant
1002 4668 1246 4724 subdidit
1276 4669 1552 4738 potestati,
1585 4669 1762 4725 cordis

196 4759 510 4815 contritione
547 4766 606 4813 et
639 4758 822 4814 carnis
860 4761 1225 4816 maceratione
1254 4762 1543 4819 commissa
1567 4763 1757 4827 deleat,

198 4853 246 4896 et
272 4845 604 4919 Decalogum
635 4847 873 4919 quinque
916 4850 1170 4907 sensibus
1198 4866 1421 4909 servare
1443 4855 1677 4922 studeat,
1709 4863 1769 4910 ut

201 4933 248 4990 in
294 4938 377 4994 die
429 4947 644 4995 sancta:
675 4942 1091 5000 resurrectionis
1121 4942 1304 5000 hostili
1357 4947 1603 5002 servituti
1650 4963 1769 5004 ere-

200 5035 311 5094 plus
357 5029 670 5099 perfectam
722 5028 1021 5107 libertatem
1053 5035 1309 5104 consequi
1365 5047 1654 5094 mereatur.
1692 5019 1808 5111 De:

201 5118 612 5192 Quadragesima
639 5135 674 5175 a
695 5121 778 5178 die
808 5124 1078 5185 Dontinica
1105 5134 1232 5197 post
1256 5125 1768 5200 Quinquagesimam

201 5208 366 5267 Cena
384 5213 600 5267 ﬁnitur.
635 5209 763 5266 Haec
783 5227 906 5271 vero
934 5218 1186 5273 diversos
1212 5213 1268 5270 in
1296 5231 1358 5274 se
1385 5218 1625 5274 continet
1645 5231 1768 5272 sen-

202 5316 303 5356 sus.
343 5303 592 5359 Primum
647 5302 772 5371 quia
818 5304 963 5374 iuxta
1007 5304 1182 5378 Moysi
1227 5315 1283 5362 et
1326 5307 1456 5365 Elite
1494 5307 1585 5382 [[.,
1636 5307 1762 5362 add.

1868 4484 2050 4555 placet
2079 4483 2225 4556 (158)
2279 4498 2445 4538 unum
2480 4481 2799 4554 psalterium
2842 4482 3174 4553 psalmorum
3226 4481 3455 4552 subjun-

1869 4586 2053 4652 gatur.
2085 4576 2144 4632 ln
2169 4576 2413 4646 vesperis
2440 4575 2553 4647 48
2586 4585 2644 4630 et
2665 4575 2945 4632 matutinis
2970 4574 3114 4630 nulla
3139 4582 3455 4629 sanctorum

1869 4667 2320 4727 commemoratio
2369 4670 2462 4722 ﬁat
2493 4683 2508 4732 ;
2540 4667 2637 4722 sed
2667 4667 2721 4722 in
2752 4664 2869 4734 ejus
2912 4666 3032 4723 loco
3059 4664 3207 4730 (159)
3246 4664 3460 4719 dicatur

1869 4776 1971 4833 pro
1994 4757 2255 4832 peccatis,
2293 4756 2501 4814 scilicet
2524 4755 2581 4810 in
2611 4758 2895 4813 matutinis
2922 4775 2935 4811 :
3009 4755 3132 4808 Vivo
3181 4770 3298 4825 ego,
3327 4754 3458 4807 dicit

1866 4851 2147 4913 Dominus,
2169 4854 2224 4902 et
2247 4848 2422 4904 oratio
2449 4864 2462 4900 :
2496 4843 2732 4914 Exaudi,
2761 4846 3004 4911 Domine,
3027 4843 3321 4912 supplicum
3348 4857 3466 4910 pre-4

1868 4962 1950 5000 ces
1978 4960 1996 5008 ,'
2031 4941 2088 4996 in
2113 4937 2357 5006 vesperis
2383 4937 2682 5008 antipbona
2708 4953 2725 4994 τ
2755 4936 2885 5004 Quis
2914 4935 3009 4992 scit
3033 4931 3080 5005 si
3105 4936 3461 4994 convertatur,

1868 5049 2033 5107 quam
2064 5028 2240 5086 oratio
2266 5045 2280 5082 :
2311 5029 2500 5086 Preces
2523 5039 2752 5097 nostras,
2782 5029 3170 5095 subsequatur.
3211 5020 3316 5076 ιιἱεὶ
3341 5026 3460 5073 lan-

1870 5135 1984 5182 tum
2015 5118 2166 5192 (160)
2197 5117 2250 5172 in
2271 5121 2513 5191 vesperis
2532 5119 2756 5177 Sahbati
2781 5129 2838 5177 et
2855 5114 3158 5175 matutinis,
3185 5111 3268 5168 vel
3293 5110 3463 5164 missa

1873 5211 2171 5274 Dominicis
2189 5207 2316 5278 diei,
2353 5212 2410 5267 in
2435 5209 2631 5280 quibus
2658 5217 2745 5267 est
2772 5215 3089 5266 sanctorum
3117 5198 3322 5270 agenda
3344 5209 3461 5251 me-

1871 5304 2070 5366 moria,
2099 5311 2326 5366 quorum
2357 5302 2496 5359 festa
2523 5300 2576 5354 in
2630 5302 2903 5371 praeterita
2946 5291 3232 5386 evenerint
3256 5285 3458 5386 hebdo-
