4016 5386
504 352 569 409 σι
1024 336 1033 345 ’
1585 341 1864 402 JOANNIS
1914 340 2340 403 ARCIIIEPISC.
2380 342 2735 404 ROTOMAG.
3720 340 3787 399 18

507 437 606 526 Dei
636 466 932 526 Genitricis
958 462 1429 521 aununtiatioucm
1479 458 1606 516 licet
1656 460 1918 515 Toletana
1963 474 2093 516 cou-
2121 445 2168 502 Α
2197 457 2502 528 palmarum
2531 460 2605 514 ita
2641 457 2968 514 celebretur.
2997 454 3147 529 (l69)
3183 456 3313 512 Post
3343 456 3565 513 tertiam
3591 456 3787 516 clerici

484 561 633 617 ’cilia
673 559 752 631 (x,
794 573 844 614 c.
877 556 931 628 1)
997 556 1100 611 hoc
1145 563 1390 622 tempore
1437 547 1702 605 celebrari
1747 549 2089 619 prohibeant,

482 670 493 677 "
509 651 603 707 sed
642 646 1047 718 auticipandam
1075 652 1269 700 octava
1319 650 1447 696 ante
1482 639 1831 694 Nativitatem
1878 639 2092 695 Domini

506 741 596 796 die
624 741 934 795 decernant.
968 746 1144 791 lamen
1176 734 1384 803 absque
1425 741 1619 787 vestra.-
1644 729 1894 801 prudenti
1938 746 2095 801 saga-

507 832 689 887 citatis
718 843 949 887 censura
975 841 1083 882 non
1127 824 1393 882 audemus
1440 824 1569 881 huic
1605 822 1977 891 observationi
2005 822 2092 878 in-

505 937 711 980 serere.

576 1012 633 1067 111
657 1012 836 1081 capite
859 1007 1053 1080 jejunii
1086 1024 1226 1064 nona
1250 1008 1395 1064 dicta
1420 1007 1596 1061 clerus
1623 1014 1680 1062 et
1707 1005 1940 1075 populus
1968 1013 2094 1061 ante

504 1101 700 1165 altare,
734 1101 804 1155 ah
827 1112 1158 1170 unoquoque
1184 1097 1529 1154 confessione
1555 1097 1904 1169 singulariter
1923 1097 2091 1161 facta,

510 1201 568 1246 et
587 1188 913 1260 poenitentia
949 1196 1196 1258 accepta,
1239 1196 1681 1258 prosternantur,
1712 1196 1767 1243 et
1788 1188 1869 1243 sic
1887 1187 1957 1243 ab
1979 1188 2094 1258 epi-

507 1294 673 1350 sc0po
694 1277 832 1334 vela
860 1277 1068 1346 majore
1119 1276 1364 1334 ecclesia:
1392 1278 1678 1334 sacerdote
1721 1277 2092 1334 absolvantur.

499 1370 631 1426 Post
663 1369 814 1439 (161)
851 1369 1143 1437 incipiente
1191 1368 1445 1438 episcOpo
1492 1366 1849 1436 antiphonam
1888 1367 2093 1421 humu-

502 1473 692 1526 temur,
720 1460 869 1531 ([62)
895 1460 1140 1516 cinerem
1192 1476 1315 1514 cmn
1367 1475 1507 1530 aqua
1538 1460 1826 1515 benedicta
1868 1461 2088 1524 tribuat,

480 1562 557 1609 et
580 1552 660 1608 sic
682 1568 806 1607 cum
833 1552 1148 1623 antiphonis
1170 1552 1253 1607 vel
1277 1552 1644 1622 rcsponsoriis
1664 1550 1941 1606 alllictioni
1963 1566 2094 1607 con-

502 1642 656 1713 gruis
694 1642 762 1697 ad
802 1642 1096 1712 quamdam
1139 1639 1253 1712 E9
1308 1641 1601 1697 ecclesiam
1656 1644 1741 1695 vel
1789 1642 2092 1696 oratorium

490 1742 733 1804 pergant
766 1751 780 1788 :
821 1733 912 1788 ubi
963 1734 1090 1788 dum
1138 1733 1511 1803 pervenerint,
1550 1730 1719 1788 [initis
1745 1731 2082 1802 antiphonis,

486 1836 661 1880 'tcrra:
684 1841 742 1882 se
780 1823 962 1879 cuncti
1009 1831 1380 1894 prosternant,
1409 1831 1465 1877 et
1509 1823 1812 1878 orationem
1843 1820 2089 1876 Domini-

504 1933 624 1972 eam
656 1918 857 1971 dicant.
878 1915 985 1970 Sed
1017 1913 1168 1984 (163)
1202 1920 1332 1967 ante
1360 1912 1764 1982 processionem
1794 1910 1944 1982 (161)
1972 1924 2088 1979 pa:-

504 2006 744 2059 nitentes
771 2003 1081 2075 cjiciantur.
1111 2000 1312 2070 Sicque
1342 1999 1595 2054 Miserere
1615 1999 1739 2065 mei,
1774 1999 1934 2066 Deus,
1959 2013 2084 2054 cum

490 2096 758 2167 precibus
783 2103 841 2152 et
860 2094 1108 2149 oratione
1130 2093 1388 2148 liniantur
1409 2090 1499 2163 [f.,
1537 2090 1771 2163 ﬁniant].

558 2188 669 2245 ilic
706 2196 991 2260 surgentes
1022 2187 1129 2243 duo
1174 2184 1328 2257 pueri
1378 2184 1624 2239 litauiam
1662 2183 1944 2253 incipiant.
1986 2182 2086 2239 Hic

477 2282 629 2337 «ordo
654 2294 829 2351 usque
850 2279 918 2335 ad
951 2278 1093 2334 diem
1119 2264 1440 2349 Palma-rum
1469 2274 1678 2345 quartis
1716 2282 1771 2327 et
1807 2274 1978 2329 sextis
2006 2272 2086 2327 fe-

484 2370 597 2427 riis
623 2379 893 2426 servetur.
936 2368 995 2423 In
1038 2368 1289 2438 sequenti
1328 2364 1589 2429 Sabbalo,
1619 2363 1705 2418 vel
1747 2363 1935 2418 Remis
1971 2363 2083 2434 pal-

488 2476 729 2525 marum,
768 2460 965 2529 quibus
993 2456 1170 2514 oﬁlcia
1204 2458 1424 2522 desunt,
1470 2471 1576 2510 non
1612 2454 1881 2510 hesterna:
1912 2453 2080 2519 ferite,

492 2551 591 2606 sed
654 2549 890 2605 cilicium
953 2547 1313 2619 prmcedcntis
1387 2543 1685 2602 Dominica:
1746 2543 2080 2599 celebretur.

495 2641 695 2697 Primis
747 2639 957 2696 duabus
1001 2636 1446 2706 Quadragesimte
1494 2633 1874 2700 hebdomadis,
1933 2632 2081 2705 (165)

482 2732 680 2803 hymni
713 2732 768 2787 in
796 2729 1040 2801 vesperis
1076 2727 1161 2783 Ea:
1190 2742 1333 2781 more
1358 2726 1499 2780 docti
1527 2726 1744 2796 mystico
1780 2724 1835 2779 in
1861 2733 2085 2780 noctur-

486 2823 584 2877 nis
612 2831 670 2878 et
703 2821 966 2877 laudibus
1006 2819 1219 2875 Summi
1272 2817 1515 2887 largitor,
1554 2826 1613 2871 et
1651 2816 1791 2869 Audi
1841 2817 2080 2883 benigne,

482 2922 803 2968 eanteutur.
847 2911 907 2965 In
952 2910 1078 2964 aliis
1127 2908 1359 2971 duabus,
1412 2903 1550 2959 Ecce
1576 2915 1805 2975 tempus,
1861 2903 2080 2958 Clarum

492 3005 672 3067 decus,
719 3002 852 3055 Jesu
894 3003 1355 3070 quadragenum.
1406 2995 1544 3050 Aliis
1584 2996 1813 3060 duabus,
1878 2992 2081 3050 Vexilla

491 3081 676 3163 Regis,
714 3091 899 3162 Pange
933 3090 1139 3161 lingua,
1182 3085 1377 3141 Lustra
1399 3100 1513 3140 sex.
1547 3085 1763 3141 Ultimis
1789 3085 2081 3140 hebdoma-

2194 563 2321 603 cum
2376 551 2543 604 ramis
2589 548 2892 619 palmarum
2927 547 2995 602 ad
3045 549 3451 617 processionem
3511 559 3785 619 pergant,

2192 654 2299 709 qua
2341 641 2493 696 llnita
2531 640 2766 695 cilicium
2798 639 2992 695 festive
3016 639 3346 694 celebretur.
3380 636 3645 695 Tractum
3674 638 3781 709 51

2193 741 2429 802 quatuor
2471 732 2659 787 clerici
2708 732 2762 786 in
2789 731 2990 802 .eappis
3035 739 3278 786 cantent.
3330 729 3524 786 Passio
3566 730 3788 784 Domini

2192 824 2315 895 ipsa
2344 826 2454 890 die,
2480 832 2534 880 et
2561 824 2740 888 tertia,
2769 834 2825 879 et
2853 832 3043 892 quarta
3069 822 3226 887 feria,
3251 831 3305 877 et
3327 832 3481 877 sexta
3513 823 3569 876 in
3600 822 3788 876 omni—

2192 915 2296 972 bus
2344 915 2593 971 ecclcsiis
2642 915 2875 986 legatur,
2921 923 2978 969 et
3017 915 3073 967 in
3111 913 3363 968 omnibus
3411 910 3786 983 passiouihus,

2193 1016 2421 1074 excepta
2448 1015 2616 1062 sexta:
2643 1005 2794 1061 ierim
2820 1005 2992 1076 (170),
3034 1004 3294 1058 Dominus
3324 1003 3593 1057 vobiscum
3626 1002 3788 1057 dica-

2196 1110 2302 1163 tur,
2356 1097 2423 1152 Et
2460 1115 2579 1153 cum
2615 1099 2806 1169 spiritu
2852 1096 3284 1167 respondeatur;
3319 1095 3415 1149 sed
3474 1109 3604 1149 cum
3652 1094 3792 1148 dicit

2193 1188 2454 1244 diaconus
2500 1187 2688 1243 Passio
2732 1188 2973 1255 Domini,
3022 1201 3184 1244 nemo
3222 1187 3549 1257 respondeat
3598 1182 3791 1241 Gloria

2194 1280 2308 1347 tibi,
2347 1279 2588 1334 Domine.
2629 1279 2710 1337 0b
2732 1280 2836 1335 hoc
2873 1294 3005 1350 ergo
3050 1279 3164 1350 ipsa
3209 1278 3298 1333 die
3339 1279 3529 1349 passio
3554 1278 3786 1348 legitur,

2192 1371 2319 1442 quia
2373 1370 2426 1425 in
2477 1386 2540 1426 ea
2589 1368 2985 1442 Jerosolymam
3027 1371 3175 1424 venit
3226 1370 3447 1439 propria
3492 1368 3790 1424 voluntate

2190 1474 2469 1530 passurus.
2515 1460 2733 1515 Decima
2766 1460 2910 1514 enim
2946 1459 3034 1513 die
3059 1459 3218 1528 primi
3250 1458 3456 1512 mensis
3478 1472 3660 1527 agnus
3693 1456 3790 1526 qui

2192 1549 2554 1605 immolandus
2591 1558 2714 1604 erat
2757 1548 2810 1603 in
2853 1548 3077 1617 pascha,
3126 1549 3178 1601 in
3231 1548 3400 1602 veteri
3452 1546 3573 1616 lege
3597 1545 3792 1615 jussus

2191 1651 2275 1698 est
2303 1643 2522 1697 domum
2573 1639 2867 1704 introduci,
2901 1641 2951 1693 id
2984 1648 3087 1701 est,
3119 1638 3311 1708 quinto
3354 1639 3442 1693 die
3473 1647 3606 1692 ante
3638 1639 3787 1691 diem

2192 1733 2481 1804 passionis.
2518 1732 2576 1788 In
2607 1741 2799 1802 quarta
2848 1730 2982 1785 feria
3026 1731 3185 1785 lectio
3214 1729 3453 1801 legatur,
3501 1744 3673 1800 quam
3704 1744 3792 1785 νεε-

2194 1824 2537 1892 sponsorium
2570 1834 2851 1891 sequatur,
2881 1821 3176 1876 secundam
3210 1821 3502 1877 lectionem
3548 1830 3786 1876 tractus.

2191 1913 2295 1969 His
2314 1914 2524 1968 duabus
2553 1912 2902 1978 lectionibus,
2948 1911 3107 1981 dupla
3142 1928 3293 1968 mors
3323 1913 3485 1982 primi
3508 1910 3787 1983 pereuntis,

2190 2020 2311 2075 quae
2344 2003 2536 2074 simpla
2575 2003 2779 2059 Christi
2812 2012 2987 2058 morte
3029 2002 3206 2057 deleta
3253 2012 3356 2068 est,
3387 2003 3740 2075 signiﬁcatur
3770 2018 3788 2058 :

2190 2097 2334 2169 quod
2382 2098 2483 2152 hac
2512 2097 2617 2160 die,
2646 2096 2770 2166 quia
2815 2095 2867 2149 in
2894 2109 2955 2150 ea
2993 2110 3140 2150 mors
3169 2095 3377 2151 Christi
3409 2097 3650 2152 consilio
3689 2095 3790 2151 Ju-

2190 2187 2427 2243 dzeorum
2460 2194 2688 2241 tractata
2723 2194 2825 2251 est,
2857 2184 3136 2241 recolitur.
3168 2187 3274 2242 Per
3313 2188 3558 2259 quinque
3588 2200 3789 2247 versus

2190 2275 2413 2341 tractus,
2437 2276 2674 2346 quinque
2695 2290 2947 2330 seusmun
2973 2275 3449 2345 pra-varicationis
3465 2278 3787 2347 redemptio

2189 2364 2473 2434 ﬁguratur,
2519 2372 2571 2418 et
2614 2364 2669 2417 111
2716 2366 2966 2434 passione
3005 2379 3113 2433 quo
3153 2365 3314 2419 citius
3362 2363 3549 2419 Velum
3599 2367 3789 2437 templi

2186 2457 2407 2510 scissum
2446 2464 2520 2509 est
2552 2455 2785 2520 dicetur,
2812 2455 2960 2525 (171)
2996 2454 3209 2509 cortina
3256 2463 3385 2509 ante
3415 2456 3590 2511 altare
3616 2459 3790 2529 depo-

2188 2558 2364 2603 natur.
2401 2548 2515 2618 Ipsa
2558 2550 2646 2603 die
2676 2562 2913 2617 vesperae
2959 2559 3299 2603 mortuorum
3341 2558 3398 2604 et
3440 2549 3629 2618 vigilia
3674 2565 3788 2604 non

2187 2638 2478 2703 dicantur;
2525 2638 2620 2692 sed
2675 2638 2727 2691 in
2775 2637 3018 2706 vesperis
3043 2637 3153 2706 ipsa
3201 2638 3308 2701 die,
3366 2646 3428 2692 ut
3488 2637 3542 2691 in
3596 2637 3785 2705 festis,

2188 2728 2336 2802 (1⁸72)
2391 2742 2581 2783 oumes
2621 2727 2903 2797 pulsentur
2950 2742 3229 2797 campana:
3280 2727 3351 2781 ob
3400 2727 3787 2782 reverentiam

2184 2815 2479 2871 Dominicae
2535 2828 2721 2879 coenae,
2775 2822 2829 2867 et
2871 2802 3106 2883 vesperae
3163 2815 3357 2870 festive
3406 2816 3786 2871 celebrentur.

2184 2906 2316 2961 Post
2343 2904 2752 2974 completorium
2781 2903 2885 2973 52
2917 2918 3088 2975 usque
3114 2906 3182 2959 ad
3220 2904 3524 2961 Sabbatum
3553 2905 3789 2962 Pascha:

2185 3008 2292 3050 non
2321 2995 2537 3049 dicatur
2562 2991 2743 3048 Gloria
2769 2991 2940 3048 Patri.

2256 3084 2313 3139 lu
2356 3086 2543 3155 quinta
2590 3083 2722 3139 feria
2764 3085 2818 3138 in
2866 3085 3146 3140 nocturnis
3195 3082 3451 3157 primitus
3492 3100 3790 3156 campanae

485 3144 602 3239 dis“
621 3144 812 3237 omnes
838 3144 1036 3235 'horae'
1061 3178 1171 3235 diei
1218 3186 1512 3232 canteutur
1545 3190 1672 3231 cum
1719 3177 2087 3246 respousoriis
2108 3144 2154 3207 ε
2184 3144 2460 3248 sigillatim
2510 3184 2634 3245 post
2667 3175 2815 3244 (175)
2846 3189 3035 3231 omnes
3079 3144 3237 3229 simiil
3274 3176 3586 3245 pulsentur.
3625 3144 3787 3231 'Ante

482 3276 694 3331 ibidem
746 3272 1039 3330 denotatis.
1067 3269 1111 3325 Α
1154 3269 1329 3340 prima
1374 3266 1653 3322 Dominica
1683 3265 1954 3337 passionis
1990 3282 2082 3321 us-

486 3381 602 3436 que
630 3366 699 3419 ad
724 3366 866 3419 diem
897 3363 1124 3417 Pascha:
1164 3360 1377 3431 legatur
1402 3357 1540 3411 liber
1575 3355 1824 3411 Jeremue
1851 3356 2082 3426 prophe-

496 3472 590 3526 ιω,
616 3451 915 3513 Dominicis
943 3452 1135 3510 diebus
1172 3460 1380 3505 tantum
1412 3449 1464 3502 in
1496 3447 1673 3517 primo
1709 3458 1997 3501 nocturno.
2021 3444 2079 3501 111

490 3565 608 3624 quo
632 3558 879 3619 tempore
906 3548 959 3601 in
997 3545 1244 3609 introitu,
1273 3556 1451 3612 neque
1502 3541 1556 3594 in
1599 3539 1773 3594 tertiis
1796 3526 2081 3608 responso-

486 3644 592 3699 s'iis
644 3641 698 3696 in
756 3640 886 3705 line,
930 3636 1115 3692 Gloria
1164 3632 1340 3699 Patri,
1382 3634 1616 3697 dicatur,
1667 3630 1763 3685 sed
1809 3629 1926 3700 ejus
1960 3629 2080 3687 loco

490 3730 900 3803 responsorium
931 3734 1230 3797 repetatur.
1263 3712 1594 3793 Antiphouae'
1614 3720 2076 3790 processionales:

485 3819 629 3874 Cum
650 3819 861 3882 sederit,
892 3815 1120 3880 Christe,
1148 3810 1327 3877 Pater,
1353 3809 1419 3865 In
1444 3811 1528 3864 die
1546 3824 1669 3864 cum
1688 3810 1998 3872 venerimus,
2025 3809 2079 3865 in

491 3911 792 3967 Dominicis
823 3909 932 3981 50
968 3902 1531 3978 quadragesimalihus
1571 3902 1647 3956 ad
1669 3900 2077 3972 processionem

492 4011 810 4060 cantentur.
853 4002 908 4055 111
948 4007 1141 4070 quarta
1168 3995 1302 4051 feria
1333 4002 1540 4065 quartae
1578 3992 1952 4070 hebdomadze,
1989 4005 2079 4046 va-

492 4094 663 4149 rietas
716 4092 776 4147 111
803 4068 1086 4163 (166111111-
1134 4086 1494 4155 adiectionem
1545 4068 1707 4137 unius
1739 4081 1986 4136 lectionis
2024 4090 2081 4136 et

491 4187 659 4243 unius
688 4182 1020 4254 respousorii
1050 4196 1064 4245 ;
1096 4180 1210 4248 ipsa
1238 4178 1384 4231 enim
1413 4175 1501 4229 die
1529 4172 1855 4229 scrutinium
1901 4172 1982 4237 lit,
2022 4171 2078 4225 in

488 4280 605 4346 quo
647 4275 755 4328 hde
791 4280 849 4326 et
884 4263 1128 4325 moribd’s
1167 4267 1512 4320 instruuntur
1554 4260 1950 4317 catechumeni.
1997 4257 2080 4316 0b

494 4367 602 4421 hoc
625 4362 773 4435 (167)
816 4361 1048 4414 traditur
1086 4356 1169 4413 eis
1197 4355 1373 4410 oratio
1418 4352 1717 4416 Dominica,
1758 4359 1814 4404 et
1861 4352 2080 4421 symbo-

495 4454 631 4520 lum,
658 4451 804 4522 quod
851 4451 905 4504 in
945 4457 1138 4504 saneto
1184 4445 1423 4501 Sabbalo
1466 4443 1687 4498 Pascha:
1727 4442 1924 4496 debent
1958 4441 2080 4496 red-

498 4546 649 4602 dere.
686 4541 839 4611 (168)
873 4540 929 4594 111
976 4537 1215 4593 Sabbalo
1245 4533 1389 4604 quod
1418 4534 1632 4588 Paltnas
1663 4532 1941 4603 praecedit,
1969 4532 2080 4601 epi-

494 4649 722 4706 scopum
747 4643 842 4689 aut
882 4632 1143 4692 maiorem
1181 4627 1429 4682 ecclesia:
1458 4627 1621 4696 pedes
1662 4640 1959 4696 pauperum
2004 4626 2076 4677 la-

498 4744 631 4786 vare
658 4733 1063 4782 ece.esiasttcus
1091 4724 1225 4777 ordo
1245 4721 1520 4791 przecepit,
1542 4728 1599 4773 ct
1626 4719 1855 4775 fratrum
1885 4735 2078 4773 unum-

497 4834 789 4893 quemque,
830 4817 871 4870 si
913 4821 1113 4884 potest,
1144 4813 1304 4868 unius
1329 4810 1614 4881 pauperis;
1651 4810 1765 4878 ipsa
1808 4809 1953 4861 enim
1990 4808 2105 4863 die'

496 4910 752 4981 lacrymis
792 4906 959 4961 Maria
1005 4904 1136 4958 lavit
1182 4904 1347 4975 pedes
1389 4900 1624 4966 Domini,
1671 4908 1726 4953 et
1767 4899 1909 4968 quod
1958 4899 2072 4968 ipSa

494 5003 627 5060 fecit
674 5001 729 5056 in
770 5000 970 5070 capite,
1022 5007 1125 5052 nos
1163 4995 1217 5049 in
1268 4993 1529 5048 membris
1570 4991 1831 5045 debemus
1875 4989 2076 5045 facere.

494 5094 613 5161 ipsa
632 5105 764 5162 ergo
791 5089 880 5144 die
906 5084 1347 5159 quandoquidem
1389 5080 1626 5137 ollicium
1668 5088 1845 5144 vacat,
1887 5088 2078 5134 cante-

495 5193 585 5239 tur
609 5181 842 5238 ofﬁcium
870 5175 1165 5235 Dominica:
1193 5188 1300 5227 non
1331 5173 1622 5226 hesternas.
1655 5169 1760 5224 Per
1781 5170 1916 5224 duas
1947 5168 2079 5224 heb-

495 5274 757 5332 doinadas
778 5272 960 5343 passio
1002 5264 1217 5323 Domini
1243 5262 1572 5327 celebratur,
1622 5260 1673 5314 id
1708 5267 1789 5313 est
1840 5272 1938 5329 per
1968 5259 2075 5313 duo

775 5379 787 5386 .
817 5361 1053 5386 ..-1....ηνι
1098 5369 1198 5386 ιλιι-ι
1249 5350 1363 5386 ΝΛΔ
1409 5348 1673 5386 nanus-alim
1740 5356 1789 5386 nl
1825 5358 1942 5386 nnc!
1988 5360 2081 5386 mm

2184 3270 2403 3342 quidem
2447 3268 2635 3338 viginti
2670 3275 2898 3338 quatuor
2941 3269 3180 3322 candelae
3216 3286 3246 3321 a
3286 3277 3435 3324 retro
3472 3269 3652 3323 altare
3698 3269 3792 3323 in-

2183 3362 2528 3421 cendantur,
2580 3376 2701 3429 qua:
2749 3361 3044 3414 secundum
3096 3363 3335 3428 psalmos
3384 3376 3451 3415 ae
3509 3359 3789 3416 lectiones

2183 3452 2621 3523 exstinguautur.
2656 3449 2711 3503 lu
2758 3450 2933 3519 primo
2976 3460 3266 3517 nocturno,
3303 3451 3571 3506 lectiones
3600 3452 3671 3506 de
3697 3450 3792 3507 Je-

2185 3543 2369 3597 remia:
2400 3539 2872 3595 lamentationibus
2897 3539 3174 3609 legantur;
3211 3542 3264 3595 in
3293 3542 3537 3596 secundo
3567 3540 3640 3595 de
3686 3556 3791 3596 ex-

2183 3633 2453 3705 positione
2483 3630 2677 3704 psalmi
2713 3649 2730 3686 :
2770 3631 3001 3694 Exaudi,
3044 3630 3211 3697 Deus,
3243 3634 3537 3687 arationem
3580 3648 3786 3699 meum,

2178 3741 2302 3779 cum
2350 3724 2631 3794 deprecor;
2664 3720 2813 3793 (17-1)
2854 3721 2904 3774 111
2945 3722 3105 3777 tertio
3152 3722 3432 3793 Evangelii
3481 3725 3787 3794 expositio.

2180 3818 2477 3889 Incipiente
2501 3823 2727 3870 cantore
2750 3813 3097 3883 autiphonam
3119 3814 3372 3868 Traditor
3391 3827 3597 3882 autem,
3627 3815 3789 3887 (175)

2182 3924 2304 3979 qua:
2367 3907 2531 3961 etiam
2581 3907 2693 3958 sola
2750 3906 3011 3957 remansit
3066 3903 3290 3958 candela
3341 3906 3785 3976 exstinguatur,

2177 4013 2236 4056 et
2289 3998 2602 4054 Benedictus
2645 3996 2752 4049 alta
2803 4010 2934 4049 voce
2962 4004 3244 4062 cantetur;
3300 4012 3408 4066 quo
3440 3999 3626 4065 linito,
3672 4000 3790 4055 duo

2182 4088 2392 4153 clerici,
2420 4094 2627 4142 stantes
2659 4095 2805 4140 retro
2832 4085 3022 4152 allare,
3054 4086 3221 4158 Kyrie‘
3244 4087 3440 4143 eleison
3481 4090 3788 4161 incipiant,

2181 4183 2325 4252 quod
2357 4188 2440 4234 ter
2478 4178 2584 4232 alta
2627 4192 2757 4232 voce
2784 4178 3138 4247 pronuntient
3168 4197 3180 4231 :
3224 4179 3333 4232 duo
3361 4179 3451 4233 alii
3487 4180 3541 4235 in
3570 4182 3789 4247 medio,

2183 4272 2236 4326 in
2277 4268 2500 4323 introitu
2526 4267 2676 4321 chori
2717 4269 2825 4322 siut
2846 4261 2940 4320 alii
2972 4268 3097 4323 duo.
3131 4267 3199 4323 Et
3231 4270 3385 4323 linita
3412 4272 3601 4339 prima
3634 4275 3791 4329 trina

2184 4358 2348 4428 Kyric
2389 4356 2582 4410 eleison
2628 4355 2989 4425 repetitione,
3018 4357 3207 4412 mediis
3256 4359 3393 4413 nihil
3436 4361 3789 4428 dicentibus,

2186 4449 2381 4513 ultimi,
2428 4448 2570 4501 dulci
2624 4463 2777 4502 voce.
2820 4446 3057 4511 Domine,
3097 4448 3340 4502 miserere
3381 4452 3792 4509 respondeant.

2184 4529 2397 4595 Chorus
2426 4537 2662 4591 Christus
2690 4537 2947 4590 Dominus
2987 4554 3156 4605 usque
3192 4540 3259 4593 ad
3289 4540 3454 4593 linem
3500 4555 3789 4598 suceinal.

2182 4630 2313 4683 item
2354 4626 2467 4681 bini
2519 4624 2726 4680 Christe
2765 4625 2960 4680 eleison
3016 4644 3122 4683 una
3166 4645 3283 4684 vnce
3329 4631 3559 4697 dicant,
3614 4636 3794 4691 medii

2186 4718 2290 4784 Qui
2321 4732 2573 4786 passurus
2605 4716 2861 4769 advenisti
2912 4721 3292 4786 respondeant.
3334 4721 3470 4775 item
3516 4724 3627 4778 alia
3663 4728 3795 4783 vice

2183 4810 2343 4881 primi
2390 4806 2594 4861 Christe
2633 4806 2847 4870 eleison,
2892 4809 3053 4861 medii
3100 4825 3228 4863 vero
3276 4809 3385 4874 Qui
3422 4818 3688 4880 expansis
3735 4821 3795 4873 in

2184 4915 2357 4954 cruce.
2392 4897 2524 4951 Item
2557 4896 2719 4967 Kgrie
2741 4896 2898 4965 primi
2943 4899 3107 4952 medii
3145 4900 3329 4954 dicant
3362 4919 3377 4954 :
3414 4904 3524 4968 Qui
3551 4910 3797 4977 praphc.

2182 4996 2280 5047 tice
2326 4990 2659 5062 prompsisti;
2717 4987 2893 5041 ultimi
2960 4997 3015 5042 et
3064 4990 3263 5043 chorus
3314 4993 3462 5060 quod
3508 4996 3794 5063 primum.

2180 5086 2315 5141 Item
2366 5082 2525 5152 primi
2581 5089 2664 5135 ter
2693 5079 2796 5150 53
2839 5080 3000 5132 simul
3037 5079 3201 5151 Kyrie
3240 5081 3464 5140 eleisou.
3512 5088 3662 5142 nihil
3709 5108 3799 5147 re-

2181 5170 2572 5243 spondentibus
2618 5169 2809 5223 mediis
2846 5184 2861 5233 ;
2902 5167 3074 5221 ultimi
3125 5176 3179 5223 et
3220 5170 3421 5223 chorus
3472 5178 3630 5242 quod
3682 5180 3801 5247 ιιι-ί-

2182 5276 2351 5319 mmn.
2377 5259 2579 5315 Eodem
2612 5260 2770 5314 modo
2812 5257 3153 5313 Celebrentur
3185 5261 3468 5317 matutina:
3499 5282 3634 5322 cum
3674 5273 3801 5327 suis

2182 5350 2502 5386 Innlinnilmc
2552 5358 2598 5386 nl
2655 5348 3012 5386 rncnnnunriie
3056 5348 3107 5386 in
3158 5350 3245 5386 siin
3297 5367 3642 5386 “quantum”..-
3744 5372 3797 5386 --
