4016 5386
218 236 291 293 ω.
1205 223 1407 283 LiBER‘
1442 224 1530 281 DE
1554 221 1839 281 OFFICIIS
1869 221 2438 282 ECCLESIASTIGIS.
3360 233 3427 291 50

220 347 362 411 torio,
388 341 527 415 (176)
570 339 679 396 alta
714 353 847 396 voce
884 347 940 395 et
986 353 1111 407 eum
1153 347 1280 395 tono
1333 346 1643 396 cantentur.
1692 337 1750 393 in
1779 324 1826 382 Α
1854 336 2160 395 celebratur
2184 336 2537 404 sacrificium,
2559 336 2795 393 biduana
2822 339 3075 395 maeroris
3099 338 3340 412 alﬂictio,
3366 353 3424 400 et

219 438 379 501 tertia,
421 441 475 488 et
498 440 668 492 sexta.
699 436 756 485 et
802 438 965 493 nona,
993 428 1228 499 psalmos
1268 441 1427 481 suum
1467 439 1731 495 responso

221 530 340 584 rium
364 531 611 591 seqttatur
634 536 648 573 :
673 520 886 591 ει(1¹ῖ’ῑ)
910 519 1057 573 dicto
1080 533 1240 573 versu
1264 516 1333 571 ab
1357 516 1541 586 aliquo
1562 528 1750 584 puero,

219 632 324 673 cum
359 611 567 669 silentio
590 610 721 664 ﬂant
763 610 944 664 ornnia
981 623 1102 676 quae
1147 613 1472 676 sequuntur.
1520 604 1639 672 Ipso
1669 604 1756 659 die

220 708 335 762 hora
367 710 510 758 serta
537 699 765 769 populus
788 699 858 753 ad
896 697 1182 753 ecclesiam
1212 695 1519 750 conveniat.
1546 693 1604 747 Si
1642 692 1759 761 epi-

219 806 388 860 scopus
406 787 759 856 fuerit,,(l78)
783 786 1104 841 convocatio
1138 782 1540 854 penitentium,
1574 790 1629 835 ct
1656 781 1756 836 ab-

219 879 410 941 solutio,
434 876 743 931 chrismatis
772 874 965 929 etolci.
986 871 1344 936 consecratio,
1368 869 1521 937 juxta
1546 871 1758 940 episco-

218 967 370 1037 palem
403 966 562 1018 ritum
600 964 883 1018 ordinetur
908 978 923 1017 :
948 961 1041 1017 ubi
1079 974 1211 1016 vero
1256 958 1512 1021 defuerit,
1539 958 1593 1012 in
1644 958 1757 1027 pri-

217 1057 306 1112 mis
335 1054 469 1126 (179)
511 1062 624 1108 litin
666 1052 849 1107 clerus
895 1065 1059 1119 quam
1104 1046 1338 1119 populus
1390 1046 1650 1117 prostrati
1699 1045 1755 1099 in

218 1157 343 1201 terra
368 1159 483 1200 cum
524 1142 784 1213 lacrymis
811 1152 865 1196 et
902 1141 1106 1211 gemitu
1151 1138 1547 1194 absolutionem
1577 1135 1758 1192 crimi-

218 1251 325 1290 num
369 1249 396 1288 a
440 1233 634 1301 majori
686 1232 968 1288 sacerdote
1012 1229 1283 1299 accipiant
1315 1245 1330 1282 ς
1358 1238 1414 1284 ct
1453 1235 1576 1296 post
1628 1240 1757 1280 cum

218 1323 527 1395 processione
569 1321 623 1376 in
669 1322 963 1391 porticum,
1006 1317 1256 1375 Miserere
1300 1317 1424 1382 mei,
1469 1317 1628 1382 Deus,
1669 1315 1755 1370 di-

217 1415 381 1480 cendo,
415 1413 480 1469 ad
525 1427 726 1468 novum
762 1412 940 1480 ignem
982 1410 1051 1466 de
1090 1416 1244 1479 petra
1297 1421 1586 1463 excussum
1627 1397 1756 1475 μέγα

219 1513 344 1575 gant,
367 1518 520 1573 quem
550 1517 675 1557 cum
705 1516 845 1573 aqua
875 1500 1157 1556 benedicta
1177 1513 1245 1553 ac
1278 1511 1507 1553 incenso
1533 1494 1757 1552 benedi-

221 1600 336 1646 cant.
363 1592 501 1662 (t80)
530 1590 689 1658 Quod
721 1591 773 1644 in
815 1590 898 1644 his
945 1589 1119 1643 tribus
1159 1586 1350 1643 diebus
1398 1600 1572 1640 novus
1615 1584 1759 1653 ignis

1850 422 2111 493 jejunium
2135 425 2522 496 apostolorum.
2553 425 2735 496 Agnus
2766 423 2862 479 Dei
2892 440 3000 483 non
3040 427 3294 499 dicatur;
3316 446 3423 502 pax

1856 524 1964 569 non
2010 516 2307 586 accipiatur
2338 516 2521 586 :quod
2556 517 2724 572 etiam
2771 526 2924 572 sexta
2961 517 3098 574 feria
3145 531 3419 589 servetur,

1854 600 1992 659 falso
2015 604 2160 658 enim
2197 605 2346 674 pacis
2385 604 2569 661 osculo
2594 605 2846 660 traditur.
2870 604 2929 661 ln
2960 606 3081 663 loco
3107 608 3289 679 Agnus
3321 610 3421 666 Dei

1856 694 2162 749 communio
2191 694 2448 750 Dominus
2475 695 2630 749 Jesus
2659 704 2927 751 cantetur.
2953 696 3071 763 Quo
3093 696 3247 753 linito
3273 699 3426 772 (183)

1847 785 2132 851 sacerdos,
2159 786 2408 841 manibus
2439 794 2629 841 tenens
2670 785 2779 857 56
2799 787 3047 852 calicem,
3075 790 3425 860 antipbonam

1856 873 2085 930 Calicem
2116 874 2368 929 salutaris
2407 875 2649 945 incipiat.
2691 876 2791 932 Hic
2823 886 3018 932 sonent
3056 891 3247 934 omnes
3279 893 3428 934 cam-

1856 978 2031 1034 panae,
2066 978 2186 1033 quae
2222 979 2331 1020 non
2352 963 2588 1034 amplius
2611 962 2916 1034 pulsentur,
2947 979 3125 1037 usque
3149 967 3217 1021 ad
3244 965 3451 1021 Gloria-

1855 1054 1912 1109 in
1953 1054 2188 1120 excelsis,
2234 1054 2292 1109 in
2332 1054 2571 1109 Sabbato
2609 1062 2800 1109 sancto
2848 1053 3071 1110 Pascbte
3100 1069 3116 1111 :
3141 1056 3238 1112 sed
3274 1054 3423 1128 (184)

1856 1142 1987 1198 loco.
2027 1158 2216 1199 earum
2276 1144 2652 1212 pereutiantur
2709 1142 2937 1208 tabulae;
2987 1152 3045 1199 et
3097 1144 3265 1215 (185)
3329 1158 3426 1199 sex

1855 1230 2049 1301 psalmi
2088 1239 2404 1302 sequantur,
2446 1229 2956 1297 scilicet:Credidi,
2997 1231 3081 1285 Ad
3121 1231 3452 1299 Dominum”

1856 1317 2015 1389 Eripe
2037 1334 2149 1385 me;
2176 1319 2423 1386 Domine,
2451 1321 2674 1374 clamavi
2697 1336 2715 1385 ς
2756 1318 2892 1375 Voce
2933 1336 3070 1386 mea,
3095 1317 3457 1386 Benedictum.

1856 1425 1980 1467 cum
2008 1410 2322 1481 antiphonis
2360 1410 2493 1466 suis.
2527 1409 2623 1465 llis
2652 1410 2842 1475 ﬁnitis,
2883 1411 3138 1467 sacerdos
3167 1409 3433 1466 Crenanti-

1858 1500 1953 1555 bus
1983 1501 2231 1572 incipiat,
2258 1510 2315 1557 et
2340 1501 2468 1556 dum
2501 1500 2811 1573 Magniﬁcat
2836 1510 3109 1569 cantatur,
3145 1501 3317 1557 altare
3345 1503 3453 1558 inm

1858 1600 2132 1658 censetur,
2164 1601 2223 1647 et
2262 1592 2346 1647 sic
2374 1606 2614 1662 vespera:
2653 1592 3061 1649 communionis
3088 1592 3336 1648 oratione
3364 1592 3443 1648 il-

220 1680 276 1736 de
308 1690 443 1749 petra
485 1693 753 1736 excussus
789 1680 842 1733 in
891 1678 1121 1734 ecclesia
1158 1676 1496 1742 accenditur,
1538 1682 1596 1730 et
1633 1675 1758 1731 inde
1790 1677 1831 1736 Β
1859 1680 2099 1736 niantur.
2129 1681 2277 1753 (186)
2301 1682 2422 1752 Ipsa
2452 1683 2544 1737 die
2579 1681 2762 1752 plures
2805 1682 2998 1738 hostiae
3018 1690 3431 1749 consecrentur,

218 1784 297 1840 per
319 1778 529 1824 caeteras
560 1769 751 1823 domos
768 1766 879 1840 54
904 1766 1338 1821 Christianorum
1368 1764 1632 1829 dclertur,
1662 1763 1757 1818 lux

217 1861 423 1926 deitatis,
452 1874 577 1930 quae
604 1860 657 1914 in
684 1873 850 1913 carne
899 1853 1464 1911 Salvatorislatuerat
1494 1867 1665 1923 usque
1690 1852 1759 1908 ad

217 1952 520 2020 passionem,
558 1959 615 2005 et
645 1964 742 2019 per
777 1947 1083 2018 passionem
1112 1960 1177 2001 ac
1216 1943 1675 2001 resurrectionem
1702 1943 1758 1998 in
1790 1942 1793 1947 ’

214 2039 431 2103 ecclesia,
469 2039 522 2093 id
566 2047 654 2093 est
705 2037 760 2091 in
799 2035 1055 2090 cordibus
1100 2032 1337 2088 ﬁdelium
1398 2031 1756 2100 resplenduit,

215 2137 260 2181 et
286 2138 415 2197 pust,
453 2128 660 2183 eisdem
688 2141 880 2181 novam
901 2125 1208 2180 doctrinam
1233 2121 1756 2191 evangelizantibus,

216 2222 385 2275 mundo
417 2220 680 2287 insonuit,
710 2219 935 2292 mystice
963 2218 1271 2293 ostenditur
1290 2217 1479 2286 ;.quod
1508 2215 1563 2269 in
1602 2215 1757 2271 hasta

217 2307 377 2374 fertur,
412 2309 663 2365 Christus
692 2309 745 2363 in
784 2322 948 2364 cruce
989 2321 1314 2377 suspensus;
1363 2306 1509 2376 quod
1552 2306 1608 2359 in
1645 2319 1759 2361 ser-

216 2408 372 2467 petite,
405 2399 543 2453 idem
579 2398 857 2463 Christus,
883 2397 974 2468 qni
1007 2412 1104 2465 per
1139 2405 1447 2465 serpentem
1480 2394 1536 2448 in
1572 2407 1759 2451 eremo

219 2489 461 2556 ﬁguratur.
490 2488 611 2546 Mox
639 2489 819 2557 ignem
847 2486 1079 2557 accipiat
1099 2484 1353 2542 sacerdos
1379 2484 1433 2538 in
1457 2483 1615 2539 hasta
1633 2496 1760 2537 cum

218 2590 369 2643 ceree,
408 2586 820 2646 revertatnrque
852 2576 920 2630 ad
969 2575 1162 2639 altare.
1189 2574 1457 2646 psalmum
1500 2571 1773 2626 Dominus.

219 2664 498 2721 illuminalt'a
526 2667 819 2722 cantando.
852 2666 1184 2721 Sonantibus
1215 2664 1430 2719 cunctis
1474 2662 1758 2732 campanis

219 2755 416 2812 cilicium
470 2758 783 2823 inclinetur,
832 2765 889 2811 et
938 2757 1143 2811 indutis
1192 2756 1406 2811 duobus
1447 2751 1764 2808 cantoribus

221 2845 399 2914 cappis,
438 2846 673 2900 diacono
703 2844 1012 2909 dalmatica,
1054 2843 1385 2898 subdiacono
1432 2841 1633 2907 tunica,
1684 2839 1764 2895 fe-

222 2933 336 2988 stive
376 2935 703 2989 celebretur.
747 2933 896 3004 (181)
937 2931 995 2988 Si
1036 2933 1322 3003 cpiscopus
1362 2932 1559 2998 fuerit,
1580 2930 1763 2987 Gloria

221 3018 264 3072 in
304 3022 500 3076 excelsis
546 3032 837 3088 cantetur;
887 3024 971 3077 sin
1011 3034 1215 3088 autem,
1263 3039 1391 3077 non.
1418 3020 1477 3077 In
1510 3021 1615 3077 hac
1635 3035 1765 3077 vero
1789 3008 1837 3071 (ἶ

222 3108 293 3164 die
327 3113 421 3167 olei
471 3114 818 3170 consecratio
872 3113 1221 3179 celebratur,
1267 3122 1321 3168 ct
1375 3112 1767 3182 paenitentibus

222 3198 459 3257 absolutio
486 3205 772 3259 tribuitur.
805 3204 1003 3270 Quinta
1035 3204 1179 3259 enim
1205 3212 1367 3258 :etate
1402 3202 1552 3259 venit
1575 3202 1643 3258 ad
1668 3216 1767 3260 nos

220 3287 459 3360 Christus,
479 3295 603 3350 oleo
628 3295 832 3350 laetitia:
857 3309 967 3363 prae
1002 3293 1356 3363 participibus
1392 3293 1505 3348 suis
1548 3301 1785 3360 unctus,

221 3395 430 3449 Quaerere
475 3385 581 3440 sibi
613 3385 952 3450 cohteredes,
997 3400 1132 3453 quos
1158 3384 1347 3439 eadem
1384 3384 1642 3440 unctione
1666 3400 1770 3439 un-

222 3479 336 3538 ctos,
363 3476 505 3547 regni
531 3477 619 3531 sui
665 3475 873 3530 iaceret
897 3484 1181 3531 consortes
1209 3492 1222 3527 :
1256 3475 1398 3543 quod
1438 3474 1616 3531 facere
1643 3489 1768 3535 eum

220 3578 354 3633 posse
404 3569 533 3624 nulli
584 3568 811 3624 dubium
864 3575 948 3624 est
991 3568 1199 3638 absque
1256 3566 1396 3632 oleo,
1435 3566 1530 3635 qui
1578 3575 1771 3621 cuncta

220 3662 395 3716 creavit
419 3678 485 3719 ex
515 3663 714 3719 nihilo.
748 3662 855 3719 Sed
889 3663 1014 3732 quia
1033 3661 1190 3731 juxta
1234 3656 1551 3732 Apostolnm
1576 3659 1768 3732 (Hebr.

223 3750 345 3821 31,3)
369 3767 431 3808 ex
449 3754 761 3810 visibilibus
779 3753 1065 3808 invisibilia
1082 3751 1464 3822 intelligantur,
1488 3765 1583 3821 per
1608 3750 1761 3805 arho«

221 3852 316 3893 rem
357 3841 507 3908 clem,
540 3858 668 3913 qua:
701 3843 851 3913 pacis
905 3841 1115 3911 insigne
1157 3850 1400 3906 vocatur,
1439 3848 1494 3894 et
1534 3840 1770 3894 fructum

221 3925 330 3996 fert,
363 3930 510 4000 cujus
549 3931 661 4003 55
692 3931 1018 4003 pinguedine
1049 3930 1179 3986 lassi
1200 3938 1255 3986 et
1287 3929 1486 3986 infirmi
1515 3944 1772 3985 recrean-

223 4027 312 4086 tur,
343 4031 396 4076 et
428 4024 653 4078 luminis
683 4004 858 4092 gratia
885 4033 1126 4094 paratur,
1164 4022 1481 4094 mysterium
1508 4023 1622 4092 geri
1665 4022 1775 4077 dis-

218 4111 389 4179 posuit,
423 4129 532 4184 quo
566 4123 919 4184 peccatorum
963 4114 1187 4170 vulnere
1237 4114 1465 4169 sauciati
1511 4123 1569 4170 et
1594 4115 1773 4170 virtu-

224 4209 317 4253 tttm
346 4204 535 4259 robore
567 4205 860 4271 debilitati,
889 4204 1050 4259 saluti
1089 4214 1307 4261 aeternze
1331 4206 1772 4273 restituerentur,

1858 1771 2054 1842 quibus
2098 1771 2276 1826 clerus
2323 1780 2377 1827 et
2414 1772 2645 1843 populus
2684 1773 3151 1839 communicetur;
3181 1771 3333 1845 (187)
3377 1781 3469 1829 et-
3518 1821 3522 1825 .

1858 1862 2121 1918 medietas
2147 1862 2448 1918 hostiarum
2473 1865 2679 1934 absque
2712 1865 2844 1921 vino
2876 1865 2933 1920 in
2977 1865 3220 1921 crastino
3255 1879 3434 1921 resera

1857 1962 2035 2019 vetur,
2064 1954 2204 2008 unde
2226 1953 2374 2026 (188)
2412 1954 2608 2011 iterum
2637 1956 3127 2012 communicentur.
3148 1956 3280 2026 Ipsa:
3300 1969 3432 2011 vero
3463 1996 3467 2000 »

1857 2043 2047 2098 hostia:
2074 2058 2106 2097 a
2130 2044 2415 2100 sacerdote
2449 2053 2506 2099 et
2531 2044 2794 2100 ministris
2823 2044 3011 2101 altaris
3054 2045 3278 2111 indutis,
3308 2060 3466 2101 cum.-

1857 2132 2225 2203 processione,
2271 2133 2482 2188 scilicet
2522 2148 2645 2188 cum
2674 2148 2849 2189 cereis
2893 2142 2951 2189 et
2996 2136 3238 2200 incenso,
3269 2149 3436 2205 super

1860 2222 2131 2292 quoddam
2180 2224 2355 2280 altare
2399 2226 2699 2281 honoriﬁce
2740 2226 3119 2296 deportentur,
3167 2226 3262 2285 ubi
3309 2241 3459 2282 cum.

1859 2312 2202 2370 nitidissimis
2246 2314 2653 2372 linteaminibus
2683 2316 2887 2387 Optime
2940 2318 3330 2372 recondantur.
3354 2315 3465 2371 lbi.

1859 2414 2074 2470 seraper
2100 2401 2283 2457 lumen
2314 2419 2488 2474 usque
2514 2404 2583 2460 ad
2610 2403 2818 2459 ultimae
2848 2403 3088 2461 candela
3118 2404 3437 2460 exstinctio-

1860 2505 1984 2545 nem
2012 2491 2066 2545 in
2097 2492 2380 2547 matutinis
2403 2493 2612 2548 ardeat.

1929 2576 2061 2633 Post
2084 2580 2370 2649 prandium
2400 2588 2581 2635 autem
2605 2579 2807 2634 iterum
2830 2580 2896 2634 ad
2924 2579 3214 2636 ecclesiam
3243 2593 3437 2635 omnes

1861 2670 2204 2736 c'onveniant,
2248 2670 2396 2742 (189)
2441 2670 2711 2726 nudantes
2756 2669 2974 2736 altaria,
3013 2677 3302 2725 cantantes
3335 2668 3469 2723 alim.

1862 2764 2011 2834 quod
2064 2763 2510 2833 responsorium,
2553 2763 2622 2819 de
2673 2761 2805 2817 vino
2852 2773 2910 2817 et
2959 2776 3099 2832 aqua
3152 2760 3440 2817 benedicta

1863 2852 2106 2917 abluant,
2141 2849 2292 2921 (190)
2320 2851 2437 2905 sola
2463 2864 2605 2919 aqua
2639 2849 2879 2919 parietes
2901 2857 2958 2904 et
2984 2847 3313 2918 pavimenta.
3335 2845 3442 2902 Per

1865 2941 2155 2998 ecclesiam
2207 2957 2330 3011 quae
2386 2955 2529 3010 aqua
2591 2939 2879 2996 benedicta
2937 2938 3177 2995 abluitur
3229 2945 3461 2994 mentes.

1867 3031 1971 3102 57
2000 3030 2383 3101 ﬁdelium,.qui
2420 3044 2581 3085 sacra
2617 3025 2962 3086 confessione
2986 3038 3044 3084 et
3076 3028 3477 3100 lacrymarum.

1868 3122 2186 3177 inundantia
2221 3121 2474 3176 mundari
2509 3121 2729 3187 debent,
2765 3120 3140 3192 designantur.
3177 3120 3270 3175 Ait
3296 3119 3477 3174 enim.

1866 3211 2156 3282 Apostolus
2204 3229 2220 3265 :
2264 3210 2535 3281 Templum
2585 3211 2684 3266 Dei
2735 3220 2977 3266 sanctum
3023 3220 3117 3266 est.
3145 3208 3299 3281 quod.
3318 3209 3479 3265 estis.

1867 3319 1954 3358 vos
1978 3302 2189 3376 (lCor.
2235 3318 2319 3369 III,
2354 3303 2465 3373 1⁵1).
2487 3301 2594 3357 Per
2628 3301 2961 3358 ablutionem
3001 3301 3225 3372 pedum,
3252 3300 3443 3354 huma-

1868 3408 2062 3449 norum
2109 3394 2385 3449 mundatio
2439 3392 2751 3448 allectnum.
2802 3391 2922 3460 Quo
2971 3400 3097 3448 acto
3144 3391 3334 3463 (191),
3387 3389 3471 3444 in-

1868 3485 2100 3552 quadam
2159 3483 2321 3538 domo
2367 3483 2716 3548 conveniant,
2756 3490 2816 3538 et
2863 3481 3147 3538 Dominico
3198 3478 3470 3550 exemplo.

1871 3572 2182 3626 mandatum
2223 3569 2448 3626 faciant.
2497 3569 2727 3641 Majores
2772 3585 2940 3635 vero,
2979 3568 3164 3625 linteis
3218 3568 3479 3640 praecin-L.

1870 3659 1943 3713 eti
1967 3697 1985 3725 ,
2060 3659 2194 3713 Cum
2256 3658 2514 3714 Dominus
2573 3660 2745 3715 Iesus.
2789 3659 3150 3730 incipientes,
3215 3666 3445 3713 ctetero‘

1871 3764 1991 3803 rum
2024 3748 2190 3819 pedes
2233 3747 2433 3812 lavent,
2458 3757 2515 3803 et
2551 3747 2729 3804 linteis
2759 3756 2999 3819 tergant,
3026 3756 3313 3802 cantantes
3345 3761 3447 3802 an-

1875 3836 2126 3906 tiphonas
2155 3852 2277 3907 qua:
2311 3838 2383 3893 ibi
2406 3838 2700 3908 pertinent.
2731 3836 2996 3893 Similiter
3020 3850 3218 3906 aquam
3265 3835 3451 3897 mani-

1872 3927 1976 3985 bus
2003 3928 2418 3984 subministrent
2459 3942 2584 3984 cum
2633 3926 3011 4003 manntergiis.
3058 3925 3173 3982 Hoc
3204 3927 3347 3982 idem
3376 3925 3469 3981 ab.

1875 4036 1982 4079 uno
2003 4031 2325 4078 ceterorum
2364 4030 2421 4077 et
2443 4019 2739 4090 majoribus
2769 4019 2884 4074 tiat.
2912 4017 3032 4086 Quo
3053 4017 3227 4085 (inito,
3260 4017 3448 4073 diaco-

1874 4127 1976 4168 nus
2011 4126 2135 4167 cum
2168 4102 2536 4181 processione,
2577 4109 2890 4176 daltnatica,
2930 4110 3251 4179 ueterisque
3284 4106 3455 4162 vesti—

1877 4203 2076 4258 mentis
2122 4192 2369 4268 indutus,
2397 4216 2522 4256 cum
2549 4200 2726 4259 cereis
2752 4210 2811 4257 et
2847 4201 3071 4257 incenso
3116 4201 3362 4267 accedat,
3393 4208 3463 4254 et

220 4295 284 4354 et,
312 4289 507 4363 fugatis
537 4303 894 4363 peccatorum
929 4295 1184 4359 tenebris,
1220 4309 1403 4349 veram
1427 4294 1482 4349 in
1516 4294 1774 4350 cordibus
1805 4356 1841 4363 _
1876 4291 2216 4363 evangelium
2260 4292 2393 4345 Ante
2420 4290 2558 4344 diem
2595 4290 2789 4360 festum
2821 4304 2956 4346 voce
2994 4290 3215 4354 quidem
3261 4288 3452 4344 lectio-

221 4356 396 4446 paceni
420 4356 704 4452 ferentes,
747 4385 873 4441 lidei
917 4385 1117 4441 lumine
1164 4356 1618 4441 illuminarentur.
1654 4386 1772 4457 ipsa
1801 4356 1852 4416 θ
1876 4382 1962 4437 nis
2003 4356 2167 4452 legat.
2204 4381 2322 4448 Quo
2349 4379 2516 4447 lecto,
2561 4356 2825 4437 diaconus
2863 4388 3063 4444 taceat,
3111 4387 3170 4434 et
3209 4388 3283 4432 tta
3321 4392 3473 4432 cum.

220 4472 343 4527 enim
370 4475 477 4541 die,
520 4476 698 4531 veteri
743 4476 871 4547 legi,
900 4490 1020 4545 quae
1048 4484 1269 4546 peccata
1299 4475 1585 4544 puniebat,
1611 4476 1771 4530 linem

221 4558 365 4628 dedit,
388 4574 441 4618 et
476 4565 719 4634 primum
767 4565 1095 4619 sacriﬁcium
1134 4580 1377 4635 corporis
1403 4576 1459 4619 et
1496 4581 1777 4637 sanguinis

217 4651 310 4715 sui,
334 4669 438 4722 quo
463 4663 698 4724 peccata
739 4654 1043 4722 solvuntur,
1086 4655 1340 4710 instituit.
1368 4654 1581 4709 Altaria
1608 4656 1774 4711 etiam

221 4742 489 4813 nudantur,
515 4748 647 4817 quia
677 4749 1067 4817 comprehenso
1091 4746 1334 4813 Christo,
1356 4747 1448 4818 qui
1476 4762 1575 4817 per
1601 4748 1776 4802 altare

222 4834 477 4904 figuratur,
503 4838 755 4906 discipuli
785 4838 960 4893 relicto
1001 4856 1060 4893 eo
1102 4839 1345 4911 fugerunt
1377 4839 1593 4912 (Matth.
1624 4855 1776 4905 xm,

222 4921 319 4996 56).
347 4938 401 4983 ct
430 4930 627 4985 timore
664 4929 897 4997 perculsi
928 4930 1104 4986 triduo
1133 4932 1429 4985 latuerunt.
1459 4930 1613 4997 Quod
1652 4945 1779 4984 vero

223 5016 281 5069 ab
300 5018 406 5087 ipsa
433 5020 521 5075 die
566 5020 724 5091 (182)
761 5036 931 5091 usque
972 5023 1193 5078 missam
1250 5022 1427 5077 noctis
1458 5020 1778 5085 Dominicaz,

223 5121 313 5161 non
332 5110 388 5164 lit
412 5120 883 5167 sacramentorum
904 5113 1260 5176 consecratio,
1285 5114 1605 5169 observatur
1621 5111 1777 5180 juxta

223 5196 336 5253 illud
355 5204 494 5271 quod
529 5203 799 5256 Dominus
820 5203 894 5257 ait
918 5222 932 5257 :
968 5206 1090 5261 Non
1113 5206 1284 5259 bibam
1314 5205 1378 5258 dc
1397 5205 1497 5257 hoc.
1524 5204 1778 5273 genimine

221 5289 345 5354 ritis,
394 5311 556 5365 usque
596 5296 730 5347 dum
769 5293 933 5349 bibant
966 5297 1097 5351 illud
1146 5311 1333 5351 norum
1365 5311 1420 5349 tn
1462 5309 1621 5363 regno
1666 5308 1780 5348 meo

1874 4472 2063 4527 eadem
2103 4472 2452 4542 processione
2485 4472 2553 4526 ad
2588 4471 2912 4540 portandam
2954 4469 3277 4526 charitatem
3304 4467 3454 4539 (192)

1872 4561 1931 4617 in
1956 4562 2304 4618 rcfectorium
2327 4570 2584 4634 pergant;
2605 4569 2663 4617 et
2697 4563 2894 4617 iterum
2929 4563 3192 4617 diaconus
3216 4572 3457 4627 evange-

1875 4655 2006 4710 lium
2048 4656 2139 4710 uhi
2187 4653 2394 4710 dimisit
2425 4654 2673 4724 incipiat,
2709 4661 2779 4709 et.
2814 4668 2989 4724 usque
3030 4653 3100 4708 ad
3146 4650 3454 4722 passionem

1876 4747 2140 4818 perlegat.
2168 4744 2318 4819 (195)
2338 4744 2645 4815 Unicuique
2668 4742 2899 4800 fratrum
2922 4743 3007 4800 vel
3031 4742 3341 4812 episcopus,
3369 4738 3463 4792 vel

1880 4838 2137 4903 decanos,
2177 4836 2417 4907 phialam
2461 4838 2570 4893 vini
2610 4835 2889 4894 exhibeat.
2920 4837 3038 4904 Quo
3074 4833 3311 4902 expleto,
3344 4831 3489 4900 ipse-

1879 4938 1936 4986 ct
1963 4930 2249 4991 diaconus,
2296 4936 2351 4981 et
2380 4928 2564 4984 caeteri
2605 4928 2849 4983 ministri
2892 4925 3192 4986 resideant,
3228 4929 3284 4975 et
3311 4933 3461 4974 com-

1882 5021 2166 5091 pletorium
2217 5034 2344 5074 cum
2390 5021 2607 5076 silentio
2662 5019 2871 5075 dicant.
2928 5015 3077 5089 (194)
3143 5010 3455 5066 Mandatum

1880 5125 2177 5181 pauperum
2203 5108 2522 5167 mandatum
2550 5109 2780 5165 fratrum
2806 5106 3101 5179 praecedat,
3127 5099 3268 5172 quod
3292 5099 3487 5154 nullo»

1884 5202 2043 5256 modo
2099 5201 2583 5269 praetermittatur,
2634 5198 2746 5271 58
2780 5210 2837 5255 et
2889 5197 3131 5255 charitas
3179 5192 3259 5247 eis
3305 5190 3479 5257 juxta'

1885 5305 2041 5360 posse
2075 5288 2445 5358 impendatur.-
2474 5292 2531 5346 in
2570 5288 2659 5345 his
2700 5289 2876 5343 tribus
2923 5285 3115 5343 diebus
3143 5277 3319 5333 omnis
3360 5273 3460 5327 do—

3348 5376 3438 5386 -..Α
