4016 5386
556 392 620 449 51
1542 437 1546 441 .
1597 385 1876 442 JOANNIS
1906 383 2335 443 ARCHIEPISC.
2369 380 2729 441 ROTOMAG.
3729 382 3797 442 52

550 503 647 558 sim
679 497 1044 572 praedestinati
1078 497 1477 568 disperguntur.
1505 495 1651 554 Grex
1688 497 1891 554 Christi
1933 498 2126 554 timore
2159 479 2199 537 Α
2229 491 2514 556 cantando,
2541 490 2607 562 ad
2634 490 2724 562 [f.,
2749 485 3196 561 locumjaliquem
3225 483 3474 551 deterant
3501 488 3555 544 in
3577 490 3796 546 modum

549 589 832 661 perculsus
858 588 1068 659 plebeio
1105 601 1255 644 more
1298 585 1586 643 Dominum
1613 601 1769 642 suum
1811 594 2122 650 veneratur.

553 678 707 745 Quod
753 679 942 750 viginti
994 686 1223 750 quatuor
1275 675 1514 732 candelae
1555 677 1709 748 juxta
1755 677 2014 747 psalmos,
2071 685 2126 732 et

551 767 832 839 lectiones,
857 779 911 826 et
932 770 1186 840 hymnum
1208 767 1506 833 Zachariae,
1530 769 1966 838 exstinguuntur,
1990 782 2120 838 apo-

550 858 812 915 stolorum
859 868 1018 914 nocte
1055 873 1119 913 ac
1141 858 1228 913 die
1270 858 1584 912 maestitiam
1624 858 1870 930 designat
1898 876 1911 912 :
1939 866 1994 914 et
2022 858 2123 913 ite-

550 961 670 1001 rum
698 945 984 1002 exstinctio
1015 945 1178 1000 trium
1206 945 1416 1001 dierum
1441 945 1756 1003 maestitiam
1784 947 2120 1018 septuaginta

549 1037 776 1092 duorum
803 1035 1212 1105 discipulorum.

625 1143 679 1181 .n
715 1136 864 1184 sexta
895 1125 1029 1182 feria
1057 1125 1205 1198 (l95)
1247 1141 1440 1183 omnes
1485 1130 1655 1194 horto,
1686 1129 1925 1198 exceptis
1949 1137 2123 1183 matu-

552 1216 701 1282 tinis,
733 1217 784 1272 in
808 1217 1096 1274 ecclesiam
1127 1216 1498 1273 conveniendo
1527 1234 1649 1273 cum
1694 1218 1910 1274 silentio
1937 1219 2120 1273 dican-

551 1310 658 1358 tur.
705 1303 837 1360 Pnst
890 1306 1218 1360 matutinum
1261 1306 1461 1362 fratres
1504 1307 1557 1362 in
1613 1308 1869 1372 claustro,
1912 1318 2027 1374 aut,
2074 1309 2119 1363 si

547 1393 721 1458 deest,
748 1394 800 1448 in
825 1394 1075 1461 ecclesia,
1099 1395 1246 1466 (196)
1273 1396 1586 1465 psalterium
1615 1412 1739 1454 cum
1763 1397 1950 1452 litania
1973 1412 2120 1451 como

545 1485 786 1555 mpniter
813 1485 1012 1549 dicant,
1058 1500 1166 1556 quo
1218 1487 1366 1543 dicto
1409 1501 1599 1543 omnes
1649 1488 1791 1542 intra
1835 1488 2117 1543 ecclesiam

545 1590 670 1630 cum
719 1575 934 1631 silentio
974 1577 1214 1646 privatas
1255 1578 1532 1635 orationes
1573 1577 1818 1634 faciendo
1843 1591 2014 1648 usque
2052 1577 2118 1632 ad

545 1663 780 1722 olllcium
821 1667 1063 1722 sedeant.
1113 1668 1256 1724 Hora
1311 1685 1455 1727 nona
1500 1670 1878 1740 percutiuntur
1925 1669 2119 1726 tabulae

545 1765 608 1811 ut
636 1755 690 1810 in
727 1757 1008 1813 matutinis
1034 1775 1049 1812 :
1073 1773 1262 1814 onmes
1288 1768 1343 1814 et
1372 1759 1439 1815 ad
1476 1760 1653 1830 ignem
1695 1760 2114 1816 benedicendum

2225 583 2456 655 sepulcri
2483 581 2856 652 compositum,
2888 579 2980 634 ubi
3008 579 3333 635 recondatur
3358 593 3534 648 usque
3565 579 3620 634 in
3651 579 3797 634 diem

2226 674 2585 730 Dominicum.
2637 672 2754 739 Quo
2801 671 3089 734 collocato,
3136 669 3428 740 antiphona
3467 669 3532 724 In
3570 687 3700 740 pace
3739 671 3796 725 in

2224 762 2473 830 idipsum,
2497 768 2552 816 et
2581 759 2980 828 responsorium
3005 757 3222 829 Sepulto
3248 757 3488 822 Domino,
3521 767 3793 821 cantetur.

2225 851 2352 906 Post
2390 849 2536 922 (204)
2564 849 2794 904 ministri
2827 849 3003 904 crucis
3029 847 3226 904 casulis
3264 847 3438 902 induti
3471 847 3703 904 aderant
3728 849 3798 904 ad

2224 938 2394 994 altare
2420 953 2543 993 cum
2571 938 2696 992 vino
2728 953 2834 993 non
2875 946 3190 993 consecrate
3228 947 3562 992 reservatum
3596 953 3796 1008 corpus

2224 1026 2462 1092 Domini,
2498 1026 2590 1082 ubi
2621 1042 2650 1081 a
2695 1026 2978 1082 sacerdote
3023 1027 3356 1096 incensetur,
3385 1036 3440 1083 et
3483 1029 3554 1082 ibi
3583 1037 3794 1083 tantum

2225 1115 2492 1170 Oremus:
2523 1113 2807 1186 Prmceptis
2861 1116 3214 1184 salutaribus,
3263 1132 3437 1186 usque
3479 1113 3581 1171 Sed
3631 1118 3796 1173 libera

2223 1225 2315 1262 nos
2340 1207 2546 1271 amulo,
2580 1223 2608 1262 a
2636 1208 2916 1264 sacerdote
2937 1209 3164 1263 dicatur.
3197 1207 3316 1262 Pax
3347 1209 3557 1263 Domini
3578 1211 3682 1279 61
3719 1217 3797 1262 ta-

2222 1307 2430 1363 Ceatur,
2470 1298 2618 1367 pacis
2643 1298 2786 1353 enim
2817 1299 3002 1353 osculo
3040 1298 3273 1353 traditur
3294 1299 3562 1355 Christus.
3597 1299 3793 1354 Postea

2223 1388 2371 1458 (205)
2402 1404 2429 1443 a
2458 1389 2661 1458 majore
2693 1389 2757 1442 ad
2787 1389 3050 1445 minorem
3078 1403 3267 1444 omnes
3292 1391 3790 1446 communicentnr.

2221 1477 2350 1532 Post
2405 1477 2602 1531 tabulis
2647 1478 2918 1546 percussis
2967 1493 3222 1548 vesperas
3265 1479 3537 1548 sigillalim
3577 1481 3794 1545 dicant,

2219 1577 2275 1622 et
2303 1567 2380 1622 sic
2415 1567 2562 1636 (206)
2592 1568 2657 1622 ad
2706 1566 3054 1623 refectionem
3085 1568 3239 1638 panis
3261 1578 3310 1624 et
3361 1585 3515 1638 aqua:
3542 1579 3792 1640 pergant.

2219 1660 2300 1715 Ad
2323 1658 2732 1728 completorium
2759 1658 3005 1724 redeant,
3031 1660 3172 1730 quod
3207 1660 3482 1730 sigillatim
3514 1663 3721 1717 dicant.

2289 1749 2345 1805 in
2387 1749 2624 1805 Sabbato
2654 1758 2841 1804 sancto
2870 1752 3045 1805 omnis
3091 1752 3319 1807 ecclesia
3359 1767 3482 1807 cum
3529 1752 3798 1808 altaribus

552 1844 738 1901 clerici
782 1855 841 1902 ut
889 1840 1143 1904 hesferna
1184 1849 1272 1905 die
1314 1859 1543 1923 pergam
1585 1866 1707 1906 cum
1753 1850 2116 1920 proccssione.
2147 1831 2193 1890 Β
2223 1851 2461 1913 paretur.
2496 1840 2698 1897 Omnes
2727 1843 2874 1897 horzn
2904 1843 3007 1897 diei
3034 1853 3092 1898 ut
3135 1843 3186 1898 in
3221 1843 3520 1899 Parasceve
3547 1860 3672 1901 eum
3714 1846 3792 1899 si-

546 1933 675 2002 lgne
705 1944 927 2006 accepto
954 1937 1020 1992 ad
1062 1937 1352 1994 ecclesiam
1398 1940 1643 2004 redeant,
1676 1948 1731 1993 et
1777 1939 2010 1994 oll'icium
2041 1939 2120 1994 in-

543 2025 768 2096 cipiant.
794 2027 939 2098 (197)
970 2026 1214 2084 Ollicium
1241 2045 1270 2084 a
1299 2029 1531 2086 lectione
1555 2030 1678 2085 libri
1702 2029 1870 2084 Exodi
1898 2030 2121 2084 inchoe-

545 2127 656 2184 tur,
703 2128 908 2176 tractus
956 2129 1217 2190 sequatur
1247 2138 1260 2174 :
1287 2130 1474 2190 postea
1522 2137 1643 2176 cum
1675 2120 2046 2191 genuﬂesione
2089 2135 2118 2174 a

543 2209 1192 2280 sacerdote59dicatur
1235 2211 1412 2267 oratio
1442 2211 1599 2275 Deus,
1641 2229 1672 2266 a
1708 2227 1810 2282 quo
1842 2221 1889 2266 et
1913 2209 2118 2274 ludas;

539 2307 665 2368 post
715 2309 974 2370 sequatur
1011 2300 1182 2356 altera
1230 2300 1367 2358 Osee
1412 2301 1613 2368 lectio,
1663 2302 1861 2357 deinde
1915 2309 2120 2356 tractus

541 2387 705 2461 Eripe
729 2407 843 2457 me;
874 2391 1065 2448 deinde
1089 2393 1270 2463 passio
1294 2393 1506 2448 Domini
1531 2393 1827 2449 secundum
1855 2391 2118 2448 Joannem

542 2477 774 2550 legatur,
813 2481 880 2536 ad
913 2497 1074 2551 quam
1106 2483 1363 2539 Dominus
1397 2483 1655 2539 vobiscum
1698 2498 1804 2537 non
1835 2482 1979 2538 dicat
2001 2482 2118 2536 dia-

543 2583 734 2636 conus,
779 2584 879 2627 nec
917 2568 1099 2626 Gloria
1125 2572 1236 2637 tibi,
1263 2571 1508 2638 Domine,
1546 2571 1871 2642 respondeat
1900 2571 2116 2632 clerus:

541 2659 662 2729 ipsa
691 2662 834 2716 enim
873 2661 959 2716 die
999 2662 1298 2718 omittenda
1328 2671 1413 2718 est
1453 2661 1709 2718 salutatio
1741 2661 1795 2716 in
1834 2660 2116 2726 membris,

541 2764 664 2818 qua:
701 2765 732 2805 a
757 2751 1020 2808 traditore
1064 2752 1329 2824 discipulo
1355 2745 1426 2806 ‘in
1456 2753 1634 2822 capite
1664 2751 1794 2807 falsa
1817 2749 2116 2812 nrmcessit.

538 2837 677 2894 Dum
712 2849 891 2896 autem
938 2842 1149 2897 venerit
1195 2845 1263 2898 ad
1302 2842 1482 2898 locum
1533 2844 1629 2898 ubi
1653 2842 1852 2903 dicitur
1883 2859 1896 2896 :
1925 2836 2120 2896 Parati

541 2935 664 2982 sunt
715 2930 1017 2984 vestimenta
1058 2946 1195 2994 mea,
1237 2931 1390 3000 (l98)
1409 2931 1514 2985 duo
1544 2929 1758 2984 diaconi
1802 2931 2007 2986 nudent
2037 2928 2117 2984 al-

539 3023 662 3070 tare
703 3014 1046 3080 sindonibus,
1095 3030 1216 3085 quae
1261 3017 1414 3086 prius
1456 3018 1558 3072 sub
1596 3017 1876 3088 evangelio
1905 3016 2119 3072 fuerant

538 3102 741 3172 posita.
764 3103 948 3160 Altare
973 3104 1246 3175 signiﬁcat
1276 3105 1584 3172 Dominum,
1611 3106 1872 3162 sindones
1897 3116 2117 3178 aposw-

2221 1932 2386 1988 lentio
2435 1933 2798 1988 celebrentur.
2877 1932 2934 1986 In
2999 1933 3084 1987 his
3134 1933 3307 1988 tribus
3360 1934 3553 1989 diebus
3609 1933 3797 1987 Gloria

2221 2021 2374 2077 Patri
2403 2037 2508 2078 non
2556 2031 2830 2088 cantatur,
2859 2024 2981 2093 quia
3023 2023 3270 2078 triduana
3317 2025 3368 2080 in
3396 2025 3482 2081 his
3513 2026 3792 2097 sepultura

2219 2111 2431 2168 Domini
2483 2113 2818 2176 celebratur;
2853 2130 2951 2184 per
2997 2125 3226 2170 mortem
3281 2117 3426 2172 enim
3469 2117 3794 2187 designatur

2220 2203 2536 2268 liumiliatio,
2579 2219 2674 2276 per
2699 2206 2924 2276 gloriam
2957 2206 3234 2262 exultatio.
3269 2207 3404 2274 Quia
3437 2224 3566 2263 vero
3595 2208 3648 2263 in
3687 2209 3793 2262 Do-

2221 2296 2436 2359 minica,
2479 2311 2599 2366 qua:
2643 2312 2741 2368 per
2767 2307 2979 2353 noctem
3027 2299 3184 2353 tertia
3217 2299 3333 2355 dies
3368 2301 3659 2370 sepulturae
3690 2302 3795 2356 Do-

2223 2387 2352 2441 mini
2405 2397 2781 2457 computatur,
2834 2400 3056 2460 proptcr
3099 2390 3325 2458 gloriam
3373 2393 3795 2448 resurrectionis

2219 2491 2326 2531 non
2367 2485 2546 2546 potest
2573 2477 2846 2548 sepultura
2878 2479 3090 2533 Domini
3121 2479 3405 2543 celebrari,
3447 2479 3612 2535 tertia’
3646 2481 3793 2536 cele-

2218 2563 2394 2620 bratio
2427 2566 2775 2620 constituitur
2813 2581 2842 2621 a
2873 2567 3075 2622 sanctis
3103 2566 3354 2623 Patribus
3399 2569 3451 2622 in
3495 2568 3581 2623 die
3611 2568 3798 2624 Cmnze

2221 2656 2455 2722 Domini,
2515 2657 2568 2712 in
2617 2671 2724 2727 qua
2777 2672 2836 2714 se
2889 2672 2989 2728 pro
3034 2659 3284 2715 omnibus
3335 2658 3448 2715 suis
3505 2676 3793 2730 passurum

2219 2749 2473 2819 apostolis
2494 2749 2742 2812 innotuit,
2777 2750 2901 2819 quia
2929 2765 3148 2806 carnem
3177 2766 3329 2806 suam
3358 2751 3426 2806 ad
3456 2755 3790 2808 vescendum

2219 2839 2273 2893 in
2307 2839 2542 2894 crastino
2579 2854 2881 2909 passuram,
2911 2841 3228 2910 sanguinem
3271 2857 3488 2913 quoque
3515 2843 3794 2900 effunden-

2219 2927 2346 2982 dum
2376 2927 2535 2982 simul
2565 2929 2644 2982 eis
2673 2929 2913 2984 tradidit.
2941 2930 3090 3001 (207)
3139 2931 3288 2987 Nona
3323 2934 3452 2988 hora
3494 2936 3598 2990 diei
3643 2937 3792 3009 (208)

2217 3015 2488 3085 percussis
2538 3015 2734 3072 tabulis
2777 3018 2846 3072 ad
2893 3019 3179 3075 ecclesiam
3207 3033 3498 3077 concurrat
3536 3025 3788 3094 populus.

2219 3104 2286 3160 Et
2315 3106 2396 3160 sic
2420 3105 2598 3162 clerus
2635 3123 2759 3162 cum
2781 3111 3127 3177 proccssione
3150 3113 3216 3166 ad
3245 3113 3421 3184 ignem
3459 3115 3790 3174 benedicens

540 3191 646 3258 los,
687 3193 780 3263 qui
823 3194 1274 3264 comprehensum
1309 3195 1594 3250 Dominum
1635 3197 2006 3267 relinquentes
2036 3198 2118 3256 [ιι-
2144 3167 2189 3229 C
2221 3196 2346 3251 dum
2383 3206 2610 3268 pergat:
2638 3206 2692 3252 et
2734 3214 2798 3254 eo
2836 3199 3122 3257 benedicto
3154 3167 3315 3272 atque
3362 3205 3672 3273 incensato,
3700 3225 3790 3265 ce-

539 3295 757 3353 gerunt.
801 3282 950 3340 More
997 3295 1180 3341 autem
1225 3285 1477 3343 lectionis
1507 3288 1688 3358 passio
1711 3287 1945 3360 legatur,
1971 3287 2116 3358 (l99)

539 3385 764 3447 excepta
792 3390 926 3432 voce
950 3377 1159 3432 Domini
1185 3392 1305 3447 qua:
1331 3377 1384 3432 in
1413 3377 1536 3433 aliis
1567 3377 1803 3444 dicatur,
1827 3394 1931 3448 qua
1966 3378 2116 3433 finita

538 3465 714 3536 major
739 3467 996 3534 sacerdos
1037 3467 1306 3523 solemnes
1333 3468 1612 3524 orationes
1641 3467 1730 3541 [ιζ.
1762 3467 1950 3541 dicat].
1983 3467 2117 3525 Ora-

535 3558 617 3612 vit
644 3557 789 3615 enim
818 3557 1070 3633 Christus
1101 3558 1156 3613 in
1185 3558 1442 3628 passione
1471 3574 1566 3614 sua
1613 3574 1713 3629 pro
1750 3559 2117 3629 persecutori-

535 3645 640 3700 lius
683 3647 820 3711 suis,
855 3647 1043 3702 dicens
1073 3664 1086 3701 :
1120 3645 1304 3714 Pater,
1353 3649 1558 3702 dimitte
1587 3648 1694 3702 illis
1731 3647 1884 3717 (Luc.
1917 3663 2110 3712 χχχιιι,

538 3735 664 3806 51);
699 3746 762 3804 (ξι⁷
801 3736 855 3791 ἰη
899 3738 979 3792 eis
1027 3737 1360 3794 orationibus
1427 3737 1840 3808 gcnutleotatnr,
1889 3747 2112 3808 excepta

537 3826 630 3897 [f.,
657 3826 910 3899 excepto]
949 3827 1277 3892 Judasorum,
1311 3829 1401 3898 qui
1432 3827 1564 3884 falsa
1611 3828 1982 3898 genuﬂexione
2010 3831 2114 3885 Do-

535 3916 742 3971 minum
775 3917 1079 3974 illuserunt.
1109 3917 1318 3986 Quibus
1352 3919 1582 3990 expletis
1607 3919 1755 3990 (200)
1791 3921 1896 3976 duo
1931 3935 2112 3977 sacer-

534 4009 714 4077 dotes,
745 4010 943 4066 casnlis
971 4010 1165 4077 induti,
1193 4011 1546 4082 antipltonam
1578 4011 1780 4083 Popttle
1811 4031 1954 4068 tneus
1983 4030 2111 4069 ean-

535 4108 734 4167 tantes,
782 4101 1014 4157 velatam
1056 4117 1274 4158 crucem
1307 4102 1535 4159 aﬂ‘erant
1565 4123 1577 4158 :
1613 4106 1810 4172 quibus
1848 4106 1936 4160 alii
1980 4107 2106 4169 duo,

532 4191 721 4260 cappis
787 4191 1001 4256 induti,
1055 4192 1106 4246 in
1166 4193 1344 4248 medio
1387 4193 1556 4248 choro
1592 4203 1832 4258 stantes,
1891 4195 2110 4250 Grmcos

532 4297 725 4338 versus
762 4293 909 4353 Αγιος
953 4283 1346 4352 respondeant,
1396 4297 1691 4354 omnesque
1734 4285 1824 4339 alii
1880 4286 2108 4342 Sanctus

512 4374 737 4438 ’dicant,
767 4374 910 4442 quod
935 4383 1017 4428 ter
1039 4382 1310 4444 repetunt.
1353 4373 1470 4430 Hoc
1497 4383 1577 4430 ter
1607 4375 1861 4445 repetito,
1887 4376 1997 4447 ϐο
2025 4392 2107 4431 sa-

437 4534 442 4538 ,
533 4465 728 4520 cerdos
739 4465 959 4520 veniens
971 4473 1096 4521 ante
1106 4479 1324 4520 crucem
1341 4467 1713 4536 antiplionam,
1732 4458 1867 4522 Ecce
1884 4468 2100 4538 lignum,

533 4550 820 4621 incipiens,
854 4567 1069 4607 crucem
1095 4553 1482 4623 discooperiat,
1513 4570 1676 4625 quam
1714 4571 1837 4610 mox
1871 4565 1931 4611 ut
1959 4557 2106 4610 vide-

532 4641 644 4696 rint
693 4641 1028 4713 laerymabili
1077 4643 1239 4698 corde
1269 4644 1524 4713 prostrati
1571 4645 1623 4698 in
1673 4655 1816 4700 terra
1859 4646 2103 4700 adorent.

531 4729 661 4786 Post
691 4732 944 4788 sacerdos
969 4741 1024 4789 et
1057 4733 1422 4790 subdiaconus
1468 4751 1526 4789 se
1571 4747 1979 4804 prosternentes
2014 4737 2108 4793 ad-

531 4830 690 4876 orent
719 4836 960 4886 crucem,
985 4831 1105 4892 post
1135 4822 1253 4878 illos
1287 4826 1464 4880 omnis
1490 4825 1685 4889 clerus,
1717 4827 1911 4882 dCilillC
1933 4843 2104 4897 popu-

530 4907 635 4964 lus.
663 4908 922 4965 Adoratio
951 4912 1190 4966 omnium
1233 4911 1306 4966 ita
1353 4914 1464 4978 ﬁat,
1495 4923 1552 4968 ut
1575 4914 1722 4986 (20l)
1764 4915 2106 4985 uniuscujus-

528 5014 635 5069 que
665 5009 854 5055 venter
891 5001 944 5056 in
979 4999 1119 5056 terra
1153 5002 1383 5071 haereat;
1412 5005 1537 5060 dum
1569 5005 1714 5060 enim
1741 5005 1894 5075 juxta
1922 5008 2101 5077 Augu-

529 5091 734 5146 stinum
780 5091 834 5144 in
864 5089 1074 5161 psalmo
1111 5108 1240 5147 mn
1274 5094 1672 5164 genuﬂectitur,
1717 5096 1894 5150 adhuc
1935 5104 2102 5151 restat

528 5179 671 5214 nnml
698 5179 1042 5216 Ianmilialnv-
1073 5184 1163 5218 ιιιιῖ
1197 5193 1376 5218 naulum
1409 5185 1486 5220 εἴη
1523 5184 1839 5222 Ιιιιηὶῖιίειίιιιο
1868 5194 1921 5222 nl
1959 5196 2098 5224 Inlue

2219 3298 2346 3339 reus
2369 3301 2511 3340 unus
2549 3287 2899 3354 accendatur,
2931 3290 3021 3359 qui
3053 3291 3118 3346 ab
3139 3292 3394 3362 episcopo
3428 3304 3522 3348 aut
3551 3311 3579 3350 a
3611 3312 3793 3353 sacer-

2218 3373 2361 3436 dote,
2401 3389 2524 3428 cum
2553 3374 2782 3430 diacono
2808 3377 2914 3447 62
2958 3378 3009 3430 in
3053 3379 3284 3448 quadam
3336 3381 3515 3446 hasta,
3551 3383 3603 3436 in
3636 3385 3794 3453 cujus

2216 3462 2528 3519 summitate
2575 3464 2779 3536 etligies
2826 3469 3092 3538 serpentis
3141 3469 3423 3539 habeatur,
3457 3473 3607 3544 (209)
3659 3490 3792 3530 can-

2216 3562 2365 3610 tante
2405 3555 2924 3612 clero:Dominus.
2970 3595 2986 3612 .
3031 3597 3045 3612 .
3089 3597 3104 3613 .
3149 3599 3164 3614 .
3209 3599 3222 3614 .
3267 3602 3280 3625 ,
3328 3600 3343 3614 .
3421 3601 3435 3616 .
3480 3603 3492 3616 .
3535 3603 3548 3617 .
3595 3605 3608 3617 .
3649 3605 3663 3619 .
3709 3605 3724 3620 .
3774 3605 3788 3620 .

2218 3685 2233 3701 .
2277 3684 2292 3699 .
2337 3686 2351 3700 .
2395 3687 2408 3700 .
2447 3686 2461 3701 .
2506 3686 2520 3700 .
2561 3686 2574 3701 .
2614 3684 2630 3702 .
2672 3688 2686 3702 .
2731 3687 2744 3702 .
2784 3649 2892 3703 vita
2914 3665 3008 3704 sua
3037 3650 3163 3721 (llic
3184 3653 3369 3707 desunt
3394 3655 3535 3708 haud
3561 3657 3783 3724 pauca),

2212 3738 2266 3794 id
2321 3747 2446 3804 est,
2497 3739 2749 3810 gaudium
2806 3741 2999 3796 anima:
3040 3750 3094 3797 et
3141 3742 3309 3812 gloria
3359 3745 3794 3816 incorruptibilis

2212 3829 2654 3898 corporis:alb:e
2701 3830 2845 3885 enim
2889 3842 3070 3887 vestes
3100 3832 3324 3902 gloriam
3368 3838 3791 3893 resurrectionis

2211 3918 2514 3986 designant.
2545 3917 2691 3988 (210)
2727 3919 2862 3972 Alba
2890 3919 3014 3974 licet
3054 3921 3341 3992 baptizalis
3364 3927 3463 3988 nti,
3501 3926 3785 3981 clirismali

2211 4022 2316 4062 non
2350 4009 2447 4061 nisi
2479 4010 2790 4064 sacerdotes
2815 4009 2907 4080 [[.,
2938 4011 3013 4082 in]
3039 4014 3290 4080 cultibus,
3317 4016 3534 4083 quidem
3564 4016 3786 4072 divinis.

2209 4094 2337 4148 Post
2386 4094 2564 4150 lumen
2615 4097 2774 4151 datur
2802 4098 2854 4151 in
2902 4100 3172 4166 manibus,
3225 4117 3319 4172 per
3353 4103 3496 4172 quod
3548 4103 3787 4175 Spiritus

2211 4196 2435 4242 sanctus
2474 4188 2760 4258 accipitur,
2794 4207 2901 4260 quo
2937 4192 3073 4245 Iliona
3099 4195 3310 4263 operari
3355 4205 3652 4250 mereatur.
3685 4198 3787 4252 Per

2211 4277 2513 4333 albedinem
2549 4281 2718 4336 vestis
2765 4284 3024 4336 munditia
3072 4286 3266 4338 lllCllliS
3297 4285 3634 4356 designatur.
3683 4288 3790 4344 Per.

2209 4366 2390 4421 lumen
2419 4369 2560 4438 quod
2589 4371 2843 4424 manibus
2870 4373 3152 4442 accipitur,
3186 4375 3324 4428 bona
3351 4390 3514 4444 Opera
3547 4375 3788 4447 ﬁguran-

2212 4469 2315 4512 tur.
2358 4459 2507 4528 (211)
2557 4461 2711 4528 Quod
2752 4477 2851 4530 per
2902 4472 3105 4532 septem
3164 4465 3279 4518 dics
3321 4465 3455 4520 alba:
3508 4477 3691 4521 vestes
3733 4479 3789 4524 et

2209 4550 2526 4605 chrismales
2581 4562 2888 4620 portantur,
2930 4569 3121 4608 cursus
3179 4552 3336 4620 hujus
3381 4556 3526 4620 vitae,
3573 4558 3626 4611 in
3679 4575 3788 4628 quo

2210 4653 2422 4709 semper
2451 4640 2594 4695 bono
2622 4655 2786 4709 opere
2828 4642 3039 4695 candidi
3067 4657 3186 4696 esse
3215 4642 3492 4707 debemus,
3524 4647 3784 4714 exprimi-

2213 4737 2298 4783 tur
2323 4746 2334 4781 :
2364 4729 2428 4783 de
2453 4744 2559 4798 quo
2599 4728 2855 4784 Salomon
2885 4732 2959 4783 ait
2992 4749 3002 4782 :
3033 4730 3188 4784 Omni
3225 4742 3451 4799 lcrttpnre
3476 4737 3785 4790 υρειῇηιεηια

2207 4829 2297 4870 tua
2327 4819 2430 4871 sint
2469 4819 2718 4882 candida,
2740 4828 2786 4872 et
2828 4819 2996 4872 oleum
3040 4821 3103 4874 de
3125 4822 3292 4888 capite
3326 4831 3413 4873 tuo
3441 4839 3545 4876 non
3573 4825 3786 4893 deﬁciat

2209 4905 2407 4976 (Eccle.
2441 4923 2515 4971 1x,
2547 4908 2624 4974 8).
2656 4906 2760 4960 Per
2803 4907 2978 4961 oleum
3019 4910 3256 4962 cliaritas
3287 4909 3626 4979 designatur.
3679 4916 3783 4970 Sex

2208 5002 2350 5054 enim
2390 5002 2640 5056 aetatibus
2675 5001 2904 5055 mundus
2928 5003 3199 5069 vergitur;
3237 5006 3452 5072 requies
3477 5009 3785 5065 animarum

2208 5091 2433 5161 septima
2480 5101 2612 5146 tetas
2648 5101 3010 5162 computatur.
3061 5094 3206 5163 (212)
3244 5093 3346 5148 Per
3393 5105 3649 5154 octavam
3681 5117 3786 5171 qua

2206 5189 2385 5224 recte:
2419 5183 2782 5224 almmnnntm‘,
2839 5196 3060 5224 rpwnnm
3119 5182 3225 5224 nni.
3282 5182 3333 5224 in
3387 5200 3497 5224 mm
3545 5188 3785 5224 οιιω-ἕιηρ
