4016 5386
198 308 280 364 IS
1223 307 1422 364 LIBER
1444 306 1535 364 DE
1573 308 1861 368 OFFICIIS
1900 312 2464 373 ECCLESIASTICIS.
3414 319 3480 375 ω

202 421 475 477 mundus.
514 420 643 477 Post
665 432 854 475 versus
876 418 1092 492 Suscipe
1109 414 1522 492 deprecationem
1540 430 1799 491 nostram,
1830 411 1880 467 Α
1913 438 2027 485 ttet.
2051 430 2153 485 Alii
2185 431 2291 486 duo
2316 438 2368 486 in
2402 441 2586 501 capp.s
2632 427 2765 483 altas
2811 431 2946 485 duas
2972 430 3245 511 lectiones.
3276 433 3475 506 legant.

205 525 345 566 cum
406 508 594 566 Gloria
641 510 793 564 Patri
855 510 1096 575 dicatur,
1137 520 1193 565 et
1244 512 1438 567 iterum
1484 515 1666 585 Agnus
1701 515 1802 570 Dei

214 613 531 665 repetatur.
582 604 783 660 Deinde
829 604 991 672 Kyrie
1057 605 1250 660 eleison
1312 619 1614 677 sequatur:
1651 610 1800 682 (214)

206 701 345 761 post
391 689 581 746 Gloria
620 694 676 746 in
717 692 953 759 excelsis,
1007 694 1179 751 altare
1216 695 1549 764 incensetur,
1603 707 1657 753 et
1692 699 1804 770 pul-

204 783 471 837 santibus
532 783 783 838 omnibus
854 784 1131 854 campanis
1201 784 1309 840 alta
1376 802 1510 843 voce
1561 787 1799 844 ﬁniatur.

203 869 480 927 Oratione
508 880 767 940 praeterea
799 870 942 927 dicta
970 881 1025 927 et
1055 872 1284 928 lectione
1317 874 1456 931 lecta
1486 876 1661 948 (2l5),
1697 879 1803 932 duo

204 960 437 1030 cappati
483 960 540 1015 in
587 960 793 1031 pulpito
843 961 1106 1027 Alleluia,
1151 962 1522 1033 Confitemini,
1579 968 1797 1023 celebre

207 1060 461 1106 cantent.
488 1050 611 1118 Quo
640 1052 812 1118 ﬁnito,
844 1055 950 1106 duo
975 1055 1251 1109 seniorum
1292 1056 1346 1110 in
1377 1056 1514 1112 albis
1539 1067 1792 1119 tractum,

212 1139 467 1194 Laudate
517 1139 804 1194 Dominum
848 1150 1084 1197 cantent.
1116 1142 1220 1198 Per
1244 1144 1348 1199 hoc
1390 1145 1711 1213 Sabbatum,
1748 1154 1805 1201 et

209 1229 471 1295 Alleluia,
495 1231 646 1300 qncd
669 1232 911 1300 sequitur
945 1242 1171 1297 tractus,
1196 1236 1370 1305 prima
1398 1236 1527 1300 vita,
1556 1252 1675 1305 quae
1698 1250 1802 1291 non

192 1320 321 1385 luit
364 1330 597 1387 aeterna,
647 1324 740 1376 sed
770 1324 914 1392 lapsa
948 1333 1033 1378 est
1080 1325 1136 1378 in
1175 1339 1439 1394 aerumna,
1470 1328 1800 1397 designatur.

208 1414 321 1469 Per
341 1414 574 1468 Alleluia
610 1416 754 1468 enim
788 1415 976 1483 gloria.
1018 1424 1072 1471 et
1097 1432 1194 1486 per
1225 1426 1455 1490 tractum
1489 1418 1806 1474 lamentatio

212 1505 520 1577 ﬁguratur;
548 1520 649 1573 per
680 1505 959 1573 gradualc,
987 1506 1130 1575 quod
1166 1506 1392 1560 Alleluia
1422 1507 1685 1576 sequitur,
1710 1522 1803 1562 sex

212 1604 410 1650 artates
450 1594 615 1662 hujus
646 1595 854 1659 mundi,
892 1596 946 1648 in
978 1597 1175 1665 quibus
1210 1598 1352 1651 bona
1384 1599 1700 1667 operatione
1727 1599 1807 1654 sic

216 1687 286 1739 ad
328 1692 594 1739 :rternam
636 1683 803 1737 vitam
850 1685 1190 1754 pervenitur;
1232 1699 1332 1755 per
1376 1694 1628 1741 octavum
1667 1687 1804 1742 Sab-

218 1774 353 1838 bati,
396 1775 455 1829 in
482 1788 594 1843 quc
624 1774 733 1830 duo
771 1746 999 1828 Alleluia
1042 1746 1348 1839 cantata-tur,
1378 1776 1577 1845 quibus
1603 1777 1802 1847 duplex
1835 1746 1877 1804 Β

217 1864 467 1936 corporis
495 1871 555 1920 et
602 1863 797 1919 anima:
823 1863 994 1935 gloria
1024 1863 1360 1936 designatur,
1405 1873 1597 1923 octava
1633 1867 1805 1922 beati-

217 1956 374 2023 tudo,
421 1970 545 2027 qua:
600 1955 806 2025 absque
853 1954 1106 2011 maeroris
1150 1957 1539 2027 consequentia
1599 1967 1804 2013 acterna

215 2049 487 2112 manebit,
537 2046 883 2119 exprimitur.
915 2046 1206 2117 Evangelio
1249 2046 1412 2111 lecto,
1464 2062 1567 2103 nec
1611 2047 1801 2113 Credo,

212 2153 319 2194 nec
337 2137 616 2194 oﬂerenda
645 2137 917 2192 dicantur.
955 2135 1110 2191 Dicto
1166 2136 1422 2192 Dominus
1478 2138 1744 2192 vobiscum
1774 2153 1808 2193 a

214 2228 527 2294 sacerdote,
558 2226 851 2297 respondet
888 2227 1125 2281 chorus:
1149 2224 1217 2281 Et
1246 2243 1362 2285 cum
1406 2228 1592 2303 spiritu
1618 2243 1636 2292 ;
1661 2227 1809 2284 dicto

214 2320 407 2385 etiam,
443 2318 668 2375 Otentns
697 2335 859 2389 super
884 2320 1083 2385 oblata,
1120 2329 1177 2376 et
1206 2320 1338 2375 Vere
1369 2322 1607 2389 dignum,
1633 2329 1805 2376 totum

218 2411 460 2467 ofﬁcium
484 2411 671 2465 missae
687 2409 1192 2465 solitccelebretur.
1228 2411 1359 2465 Dum
1386 2425 1514 2480 ergo
1552 2411 1810 2465 sacerdos

222 2501 346 2557 Pax
419 2501 533 2573 ϐἀ,
586 2500 795 2555 Domini
865 2500 1108 2565 dixerit,
1159 2516 1262 2569 pax
1316 2516 1423 2555 non
1477 2499 1799 2568 accipiatur.

218 2591 407 2661 Agnus
436 2589 550 2653 Dei,
579 2601 682 2643 nec
704 2587 1021 2647 communio
1039 2588 1319 2656 sequitur;
1350 2588 1443 2643 sed
1478 2586 1626 2656 (216)
1658 2602 1807 2641 com-

218 2678 504 2734 municato
535 2677 684 2733 clero
708 2686 764 2733 et
792 2675 988 2747 populo
1013 2690 1253 2745 vesperae
1283 2690 1403 2730 cum
1432 2691 1538 2729 nnc
1569 2675 1798 2744 psalmo,

220 2766 467 2822 Laudate
496 2766 779 2822 Dominum
806 2782 1004 2831 omnes,
1023 2773 1221 2822 etcum
1244 2763 1535 2833 antipltona
1561 2763 1803 2823 alleluia-

224 2859 335 2912 tica
375 2856 652 2913 dicantur.
698 2855 829 2912 Post
874 2855 1129 2911 sacerdos
1186 2854 1535 2923 antiphonam
1588 2852 1806 2924 Vespere

223 2958 402 3002 autem
437 2947 682 3018 incipiat,
732 2955 787 3000 et
841 2946 986 3017 (217)
1030 2945 1335 3016 Magniﬁca!
1372 2954 1609 3012 cantato,
1640 2953 1692 3001 ct
1722 2946 1805 3000 al-

226 3039 330 3094 tari
366 3039 685 3105 incensatc,
710 3037 942 3093 cilicium
965 3052 1087 3092 cum
1118 3039 1363 3093 oratione
1402 3047 1524 3108 post
1560 3053 1805 3094 commu-

226 3129 445 3185 nionem
479 3129 651 3185 ﬁniat.
681 3129 837 3197 Quod
864 3130 916 3184 in
955 3129 1194 3185 Sabbatc
1220 3130 1443 3186 Pascha:
1468 3145 1573 3185 non
1618 3132 1803 3186 incen—

225 3234 368 3284 sum,
398 3220 496 3275 sed
531 3220 828 3291 thymiama
876 3220 1176 3276 secundum
1220 3223 1467 3276 ordinem
1496 3221 1803 3276 Romanum

226 3309 494 3376 cﬁ‘ertur,
538 3317 781 3365 aromata
830 3323 953 3379 qum
1004 3323 1036 3363 a
1080 3309 1395 3365 mulieribus
1436 3318 1620 3379 parata
1681 3321 1811 3371 sunt

226 3400 629 3474 signiﬁcantur.
662 3400 817 3470 Quod
848 3399 1147 3467 cﬂ‘erenda,
1193 3417 1294 3457 nec
1318 3402 1498 3474 Agnus
1532 3402 1628 3458 Dei
1675 3419 1808 3459 can-

227 3501 411 3563 tatur,
455 3492 734 3553 silentium
780 3492 1067 3551 mulierum
1093 3533 1112 3559 ,
1156 3508 1276 3561 qua:
1315 3508 1513 3563 pavore
1550 3495 1810 3565 perculsae

227 3585 576 3640 Dominicam
619 3583 1083 3639 resurrectionem
1124 3583 1356 3639 latenter
1401 3587 1808 3656 nuntiaverunt,

224 3678 569 3745 designatur.
599 3672 826 3730 Sanetus
856 3688 1008 3740 vero,
1045 3674 1256 3730 scilicet
1277 3675 1590 3746 angelorum
1618 3686 1810 3732 cantus

227 3768 454 3834 dicitur,
478 3767 605 3837 quia
633 3764 848 3820 Domini
879 3765 1335 3820 resurrectionem
1365 3782 1471 3820 non
1501 3775 1805 3832 tacuerunt,

228 3859 322 3912 sed
352 3866 545 3927 aperta
586 3871 717 3912 voce
747 3856 1117 3925 praedixerunt
1168 3857 1507 3910 mulieribus.
1547 3856 1811 3911 Diaccnns

228 3945 311 3998 Ite
337 3945 505 3999 Missa
548 3953 625 3999 est
657 3944 826 4010 dicat,
852 3949 1053 4003 chorus
1096 3943 1203 3999 Deo
1233 3942 1446 3998 Gratias
1468 3945 1807 4015 respondeat.

230 4032 379 4105 (218)
423 4031 538 4088 Hoc
572 4041 795 4108 peracto
833 4034 1102 4103 quoddam
1143 4033 1551 4105 responscrium
1600 4034 1667 4088 ad
1710 4034 1811 4095 hoc

228 4124 510 4190 pertinens
567 4137 689 4177 cum
736 4137 893 4177 versu
939 4131 1206 4189 cantetur,
1252 4131 1308 4176 ct
1358 4129 1481 4191 post
1531 4121 1810 4177 incensum

230 4211 603 4267 benedicatur.
630 4210 781 4281 (219)
805 4210 932 4269 Post
954 4211 1241 4281 prandium
1279 4212 1508 4265 redeant
1549 4210 1615 4265 ad
1663 4225 1814 4265 com-

231 4303 542 4376 pletcrium,
584 4304 731 4373 quod
773 4319 889 4374 per,
930 4304 1069 4360 Deus
1096 4306 1148 4359 in
1190 4304 1539 4374 adjutorium,
1588 4305 1812 4375 incipia-

1834 3090 1881 3152 C

1862 589 1871 598 .
1908 520 2054 589 (222)
2084 520 2514 589 Unumquodque
2555 532 2958 588 rcspcnscnutn
3019 538 3050 577 a
3081 522 3223 578 binis
3267 524 3481 578 clericis

1907 610 2107 664 indutis
2137 616 2403 664 cantetur.
2456 608 2605 680 (223)
2632 608 2764 664 Post
2814 610 3029 665 tertium
3074 614 3477 682 responsorium

1905 699 2135 755 clﬁciutn
2163 700 2394 771 sepulcri
2425 700 2748 756 celebretur.
2780 700 2896 766 Quc
2929 711 3165 768 peracto,
3202 700 3274 757 Te
3309 702 3479 757 Deum

1906 791 2209 855 laudamus,
2238 790 2393 844 altari
2433 792 2734 857 incensatc,
2756 798 3026 856 cantetur,
3058 800 3113 846 et
3138 801 3261 861 post
3280 808 3473 847 unum-

1905 880 2156 949 quodque
2196 879 2597 947 rcspcnsorium
2656 880 2984 933 incensetur.
3030 877 3161 933 Post
3201 879 3481 934 matutinze

1907 973 2092 1027 laudes
2115 987 2234 1025 cum
2267 957 2506 1040 quinque.
2552 970 2795 1040 psalmis,
2833 980 2888 1025 et
2918 971 3029 1026 suis
3072 973 3397 1041 antipbcnis.
3428 983 3483 1029 et

1906 1060 2157 1131 capitulo,
2184 1069 2238 1114 et
2263 1059 2598 1123 Benedirtus,
2626 1075 2747 1114 cum
2775 1062 2911 1113 trina
2938 1060 3247 1130 antiphonte
3285 1062 3483 1130 repeti-

1909 1152 2053 1206 tione
2105 1150 2467 1206 cclebrentur.
2512 1149 2659 1220 (224)
2711 1149 2886 1203 Finita
2939 1151 3183 1203 oratione
3231 1158 3482 1205 cantores

1908 1241 2227 1295 benedicant
2269 1239 2554 1294 Dominum
2604 1252 2730 1293 cum
2776 1238 2986 1306 gratiis.
3039 1240 3244 1306 Prima,
3296 1238 3479 1301 tertia,

1908 1339 2080 1397 sexta,
2107 1345 2246 1386 nona
2276 1338 2331 1385 et
2376 1328 2809 1397 completcrium,
2843 1345 2964 1383 cum
2998 1330 3239 1398 psalmis,
3268 1338 3323 1384 ct
3352 1345 3477 1400 gra—

1877 1421 2073 1486 «duali,
2100 1432 2155 1476 et
2197 1421 2446 1476 oratione
2495 1421 2763 1475 dicantur.
2796 1421 2946 1491 (225)
3000 1420 3127 1476 Post
3185 1421 3477 1491 capitulum

1905 1511 2016 1582 66
2044 1511 2344 1581 spargendo
2381 1525 2575 1580 aquam
2629 1509 2967 1565 benedictam
3008 1511 3302 1580 antiphona
3356 1510 3481 1564 Vidi

1908 1616 2101 1671 aquam
2154 1600 2383 1655 dicatur.
2414 1600 2565 1670 (226)
2597 1599 2641 1653 Τ
2643 1599 2778 1653 crtia
2808 1608 3024 1654 cantata
3066 1599 3344 1668 processio
3383 1613 3481 1668 per

1907 1689 2225 1757 claustrum,
2255 1699 2311 1746 et
2349 1690 2403 1744 in
2437 1690 2671 1745 circuitu
2700 1689 2944 1747 ecclesia:
2973 1689 3085 1756 ﬁat,
3110 1694 3478 1762 et‘respcnso-

1907 1778 2071 1844 rium,
2103 1777 2279 1833 Maria
2332 1778 2665 1849 Magdaleue,
2709 1787 2803 1832 aut
2844 1779 3023 1848 aliqua
3063 1776 3480 1849 processicnalis

1906 1867 2201 1938 antiphcna
2254 1868 2361 1924 diei
2405 1878 2676 1934 cantetur,
2723 1869 2917 1925 deinde
2965 1868 3111 1925 Sedit
3141 1871 3375 1944 angelus,
3410 1872 3479 1925 ita

1907 1966 1967 2012 ut
2014 1966 2140 2014 ante
2187 1956 2507 2015 cruciﬁxum
2544 1960 2784 2025 ﬁniatur,
2818 1962 2907 2016 ubi
2957 1976 3146 2018 versus
3185 1972 3477 2018 cantetur:

1907 2067 2015 2121 quo
2044 2053 2218 2121 ﬁnito,
2249 2053 2315 2109 ad
2339 2053 2588 2117 chorum.
2621 2054 2860 2109 Christus
2901 2074 3197 2127 resurgens,
3228 2046 3483 2112 canentes

1910 2143 2170 2209 redeant,
2201 2152 2258 2199 et
2305 2144 2454 2216 (227)
2501 2143 2732 2199 cilicium
2780 2145 2885 2200 diei
2933 2146 3288 2201 celeberrime
3331 2161 3477 2201 com-

1907 2234 2112 2305 pleant.
2145 2233 2518 2303 Vespertinale
2539 2231 2772 2288 ofﬁcium
2804 2232 2876 2287 ita
2899 2234 3218 2294 celebretur.
3241 2234 3482 2288 Primum

1907 2323 2141 2378 ministri
2172 2322 2425 2378 Ecclesia:
2451 2322 2764 2388 induantur,
2795 2330 2851 2379 et
2879 2331 2999 2394 post
3034 2322 3183 2394 (228)
3210 2338 3332 2378 cum
3358 2336 3484 2391 pro-

1909 2413 2180 2476 cessione,
2211 2411 2421 2468 scilicet
2472 2428 2594 2468 eum
2637 2428 2800 2469 cruce
2831 2421 2887 2468 et
2934 2413 3177 2479 incenso,
3227 2412 3403 2467 cereis
3429 2421 3486 2466 et

1912 2512 2058 2559 textu
2099 2514 2224 2558 ante
2260 2502 2576 2558 cruciﬁxum
2606 2503 2851 2571 veniant,
2880 2511 2938 2557 et
2994 2502 3067 2557 ibi
3107 2501 3308 2571 absque
3343 2500 3482 2555 Deus

1908 2596 1963 2646 in
1994 2593 2346 2661 adjutorium,
2376 2593 2522 2664 (229)
2546 2608 2643 2662 per
2670 2591 2835 2661 Kyrie
2859 2591 3074 2656 eleison,
3116 2604 3369 2660 vesperas
3401 2590 3481 2644 in-

1910 2681 2132 2750 cipiant,
2161 2690 2217 2735 et
2240 2691 2455 2736 cantato
2485 2692 2564 2736 ter
2591 2680 2756 2752 Kgrie
2779 2681 2995 2744 eleison,
3025 2688 3082 2735 et
3115 2679 3318 2737 Christe
3359 2676 3484 2731 elei-

1909 2788 2025 2838 son,
2051 2771 2178 2825 dum
2210 2770 2405 2826 iterum
2439 2769 2600 2839 Kyrie
2637 2769 2829 2823 eleison
2877 2768 3216 2837 incmperint,
3254 2767 3321 2821 ad
3351 2766 3482 2821 clio—

1911 2878 2032 2917 rnm
2062 2861 2325 2928 redeant,
2353 2868 2410 2916 et
2458 2869 2569 2915 tres
2613 2860 2686 2914 ibi
2726 2858 2966 2929 psalmos
3012 2872 3139 2914 cum
3189 2857 3482 2926 antiphcna

1909 2951 2236 3007 alleluiatica
2259 2950 2461 3006 dicant.
2493 2948 2622 3003 Post
2644 2949 2750 3004 duo
2772 2947 2952 3004 clerici
2981 2946 3239 3018 graduale
3259 2953 3482 3001 canant.

1911 3041 2014 3110 Qui
2068 3055 2199 3097 vero
2243 3041 2470 3097 chorum
2518 3039 2758 3097 rexerirt
2796 3036 3024 3091 Alleluia
3075 3037 3181 3092 diei
3224 3036 3482 3106 psallant.

1914 3133 2067 3190 Dicto
2087 3145 2271 3197 versu,
2296 3130 2629 3202 Magni/icat,
2658 3144 2781 3184 cum
2828 3128 2970 3185 trina
2998 3127 3316 3200 repetitione
3341 3126 3486 3180 anti-

1909 3222 2101 3292 pheme
2130 3220 2460 3283 celebretur,
2496 3227 2550 3274 et
2579 3218 2720 3274 dicta
2751 3219 3019 3281 oratione,
3072 3216 3220 3287 (250)
3253 3214 3484 3281 Benedi-

1909 3330 2088 3368 camus
2118 3311 2342 3367 Domino
2370 3310 2439 3364 ab
2477 3311 2561 3365 his
2589 3309 2681 3380 qui
2729 3310 2955 3364 Alleluia
3003 3315 3291 3363 cantarunt
3332 3307 3484 3362 dica-

1911 3416 2016 3461 tur.
2042 3404 2173 3461 Post
2220 3403 2457 3473 incoepta
2487 3388 2765 3459 a.cantcre
2801 3399 3119 3454 alleluiatica
3162 3397 3481 3466 antiphcna,

1911 3496 2064 3566 (251)
2095 3494 2360 3565 psalmum
2422 3491 2678 3557 La'udate,
2725 3491 2891 3559 pueri,
2922 3488 3231 3551 Dominum,
3262 3496 3486 3540 cantan-

1909 3595 1990 3642 tes
2021 3588 2087 3640 ad
2133 3583 2311 3639 fontes
2364 3588 2638 3653 pergant:
2688 3580 2761 3635 ibi
2806 3580 2950 3633 dicto
2998 3575 3237 3649 graduali
3282 3575 3488 3643 absque

1908 3689 2085 3737 versu,
2141 3672 2293 3742 pueri
2321 3671 2429 3741 67
2479 3668 2727 3732 Alleluia,
2762 3666 3019 3731 Lauda'e,
3047 3666 3218 3734 pueri,
3264 3670 3481 3717 canant.

1911 3765 2017 3822 Per
2047 3763 2371 3831 baptismum
2400 3759 2543 3813 enim
2587 3772 2746 3827 quem
2787 3757 2841 3810 in
2871 3755 3019 3810 fonte
3044 3753 3387 3824 suscipimus,
3418 3753 3485 3807 ad

1913 3859 2111 3906 bonum
2169 3863 2304 3917 opus
2356 3846 2505 3917 quod
2554 3861 2652 3913 per
2699 3845 3098 3913 resticnsorium
3141 3841 3484 3911 exprimitur.

1912 3939 2255 4011 pervenimus
2284 3955 2299 3990 :
2331 3951 2428 4005 per
2452 3937 2652 3990 bonum
2678 3949 2815 4002 opus
2842 3934 2906 3986 ad
2944 3931 3192 4002 gloriam,
3231 3946 3350 3999 quae
3389 3945 3488 3999 per

1912 4031 2137 4097 Alleluia
2169 4028 2507 4099 designatur.
2540 4025 2767 4078 Versum
2810 4022 3053 4091 responsi
3092 4032 3315 4089 propter
3368 4020 3487 4074 nul-

1913 4123 2017 4179 lum
2047 4121 2517 4192 signiﬁcationem,
2548 4116 2641 4172 sed
2676 4130 2775 4187 pro
2813 4115 3033 4168 vitando
3061 4112 3279 4167 fastidio
3313 4113 3485 4166 solum

1914 4214 2168 4268 vitamus.
2211 4206 2314 4265 Per
2362 4210 2620 4273 Laudate,
2678 4206 2847 4277 pueri,
2878 4205 3182 4269 Dominum,
3238 4203 3381 4272 quod
3433 4204 3485 4256 in

1914 4305 2092 4359 eundo
2127 4304 2194 4357 ad
2227 4302 2401 4357 fontes
2422 4301 2638 4361 dicitur,
2667 4296 2969 4366 haptismus
2990 4293 3266 4349 recolitur.
3296 4292 3403 4347 Per
3420 4290 3489 4345 In

232 4404 340 4461 tur,
369 4404 421 4450 ct
453 4404 566 4452 tres
594 4395 790 4466 psalmi
820 4414 834 4450 :
860 4393 991 4451 Cum
1021 4397 1332 4463 invocarem,
1377 4395 1444 4450 lu
1470 4406 1536 4461 te,
1571 4396 1809 4461 Domine,
1845 4435 1888 4490 υ
1917 4395 2056 4449 exitu
2103 4391 2270 4446 Israel
2308 4390 2577 4445 canticum
2626 4388 2937 4444 Israeliticae
2982 4386 3154 4456 plebis
3175 4425 3189 4449 ,
3232 4384 3489 4490 transitus

233 4484 365 4542 Ecce
391 4505 555 4554 nunc,
595 4487 832 4543 cantatis
875 4487 1078 4557 absque
1118 4487 1356 4558 capitulo
1386 4496 1442 4542 et
1478 4502 1641 4543 versu
1671 4497 1727 4543 ut
1758 4489 1811 4542 in

229 4580 492 4655 vesperis,
520 4578 684 4634 Nunc
713 4578 954 4641 dimittis.
987 4592 1110 4633 cum
1155 4579 1447 4649 antiphona
1487 4578 1810 4636 alleluiattca

229 4677 503 4738 cantetur,
532 4677 588 4724 et
617 4667 870 4724 oratione
903 4668 1039 4723 dicta
1069 4669 1304 4724 ﬁniatur.

681 4778 792 4850 35
829 4777 1015 4834 cncc
1051 4778 1365 4837 pascuus.

290 4870 451 4942 (220)
492 4870 722 4926 Decima
774 4870 908 4924 hora
966 4868 1142 4923 noctis
1192 4870 1347 4939 pauci
1393 4869 1577 4925 clerici
1641 4868 1812 4923 induti

222 4966 470 5031 veniant,
496 4971 552 5018 et
591 4959 921 5020 cruciﬁxum
953 4974 1074 5015 cum
1103 4959 1324 5015 incenso
1364 4969 1420 5015 et
1462 4960 1814 5031 thymiamate

220 5055 494 5121 levantes,
524 5051 989 5122 antipbcnamque
1018 5048 1259 5106 Surrexit
1309 5048 1559 5104 Dominus
1614 5049 1679 5102 de
1723 5064 1810 5102 se-

216 5145 405 5216 pulcro
443 5141 538 5216 (1.,
576 5136 925 5211 cantantes],
960 5136 1078 5201 loco
1128 5151 1227 5193 suo
1264 5136 1564 5199 honoriﬁce
1605 5137 1812 5194 consti-

221 5244 399 5291 tuant.
452 5232 586 5288 Post
634 5229 849 5291 cunctis
893 5229 1175 5301 campanis
1221 5231 1576 5298 sonantibus,
1615 5228 1813 5299 januas

1918 4482 2083 4537 maris
2117 4480 2309 4542 Rubri,
2350 4493 2459 4548 quo
2489 4478 2719 4532 liberata
2757 4486 2840 4530 est
2866 4476 2934 4531 de
2958 4481 3225 4544 potestate
3249 4472 3489 4526 Pharao-

1916 4576 2021 4635 nis,
2048 4585 2145 4642 pcr
2174 4570 2315 4639 quod
2346 4570 2542 4623 iterum
2573 4569 2874 4637 baptismus
2915 4566 3195 4635 ﬁguratur.
3224 4561 3326 4616 Per
3353 4560 3493 4614 Pha-

1919 4675 2134 4716 raonem
2158 4660 2300 4715 enim
2327 4658 2571 4713 diabolus
2600 4656 3054 4726 exprituitnr,pcr
3073 4665 3222 4706 mare
3247 4649 3493 4704 Rubrum

1915 4752 2216 4823 baptismus
2242 4768 2256 4805 :
2304 4764 2403 4819 per
2432 4750 2760 4821 baptismum
2786 4748 2931 4802 enim
2976 4746 3043 4801 de
3073 4750 3341 4813 potestate
3377 4740 3496 4795 dia-

1916 4844 2022 4901 boli
2047 4843 2361 4903 liberamur.

1925 4947 1931 4954 ’
1987 4954 2055 5016 Hi
2102 4969 2232 5012 vero
2274 4968 2370 5009 sex
2400 4955 2516 5010 dies
2549 4951 2863 5023 paschales,
2894 4952 2950 5006 in
2977 4946 3177 5018 quibus
3214 4959 3504 5016 reSponso-

1916 5047 2058 5103 rium
2087 5061 2210 5103 cum
2238 5043 2465 5101 Alleluia
2511 5044 2777 5111 canimus,
2802 5052 3018 5113 tempus
3066 5035 3504 5091 Christianorum

1916 5137 2227 5209 designant,
2253 5135 2307 5190 in
2335 5138 2536 5207 quibus
2564 5135 2705 5190 bona
2728 5148 2892 5206 opera
2946 5128 3160 5200 agimus
3209 5124 3407 5194 quibus
3433 5125 3504 5178 ad

1918 5228 2144 5300 gloriam
2186 5229 2586 5298 perveniamus.
2638 5225 2744 5281 Per
2800 5224 3103 5283 Sabbatum
3199 5223 3255 5268 et
3294 5221 3506 5281 tempus

2555 5330 2571 5336 -
2594 5318 2616 5336 Α
2655 5316 2757 5336 ῇ-μ
2775 5327 2788 5336 .
2806 5333 2815 5335 _
2840 5334 2847 5335 κ
2868 5332 2881 5336 -
2899 5322 3017 5336 -.-η
3082 5306 3134 5336 ἷη
3166 5319 3273 5336 nun
3301 5305 3507 5336 «hanno
