4016 5386
495 290 565 349 55
1557 294 1840 354 JOANNIS
1877 293 2307 356 ARCiilEPlSC.
2347 296 2702 359 ROTOMAG.
2748 316 2749 319 ~
3670 276 3756 364 εδ

498 410 699 480 quibus
727 409 866 465 bona
893 417 1221 480 operantur;
1250 422 1348 480 per
1385 409 1672 481 septimum
1704 422 1761 469 et
1795 420 2069 481 octavum,
2103 416 2147 474 Λ
2179 415 2471 487 ηυιίρίιοηει
2529 414 2600 472 Et
2642 416 2796 472 valde
2842 426 3026 483 mane,
3078 424 3134 472 ct
3172 414 3420 475 oratione
3471 417 3754 475 finiantur.

499 496 714 568 requies
740 499 1076 564 animarum,
1113 506 1168 554 et
1212 513 1434 569 regnum
1479 501 1593 572 68
1617 500 1745 566 Dei,
1786 502 1837 557 in
1877 505 2076 573 quibus

490 588 607 660 jam
648 604 754 643 non
791 588 1161 659 operabimur,
1204 589 1299 645 sed
1349 588 1509 645 laude
1539 599 1594 646 et
1632 592 1799 661 gloria
1830 592 2076 663 perfrue-

498 695 641 736 mttr.
669 681 787 747 Quo
814 682 983 741 linito,
1014 681 1152 736 dicta
1190 680 1460 749 oratione,
1489 682 1555 737 In
1582 684 1723 738 exitu
1758 685 1924 739 Israel
1950 700 2073 741 cum

498 774 823 830 alleluiatica
872 775 1164 844 antipbona
1195 785 1488 839 canentes,
1522 777 1588 831 ad
1643 777 1960 835 cruciﬁxum
1992 793 2074 834 re-

497 863 679 918 deant.
711 863 787 918 lhi
820 864 1011 918 iterum
1040 862 1292 930 Alleluia,
1326 863 1748 937 Redemptionem
1800 869 1939 921 misi!
1969 867 2075 921 Do-

498 954 700 1018 minus,
736 951 817 1007 vel
866 952 1107 1007 Christus
1161 970 1468 1023 resurgens,
1519 971 1551 1009 a
1595 956 1805 1012 duobus
1860 957 2074 1014 clericis

497 1050 732 1107 cantato,
762 1041 934 1097 oratio
956 1043 1192 1097 dicatur.
1219 1044 1369 1115 (252)
1404 1045 1540 1102 lluic
1571 1047 1924 1116 antiphonam
1953 1047 2073 1103 Lua:

492 1141 740 1201 perpetua
768 1130 1138 1196 concinentes,
1163 1142 1220 1188 et
1252 1135 1479 1189 chorum
1521 1136 1814 1204 intrantes,
1838 1137 2071 1194 ofﬁcium

495 1233 616 1272 cum
646 1219 890 1274 oratione
938 1220 1005 1275 de
1048 1222 1275 1290 sanctis,
1325 1231 1379 1278 et
1420 1223 1802 1281 Benedicamus
1850 1227 2073 1282 Domino

494 1304 706 1363 ﬁniant.
737 1306 838 1364 Hic
868 1311 1002 1364 ordo
1033 1326 1131 1381 per
1171 1320 1336 1369 totam
1379 1314 1771 1370 hebdomadam
1804 1331 1974 1389 usque
2007 1318 2074 1373 ad

494 1394 792 1454 thbatum
819 1398 871 1452 in
903 1400 1041 1455 albis
1070 1410 1319 1457 servetur
1351 1420 1364 1456 :
1416 1411 1470 1458 et
1501 1403 1553 1458 in
1586 1405 1867 1461 matutinis
1891 1415 2077 1461 cante-

494 1493 584 1540 tur
616 1486 687 1540 Te
710 1485 876 1542 Deum
902 1488 1182 1547 laudamus
1210 1509 1222 1545 :
1261 1500 1457 1564 etpost
1484 1492 1822 1562 Benedictus,
1857 1498 1923 1550 ad
1957 1513 2077 1551 cru-

497 1573 715 1628 ciﬁxum
763 1578 1038 1647 processio
1085 1578 1207 1646 fiat,
1256 1581 1308 1635 iu
1359 1597 1464 1651 qua
1511 1581 1750 1640 Christus
1800 1601 2075 1656 resurgens

496 1673 747 1719 cantetur
772 1684 784 1720 :
804 1681 993 1723 versus
1014 1677 1137 1731 ante
1157 1672 1496 1737 cruciﬁxum,
1513 1672 1698 1728 Dicant
1715 1690 1851 1728 nunc
1871 1674 2072 1741 Judwi,

2180 504 2328 570 Post,
2364 514 2423 560 ut
2469 506 2520 560 in
2547 505 2881 562 hebdomada
2911 507 3148 579 paschm,
3171 511 3447 579 processio
3473 509 3540 565 ad
3579 512 3759 566 cruci-

2180 593 2343 647 fixum
2375 592 2485 648 flat.
2538 592 2777 650 Christus
2825 612 3118 666 resurgens,
3164 612 3285 653 cum
3324 612 3484 653 versu
3532 600 3759 670 prrefato

2177 689 2450 737 cantetur.
2502 681 2569 738 Et
2608 683 2662 738 in
2702 685 2946 753 vesperis
2987 684 3372 751 Sabhatorum,
3422 697 3477 743 et
3520 688 3672 759 (9.52)
3703 689 3756 744 in

2175 770 2470 827 Dominicis
2515 772 2824 835 matutinis.
2851 774 2921 829 ab
2957 775 3070 844 ipsa
3105 776 3191 830 die
3220 791 3393 846 usque
3420 777 3487 830 ad
3514 777 3759 831 Domini-

2175 877 2292 918 cam
2328 872 2455 919 ante
2480 863 2829 919 Nativitatem
2862 881 3077 934 semper
3116 865 3210 920 fiat
3242 868 3540 936 processio.
3572 869 3627 923 iu
3651 884 3757 939 qua

2174 964 2300 1009 ante
2349 954 2703 1011 Pcntecosten
2745 962 2997 1011 cantetur
3034 957 3102 1011 de
3154 958 3584 1027 resurrectione,
3639 967 3760 1028 post

2173 1044 2527 1101 Pentecosten
2558 1048 2625 1100 de
2651 1062 2835 1102 cruce.
2873 1046 3117 1103 Officium
3142 1048 3247 1103 diei
3278 1047 3425 1119 (243)
3472 1049 3594 1104 sine
3642 1057 3757 1104 tro-

2173 1134 2280 1205 pis,
2314 1145 2369 1190 et
2394 1134 2658 1199 laudibus,
2685 1146 2739 1190 et
2779 1137 3005 1204 gradali,
3039 1136 3189 1208 (244)
3221 1153 3345 1192 cum
3380 1137 3591 1192 duobus
3616 1136 3761 1191 Alle-

2174 1222 2305 1289 luia,
2337 1234 2391 1280 et
2436 1226 2717 1295 sequentia
2750 1226 3074 1282 celebretur.
3109 1226 3269 1282 Missa
3321 1226 3663 1282 matutinalis
3692 1227 3762 1281 sit

2174 1317 2592 1373 resurrectionis
2631 1335 2644 1371 :
2697 1319 2781 1372 cui
2814 1326 2994 1372 autem
3028 1318 3321 1389 placuerit,
3372 1318 3761 1383 Dominicalis;

2102 1462 2107 1467 ,
2175 1405 2347 1474 major
2367 1423 2495 1462 vero
2516 1423 2729 1477 semper
2774 1409 3206 1464 resurrectionis.
3234 1409 3439 1463 Cautus
3458 1409 3764 1478 processio.

2176 1502 2315 1557 nalis
2357 1503 2429 1558 sit
2476 1503 2923 1567 resurrectionis,
2968 1511 3024 1557 et
3082 1503 3281 1557 crucis.
3335 1501 3463 1559 Post
3510 1511 3760 1556 octavam

2173 1594 2425 1659 Pascha),
2476 1594 2624 1666 (£55)
2683 1594 2923 1664 quandiu
2986 1592 3391 1664 rcsponsorium
3450 1592 3659 1662 Dignus
3708 1608 3766 1647 es

2175 1694 2447 1750 cantatur,
2481 1684 2835 1757 Apocalypsis
2864 1683 3094 1754 legatur.
3137 1683 3255 1751 Quo
3288 1682 3438 1737 linito
3467 1682 3768 1736 canonica-

496 1766 552 1848 et
579 1756 755 1811 oratio
775 1758 841 1812 de
868 1773 1028 1814 cruce
1053 1761 1283 1817 dicatur.
1312 1762 1460 1828 inde,
1484 1771 1544 1818 ut
1570 1765 1620 1819 iu
1644 1767 1905 1835 vesperis,
1934 1765 2075 1818 anti-
2106 1758 2148 1817 Β
2177 1777 2254 1833 tes
2280 1777 2519 1848 cpistola:
2548 1792 2720 1845 usque
2768 1774 2836 1829 ad
2879 1775 3019 1830 diem
3064 1773 3419 1828 Aseensionis
3440 1781 3765 1841 sentiantur.

492 1843 729 1911 phonam
788 1845 904 1900 Lux
956 1861 1202 1929 perpetua
1266 1860 1563 1915 canentes,
1613 1855 1839 1908 chorum
1898 1854 2074 1923 ingrc-

495 1933 731 1998 diantur,
780 1943 835 1989 et
882 1951 1004 1991 cum
1040 1938 1284 1995 oratione
1324 1949 1380 1995 et
1425 1941 1807 1997 Benediramus
1843 1943 2076 2000 cilicium

494 2021 849 2092 compleatur.
881 2026 1081 2084 Omnes
1109 2028 1196 2084 isti
1226 2030 1374 2109 (253)
1407 2032 1526 2088 dies
1564 2044 1773 2103 septem
1808 2035 1858 2088 in
1891 2035 2078 2105 cappis

494 2125 616 2164 cum
663 2109 909 2168 laudibus
954 2123 1006 2170 et
1061 2119 1373 2186 sequentia,
1444 2130 1667 2192 excepta
1731 2126 2078 2192 processione

496 2199 699 2266 misere,
726 2217 834 2256 uno
876 2204 1037 2260 modo
1069 2204 1259 2262 festive
1309 2208 1672 2265 celebrentur.
1707 2214 1811 2268 Sed
1858 2215 1909 2268 in
1943 2214 2078 2270 Sab-

493 2291 623 2348 bato
667 2292 719 2348 in
765 2294 918 2352 Albis
958 2296 1079 2357 loco
1110 2301 1342 2369 gradalis
1375 2301 1604 2358 alterum
1637 2304 1864 2360 Alleluia
1894 2316 2079 2363 cante-

494 2390 611 2448 tur;
644 2391 699 2438 et
728 2384 782 2439 in
826 2389 1069 2456 vesperis
1098 2390 1239 2446 Deus
1279 2394 1334 2447 in
1374 2394 1731 2461 adjutorium,
1761 2405 1812 2451 et
1840 2399 2080 2468 quinque

492 2470 713 2540 psalmi,
742 2475 1062 2544 capitulum,
1081 2482 1485 2549 responsorium
1507 2523 1523 2550 ,
1551 2483 1795 2539 Surrexit
1824 2485 2078 2541 Dominus

495 2563 560 2614 de
605 2563 865 2632 sepulcro,
921 2575 977 2620 ct
1034 2569 1272 2638 hymnus
1329 2571 1533 2629 Chorus
1590 2591 1735 2630 nova:
1785 2576 2079 2631 Jerusalem

497 2651 740 2721 dicatur;
774 2664 830 2711 et
855 2656 1004 2728 (εὶῦί)
1031 2659 1101 2715 ad
1150 2662 1470 2719 crucifixum
1512 2674 1635 2739 post
1661 2681 1939 2737 vesperas,
1970 2683 2078 2723 non

495 2741 904 2813 ad69fontem
931 2746 1018 2802 fiat
1045 2753 1341 2820 processio,
1371 2753 1424 2809 in
1457 2771 1564 2827 qua
1591 2758 1658 2813 de
1681 2759 2079 2815 resurrectione

495 2840 766 2889 cantetur.
797 2834 1226 2908 Completorium
1273 2844 1388 2913 ipsa
1418 2847 1507 2901 die
1537 2862 1660 2902 cum
1690 2849 1912 2918 psalmis
1938 2850 2074 2915 suis,

494 2928 548 2974 et
576 2921 800 2992 hymno,
824 2934 879 2981 et
903 2925 957 2979 Ν
962 2944 1062 2981 unc
1102 2930 1344 2998 dimittis,
1375 2943 1429 2989 et
1451 2933 1598 3004 (255)
1621 2936 1866 2990 oratione
1891 2936 2079 2992 Domi-

494 3010 621 3065 nica
662 3020 718 3066 et
759 3015 1006 3083 symbolo
1042 3018 1370 3075 celebretur.
1401 3022 1550 3094 (256)
1584 3025 1707 3079 Dies
1743 3034 1988 3092 octavus,
2018 3033 2079 3079 ut

494 3098 704 3167 primus
727 3102 1060 3171 celebretur;
1095 3109 1189 3162 sed
1214 3124 1403 3167 omnes
1452 3093 1600 3167 horte
1622 3113 1727 3169 diei
1776 3130 1898 3169 cum
1933 3117 2079 3185 capi-
2106 3093 2152 3156 (ἶ

498 3185 629 3242 tulis
658 3196 715 3242 et
750 3189 995 3247 versibus
1023 3194 1093 3248 ibi
1119 3196 1538 3266 pertinentibus,
1564 3210 1620 3254 ut
1652 3217 1748 3270 per
1793 3211 1963 3257 totum
1987 3220 2084 3258 δη·-

496 3291 650 3343 num,
683 3277 956 3347 dicentur,
984 3292 1039 3339 et
1084 3285 1136 3339 iu
1171 3289 1415 3357 veSperis
1438 3290 1580 3347 Deus
1624 3293 1677 3346 in
1729 3294 2079 3363 adjutorium.

498 3365 743 3425 Ofﬁcium
776 3372 880 3427 diei
917 3375 1123 3444 gradali
1163 3379 1393 3445 carebit,
1420 3381 1513 3436 sed
1540 3381 1648 3436 duo
1668 3382 1894 3438 Alleluia
1919 3385 2085 3441 habe-

499 3463 603 3518 hit.
633 3464 689 3519 In
726 3465 842 3536 ipsa
874 3467 961 3523 die
995 3476 1050 3524 ct
1078 3470 1132 3525 in
1160 3473 1413 3529 omnibus
1457 3473 1733 3541 Sabbatis,
1763 3476 1814 3531 in
1841 3478 2084 3546 vesperis

499 3555 738 3625 quinque
768 3557 992 3625 psalmis
1016 3562 1273 3627 cantatis,
1306 3564 1455 3633 (257)
1486 3567 1918 3633 responsorium,
1950 3567 2087 3623 Suro

496 3662 504 3671 '
528 3648 633 3699 exit
664 3646 918 3705 Dominus
949 3652 1012 3705 de
1040 3653 1300 3723 sepulcro,
1329 3669 1358 3713 a
1403 3656 1612 3711 (intubus
1640 3666 1910 3723 cantetur,
1938 3660 2088 3729 hym-

508 3752 604 3793 ms
635 3732 837 3794 Chorus
869 3759 1013 3796 nam:
1062 3754 1344 3815 sequatur,
1371 3756 1427 3803 et
1465 3748 1544 3802 sic
1577 3757 1799 3804 cantato
1833 3749 2086 3820 Magni/i-

502 3836 608 3892 τίει,
631 3826 864 3884 cilicium
898 3846 1020 3886 cum
1046 3833 1427 3893 Benedicamus
1466 3836 1692 3893 Domino
1725 3839 2080 3910 compleatur.

502 3916 559 3970 la
597 3918 718 3973 aliis
747 3919 1044 3978 Dominicis
1084 3924 1293 3994 absque
1322 3928 1672 3998 responsorio
1716 3930 1949 3999 hymnus
2003 3931 2086 3987 Ad

504 4024 703 4063 cmnam
735 4009 964 4065 dicatur.
1016 4013 1220 4070 Eodem
1269 4017 1428 4073 modo
1458 4019 1606 4074 hora:
1653 4020 1762 4076 diei
1790 4037 1978 4077 omnes
2017 4024 2086 4079 ab

504 4097 609 4153 hac
640 4114 809 4169 usque
847 4103 913 4157 ad
964 4102 1322 4161 Peutecosten
1366 4109 1733 4164 celebrentur.
1784 4110 2089 4183 Completo-

503 4188 643 4243 rium
690 4205 814 4247 cum
846 4193 962 4248 suis
1009 4194 1231 4264 psalmis
1274 4207 1329 4251 et
1376 4199 1579 4268 hymno
1629 4198 1762 4254 Jesu
1796 4202 2089 4273 redemptor

502 4280 707 4348 steculi,
735 4295 787 4337 et
813 4285 1108 4354 antiphnna
1170 4287 1494 4345 alleluiatica
1534 4292 1601 4347 ad
1648 4290 1807 4348 Nunc
1843 4295 2084 4360 dimittis,

2176 1874 2324 1945 (246)
2359 1874 2462 1944 71
2496 1873 2598 1927 Per
2623 1873 2742 1926 dies
2771 1869 2988 1925 feriales
3022 1870 3074 1923 in
3110 1877 3373 1922 nocturna
3404 1882 3495 1922 sex
3524 1866 3766 1934 psalmos

2177 1966 2320 2035 (cum
2356 1966 2500 2020 trino
2529 1962 2711 2018 Gloria
2762 1960 2939 2023 Patri,
2975 1968 3030 2015 et
3065 1975 3168 2013 una
3201 1957 3496 2028 antiphona
3525 1956 3769 2027 psallam

2175 2064 2231 2113 et
2260 2065 2374 2111 tres
2397 2055 2656 2111 lectiones
2678 2068 2800 2108 cum
2834 2050 3193 2122 respousoriis
3209 2048 3451 2120 ejusdem
3502 2046 3769 2117 temporis
3836 2084 3843 2091 .

2178 2145 2453 2217 legantur.
2502 2144 2721 2199 Missam
2765 2139 3151 2197 Dominicalem
3208 2154 3306 2209 per
3344 2147 3512 2193 totam
3557 2135 3769 2201 hebdo-

2177 2237 2390 2292 madam
2439 2243 2677 2300 canant,
2720 2234 2823 2289 nisi
2876 2233 3010 2288 festa
3053 2241 3365 2287 sanctorum
3393 2228 3765 2285 occurrerint.

2178 2329 2329 2401 (247)
2359 2328 2536 2384 Unum
2567 2335 2775 2380 tantum
2806 2324 3037 2379 Alleluia
3073 2331 3329 2379 cantetur
3353 2322 3424 2377 ob
3463 2320 3767 2391 jucundam

2178 2421 2480 2474 animarum
2507 2418 2774 2488 requiem,
2809 2429 2917 2487 qua
2946 2421 3155 2470 tantum
3186 2412 3441 2469 fruuntur
3479 2420 3607 2466 ante
3635 2410 3764 2465 uni-

2177 2509 2446 2565 versalem
2479 2508 2937 2564 resurrectionem
2970 2522 2983 2558 :
3011 2505 3064 2560 in
3094 2504 3248 2560 festis
3284 2503 3415 2567 duo,
3444 2501 3513 2557 ad
3559 2514 3766 2556 memo-

2179 2603 2339 2667 riam,
2389 2608 2512 2670 post
2557 2598 2821 2670 judicium
2873 2611 2980 2653 uon
3020 2603 3229 2652 tantum
3276 2592 3616 2656 animarum,
3669 2590 3766 2646 sed

2177 2700 2394 2747 asternae
2422 2690 2607 2761 gloriae
2653 2688 2820 2743 etiam
2867 2700 3180 2757 corporum.
3218 2683 3277 2739 Si
3334 2691 3517 2738 autem
3568 2694 3768 2736 evene-

2179 2780 2313 2844 rint,
2343 2788 2405 2833 ut
2454 2778 2507 2834 in
2544 2778 2652 2833 alio
2701 2786 2944 2847 tempore
2983 2776 3350 2839 celebrentur,
3400 2772 3611 2828 minora
3639 2786 3761 2827 cum

2182 2870 2377 2933 tribus,
2414 2867 2619 2936 majora
2654 2882 2779 2922 cum
2813 2882 3006 2923 novem
3041 2865 3387 2921 lectionibus.
3413 2862 3472 2918 Si
3501 2871 3684 2917 autem
3708 2860 3761 2914 in

2181 2958 2478 3014 Dominicis
2530 2956 2690 3027 hujus
2744 2956 3002 3027 temporis
3048 2955 3318 3017 festivitas
3371 2953 3652 3017 evenerit,
3708 2950 3765 3005 in

2182 3047 2422 3102 crastino
2467 3045 2796 3101 celebranda
2842 3054 3176 3101 reservetur.
3220 3043 3469 3101 Ollicium
3512 3040 3767 3113 generale

2182 3152 2281 3208 pro
2313 3136 2608 3203 defunctis,
2638 3146 2698 3191 ut
2724 3137 3093 3208 praediximus,
3119 3135 3221 3191 nisi
3246 3137 3300 3191 in
3346 3133 3574 3203 alicujus
3599 3134 3769 3202 depo-

2182 3227 2378 3282 sitione
2406 3238 2500 3282 aut
2532 3228 2910 3284 anniversario
2929 3241 3035 3282 non
3061 3225 3388 3283 celebretur.
3417 3208 3627 3279 Litania
3653 3236 3768 3277 ma-

2177 3313 2265 3385 jor
2295 3316 2340 3371 si
2370 3316 2511 3372 infra
2533 3330 2658 3372 octo
2698 3317 2818 3373 dies
2847 3316 3073 3373 Pascha;
3103 3316 3371 3384 evenerit,
3392 3314 3597 3371 nullum
3620 3313 3765 3384 jeju-

2182 3408 2356 3474 nium,
2386 3408 2534 3463 nulla
2559 3408 2912 3473 abstinentia,
2941 3420 3042 3463 nec
3063 3406 3244 3478 aliqua
3275 3405 3394 3475 ejus
3420 3406 3624 3461 mentio
3649 3406 3764 3472 tiat,

2183 3499 2288 3555 nisi
2331 3499 2527 3555 festiva
2587 3510 2794 3556 tantum
2844 3500 3141 3569 processio.
3175 3499 3325 3572 (248)
3364 3498 3422 3553 Si
3450 3508 3631 3554 autem
3660 3498 3767 3552 alio

2184 3598 2428 3659 tempore
2467 3592 2731 3656 evenerit,
2764 3605 2976 3656 omnes,
3004 3590 3245 3660 exceptis
3292 3588 3532 3660 parvulis
3576 3598 3634 3644 et
3681 3590 3766 3644 iu-

2186 3681 2377 3747 lirmis,
2400 3681 2678 3752 jejnnent;
2710 3689 2769 3736 et
2793 3682 2956 3737 missa
2981 3690 3224 3746 cantata,
3253 3690 3378 3750 post
3397 3690 3611 3735 sextam
3640 3694 3763 3735 cum

2184 3772 2534 3842 processione
2565 3758 2713 3844 (249)
2747 3773 2815 3828 ad
2860 3771 3145 3828 ecclesiam
3177 3772 3349 3827 sancti
3396 3771 3542 3827 Petri
3593 3770 3767 3827 sancti

2184 3858 2430 3916 Audoeni
2464 3870 2713 3933 pergant,
2737 3863 2789 3916 in
2812 3878 2917 3933 qua
2946 3863 3200 3918 sacerdos
3239 3878 3360 3918 cum
3403 3863 3619 3918 creteris
3660 3863 3768 3917 mi-

2186 3949 2372 4004 nistris
2398 3950 2468 4006 sit
2510 3953 2715 4021 absque
2738 3950 2919 4006 casula
2951 3951 3190 4005 indutus.
3226 3952 3610 4022 Rogationales
3637 3951 3773 4008 anti-

2188 4041 2382 4110 pbonae
2415 4050 2704 4097 cantentur
2747 4058 2760 4096 :
2795 4042 2902 4112 72
2943 4055 3050 4110 quo
3096 4040 3222 4096 dum
3268 4042 3641 4111 pervenerint,
3686 4054 3772 4095 re-

2194 4132 2539 4201 Sponsorium
2561 4143 2653 4186 aut
2672 4133 3025 4203 antipbonam
3048 4132 3116 4187 de
3132 4142 3325 4188 sancto
3344 4133 3549 4199 dicant,
3571 4141 3628 4188 et
3648 4147 3772 4187 ora-

2190 4221 2337 4278 tione
2372 4237 2401 4276 a
2438 4222 2719 4278 sacerdote
2746 4222 2917 4285 finita,
2944 4222 3084 4277 idem
3113 4220 3274 4292 Kyrie
3298 4221 3495 4276 eleison
3521 4222 3766 4292 incipiat,

2189 4314 2503 4368 etoratione
2534 4314 2816 4369 Dominica
2843 4314 2911 4369 ab
2938 4312 3191 4367 omnibus
3211 4327 3333 4367 cum
3357 4311 3578 4368 silentio
3599 4312 3767 4379 dicta,

504 4373 860 4471 cantct‘urLIu
896 4376 1147 4431 omnibus
1174 4377 1470 4435 Dominicis
1515 4397 1686 4453 usque
1734 4384 1800 4439 ad
1830 4384 2086 4441 Penteco—
2116 4382 2162 4441 ι)
2190 4416 2377 4471 preces
2400 4417 2520 4456 cum
2548 4401 2797 4456 Miserere
2834 4403 2957 4466 mei,
2995 4400 3156 4466 Deus,
3188 4400 3634 4471 subsequantur:
3663 4373 3769 4471 qua

506 4471 626 4518 sten
654 4463 802 4535 (258)
832 4481 1169 4537 unaaneque
1193 4479 1453 4525 nocturna
1498 4488 1620 4529 cum
1654 4491 1759 4530 una
1790 4478 2084 4548 antipbona

506 4552 829 4608 alleluiatica
862 4556 1102 4624 dicatur;
1141 4559 1292 4630 (259)
1331 4576 1421 4615 sex
1472 4562 1734 4621 lectiones
1784 4568 1850 4622 de
1878 4568 2089 4637 Apoca-

508 4643 644 4715 lypsi
674 4644 941 4717 lcgantur,
967 4659 1021 4704 et
1053 4660 1161 4707 tres
1183 4651 1249 4708 de
1279 4656 1700 4713 resurrectione.
1736 4659 1791 4714 Si
1823 4671 2002 4716 autem
2030 4661 2084 4716 in

507 4734 596 4791 liis
619 4747 931 4823 sanctorum»
951 4740 1171 4797 Patrum
1201 4746 1419 4802 statutis
1440 4747 1661 4804 minime
1681 4750 1859 4823 resisti
1886 4751 2084 4821 aliqui-

460 4908 469 4917 ν
509 4825 611 4881 hns
641 4827 872 4892 videtur,
897 4820 1117 4901 propter
1140 4836 1377 4890 noctium
1406 4837 1755 4903 brevitatem,
1788 4819 1856 4892 ad
1881 4819 2088 4893 evitan-

508 4915 636 4969 dum
691 4915 1001 4987 fastidium,
1062 4923 1171 4993 70
1218 4925 1269 4978 in
1315 4927 1597 4982 nocturnis
1644 4942 1836 4993 novem
1883 4935 2086 4981 tantum

508 5007 674 5028 ...--I,.-
725 5025 740 5028 -
870 5011 904 5028 ΙΙ
1233 5015 1265 5028 ιι
1451 5018 1484 5028 n

2189 4491 2340 4546 finita
2388 4493 2457 4550 ad
2511 4490 2817 4555 ecclesiam,
2871 4491 3107 4561 aliquam
3174 4488 3420 4544 litaniam
3462 4499 3767 4556 cantantes,

2189 4584 2453 4653 redeant;
2499 4590 2577 4648 et,
2610 4580 2759 4654 (250)
2795 4595 2934 4635 nona
2962 4581 3128 4646 dicta,
3183 4589 3486 4635 comestum
3520 4587 3768 4651 pergant.

2190 4674 2339 4746 (251)
2366 4674 2538 4729 Simili
2575 4673 2737 4728 modo
2770 4673 2884 4729 dies
2914 4672 3274 4745 Rogationem
3311 4670 3676 4729 celebrentur.
3712 4671 3769 4727 Si

2189 4775 2369 4822 autem
2408 4765 2463 4821 in
2510 4766 2699 4820 diebus
2739 4765 3097 4834 Rogationum
3150 4776 3492 4832 sanctorum,
3538 4781 3771 4837 quorum

2192 4857 2427 4913 cilicium
2475 4856 2727 4919 habetur,
2759 4855 3031 4910 festivitas
3073 4855 3494 4926 evenerit,.post
3541 4858 3771 4928 primam

2191 4947 2356 5002 missa
2387 4948 2456 5002 de
2478 4948 2558 5002 eis
2586 4954 2852 5001 cantetur.
3766 4938 3767 4941 “
