4016 5386
239 289 313 343 57
1032 262 1037 267 ’
1299 284 1500 340 unca
1539 283 1628 338 ns
1664 279 1961 340 ornans
1986 279 2554 342 ECCLESIASTICIS.
2874 368 2879 371 Α
3423 289 3494 348 ss

241 396 573 453 celebretur.
614 393 761 465 (253)
797 393 1077 449 Processio
1104 393 1173 449 ad
1200 409 1417 450 crucem
1463 393 1518 448 in
1556 393 1816 464 vesperis,
1846 387 1897 435 Α
1923 396 2336 452 succentoribos
2366 397 2512 453 dicto
2539 395 2813 451 liniantur.
2835 396 2981 470 (260)
3012 397 3137 454 Post
3158 412 3415 474 vesperas
3434 411 3493 461 et

239 496 299 543 et
318 486 623 547 matutinis,
646 494 699 540 et
722 485 882 539 missa
914 483 1028 538 ﬂat.

307 576 578 630 Ascensio
605 573 813 628 Domini
861 573 935 627 ita
965 579 1268 626 veneretur.
1313 570 1460 639 (254)
1493 569 1549 625 lu
1580 570 1821 639 vesperis

238 677 435 722 cantor
456 670 682 722 chorum
709 673 860 734 regat
886 682 902 726 ;
934 666 1040 718 duo
1083 663 1264 739 clerici
1293 663 1502 730 cappati
1537 677 1821 731 responso-

238 759 381 812 rium
410 766 634 818 canant,
665 755 754 824 qui
780 753 1119 808 cantaverint
1148 753 1373 806 chorum
1418 762 1624 820 regant.
1658 749 1819 821 Hym-

238 862 342 902 nus
376 856 660 915 sequatur.
695 842 1000 913 Magniﬁcat
1047 857 1168 896 eum
1201 842 1336 894 trina
1378 841 1685 910 antiphoua:
1728 855 1819 894 re-

234 935 503 1002 petitione
528 934 634 1003 73
665 932 901 986 ﬁniatur.
935 931 1193 987 Oratione
1236 931 1398 997 dicta,
1431 946 1668 999 vespera:
1693 946 1816 985 cum

233 1022 624 1077 Benedicamus
673 1023 949 1076 liniantur.
1003 1021 1286 1077 Processio
1332 1022 1397 1076 ad
1437 1022 1655 1076 missam
1699 1030 1819 1075 tan-

234 1122 345 1167 tum
373 1112 488 1167 ﬁat.
522 1112 578 1165 lu
616 1112 892 1166 matutinis
917 1128 1106 1190 omnes
1130 1127 1408 1180 campana:
1437 1119 1494 1165 ut
1525 1112 1579 1166 in
1610 1110 1814 1167 Pascha

229 1205 541 1273 pulsentur,
575 1201 943 1257 invitatoriam
982 1217 1011 1255 a
1057 1212 1292 1271 quatuor
1320 1202 1536 1257 clericis
1572 1201 1814 1270 cappatis

229 1302 513 1357 cantetur;
543 1292 778 1364 hymnus
802 1301 1091 1361 sequatur;
1127 1307 1316 1347 novem
1340 1292 1531 1361 psalmi
1566 1308 1690 1347 cum
1726 1299 1814 1346 to-

230 1384 401 1438 tidem
461 1383 797 1453 antiphonis,
857 1397 1049 1436 novem
1109 1381 1368 1436 lectiones
1416 1396 1537 1436 cum
1590 1382 1809 1435 totidem

226 1473 598 1542 responsoriis
649 1471 1013 1527 celebrentur.
1062 1470 1493 1541 Unumquodque
1529 1485 1812 1541 responso-

225 1562 372 1615 rium
405 1562 521 1616 bini
554 1561 736 1617 clerici
783 1570 998 1616 canant.
1054 1561 1323 1626 Secundo,
1354 1563 1562 1632 quinto,
1596 1570 1807 1627 octavo,

221 1660 281 1705 et
309 1653 375 1705 ad
405 1650 478 1705 Te
510 1651 676 1706 Deum
702 1652 982 1705 laudamus
1028 1653 1200 1708 altare
1236 1652 1562 1710 incensetur.
1590 1652 1808 1707 Matuti-

226 1758 313 1797 nzc
358 1742 549 1795 laudes
579 1758 698 1797 cum
746 1742 968 1813 hymno,
1002 1754 1057 1797 et
1093 1743 1230 1798 trina
1276 1744 1584 1813 antiphome
1612 1744 1806 1812 repeti-

224 1836 373 1889 tione
416 1836 484 1889 ad
530 1835 867 1902 Benedictus,
920 1853 1043 1893 cum
1097 1837 1475 1893 Benedicamus
1525 1839 1802 1898 ﬁniantur.

223 1928 374 1999 (255)
402 1928 533 1982 Post
565 1929 782 1984 tertiam
814 1930 1087 1998 processio
1123 1929 1234 1984 liat.
1271 1930 1462 1985 Postea
1490 1946 1682 1986 omnes
1705 1946 1804 1999 pro

225 2033 388 2087 posse
416 2019 666 2074 ecclesia:
707 2020 885 2073 ornati
912 2019 1145 2075 oliiciutn
1171 2036 1293 2076 cum
1346 2022 1591 2077 laudibus
1634 2030 1689 2077 et
1722 2038 1807 2077 se-

219 2108 444 2175 quentia
475 2108 769 2163 celebrent.
809 2110 1073 2179 Vesperas
1101 2119 1160 2163 ut
1186 2111 1239 2166 in
1271 2112 1447 2181 vigilia
1475 2120 1660 2182 agant.
1694 2111 1805 2166 llu-

212 2199 304 2270 jus
342 2199 710 2255 subtnnitatis
764 2210 990 2257 octavus
1028 2203 1143 2259 dies
1187 2219 1293 2259 non
1343 2204 1712 2268 celeberrime,
1747 2213 1807 2260 ut

218 2287 468 2352 Pascha,
503 2289 721 2355 colitur,
769 2290 861 2344 sed
914 2299 1260 2348 tantum......
1295 2290 1375 2365 [Ῑ.
1409 2295 1551 2349 deest
1610 2303 1668 2349 ut
1721 2294 1803 2351 fe-

218 2391 362 2435 stum
390 2381 646 2453 apostoli]
682 2382 1047 2441 celebrabitur
1076 2404 1090 2440 :
1121 2402 1240 2458 qua:
1274 2403 1380 2442 non
1430 2390 1604 2444 solum
1651 2400 1799 2457 octo,

217 2472 309 2525 sed
348 2470 539 2526 decem
567 2472 760 2528 diebus
799 2475 1075 2539 recolitur,
1108 2477 1177 2530 ad
1204 2477 1376 2531 instar
1403 2479 1797 2546 apostolorum,

217 2559 307 2629 qui
359 2570 485 2631 post
539 2563 914 2618 ascensionem
966 2565 1177 2620 Domini
1240 2578 1454 2635 semper
1498 2567 1551 2621 in
1603 2568 1801 2623 ctelnm

220 2650 501 2706 mentibus
528 2653 743 2716 intenti,
777 2655 1067 2711 adventum
1125 2656 1573 2726 prmstolabantur
1627 2657 1803 2727 Spiri-

216 2748 305 2796 tus
330 2742 533 2797 sancti.
585 2742 865 2813 Siquidem
917 2746 1169 2800 omnibus
1197 2747 1281 2801 his
1305 2756 1433 2802 octo
1467 2746 1680 2811 diebus,
1730 2746 1800 2801 Te

217 2829 383 2885 Deum
413 2829 722 2898 laudamus,
748 2842 806 2890 et
851 2830 1035 2889 Gloria
1075 2837 1130 2890 in
1166 2836 1384 2891 excelsis
1436 2836 1568 2901 Deo,
1592 2846 1649 2891 et
1691 2838 1799 2891 duo

213 2921 444 2977 Alleluia
478 2925 868 2980 cantabuntur.
911 2927 994 2981 Ab
1026 2927 1377 2984 Ascensionis
1409 2929 1497 2985 die
1527 2945 1695 2997 usque
1728 2930 1796 2985 ad

1921 487 2215 542 matutinas
2260 486 2374 558 ipsa
2429 489 2518 546 die
2565 490 2881 549 memoriam
2924 494 3341 552 resurrectionis
3366 512 3498 568 per-

1920 587 2083 646 agant
2103 576 2171 631 ad
2198 579 2533 633 crucillxmn.

1956 690 2043 745 DE
2082 689 2546 753 PENTECOSTE,
2581 688 2929 758 QUALITER
2971 691 3447 755 CELEBRETUR.

1989 780 2046 834 ln
2079 778 2421 836 solemnitate
2459 780 2800 836 Pentecostes
2836 791 3005 836 totum
3048 784 3281 841 cilicium
3310 789 3487 845 noctis

1917 880 1971 926 et
2001 871 2106 925 diei
2140 881 2197 924 ut
2240 872 2292 924 in
2324 871 2407 925 die
2429 870 2670 935 Paschzc,
2699 873 2902 943 absque
2923 871 3100 930 otiicio
3128 876 3380 946 sepulcri,
3412 879 3490 933 si-

1916 976 1985 1016 ne
2030 960 2232 1030 gradali
2288 968 2344 1014 et
2388 960 2555 1015 fontis
2593 963 2952 1031 processione,
2999 978 3088 1018 ser
3161 983 3263 1025 νυνι»,

1916 1064 2093 1109 autem
2124 1071 2244 1109 cum
2286 1054 2501 1125 hymnis
2550 1062 2604 1110 et
2644 1057 2997 1125 responsoriis
3025 1058 3291 1117 dicantur.
3328 1061 3483 1121 Celei

1916 1142 2090 1199 bratio
2147 1146 2496 1201 hebdomadas
2549 1145 2668 1208 liat.
2715 1156 2775 1202 ut
2820 1150 3087 1217 paschalis
3143 1153 3478 1222 septimana.

1916 1232 2063 1303 (26l)
2094 1233 2217 1288 Dies
2243 1246 2485 1297 octavus,
2531 1244 2590 1290 ut
2630 1238 2836 1305 primus
2863 1238 3217 1296 celeberrime
3264 1253 3478 1313 agatur,

1913 1330 1966 1374 et
1996 1322 2134 1375 idem
2162 1321 2390 1378 ofﬁcium
2420 1325 2591 1379 noctis
2620 1334 2675 1381 et
2713 1325 2817 1381 diei
2864 1340 2930 1380 ex
2971 1336 3083 1383 toto
3126 1332 3477 1400 compleatur.

1914 1408 1977 1463 lli
2023 1410 2112 1479 qui
2142 1414 2208 1465 ah
2232 1412 2485 1481 cpisc0po
2511 1414 2779 1483 accipiunt
2816 1431 3006 1469 manus
3056 1416 3476 1487 impositionem,

1912 1508 2115 1567 septem
2145 1500 2333 1555 diebus
2376 1502 2570 1557 debent
2599 1503 2889 1560 observare
2936 1506 3246 1563 chrismatis
3272 1513 3480 1567 unctio-

1913 1606 2065 1657 nem;
2099 1601 2179 1647 est
2211 1592 2355 1647 enim
2392 1594 2720 1664 septiformis
2750 1598 2937 1666 gratim
2959 1598 3197 1668 Spiritus
3235 1613 3476 1669 sanctus,

1837 1691 1962 1769 Bel
2016 1682 2133 1750 ejus
2187 1684 2476 1739 celebritas
2536 1694 2697 1755 atque
2740 1687 3052 1758 mysterium
3105 1688 3227 1755 jure
3274 1702 3475 1759 septem

1908 1775 2097 1829 diebus
2139 1775 2357 1829 colitur.
2399 1774 2513 1830 iioc
2543 1785 2747 1831 tantum
2793 1778 2959 1833 distat
2987 1780 3130 1833 inter
3167 1779 3371 1836 Pascha
3422 1790 3478 1837 et

1904 1865 2301 1931 Pentecosten,
2372 1869 2515 1938 quod
2572 1869 2625 1923 in
2679 1871 2961 1925 matutinis
3023 1871 3243 1927 Pascha:
3300 1873 3479 1929 nullus

1906 1959 2157 2029 hymnus,
2192 1960 2243 2013 in
2275 1961 2377 2013 hoc
2412 1961 2517 2014 duo
2552 1971 2854 2017 cantantur.
2892 1962 2955 2015 Et
2985 1963 3092 2034 76
3135 1965 3263 2019 hora
3317 1966 3477 2019 tertia

1904 2049 2222 2102 sonantilms
2248 2049 2458 2104 cunctis
2486 2051 2783 2119 campatiis.
2824 2050 2951 2107 Post
2991 2053 3127 2106 Deus
3174 2055 3230 2108 in
3259 2053 3474 2124 adjuto-

1905 2138 2064 2200 rium,
2097 2138 2246 2211 (262)
2280 2140 2512 2210 hymnus
2537 2155 2566 2194 a
2596 2141 2765 2195 tribus
2793 2142 3007 2197 clericis
3036 2143 3281 2212 cappatis
3305 2144 3476 2199 altare

1905 2225 2309 2283 iucensantihus
2356 2230 2671 2295 inchoetur;
2706 2230 2934 2285 ecclesia
2980 2240 3088 2284 tota
3125 2231 3475 2296 ilhtminetur,

1905 2324 1959 2369 et
1987 2316 2174 2371 clerici
2222 2332 2409 2372 omnes
2443 2334 2538 2387 pro
2572 2331 2732 2387 posse
2772 2318 3017 2372 ecclesia:
3054 2318 3379 2382 induantur,
3422 2326 3478 2372 et

1904 2407 2077 2461 donec
2103 2409 2333 2477 hymnus
2359 2418 2632 2471 cantatttr,
2669 2407 2816 2478 (265)
2840 2406 3000 2462 tiores
3033 2407 3231 2462 diversi
3275 2406 3475 2462 coloris

1903 2498 1970 2551 ad
2007 2498 2180 2550 instar
2238 2497 2630 2552 charismatum
2683 2497 2917 2566 Spiritus
2968 2496 3143 2551 sancti
3192 2497 3486 2550 desursum

1901 2586 2294 2650 immittantur,
2350 2597 2405 2641 et
2447 2589 2527 2643 sic
2567 2595 2677 2642 tota
2720 2587 2853 2641 hora
2906 2587 3100 2642 festive
3151 2587 3472 2643 celebretur.

1899 2674 2181 2730 Proeessio
2209 2680 2325 2744 ipso
2354 2677 2439 2730 die
2469 2677 2564 2730 ﬁat
2592 2685 2649 2730 ut
2676 2678 2728 2730 in
2755 2679 2842 2733 die
2870 2677 3114 2733 Paschaa.
3145 2675 3202 2730 In
3232 2674 3474 2731 crastino

1897 2772 1952 2819 et
1994 2780 2091 2834 per
2147 2774 2311 2819 totam
2361 2766 2750 2820 hebdomadam
2805 2764 2901 2837 [f.,
2933 2762 3003 2837 si]
3048 2762 3195 2833 (264)
3247 2760 3473 2831 alicujus

1896 2859 2068 2912 sancti
2121 2856 2385 2913 feetivitas
2428 2859 2691 2921 evenerit,
2724 2858 2791 2912 de
2834 2867 3022 2911 sancto
3072 2864 3343 2910 cantetur.
3375 2854 3471 2909 Sin

1895 2960 2097 3010 autem,
2124 2949 2402 3002 matutina:
2439 2949 2690 3003 dicantur
2717 2963 2840 3002 cum
2870 2945 3092 3017 psalmis
3129 2943 3197 3018 [Ῑ.
3228 2945 3477 3000 lectioni-

152 3030 155 3031 '
214 3010 551 3069 Dominicatu
605 3015 660 3072 in
691 3030 797 3086 qua
847 3016 995 3088 (256)
1050 3019 1308 3083 historia,
1342 3018 1483 3073 Deus
1535 3020 1795 3084 omnium,

1901 3039 2000 3093 bus
2032 3037 2107 3110 et]
2142 3040 2517 3109 responsoriis.
2550 3039 2696 3109 (265)
2740 3010 2898 3093 Missa
2944 3038 2997 3092 in
3041 3010 3201 3092 terlia
3243 3037 3378 3091 feria
3406 3036 3473 3092 de

212 3111 506 3170 cantatur,
539 3103 689 3173 (257)
734 3107 904 3161 Actus
951 3108 1319 3178 apostolorum
1370 3108 1479 3182 74
1527 3109 1796 3181 legantur,

213 3192 409 3249 deinde
432 3193 557 3249 libri
592 3195 800 3266 Regum
834 3207 1158 3267 sequantur.

278 3307 336 3363 ln
361 3309 546 3380 vigilia
577 3310 928 3368 Pentecostes
957 3321 1016 3368 ut
1044 3314 1098 3367 in
1127 3313 1364 3370 Sabbato
1386 3314 1633 3380 Paschte,
1666 3316 1794 3370 abs-

209 3412 317 3468 que
364 3400 513 3455 cerei
551 3402 954 3464 benedictione,
985 3412 1039 3459 et
1066 3405 1308 3474 vesperis
1355 3404 1410 3459 in
1457 3406 1619 3459 missa
1652 3407 1796 3461 cele-

178 3486 417 3569 ‘bretnr.
448 3491 598 3557 (258)
620 3492 825 3548 Ortava
856 3495 987 3550 hora
1020 3496 1125 3550 diei
1155 3496 1383 3566 populus
1412 3497 1480 3551 ad
1501 3498 1792 3553 ecclesiam

209 3580 521 3636 conveniat.
551 3582 730 3638 Prima
777 3582 935 3639 lectio
972 3584 1206 3640 Tentavit
1234 3587 1373 3641 Deus
1413 3588 1587 3656 major
1628 3589 1790 3658 legat.
1840 3642 1843 3645 ,

208 3670 361 3727 lianc
387 3673 511 3728 ideo
549 3675 798 3745 sequitur
817 3686 1031 3740 cantus,
1054 3678 1180 3747 quia
1224 3693 1322 3748 per
1362 3678 1554 3744 iidem,
1581 3694 1700 3748 qua:
1724 3679 1789 3751 [Ῑ.

206 3763 335 3817 add.
376 3765 511 3838 prae]
557 3767 770 3822 caeteris
827 3765 894 3836 Π.
917 3769 1042 3822 add.
1086 3768 1165 3841 in]
1214 3768 1487 3824 Abraham
1520 3769 1788 3833 laudatur,

206 3858 536 3925 sempiterna
593 3859 780 3914 laetitia
829 3861 1151 3930 acquiritur.
1213 3861 1468 3926 Tractus,
1510 3860 1793 3916 Cantemus

209 3945 457 4013 Domino,
489 3964 520 4004 a
566 3949 781 4007 duobus
809 3951 1027 4007 clericis
1060 3961 1338 4020 cantetur;
1373 3961 1497 4022 post
1538 3953 1791 4009 sacerdos

204 4038 528 4103 orationem,
560 4039 723 4105 Deus,
749 4042 841 4112 qui
896 4044 951 4096 in
1004 4042 1229 4097 Abralue
1259 4043 1477 4112 famuli,
1512 4043 1660 4098 dicat
1691 4061 1705 4098 :
1737 4053 1795 4100 et

206 4128 499 4182 secundam
529 4129 841 4195 lectionem,
876 4132 1017 4186 Audi
1059 4131 1252 4197 Israel,
1290 4133 1485 4202 aliquis
1509 4133 1683 4200 major
1715 4133 1794 4189 le-

204 4227 311 4285 gat.
344 4218 581 4277 'lracttts
612 4223 838 4277 Attende
877 4224 1083 4287 coelum,
1125 4233 1179 4278 ut
1224 4226 1461 4295 primus,
1494 4233 1786 4280 cantetur:

203 4323 361 4377 quem
402 4313 599 4375 oratio,
633 4313 797 4377 Deus,
841 4314 931 4384 qui
970 4315 1119 4368 nobis
1154 4331 1246 4383 per
1268 4315 1640 4384 prophetarum
1669 4333 1787 4381 ora,

1899 3130 2123 3198 angelis,
2159 3141 2215 3185 et
2241 3133 2291 3184 in
2322 3131 2539 3186 cmtcris
2579 3131 2770 3185 diebus
2800 3132 2981 3185 missa:
3030 3130 3292 3186 instituta:
3319 3130 3372 3184 in
3402 3128 3472 3184 li-

1896 3219 1994 3273 bro
2021 3220 2253 3274 allii-iali.
2287 3221 2535 3275 Proxima
2571 3220 2851 3275 Dotuiuica
2875 3235 2995 3274 cum
3023 3233 3216 3273 novem
3247 3217 3470 3289 psalmis

1896 3311 1959 3366 et‘
1979 3311 2313 3379 autiphonis,
2344 3327 2466 3365 cum
2507 3323 2696 3363 novem
2730 3308 3049 3363 lectionibus
3080 3317 3135 3362 ct
3180 3321 3469 3376 responso-

1895 3403 1993 3456 riis
2028 3402 2334 3457 celebretur
2374 3402 2426 3456 in
2460 3402 2669 3457 honore
2717 3411 2917 3456 sancta:
2947 3398 3254 3461 Trinitatis,
3280 3398 3469 3452 eadem

1895 3494 2215 3548 celsitudine
2250 3509 2355 3563 qua
2387 3494 2503 3547 dies
2528 3491 2895 3555 ascensionis;
2938 3489 3030 3543 sed
3056 3487 3204 3562 (266')
3234 3485 3470 3556 Epistola

1895 3584 2103 3652 legatur
2153 3582 2268 3637 Vidi
2320 3585 2547 3649 ostium,
2595 3593 2651 3638 et
2702 3582 2834 3636 Erat
2875 3581 3028 3657 homo
3073 3597 3138 3634 ea:
3180 3578 3471 3632 Pharisteis

1892 3675 2264 3745 Evangeliutn.
2318 3675 2374 3729 In
2430 3676 2671 3743 crastino
2719 3673 2868 3745 (267)
2924 3672 3211 3740 incipiatur
3262 3669 3467 3740 Regum

1890 3780 2013 3820 cum
2058 3765 2171 3820 suis
2214 3766 2575 3835 responsoriis
2603 3764 2862 3829 historia,
2902 3773 2957 3819 et
2992 3762 3481 3833 Paralipomenon,»

1891 3871 2010 3925 quae
2057 3856 2265 3925 legatur
2298 3871 2469 3926 usque
2521 3857 2588 3909 ad
2630 3855 2899 3910 Kalendas
2941 3854 3165 3925 Augusti
3212 3870 3226 3906 :
3275 3860 3331 3908 et
3370 3866 3469 3923 per

1892 3955 2058 4001 totam
2090 3946 2479 4002 hebdomadam
2502 3956 2756 4001 cantetur
2798 3946 2965 4000 missa
3004 3943 3379 3999 Dominicalis.
3418 3942 3464 3997 A

1889 4036 2143 4092 Kalendis
2177 4036 2310 4106 ipsis
2339 4036 2477 4090 liber
2513 4035 2871 4091 Ecclesiastes
2897 4048 3065 4101 usque
3096 4034 3162 4085 ad
3194 4032 3464 4087 decimum

1888 4138 2135 4184 octavum
2158 4126 2426 4182 Kalendas
2449 4126 2806 4197 Septembris.
2832 4125 2912 4179 Ab
2943 4124 3058 4194 ipso
3080 4122 3166 4176 die
3195 4122 3333 4176 liber
3356 4123 3463 4193 77

1886 4219 1988 4276 Job
2019 4233 2188 4289 usque
2229 4219 2297 4273 ad
2339 4217 2649 4273 Kalendas:
2678 4225 2733 4271 et
2765 4232 2791 4268 a
2823 4214 3077 4269 Kalendis
3124 4211 3465 4282 Septembris

1889 4325 2060 4380 usque
2112 4311 2179 4364 ad
2223 4306 2456 4364 medium
2509 4322 2749 4363 mensem
2803 4306 2949 4374 (268)
2994 4306 3133 4360 liber
3176 4302 3358 4360 Tobiae
3408 4313 3466 4359 et

204 4413 479 4469 sequatur.
514 4403 644 4458 Item
692 4403 908 4475 legatur
942 4406 1336 4475 Apprehendent
1378 4417 1591 4475 septem,
1625 4407 1785 4462 tertia

1896 4400 2093 4454 Εειιτω.
2125 4401 2205 4453 ΑΙ)
2238 4400 2351 4471 ipsa
2389 4402 2500 4465 die,
2552 4413 2724 4469 usque
2776 4398 2841 4451 ad
2882 4396 3151 4451 Kalendas
3192 4393 3462 4458 Octobris,

203 4490 359 4546 lectio
384 4507 401 4547 :
431 4503 486 4547 et
516 4503 638 4564 post
668 4504 869 4559 tractu,
907 4492 1072 4549 Vinea
1109 4495 1270 4565 facta,
1298 4506 1538 4562 cantato,
1572 4498 1783 4553 dicatur

203 4581 340 4638 Deus
366 4585 455 4655 qui
481 4602 574 4640 nos
597 4586 667 4639 ad
696 4585 1061 4641 celebrandam
1090 4598 1417 4657 praesentem.
1455 4588 1630 4644 Finita
1660 4605 1786 4644 ora-

206 4671 366 4737 tione,
396 4684 594 4742 quarta
630 4689 761 4729 vero
794 4676 955 4731 lectio
983 4674 1260 4731 Nuntiarit
1315 4677 1521 4750 Moyses
1553 4681 1781 4749 legatur.

202 4760 430 4819 Tractus
458 4763 607 4819 Sicut
631 4782 834 4829 cerrus,
862 4776 918 4821 et
966 4768 1143 4822 oratio
1191 4780 1398 4836 postea,
1448 4769 1784 4839 Omnipotens

202 4857 529 4921 sentpilerne,
561 4857 725 4919 Deus,
769 4859 860 4928 qui
903 4860 1041 4913 hanc
1067 4860 1467 4926 solemnitatem,
1499 4871 1780 4931 sequatur.

203 4941 324 4998 Post
353 4955 528 5000 totum
557 4944 801 5013 ofﬁcium
847 4957 906 5002 ut
936 4949 993 5003 in
1043 4948 1284 5006 Sabbato
1309 4949 1374 5022 [Ι.
1409 4949 1623 5021 sancto]
1658 4965 1782 5020 per-

200 5047 419 5106 agatur;
453 5040 547 5094 sed
576 5047 635 5093 et
663 5039 838 5107 Agnus
870 5040 988 5107 Dei,
1016 5052 1070 5097 et
1094 5045 1405 5099 communio
1432 5053 1702 5106 cantetur,
1727 5050 1783 5096 et

198 5126 341 5197 (259)
390 5145 496 5199 pax
556 5130 880 5198 accipiatur.
927 5131 983 5186 ln
1027 5136 1272 5204 vesperis
1328 5144 1519 5190 cantor
1560 5133 1782 5187 indutus

195 5218 419 5276 chorum
453 5228 636 5290 regat,
668 5221 1066 5286 responsorium
1098 5240 1128 5278 a
1159 5223 1368 5278 duobus
1408 5207 1621 5278 clericis
1648 5236 1781 5290 cap-

190 5312 356 5382 patis.
392 5311 616 5367 scilicet
669 5310 1030 5379 Apparuerunt
1058 5316 1167 5386 75
1197 5324 1479 5381 cantetur,
1530 5323 1587 5367 et
1614 5313 1779 5367 iidem

1889 4492 2082 4547 Esther
2109 4500 2160 4547 et
2210 4491 2416 4556 Judith,
2439 4502 2496 4545 et
2524 4490 2592 4545 ab
2621 4491 2748 4561 ipsis
2774 4488 3030 4544 Kalendis
3077 4488 3212 4544 liber
3248 4486 3467 4543 Macha-

1886 4583 2124 4638 bazorum
2163 4597 2333 4652 usque
2368 4583 2435 4636 ad
2484 4581 2754 4636 Kalendas
2792 4579 3111 4635 Novembris
3155 4596 3170 4633 :
3208 4594 3239 4634 a
3266 4578 3465 4650 quibus

1886 4688 2058 4743 usque
2111 4674 2178 4729 ad
2224 4675 2513 4729 adventum
2547 4672 2819 4737 Ezechiel,
2871 4671 3056 4726 Daniel
3099 4679 3154 4725 et
3181 4669 3464 4731 duodecim

1885 4766 2290 4835 prophetarum.
2318 4766 2400 4820 Ab
2427 4766 2544 4837 ipso
2583 4774 2846 4833 tempore,
2874 4779 2982 4834 quo
3006 4760 3301 4816 celebratio
3337 4774 3466 4813 san-

1887 4863 1955 4909 tte
1979 4854 2280 4917 Trinitatis,
2303 4869 2475 4925 usque
2501 4854 2568 4907 ad
2602 4853 2906 4908 Adventum
2940 4850 3173 4914 Domini,
3205 4850 3258 4904 in
3282 4849 3468 4903 Domi-

1885 4942 2022 4998 nicis
2041 4952 2096 4996 et
2137 4942 2418 4998 ferialibus
2447 4943 2640 5000 diebus
2668 4940 2803 4996 ordo
2845 4937 3250 4996 ecclesiasticus
3274 4950 3468 4990 serve-

1885 5042 1976 5087 tur
2023 5044 2080 5086 ut
2110 5047 2274 5102 supra
2307 5032 2449 5090 inter
2500 5039 2753 5087 octavum
2784 5029 2926 5103 (scil.
2955 5026 3122 5099 diem]
3147 5025 3471 5096 Epiphaniae

1884 5134 1936 5181 et
1966 5124 2428 5195 Septuagesimum
2452 5123 2898 5198 praenotavimus,
2924 5126 3153 5189 excepto
3177 5116 3318 5187 quod
3345 5123 3474 5184 post

1881 5229 2137 5284 vespa-ras
2175 5222 2428 5272 cantetur
2454 5210 2636 5286 vigilia
2695 5221 3061 5272 mortuorum,
3084 5214 3139 5262 et
3165 5203 3313 5276 (269)
3346 5211 3473 5273 post

1882 5303 2176 5359 matutinas
2223 5312 2434 5361 tantum
2466 5301 2654 5360 laudes
2708 5299 3113 5356 defunctorum.
3144 5295 3221 5351 Ad
3246 5306 3470 5363 proces—
