4016 5386
484 309 554 367 59

1551 312 1838 371 JOANNIS
1873 312 2310 374 ARCHIEPISC.
2352 318 2706 379 ROTOMAG.

3684 321 3753 377 σο

483 425 749 490 divertat;
783 423 878 480 sed
903 422 1054 482 nnita
1081 422 1465 496 processionali
1516 424 1838 494 antiphona,
1868 433 2065 481 cantor
2090 403 2144 464 Α
2170 424 2300 490 rari,
2335 427 2428 481 sed
2454 430 2723 500 praecipue
2764 428 2916 493 illud,
2951 442 3058 499 quo
3082 428 3344 484 Dominus
3373 439 3560 487 noster
3592 431 3753 487 Jcsus

487 515 834 586 antiphonam
887 525 982 571 aut
1039 514 1438 586 responsorium
1485 514 1728 584 incipiat,
1769 514 1909 586 quod
1941 524 2064 570 ante

489 620 706 661 crucem
765 606 936 661 finiat.
971 605 1095 660 Inde
1125 614 1460 662 revertentes
1490 605 1558 660 ad
1582 605 1832 671 chorum,
1864 606 2061 670 sancti,

489 695 645 764 cujus
666 696 894 753 ecclesia
921 694 1106 761 fuerit,
1138 695 1434 765 antiphona
1462 704 1740 762 cantetur,
1761 703 1816 751 et
1848 695 1928 751 sic
1957 703 2068 751 ter-

490 787 564 842 tia
596 787 830 853 dicatur,
859 795 913 842 et
940 783 1173 842 oﬂicium
1201 785 1309 841 diei
1343 775 1698 857 compleatur.

559 879 807 944 Quatuor
835 887 1077 948 tempora
1108 885 1166 932 ut
1217 885 1429 948 tempus
1459 877 1898 948 Quadragesima:
1927 876 2070 934 cele-s

492 967 737 1022 hrcntur.
765 966 820 1020 ln
848 965 1091 1022 Sabbato.
1111 976 1292 1022 autem
1317 968 1532 1037 quando
1558 968 1668 1038 78
1690 968 1912 1023 ordines
1935 970 2070 1022 dan-

495 1065 602 1121 tur,
654 1065 847 1118 cantor
901 1055 1126 1110 chorum
1162 1064 1334 1126 regat.
1364 1055 1448 1110 Ad
1484 1071 1918 1126 unamquamque
1942 1070 2068 1110 orae

495 1137 718 1212 tionem,
743 1155 942 1216 prmter
970 1148 1238 1214 ultimam,
1284 1148 1549 1203 diaconus
1577 1147 1874 1202 Flectamus
1902 1164 2071 1217 genua

495 1237 660 1302 dicat,
703 1237 910 1292 scilicet
967 1237 1257 1293 lectionem
1310 1239 1474 1293 trium
1518 1253 1836 1308 puerorum,
1866 1238 1956 1306 qui
1986 1252 2073 1291 so-

493 1331 600 1384 lum
632 1331 798 1384 Deum
830 1330 1143 1393 adorantes,
1197 1345 1381 1385 coram
1430 1339 1608 1385 statua
1645 1329 2074 1384 Nabuchodono-

493 1438 584 1476 sor
630 1436 768 1492 genu
805 1422 1022 1476 ﬂectere
1067 1430 1412 1491 respuerunt.
1475 1422 1887 1491 (271)Ultimam
1913 1421 2074 1476 benc-

495 1512 661 1580 dictio
707 1527 811 1566 non
861 1512 1106 1581 sequitur
1136 1512 1282 1583 (279.)
1316 1521 1533 1581 propter
1585 1511 1880 1566 Dominica:
1901 1511 2076 1565 noctis

494 1606 780 1668 honorem,
816 1604 868 1657 in
898 1619 1002 1673 qua
1027 1604 1144 1674 ipsa
1169 1605 1255 1659 die
1279 1604 1514 1658 officium
1545 1604 1723 1658 missa:
1748 1602 2073 1672 completur.

496 1695 634 1764 Quia
700 1708 831 1748 vero
897 1704 1131 1762 quatuor
1176 1693 1482 1757 elementis,
1517 1693 1725 1749 scilicet
1752 1694 1892 1762 igne,
1925 1707 2075 1758 aere,

497 1795 645 1840 terra
697 1793 752 1840 et
783 1800 921 1854 aqua
971 1786 1343 1850 subsistimus,
1393 1786 1612 1856 dignum
1644 1793 1728 1842 est
1756 1783 2080 1850 thnatuor

496 1875 828 1946 Tcmpornm
849 1875 1039 1947 jejunii
1068 1879 1434 1932 maceratione
1465 1878 1645 1932 omnia
1683 1876 1926 1948 corporis
1953 1875 2081 1928 vitia

500 1975 803 2036 temporum
852 1969 1135 2023 varietatis
1180 1969 1651 2024 administratione
1689 1968 1742 2022 in
1782 1967 1937 2022 nobis
1958 1966 2080 2037 pul-

500 2056 726 2112 lulantia
760 2074 1088 2115 resecemus.
1133 2059 1201 2114 Et
1231 2062 1407 2115 trihus
1435 2061 1626 2115 diebus
1660 2059 2084 2129 unumquodque

492 2147 764 2218 jejunium
793 2149 1022 2205 colimus
1049 2167 1064 2216 ;
1098 2151 1225 2220 quia
1257 2160 1369 2206 toto
1389 2153 1574 2214 corde,
1603 2160 1710 2205 tota
1741 2149 1945 2214 anima,
1973 2158 2083 2204 tota

499 2241 722 2306 virtute,
781 2240 980 2310 quibus
1019 2250 1265 2297 sanctam
1315 2241 1660 2303 Trinitatem.
1699 2257 1864 2296 unum
1889 2240 2080 2306 Deum,

501 2345 567 2386 eo.
593 2330 842 2396 docente,
893 2330 1122 2402 diligere
1141 2331 1418 2401 juhemur,
1459 2346 1558 2386 nos
1593 2331 1679 2387 his
1722 2339 1957 2400 quatuor
1979 2330 2088 2385 elc-.

501 2421 703 2477 mentis
725 2421 1086 2478 subsistentes
1133 2423 1186 2477 in
1212 2422 1552 2493 benepl-acito
1575 2437 1674 2477 suo
1710 2435 1899 2492 regere
1923 2421 2086 2476 debe-

405 2577 412 2584 ,
503 2527 646 2569 mus.
676 2511 830 2580 Quod
856 2513 986 2583 quia
1007 2529 1116 2570 non
1143 2514 1350 2584 absque
1373 2528 1433 2567 re
1461 2511 1522 2566 lit
1545 2515 1690 2583 quod
1715 2513 1947 2582 primum
1976 2511 2087 2580 pri-

505 2619 595 2666 ma
642 2603 867 2662 Sabbati
910 2605 1071 2676 primi
1106 2605 1330 2670 mensis,
1362 2606 1656 2661 secundum
1687 2604 1919 2664 secunda
1951 2602 2090 2659 Sab-.

503 2696 618 2754 bati
648 2695 852 2766 quarti,
886 2695 1116 2756 tertium
1135 2696 1294 2751 tertia
1341 2695 1564 2751 Sabbati
1593 2694 1807 2763 septimi
1837 2693 2083 2748 celebra-

505 2799 630 2856 tur;
667 2797 923 2859 quartum
974 2802 1105 2844 vero
1134 2802 1241 2844 non
1297 2788 1352 2842 in
1388 2795 1582 2856 quarta
1611 2786 1833 2842 Sabbati
1866 2785 2083 2851 decimi,

507 2880 565 2937 in
612 2895 719 2950 qua
775 2878 1044 2935 Nativitas
1099 2878 1312 2936 Domini
1362 2877 1691 2940 celebratur,
1732 2876 1826 2930 sed
1873 2874 1942 2930 ob
1971 2874 2089 2942 ejus

509 2972 876 3029 reverentiam
931 2971 986 3026 in
1028 2970 1352 3040 praecedenti
1401 2968 1621 3032 colitur,
1676 2974 1736 3020 ut
1781 2965 1834 3019 in
1892 2964 2090 3018 divinis

2168 515 2416 571 Christus
2459 532 2642 572 secum
2679 532 2798 572 eam
2843 518 2895 573 in
2946 534 3101 575 suum
3149 519 3513 576 clarissimum
3551 522 3754 576 Solium

2167 607 2491 661 transvexit.
2523 605 2580 661 In
2613 607 2795 675 vigilia
2852 609 2985 662 hora
3031 623 3174 663 nona
3208 609 3371 662 missa
3405 609 3595 663 festive
3629 626 3755 666 cum

2167 710 2274 749 una
2299 711 2466 765 cappa
2498 697 2548 750 in
2580 697 2749 752 choro
2798 697 3122 754 celebretur.
3151 698 3564 770 Omnis-jejunet
3586 718 3759 772 popu—

2170 785 2273 840 lus.
2305 787 2361 840 ln
2390 788 2494 841 hac
2524 787 2688 858 igitur
2735 787 3028 844 festivitate
3078 790 3228 860 (276)
3255 791 3309 845 ἰη
3340 793 3586 862 vesperis
3619 793 3760 848 bime

2171 884 2226 930 et
2253 875 2392 930 bime
2422 875 2708 944 pulsentur
2764 893 3060 947 campanae.
3088 877 3146 932 ln
3177 881 3504 949 vespertinis
3531 878 3760 952 psalmis

2170 965 2410 1036 quinque
2437 967 2747 1036 antiphonm
2786 977 3091 1023 cantentur.
3131 967 3383 1038 Capitqu
3427 971 3576 1026 dicto
3606 972 3759 1042 (277)

2172 1058 2574 1126 responsorinm
2603 1059 2708 1112 duo
2737 1059 2951 1126 cappati
2983 1068 3201 1124 canant,
3235 1068 3290 1114 ct
3326 1060 3486 1115 iidem
3518 1078 3585 1117 ex
3612 1071 3772 1116 utra-.

2171 1164 2276 1218 que
2327 1161 2481 1217 parte
2535 1149 2762 1203 chorum
2788 1158 2974 1218 regant
3025 1165 3146 1204 cum
3178 1159 3424 1216 cantorc,
3454 1152 3629 1208 donec
3656 1155 3764 1208 Do-

2172 1241 2380 1294 minum
2435 1240 2776 1295 benedicant.
2819 1240 3062 1310 Hymnus
3095 1241 3348 1307 dicatur;
3389 1258 3512 1297 cum
3552 1243 3766 1298 duobus

2176 1331 2465 1387 tlmribulis
2508 1331 2678 1385 altare
2719 1331 3050 1385 incensetur.
3109 1329 3417 1401 Magni/ient
3469 1347 3593 1386 cum
3624 1333 3766 1385 trina

2175 1423 2486 1492 antiphonae
2511 1423 2832 1492 repetitione
2887 1423 3120 1476 dicatur.
3150 1421 3206 1475 ln
3241 1423 3639 1476 matutinornm
3667 1423 3769 1475 ini-

2180 1514 2254 1567 tio
2274 1528 2464 1568 omnes
2486 1525 2762 1580 campanae
2810 1510 3111 1570 pulsentur.
3143 1510 3388 1577 Quatuor
3413 1511 3601 1565 clerici
3628 1512 3772 1565 invi-

2181 1607 2436 1660 tatorium
2463 1615 2704 1670 cantent,
2733 1604 2846 1659 bini
2880 1605 3305 1673 unumquodque
3334 1604 3766 1674 responsorium.

2182 1695 2328 1764 (278)
2356 1694 2622 1748 Diaconus
2640 1707 2806 1762 cappa
2831 1692 3050 1747 indutus
3070 1708 3192 1746 cum
3207 1693 3555 1761 processione
3574 1702 3772 1763 pergat

2184 1785 2250 1838 ad
2272 1782 2731 1853 pronuntiandum
2757 1781 3108 1850 Evangelium
3135 1795 3150 1834 :
3175 1783 3437 1846 secundo,
3473 1790 3527 1836 ct
3553 1782 3769 1851 quinto,

2182 1881 2440 1928 eloctavo
2461 1871 2608 1943 [add~.
2627 1870 3017 1943 responsorio],
3035 1872 3168 1924 etad
3198 1870 3267 1924 Te
3291 1871 3457 1925 Deum
3477 1873 3771 1925 laudamus

2183 1967 2355 2021 altare
2381 1967 2711 2020 incensetur.
2746 1965 2798 2018 ln
2831 1973 2976 2019 noct.
3010 1973 3062 2018 et
3088 1972 3220 2020 mat.
3271 1965 3458 2035 hymni
3491 1964 3788 2026 dicanture

2182 2059 2263 2112 Ad
2285 2058 2598 2112 Benedictus
2629 2057 2924 2128 antiphona
2951 2065 3034 2111 ter
3061 2065 3362 2126 repetatur.
3392 2056 3521 2110 Post
3547 2056 3774 2110 tertiam

2182 2148 2288 2217 81
2320 2147 2387 2201 ad
2421 2145 2821 2215 processionem
2850 2145 2903 2200 in
2952 2144 3224 2210 claustro,
3261 2154 3355 2198 aut
3381 2144 3472 2199 ubi
3506 2143 3784 2210 defuerit,

2185 2239 2239 2293 in
2265 2237 2494 2293 circuitu
2529 2236 2776 2292 ecclesiae
2809 2244 3054 2307 pergant.
3083 2233 3326 2291 Ollicinm
3363 2236 3546 2290 missa:
3576 2233 3778 2289 festive

2185 2329 2507 2385 celebretur.
2540 2327 2687 2398 (279)
2710 2325 2914 2383 Omnes
2963 2326 3147 2382 clerici
3192 2342 3290 2397 pro
3319 2341 3479 2396 posse
3523 2323 3779 2381 ecclesia:

2186 2421 2501 2484 induantur,
2545 2427 2602 2473 et
2631 2419 2798 2472 missa
2838 2432 2960 2473 cum
2994 2416 3149 2471 laude
3175 2425 3229 2472 et
3253 2416 3538 2485 sequentia
3579 2415 3778 2470 festive

2186 2508 2511 2564 celebretur.
2543 2505 2690 2578 (280)
2713 2505 2928 2570 Clerus,
2950 2514 3006 2559 et
3031 2505 3117 2559 cui
3149 2520 3215 2560 ex
3246 2504 3447 2575 populo
3480 2503 3788 2574 placuerit,

2185 2597 2635 2652 conmmnicetur.
2673 2595 2784 2650 Diei
2818 2608 3056 2664 vespera:
3084 2594 3214 2648 fiant
3243 2603 3300 2647 ut
3326 2593 3543 2662 vigilite.
3570 2591 3780 2648 Omnes

2187 2703 2316 2757 ergo
2351 2687 2467 2742 dies
2506 2702 2678 2756 usque
2705 2687 2771 2740 ad
2799 2694 3049 2740 octavum
3078 2699 3229 2738 more
3259 2684 3582 2739 Dotninicali
3626 2683 3781 2739 cele-

2187 2779 2438 2840 brentur,
2481 2784 2709 2844 excepto
2739 2775 2881 2843 quod
2912 2773 3062 2842 (281)
3107 2773 3160 2826 in
3211 2773 3496 2828 nocturnis
3541 2782 3784 2842 quatuor-

2189 2867 2445 2922 lectiones
2492 2866 2756 2935 legantur.
2831 2864 2901 2916 Te
2951 2862 3117 2916 Deum
3164 2861 3450 2917 laudamus
3503 2871 3780 2918 cantetur.

2191 2955 2314 3008 Dies
2353 2963 2580 3008 octavus
2626 2963 2687 3007 ut
2715 2950 3013 3022 apostolica
3038 2950 3176 3006 festa
3203 2951 3536 3006 celebretur.
3572 2952 3783 3008 Eodem

509 3072 824 3120 sanctorum
863 3061 1084 3116 Patrum
1113 3059 1326 3129 paginis
1358 3057 1650 3126 reperitur,
1681 3055 1747 3109 ad
1777 3053 2087 3108 evitandum
2115 3073 2163 3135 ο
2194 3043 2353 3135 modo
2381 3052 2433 3097 et
2457 3042 2708 3096 nativitas
2731 3041 2990 3135 ejusdem,
3039 3041 3445 3135 et-puriti-catio,
3481 3051 3537 3097 et
3566 3059 3788 3135 annun-

511 3151 789 3206 fastidium
840 3158 1028 3205 nostro
1069 3149 1219 3218 Operi
1293 3148 1532 3200 inserere
1559 3144 1669 3215 79
1706 3143 2008 3198 omisimus.
2032 3139 2088 3194 In

511 3241 600 3295 his
627 3239 808 3307 itaque
834 3237 1192 3306 temporibus,
1211 3236 1264 3290 in
1294 3234 1549 3290 Sahbatis
1564 3241 1686 3303 post
1704 3245 1922 3294 nonam,
1941 3228 2089 3298 (275)

514 3331 568 3384 in
622 3331 787 3384 missa
841 3326 1192 3395 vespertinali
1241 3324 1460 3396 quidem
1501 3325 1657 3388 hora,
1707 3335 1827 3390 quas
1852 3332 1980 3389 pars
2007 3326 2094 3372 est

516 3419 814 3474 Dominica:
866 3415 1306 3478 resurrectionis,
1363 3428 1395 3468 a
1453 3415 1616 3468 beato
1665 3411 1846 3466 Leone
1882 3423 2097 3463 summo

515 3509 791 3581 pontifice,
819 3507 1142 3576 cteterisque
1162 3505 1366 3562 sanctis
1380 3504 1655 3568 Patribus,
1693 3500 1943 3556 ordinum
1964 3516 2097 3554 con-.

515 3599 752 3658 sccratio
775 3597 891 3653 fieri
911 3597 1288 3658 constituitur,
1317 3609 1439 3664 qua:
1457 3592 1657 3664 jejunis
1685 3607 1713 3644 a
1726 3589 2092 3659 jejnnantibus

516 3689 846 3749 conferatur.
901 3686 1048 3758 (274)
1103 3687 1243 3742 Ante
1279 3698 1478 3739 nonam
1517 3695 1648 3736 vero
1675 3680 1788 3734 fieri
1823 3694 1974 3732 sacra
1999 3693 2100 3734 δυο,

515 3788 770 3845 ctoritate
795 3784 1136 3855 prohibetur.
1177 3781 1246 3837 Et
1278 3781 1474 3836 iterum
1509 3775 1930 3844 unumquodque
1958 3781 2093 3828 tem—

515 3893 618 3948 pus
646 3878 818 3931 tribus
863 3875 1056 3930 diebus
1077 3872 1405 3944 jejunamus,
1470 3867 1614 3938 quod
1642 3865 1816 3921 tribus
1844 3863 2095 3919 consistit

517 3968 817 4024 mensibus.
843 3965 991 4037 (275)
1039 3965 1096 4018 In
1118 3963 1206 4018 die
1240 3976 1371 4018 vero
1397 3959 1674 4017 Dominica
1717 3956 2092 4026 episcoporum

517 4056 790 4111 ordinatio
817 4055 1138 4111 celebretur.
1174 4052 1230 4106 ln
1260 4053 1373 4122 ipsa
1398 4049 1542 4105 enim
1576 4055 1794 4103 creatus
1813 4054 1868 4098 et
1884 4045 2094 4098 redem-

517 4159 643 4220 plus
668 4157 754 4204 est
781 4146 1044 4211 mundus;
1086 4145 1140 4199 in
1181 4143 1294 4212 ipsa
1323 4156 1486 4209 super
1514 4136 1789 4206 apostolos
1815 4133 2095 4188 descendit

519 4241 757 4311 Spiritus
781 4246 1022 4293 sanctus.
1057 4230 1492 4298 Unumquodque
1523 4225 1741 4296 gradale
1769 4237 1908 4276 unus
1937 4221 2096 4274 cleri-

517 4345 614 4385 cus
638 4337 762 4383 ante
790 4327 960 4380 altarc
998 4330 1178 4378 canat.
1208 4316 1654 4388 Responsorium,
1689 4311 2009 4375 Benedicite,
2041 4318 2096 4365 et

518 4427 726 4474 tractus
757 4431 786 4470 a
816 4415 960 4468 binis
1008 4410 1226 4466 clericis
1267 4415 1542 4472 cantetur,
1599 4411 1654 4458 et
1677 4405 1730 4458 in
1765 4402 1870 4456 line
1893 4401 2089 4463 missae,
2122 4436 2172 4494 Β

518 4509 813 4563 Humiliate
833 4504 1028 4573 capita,
1063 4516 1166 4555 non
1201 4499 1434 4552 dicatur.
1501 4495 1741 4562 Quatuor
1769 4492 2089 4558 Tempornm

518 4602 572 4654 in
598 4607 791 4668 quarta
822 4596 954 4650 feria
983 4593 1101 4648 dure
1140 4590 1403 4644 lectiones
1442 4585 1724 4655 leguntur;
1755 4580 2011 4650 quoniam
2036 4579 2092 4632 hi

518 4691 612 4760 qni
663 4685 950 4742 ordinandi
1009 4690 1152 4746 sunt,
1181 4689 1241 4735 ut
1269 4678 1518 4734 notitiam
1547 4675 1681 4746 legis
1717 4683 1773 4730 et
1801 4673 2092 4743 prOpheta-

518 4796 637 4834 rum
666 4777 919 4840 habeant,
947 4771 1226 4828 admoneri
1248 4770 1468 4835 debent,
1490 4777 1543 4824 et
1565 4765 1857 4821 secundum
1881 4769 2094 4832 aposto-

519 4870 630 4924 lum
658 4866 866 4937 fulgere
894 4863 1137 4919 doctrina
1161 4867 1216 4916 et
1241 4872 1494 4915 sermone
1519 4854 1567 4924 (Ι
1598 4854 1731 4908 Tim.
1758 4867 1814 4916 v,
1841 4851 1948 4919 17).

727 4975 817 5031 DE
854 4967 1418 5030 FESTIVITATIBUS
1443 4960 1884 5022 SANCTORUM.

587 5069 814 5141 Oportet
841 5080 940 5120 nos
963 5061 1284 5118 festivitates
1303 5065 1617 5114 sanctorum
1641 5054 1950 5108 discernere
1964 5065 2100 5120 qua-

517 5165 641 5219 liter
670 5158 1035 5218 celebrentur,
1079 5167 1149 5208 ne
1174 5151 1284 5206 sint
1310 5147 1466 5204 nobis
1491 5143 1808 5206 fastidiosae,
1839 5141 1884 5195 si
1913 5153 2098 5208 super-
2124 5163 2125 5166 η

518 5253 616 5274 η..-
660 5269 676 5274 -
698 5253 893 5274 νΑε---...-.
939 5256 1026 5274 ιιι..

1057 5245 1098 5274 ..ς
1127 5242 1286 5274 ..ςιηιο
1309 5229 1600 5274 patinas-nnc
1657 5248 1844 5274 anu-nm
1873 5230 2098 5274 invnmi-

2198 3133 2383 3198 tiatio,
2435 3142 2492 3188 et
2546 3133 2751 3195 sancti,
2795 3131 2950 3200 cujus
2993 3129 3223 3185 ecclesia
3275 3130 3472 3186 fuerit.
3522 3141 3582 3186 et
3631 3130 3789 3196 (282)

2194 3225 2434 3279 omnium
2485 3231 2796 3278 sanctorum
2833 3239 2852 3272 ι
2891 3220 2984 3276 sed
3033 3229 3088 3274 et
3135 3219 3254 3274 alia:
3289 3220 3408 3288 ejus
3453 3221 3790 3278 festivitates

2195 3315 2400 3382 absque
2423 3312 2618 3382 vigiliis
2643 3320 2699 3366 et
2720 3311 2942 3373 octavis,
2981 3318 3033 3364 et
3061 3310 3237 3363 sancti
3269 3309 3515 3376 ejusdem
3547 3313 3738 3383 vigilia
3773 3353 3788 3375 ,

2195 3406 2241 3460 si
2265 3403 2550 3460 confessor
2587 3401 2785 3466 fuerit,
2811 3400 3051 3455 omnium
3077 3408 3390 3458 sanctorum
3409 3441 3425 3465 ,
3457 3405 3700 3459 octavis.
3730 3405 3798 3460 1η

2195 3493 2436 3548 crastino
2482 3491 2722 3548 omnium
2766 3499 3076 3548 sanctorum
3119 3489 3212 3548 fiat
3243 3489 3437 3547 festiva
3478 3494 3794 3550 celebratio

2195 3583 2435 3639 omnium
2496 3590 2861 3643 mortuorum,
2908 3579 2960 3631 in
3015 3591 3120 3644 qua
3180 3577 3330 3647 (285)
3381 3594 3492 3636 non
3567 3584 3802 3638 dicatur.

2196 3674 2430 3743 hymnus
2458 3680 2551 3725 aut
2573 3667 2961 3724 invitatoriam.
2985 3666 3100 3719 Bini
3129 3665 3310 3721 clerici
3335 3677 3565 3724 cantent
3593 3687 3797 3728 unum-

2197 3764 2452 3834 quodque
2477 3759 2892 3830 \responsorium
2924 3775 2937 3813 :
2970 3756 3118 3827 (284)
3150 3756 3256 3810 duo
3287 3768 3480 3827 regant
3513 3762 3792 3828 chorum,

2196 3858 2302 3912 duo
2349 3853 2562 3925 cappati
2595 3851 2840 3921 gradale,
2869 3858 3100 3918 quatuor
3125 3856 3344 3902 cantent
3374 3858 3637 3906 tractmn.
3671 3855 3794 3908 Μελ--

2198 3944 2405 4011 ιυιὶηω,
2437 3952 2490 3998 et
2523 3940 2670 4012 (285)
2698 3940 2844 3994 hora:
2872 3937 2974 3991 diei
3006 3936 3312 3991 nullomodo
3344 3943 3803 4007 praetermittam.

2197 4044 2302 4095 tur,
2353 4033 2446 4088 sed
2503 4032 2602 4085 has
2649 4027 2913 4084 ferialiter
2955 4026 3126 4079 dictas
3174 4028 3379 4094 agenda
3436 4041 3792 4087 mortuorum

2197 4124 2392 4178 fcstiva
2443 4128 2719 4189 sequatur.
2762 4117 2944 4171 Prima
2976 4116 3140 4178 dicta,
3167 4123 3278 4171 tres
3311 4118 3532 4186 psalmi,
3575 4123 3798 4176 scilicet

2195 4212 2280 4266 Ad
2328 4210 2607 4264 Dominum
2652 4207 2760 4275 82
2806 4221 2922 4258 cum
2967 4204 3266 4268 tribularer,
3300 4203 3510 4272 Levavi,
3548 4208 3795 4264 Lanatus

2196 4317 2338 4364 sum,
2368 4301 2419 4354 in
2449 4309 2576 4353 tono
2601 4297 2866 4358 dicantur,
2896 4303 2950 4348 et
2975 4307 3128 4348 versu
3162 4292 3340 4355 dicto,
3390 4294 3561 4365 Kyrie
3589 4299 3795 4352 eleison

2197 4398 2472 4446 cantetur.
2505 4386 2762 4443 Oratione
2806 4383 3084 4437 Dominica
3118 4382 3269 4435 finita
3297 4397 3421 4436 cum
3452 4385 3636 4454 primo
3669 4398 3794 4442 tan-

2204 4494 2317 4537 tum
2347 4496 2465 4550 cap.
2498 4477 2744 4548 Requiem
2775 4483 3046 4536 wternam,
3066 4473 3241 4525 oratio
3267 4483 3550 4540 sequatur.
3583 4475 3796 4529 Eodem

2202 4573 2362 4633 modo
2391 4572 2444 4625 in
2467 4568 2678 4638 ctu-teris
2704 4565 2873 4628 horis,
2900 4561 3142 4631 exceptis
3177 4560 3241 4630 υ.
3274 4563 3538 4632 vcspcris]
3583 4573 3641 4618 et
3674 4583 3799 4618 ina-

2204 4662 2413 4718 tutinis.
2462 4661 2516 4713 In
2560 4658 2744 4719 tertia,
2781 4655 2860 4707 Ad
2896 4665 2944 4706 te
2971 4651 3162 4713 levavi,
3197 4649 3318 4703 Nisi
3347 4653 3472 4720 quia
3501 4653 3796 4721 Dominus,

2203 4730 2310 4822 Qui
2334 4753 2627 4819 conﬁdunt,
2644 4745 2939 4802 versiculus
2957 4744 3059 4798 erit
3078 4759 3089 4792 :
3109 4743 3148 4792 Α
3166 4752 3316 4810 porta
3339 4742 3520 4809 inferi.
3537 4744 3594 4797 lu
3611 4759 3797 4809 sexta,

2204 4846 2270 4900 In
2330 4841 2692 4902 convertenda,
2748 4838 2869 4890 Nisi
2914 4834 3167 4888 Dominus
3221 4833 3601 4900 a'di/icaccrit,
3646 4837 3800 4891 Beati

2205 4949 2405 4997 omnes,
2436 4932 2490 4998 ὲ.
2549 4929 2673 4983 Non
2718 4928 2878 4978 intres
2919 4923 2974 4975 in
3017 4920 3301 4989 judicium.
3349 4921 3407 4974 ln
3439 4938 3610 4988 nona,
3645 4924 3804 4996 Sicpe

2207 5029 2652 5093 expugnaverunt,
2674 5017 2751 5070 De
2769 5013 3068 5085 profundis,
3088 5011 3326 5072 Domine,
3357 5029 3462 5066 non
3483 5024 3586 5079 est,
3616 5020 3770 5071 versi
3784 5047 3804 5058 -

2206 5113 2360 5168 culus
2395 5129 2408 5164 :
2440 5110 2507 5163 In
2549 5105 2802 5162 memoria
2848 5112 3064 5157 (eterna.
3105 5099 3255 5169 (286)
3303 5099 3359 5152 ln
3404 5103 3803 5170 complctorio,

2208 5203 2348 5257 Deus
2371 5202 2698 5258 misereatur,
2724 5193 2864 5247 Deus
2887 5192 2941 5245 in
2966 5189 3308 5258 adjutorium.
3325 5187 3576 5255 Domine,
3599 5195 3807 5247 exaudi
