4016 5386
197 345 256 402 ιιι
323 388 328 393 .
1269 346 1467 403 LIBER
1505 345 1595 401 ns
1624 344 1904 403 ornans
1931 345 2491 409 sccccsms'ncrs.
2534 325 2537 329 ’
3387 361 3457 417 6?.

201 455 432 522 chaelis,
473 464 533 513 et
560 455 731 511 sancti
763 454 976 512 Martini
1002 455 1266 527 depositio
1285 497 1300 522 ,
1330 472 1436 513 uno
1464 462 1622 511 modo
1646 456 1786 512 cele-
1811 451 1858 501 Λ
1889 457 2196 515 induantur.
2252 462 2517 520 Diaconus
2569 464 2854 521 dalmatica
2878 507 2891 532 ,
2940 466 3049 538 85
3098 470 3456 530 subdiaconus

201 548 452 603 brentur.
499 547 557 602 ln
616 547 701 602 his
743 545 1177 602 solemnitatibus
1222 561 1499 617 campanae
1540 547 1678 600 bina:
1729 555 1784 600 et

201 638 343 694 bina:
388 637 988 707 pulsentur:.quinque
1037 636 1229 706 psalmi
1281 637 1333 691 in
1373 636 1613 706 vesperis
1659 651 1781 690 cum

201 745 307 786 una
339 730 643 798 antiphona
674 738 878 784 tantum
904 737 1208 784 cantentur.
1235 728 1653 798 Responsorium
1678 729 1784 784 duo

203 818 418 887 cappati
471 825 685 877 canant,
731 816 819 885 qui
868 825 1051 886 postea
1099 817 1324 872 chorum
1373 827 1584 887 regant,
1617 817 1785 870 donec

202 910 495 970 Dominum
523 907 860 963 benedicant.
890 907 1024 962 Cum
1062 923 1170 963 uno
1194 909 1467 963 tlmribulo
1496 909 1671 964 altare
1702 910 1784 962 in-

202 1006 488 1052 censetur.
532 996 682 1067 (288)
725 996 1096 1050 lnvilatorium
1129 998 1182 1051 in
1214 999 1498 1052 matutinis
1534 1013 1563 1051 a
1613 1000 1787 1054 tribus

200 1086 419 1140 clericis
455 1094 726 1140 cantetur.
773 1085 1130 1154 Responsoria
1161 1087 1272 1144 bini
1311 1095 1365 1142 et
1405 1087 1514 1141 bini
1546 1097 1782 1143 cantent.

201 1177 254 1230 in
286 1177 573 1231 nocturnis
598 1185 654 1230 et
689 1175 932 1229 laudibus
955 1176 1063 1246 83
1096 1177 1329 1248 hymnus
1355 1186 1624 1232 cantetur.
1658 1179 1787 1233 Pro-

201 1266 382 1320 cessio
420 1281 525 1319 non
575 1263 690 1317 fiat.
721 1263 1053 1332 Unaquaque
1084 1266 1169 1318 die
1208 1281 1377 1334 usque
1411 1266 1476 1318 ad
1513 1275 1782 1328 octavum,

202 1355 305 1409 nisi
358 1353 530 1422 major
579 1352 848 1407 festivitas
900 1353 1255 1417 interciderit,
1290 1355 1354 1408 de
1383 1354 1486 1408 illis
1511 1363 1784 1416 cantetur,

202 1453 255 1500 et
287 1451 398 1496 tota
430 1442 695 1496 matutina
726 1442 958 1496 dicatur.
993 1441 1139 1512 (289)
1172 1443 1298 1497 Dies
1331 1452 1557 1499 octavus
1588 1451 1647 1498 ut
1672 1444 1788 1500 dies

203 1532 483 1588 Dominica
513 1532 844 1587 celebretur.

195 1682 198 1684 γ
273 1622 663 1678 Solemnitates
693 1632 1013 1680 caeterorum
1041 1623 1406 1694 apostolorum
1430 1665 1444 1690 ,
1471 1633 1526 1680 et
1551 1641 1787 1698 evange-

205 1713 474 1777 listarum,
507 1723 564 1768 et
603 1713 948 1768 exaltationis
972 1723 1172 1769 sanctae
1193 1717 1394 1778 crucis,
1422 1725 1475 1770 et
1504 1717 1785 1772 decollatio

204 1804 374 1858 sancti
397 1802 644 1863 Joannis,
679 1811 733 1856 et
762 1803 910 1873 (290)
944 1803 1214 1858 dedicatio
1238 1807 1408 1859 sancti
1433 1805 1710 1862 Michaelis
1732 1809 1784 1861 in
1817 1787 1860 1845 Β

199 1893 358 1958 Mari,
387 1903 444 1947 et
469 1895 534 1946 ad
563 1892 787 1948 Vincula
814 1895 985 1948 sancti
1014 1894 1188 1960 Petri;
1217 1903 1272 1949 et
1304 1898 1588 1951 conversio
1614 1898 1786 1952 sancti

195 1987 371 2048 Pauli,
401 1995 456 2040 et
484 1995 796 2040 sanctorum
826 1997 1125 2057 martyrum
1166 1987 1467 2054 Laurentii,
1515 1987 1784 2056 Mauritii,

192 2076 466 2147 Dionysii.
502 2077 724 2144 Nicasii,
757 2087 1177 2147 sanctorumque
1206 2078 1616 2146 confessorum;
1645 2081 1785 2134 ordi-

190 2168 347 2228 natio
391 2166 667 2237 Gregorii,
697 2167 1002 2236 Augustini,
1039 2168 1369 2238 Hieronymi,
1403 2167 1631 2234 Nicolai,
1678 2169 1790 2223 Gil-

193 2257 377 2323 daldi;
413 2255 700 2310 translatio
728 2259 897 2310 sancti
931 2257 1225 2322 Benedicti,
1258 2257 1450 2325 aequali
1481 2259 1674 2312 ordine
1701 2273 1791 2313 ce-

193 2345 508 2404 lebrentur.
539 2344 595 2397 ln
633 2345 825 2398 horum
858 2345 1244 2400 festivitatibus
1272 2345 1418 2416 (291)
1451 2347 1505 2401 in
1542 2347 1787 2416 vesperis

193 2445 246 2500 et
290 2436 586 2490 matutinis
624 2436 827 2490 chorus
868 2451 972 2490 non
1009 2447 1246 2507 regatur.
1291 2437 1711 2506 Responsorium
1757 2455 1788 2494 a

195 2525 410 2590 duobus
439 2525 656 2580 clericis
682 2527 924 2598 cappatis
951 2536 1220 2584 cantetur.
1251 2527 1332 2582 Ad
1361 2527 1431 2582 Te
1466 2529 1632 2583 Deum
1673 2530 1790 2584 lauo

195 2616 410 2681 damus,
451 2623 507 2670 et
535 2617 602 2670 ad
632 2615 966 2681 Benedictus,
1011 2617 1182 2674 altare
1220 2617 1555 2675 incensetur.
1586 2618 1788 2673 Invita-

198 2705 395 2758 torium
431 2705 540 2758 duo
577 2707 790 2775 cappati
831 2715 1063 2761 canant:
1105 2710 1528 2778 unumquodque
1567 2709 1788 2763 tertium

197 2796 608 2863 responsorium
655 2811 686 2849 a
731 2797 870 2850 binis
896 2807 1145 2852 cantetur
1176 2816 1189 2852 :
1221 2799 1370 2868 (292‘.
1399 2799 1633 2856 ollicium
1664 2814 1786 2854 cute

199 2883 450 2938 laudibus
485 2892 543 2938 et
569 2885 846 2956 sequentia
877 2885 1178 2944 celebretur
1206 2904 1221 2942 :
1256 2896 1312 2944 et
1341 2887 1580 2957 quoudie
1615 2901 1790 2958 usque

200 2976 265 3029 ad
309 2984 586 3030 octavum.
614 2990 805 3032 eorum
851 2987 1064 3034 tantum
1107 2980 1370 3035 memoria
1419 2981 1702 3036 recitetur.
1727 2981 1785 3036 In

199 3077 392 3120 octavo
419 3068 528 3135 die,
549 3067 665 3124 nisi
693 3069 918 3139 alicujus
944 3072 1112 3126 sancti
1141 3072 1404 3127 festivitas
1429 3074 1692 3139 evenerit,
1717 3076 1786 3129 de

201 3155 334 3226 ipsis
379 3167 670 3224 cantetur,
699 3167 753 3214 et
781 3160 1047 3213 matutina
1081 3160 1308 3214 dicatur.
1353 3159 1446 3215 Hae
1473 3169 1783 3216 sanctorum

200 3247 562 3314 festivitates,
597 3263 717 3318 qua:
747 3263 898 3303 more
938 3247 1255 3303 Dominicali
1280 3247 1393 3320 84
1417 3249 1781 3315 celebrantur,

201 3349 430 3413 excepto
455 3341 602 3411 quod
633 3341 783 3411 (295)
805 3341 1070 3396 matutina
1093 3355 1200 3394 non
1231 3340 1445 3394 dicatur
1470 3359 1484 3394 :
1512 3339 1783 3408 Silvestri,

202 3431 538 3502 Sebastiani,
590 3430 891 3496 Vincenti'i,
937 3431 1194 3501 Agnetis.
1227 3429 1484 3496 Caeciliae,
1516 3432 1742 3502 Agatha:
1762 3472 1778 3499 ,

200 3523 461 3591 cathedra
518 3521 693 3577 sancti
726 3521 889 3586 Petri,
940 3520 1227 3583 Gervasii;
1284 3519 1567 3576 translatio
1609 3521 1784 3576 sancti

201 3610 453 3684 blartini,
504 3610 923 3682 Wandregisili,
974 3610 1262 3674 Germani;
1319 3609 1559 3664 inventio
1611 3612 1785 3666 sancti

200 3702 460 3772 Stephani
487 3743 501 3767 ,
538 3703 791 3774 Remigii,
824 3703 1065 3774 Georgii,
1095 3702 1428 3771 Leodegarii,
1475 3701 1628 3772 (294)
1670 3702 1783 3757 Ro-

200 3793 368 3857 mani,
403 3793 646 3848 Audoeni
665 3833 680 3860 ,
707 3792 922 3858 Brictii,
955 3791 1133 3848 Luciae
1163 3792 1410 3862 vrrgmis,
1440 3800 1495 3846 et
1517 3792 1635 3846 aliae
1665 3807 1784 3860 quae

198 3881 525 3950 placuerint,
548 3892 603 3938 et
624 3883 866 3939 omnium
888 3891 1194 3938 sanctorum
1206 3880 1521 3955 pontificum
1537 3882 1628 3952 qui
1658 3883 1785 3937 huic

200 3972 459 4043 Ecclesiae
497 3973 853 4041 praefuerunt.

681 4082 774 4138 DE
809 4083 920 4138 DIE
949 4082 1297 4139 DOMINICO.

268 4176 399 4231 Dies
429 4175 745 4231 Dominicus
771 4176 843 4229 ita
869 4177 1193 4232 celebretur.
1225 4175 1283 4230 ln
1310 4176 1535 4231 sabbato
1561 4175 1782 4245 psalmis

198 4267 298 4321 diei
359 4282 486 4320 cum
535 4267 852 4336 antiphonis
893 4267 1005 4321 suis
1054 4266 1308 4330 cantatis,
1351 4275 1406 4320 et
1447 4265 1594 4320 dicto
1631 4265 1783 4334 capi-

198 4358 304 4412 tulo
343 4357 496 4427 (293)
541 4356 948 4426 responsorium
992 4372 1023 4411 a
1055 4356 1262 4411 duobus
1308 4355 1523 4410 clericis
1576 4354 1781 4423 absque

1887 549 2095 614 tunica,
2146 551 2254 606 duo
2301 553 2354 607 in
2404 553 2561 618 albis,
2605 555 2696 624 qui
2726 556 3068 621 candelabra,
3091 568 3146 614 et
3171 577 3329 626 unus,
3361 565 3451 634 qui

1887 638 2217 694 tlmribulum
2245 641 2470 703 deferat.
2498 643 2730 701 Gradale
2759 646 2864 702 duo
2892 647 2944 702 in
2973 648 3109 705 albis
3135 661 3353 720 canant,
3399 663 3456 710 et

1885 729 1991 784 duo
2023 745 2144 783 cum
2176 731 2360 800 cappis
2387 731 2634 786 Alleluia.

1955 817 2092 883 Qula
2121 833 2250 872 vero
2274 819 2340 872 de
2368 819 2565 875 divinis
2595 823 2866 892 mysteriis
2908 827 3276 892 tractavimus,
3298 842 3457 898 opor-

1888 913 1963 961 tet
1987 907 2290 963 discernere
2319 909 2514 977 quibus
2536 913 2707 967 sacris
2738 913 3064 970 indumentis
3097 917 3454 974 ministraturi

1888 995 2200 1052 induantur.
2230 998 2474 1053 Amictus
2509 1000 2672 1070 igitur
2699 1003 2931 1071 primum
2961 1013 3044 1058 est
3083 1005 3456 1062 indumentum

1885 1088 2028 1157 quod
2057 1088 2176 1141 ideo
2224 1088 2362 1142 collo
2403 1089 2799 1144 circumdamus
2823 1132 2838 1155 ,
2881 1101 3144 1156 quatenus
3184 1110 3306 1161 vox,
3337 1111 3458 1166 qua:

1886 1193 1983 1246 per
2005 1179 2197 1232 collum
2222 1181 2495 1248 egreditur
2521 1221 2537 1246 ,
2569 1181 2636 1234 ab
2665 1181 2810 1235 omni
2853 1198 3016 1252 prava
3046 1183 3315 1238 locutione
3342 1201 3459 1238 nut-

1888 1269 2190 1323 niaturzut
2209 1271 2364 1340 juxta
2394 1271 2719 1341 Prophetam
2761 1287 2856 1327 cor
2901 1282 3142 1327 nostrum
3187 1275 3458 1330 custodia-

1887 1374 2028 1424 mus,
2057 1375 2125 1414 ne
2163 1359 2215 1413 in
2246 1359 2424 1431 lingua
2465 1373 2649 1418 nostra
2701 1361 3092 1430 delinquamus.
3127 1363 3456 1431 Secundum,

1887 1449 2106 1504 camisia
2128 1448 2287 1516 linea,
2316 1466 2435 1520 qua:
2463 1451 2607 1516 alba,
2635 1451 2716 1505 vel
2739 1451 2973 1520 podcris,
3004 1451 3083 1505 vel
3114 1452 3297 1507 talaris
3324 1469 3460 1506 nun-

1886 1549 2250 1609 cupatur......
2284 1543 2481 1596 nodum
2527 1543 2770 1612 corporis
2827 1553 2976 1596 arcta
3041 1551 3209 1596 totum
3263 1558 3460 1611 corpus

1886 1631 2226 1700 absque......
2256 1647 2416 1701 quem
2449 1633 2616 1687 nimio
2669 1632 2850 1686 labore
2897 1633 3230 1702 perducitur,
3265 1633 3462 1687 mentis

1887 1733 1941 1776 et
1968 1726 2212 1793 corporis
2239 1725 2500 1779 munditia
2529 1725 2863 1795 designatur,
2897 1739 3016 1793 quze
3048 1724 3214 1777 multo
3241 1723 3455 1794 jejunii,

1888 1822 1943 1867 et
1970 1813 2298 1882 vigiliarum,
2354 1823 2408 1866 et
2454 1815 2779 1877 orationum,
2811 1813 3182 1882 bonorumque
3236 1825 3463 1883 operum

1886 1904 2144 1958 exercitio
2167 1904 2482 1972 acquiritur.
2531 1903 2634 1957 Per
2680 1904 3133 1958 stricturam......
3163 1918 3288 1969 cor,
3322 1919 3460 1978 cun-

1887 2004 2079 2063 ctaque
2110 1995 2353 2048 membra
2383 1993 2768 2064 corporis......
2815 1992 3037 2047 talarem
3065 2008 3194 2048 vero
3221 1993 3458 2063 longitu-

1888 2085 2206 2140 dinem......
2241 2085 2781 2148 consummationem,
2830 2098 2929 2154 per
2977 2099 3228 2154 rogarunt
3258 2084 3464 2138 devita-

1891 2178 2122 2241 tionem,
2168 2177 2498 2246 quibus......
2531 2173 3068 2244 complexiones......
3103 2175 3307 2243 puritas
3339 2173 3462 2228 fidei

1888 2266 2437 2336 catholicm,per......
2465 2264 2569 2319 Per
2597 2264 2812 2328 stolam,
2837 2279 2956 2333 qua:
2983 2264 3178 2318 dicitur
3200 2263 3462 2328 orarium,

1882 2356 2070 2426 jugum
2095 2357 2307 2412 Domini
2336 2371 2519 2422 suave,
2573 2364 2630 2412 et
2681 2370 2820 2410 onus
2869 2353 2988 2423 ejus
3027 2353 3164 2418 leve,
3195 2367 3292 2423 per
3319 2353 3462 2424 quod

1888 2449 2338 2517 designatur......
2363 2447 2514 2502 stolae
2542 2448 2892 2518 puritas......
2927 2444 3031 2499 Per
3069 2443 3458 2513 longitudinem

1889 2549 2058 2604 usque
2079 2536 2146 2590 ad
2177 2536 2342 2605 pedes
2372 2535 2544 2590 virtus
2572 2535 2684 2605 86
2710 2534 3054 2589 humilitatis.
3089 2532 3194 2586 Per
3222 2531 3462 2586 balteum

1887 2639 1995 2692 quo
2044 2624 2210 2678 lumbi
2264 2625 2684 2694 restringuutur,
2729 2624 2954 2678 castitas
3011 2622 3460 2690 designatur......

1888 2711 2090 2766 Deinde
2115 2713 2359 2780 sequitur
2410 2713 2611 2776 tunica,
2655 2712 2721 2766 de
2777 2726 2882 2781 qua
2936 2710 3071 2764 dixit
3101 2709 3361 2763 Dominus
3394 2709 3462 2762 ad

1888 2804 2118 2856 Aaron:
2169 2798 2359 2853 Facies
2407 2799 2500 2851 tibi
2544 2799 2778 2852 tunicam
2819 2797 3214 2867 hyacinthinam
3260 2797 3460 2867 (Exod.

1890 2907 2084 2956 xxvni,
2107 2891 2220 2961 5t).
2247 2890 2371 2944 llaec
2390 2903 2522 2944 vero
2546 2889 2646 2944 sub
2669 2887 2955 2943 dalmatica
2985 2887 3244 2952 induitur,
3268 2896 3460 2943 et......

1889 2985 2217 3038 nominatur.
2249 2979 2580 3054 Hyacinthus
2605 2993 2733 3034 vero
2757 2993 2916 3034 rarus
2940 2986 3044 3044 est,
3070 2993 3168 3033 nec
3191 2979 3461 3036 densitate

1889 3076 2162 3136 obtensus,
2200 3088 2298 3128 nec
2347 3071 2533 3126 rutilat
2569 3070 2848 3140 aequaliter
2877 3087 2890 3125 :
2925 3083 3115 3126 sereno
3145 3069 3292 3124 enim
3323 3068 3463 3123 cmlo

1890 3165 1952 3218 lit
1979 3163 2313 3233 perSpicuus,
2339 3171 2396 3216 et
2422 3160 2651 3230 pallidus
2675 3168 2780 3225 est,
2807 3160 3012 3225 varius,
3034 3169 3090 3214 et
3118 3160 3271 3229 quasi
3298 3161 3462 3214 aztbe-

1888 3254 1966 3308 rei
1990 3253 2203 3309 coloris.
2227 3252 2330 3308 Per
2347 3253 2640 3308 aathereum
2657 3260 2710 3306 et
2729 3251 2938 3307 varium
2961 3249 3195 3306 colorem
3218 3251 3464 3320 designat

1886 3345 2054 3398 vitam
2075 3343 2485 3410 sacerdotalem,
2513 3357 2633 3412 quae
2654 3344 2902 3412 supernis
2924 3341 3095 3397 solum
3123 3342 3460 3396 incessanter

1887 3437 2092 3491 intenta
2127 3433 2431 3498 desideriis,
2456 3434 2923 3489 conversationem
2960 3441 3113 3503 juxta
3139 3432 3456 3503 Apostolum

1886 3528 2050 3582 debet
2075 3541 2291 3595 semper
2317 3525 2517 3580 habere
2553 3524 2607 3579 in
2635 3523 2788 3579 cmlis
2816 3521 3072 3593 (Philipp.
3101 3538 3180 3585 ιιι,
3212 3521 3324 3592 20).
3358 3521 3464 3575 Per

1885 3620 2082 3674 coloris
2131 3617 2484 3672 mutationem
2537 3616 2832 3671 fraternam
2885 3613 3312 3683 compassionem
3338 3651 3352 3676 ,
3405 3622 3465 3665 ut

1883 3709 2170 3780 Apostolus
2187 3709 2282 3774 ait,
2301 3707 2544 3763 Gaudere
2557 3725 2673 3761 cum
2687 3707 3032 3778 gaudentibus
3049 3705 3334 3776 (Romam,
3351 3702 3460 3774 15).

1885 3802 2036 3869 Quod
2063 3801 2281 3870 propria
2302 3809 2386 3854 est
2407 3800 2669 3870 pontifici,
2699 3799 2970 3868 signiﬁcat
3001 3798 3268 3851 rationem
3299 3794 3465 3848 subli-

1885 3891 2051 3944 mium
2079 3905 2184 3943 non
2213 3898 2400 3958 patere
2427 3888 2530 3943 nisi
2555 3886 2828 3957 perfectis.
2879 3886 2985 3940 Per
3030 3887 3132 3940 hoc
3179 3884 3322 3954 quod
3379 3893 3462 3937 est

1884 3983 2052 4037 vestis
2088 3981 2334 4044 interior,
2368 3988 2424 4034 et
2454 3993 2560 4034 non
2593 3977 2851 4046 cingitur,
2877 3977 3106 4029 virtutes
3148 3975 3340 4041 animm
3361 3971 3463 4026 soli

1885 4074 1996 4128 Deo
2025 4072 2270 4144 COguitas
2292 4071 2408 4125 sine
2445 4067 2844 4123 intermissione
2894 4079 3109 4133 semper
3163 4061 3460 4117 habendas.

1884 4165 1988 4221 Per
2031 4164 2374 4222 dalmaticam
2407 4177 2553 4225 vero,
2591 4175 2710 4228 quae
2749 4157 3079 4212 candid......
3114 4154 3165 4225 [f
3187 4195 3202 4220 ,
3233 4154 3463 4208 candida

1884 4267 1989 4324 est,
2017 4257 2091 4329 et]
2116 4256 2272 4310 lineis
2304 4253 2574 4308 coccineis
2595 4260 2719 4304 ante
2741 4260 2794 4303 et
2817 4257 2960 4302 retro
2996 4261 3026 4300 a
3053 4257 3265 4300 summo
3293 4257 3464 4312 usque

1886 4349 2134 4404 deorsum
2188 4347 2613 4401 decoratur......
2676 4339 2962 4395 munditia,
2999 4351 3123 4392 cum
3182 4333 3464 4402 utriusque

196 4424 384 4518 cappis
443 4424 714 4512 cantetur,
770 4448 912 4518 quod
963 4448 1195 4520 hymnus
1249 4458 1524 4518 sequatur.
1589 4448 1655 4501 Et
1713 4448 1778 4502 ad
1810 4438 2215 4518 DTcstamenti
2242 4435 2643 4506 praedicatione,
2671 4442 2726 4485 et
2746 4430 2837 4484 Dei
2865 4429 3203 4499 proximique
3224 4424 3470 4520 dilectio-

197 4514 531 4607 Magni/icui,
558 4538 732 4592 altare
759 4514 1083 4598 incensetur.
1121 4538 1178 4592 ιιι
1211 4514 1494 4594 matutinis
1524 4539 1784 4593 invitato-
1812 4514 1844 4518 —
1887 4546 1976 4597 nc,
2029 4530 2368 4597 designatur,
2416 4525 2610 4595 quibus
2660 4521 2866 4591 fulgere
2908 4520 3104 4574 debent
3159 4514 3468 4571 sacerdotes

197 4626 335 4681 rium
361 4643 396 4681 a
423 4628 630 4684 duobus
652 4627 857 4696 absque
877 4628 1062 4698 cappis
1084 4637 1352 4695 cantetur,
1379 4630 1525 4700 quod
1549 4631 1785 4700 hymnus

1887 4629 2048 4690 atque
2077 4617 2309 4674 diaconi.
2352 4616 2457 4670 Per
2507 4613 2790 4668 duodecim
2833 4610 3094 4672 fimbrias,
3127 4621 3260 4675 quas
3305 4613 3468 4658 utra:-

194 4731 478 4791 scquatur.
530 4719 736 4775 Novem
791 4719 1054 4776 lectiones
1095 4729 1152 4776 et
1199 4699 1405 4776 novem?
1440 4721 1784 4791 responsoria
1885 4728 1990 4782 que
2030 4711 2184 4767 Ιίηεεε
2210 4707 2320 4780 87
2351 4706 2404 4760 in
2436 4723 2494 4763 Sc
2533 4704 2834 4768 εοιιῑίηεηιν
2868 4699 3151 4755 ἀυοάεεῖηι
3187 4699 3472 4796 "“miJVir'

196 4811 479 4876 dicantur;
517 4809 588 4864 Te
633 4810 802 4864 Deum
837 4809 1148 4886 laudamus,
1182 4820 1412 4882 excepto
1447 4813 1682 4866 adventu
1731 4821 1787 4866 et
1887 4814 2058 4860 lutum
2085 4845 2100 4870 ,
2140 4804 2234 4875 qui
2275 4817 2341 4857 ex
2383 4797 2671 4856 Charilaus
2716 4795 3035 4886 radicem:-
3063 4801 3260 4886 i-quos
3303 4793 3471 4886 βξίδηι

199 4901 656 4971 quadragesima,
701 4901 931 4956 dicatur.
978 4883 1228 4973 llymnus
1288 4902 1341 4956 in
1399 4903 1680 4958 nocturnis
1729 4910 1784 4957 et
1888 4896 2180 4966 Apostolus
2236 4902 2565 4954 enumerat,
2635 4887 2818 4940 dicens
2872 4901 2886 4938 :
2947 4882 3192 4973 Charil—as
3247 4882 3470 4973 patiens,

201 4990 448 5046 laudibus
483 4991 722 5045 dicatur.
754 4989 898 5062 (296)
931 4992 986 5048 ln
1037 4991 1338 5059 matutinis,
1369 4993 1610 5064 exceptis
1645 5007 1783 5062 prae-

208 5079 323 5114 f-Ilia
363 5082 702 5114 Inmunnﬂunc
756 5096 856 5114 uno
903 5093 1110 5114 lanium
1151 5084 1438 5114 nnl:n|\nnn
1493 5093 1776 5114 ΑειηΙΛΙι--ο

1888 5077 2030 5112 "non
2077 5093 2200 5114 unum
2263 5111 2316 5114 η-

1890 4987 2110 5057 benigna
2139 4996 2213 5042 est
2241 4982 2291 5056 (1
2322 4979 2448 5035 Cor.
2477 4994 2601 5043 xm,
2629 4974 2708 5048 Δ),
2758 4982 2814 5029 et
2853 4973 3080 5040 reliqua.
3111 4967 3294 5021 Tertia
3341 4978 3476 5017 vero
3561 4977 3574 4988 ’
