4016 5386
503 286 577 343 63
1514 294 1816 353 IOANNES
1851 295 2282 356 ARClllEPISC.
2325 292 2689 359 ROTOMAG.
3636 312 3641 315 '
3700 297 3784 354 ϐιι

1287 428 3103 453 “Mm

1346 736 1349 739 ς
1474 514 2783 706 OBSERVATIONES

1947 818 2041 877 AD
2078 818 2349 876 LIBRUM

1070 996 1251 1114 DE
1334 997 1950 1115 OFFICIIS
2032 1000 3253 1122 ECCLESlASTICIS.

578 1386 693 1456 88
717 1385 793 1457 (ι)
826 1384 1051 1440 Domino
1082 1403 1195 1442 rere
1222 1399 1426 1450 sancta,
1453 1398 1499 1442 et
1532 1390 1733 1445 nter-iis
1762 1392 2106 1459 honorando,
2125 1376 2173 1435 Α
2201 1388 2433 1457 majores
2454 1390 2684 1461 proferri
2706 1400 2955 1462 possunt,
2975 1391 3202 1448 Carolus
3228 1391 3425 1447 Calvus
3445 1390 3807 1450 Francorum:

511 1474 796 1531 lluurilio.
809 1475 1090 1546 Oper-ismr
1110 1508 1117 1523 ι
1134 1480 1321 1533 statim
1342 1494 1406 1533 es
1436 1479 1787 1548 inscriptione
1799 1480 2102 1549 deprehen-

511 1566 676 1621 ditur.
702 1565 837 1623 Cum
865 1570 1006 1622 cnim
1037 1569 1275 1627 Joannes
1303 1582 1490 1625 noster
1514 1570 1879 1629 Abt-incensos
1903 1573 2103 1629 infulas

511 1670 641 1715 ante
669 1676 869 1715 annum
892 1661 1093 1717 Christi
1146 1663 1277 1718 1061
1335 1679 1443 1720 non
1503 1665 1707 1730 inierit,
1753 1675 1812 1719 ut
1855 1666 2109 1736 superius

512 1751 947 1820 observavimus,
967 1753 1245 1819 Maurilius
1267 1768 1458 1810 autem.
1475 1757 1527 1810 in
1556 1757 1872 1825 pontiﬁcatu
1899 1774 2103 1813 annum

515 1840 651 1895 £067
682 1842 824 1897 haud
853 1846 1186 1909 excesserit,
1206 1855 1360 1900 extra
1391 1847 1616 1901 dubium
1648 1856 1735 1905 cst
1766 1847 1977 1913 librum
2010 1848 2107 1916 qui

518 1934 824 2003 superstisti
851 1935 1188 2001 dicatusest,
1236 1936 1378 1992 intra
1413 1936 1558 1992 illius
1589 1937 1855 2009 septennii
1891 1946 2104 2006 tempus

516 2026 776 2094 scriptmn
805 2024 989 2083 fuisse.
1033 2028 1104 2082 De
1133 2027 1381 2093 Maurilio
1430 2038 1571 2084 uotae
1611 2031 1921 2086 sanctitatis
1966 2031 2111 2085 anti-

516 2116 644 2171 stite
680 2116 791 2187 (qui
837 2117 1158 2186 primarium
1205 2120 1450 2189 Deipara:
1486 2121 1743 2190 templum
1781 2121 2009 2192 perfecit
2052 2128 2108 2175 et

516 2204 740 2275 dicavit;
771 2216 969 2274 przcter
997 2222 1058 2262 ea
1090 2224 1213 2278 qua:
1232 2220 1454 2265 exstant
1477 2213 1619 2280 apud
1650 2211 1895 2282 vulgatos
1920 2220 2109 2266 aucto-

517 2311 631 2361 res,
654 2297 999 2353 Cnillelmum
1031 2299 1374 2362 Pictavinum
1403 2301 1455 2356 in
1491 2301 1660 2372 gestis
1683 2301 1956 2357 Guillelmi
2003 2301 2106 2355 du-

516 2386 618 2449 cis,
647 2387 974 2443 Wdlehnum
1002 2389 1435 2447 Gemelicensem
1469 2393 1506 2446 l.
1526 2408 1623 2447 μνη
1650 2392 1789 2447 Hist.
1821 2392 2107 2458 Norman.,

517 2492 569 2530 e.
603 2477 675 2531 24
708 2488 762 2532 et
792 2479 1245 2546 58;.Ordericum
1285 2482 1517 2538 Vitalem
1560 2485 1758 2538 eccles.
1806 2484 1944 2538 llist.
1980 2484 2015 2537 l..
2055 2499 2110 2538 tv

518 2576 575 2623 et
600 2583 654 2634 v,
685 2569 1014 2625 \Yillchnum
1042 2572 1577 2629 Malmeshurienscm
1607 2574 1683 2629 De
1712 2575 1880 2644 gestis
1920 2587 2107 2644 regum

517 2658 677 2728 Λυσι.
705 2660 800 2715 lib.
852 2677 939 2724 nt,
968 2671 1025 2716 et
1052 2662 1209 2728 alios,
1238 2665 1569 2719 consulendo
1592 2674 1719 2719 sunt
1747 2676 1896 2736 gesta
1928 2664 2109 2719 archi-

2204 1494 2296 1534 rex
2322 1480 2373 1533 iu
2398 1479 2689 1549 diplomate
2736 1494 2836 1549 pro
2884 1481 3047 1536 rebus
3082 1482 3322 1547 ejusdem
3372 1482 3664 1537 ecclesiae:
3697 1481 3791 1536 Ri-

2202 1568 2377 1639 culfus
2407 1569 2718 1624 venerabilis
2751 1569 3147 1642 Rotomagensis
3180 1572 3607 1643 archiepiscopus
3635 1572 3794 1627 detu-

2200 1661 2262 1716 lit
2294 1663 2568 1716 serenitati
2613 1673 2806 1717 nostra:
2840 1674 3155 1732 prwceptum
3194 1665 3277 1719 aci
3310 1668 3477 1719 nostri
3513 1667 3649 1720 diem
3680 1682 3792 1720 me-

2201 1755 2384 1808 moria:
2403 1754 2585 1808 damni
2607 1755 2939 1823 imperatoris
2967 1752 3177 1821 Karoli,
3200 1756 3254 1809 in
3275 1772 3378 1827 quo
3402 1757 3811 1822 continebatur,

2201 1845 2342 1915 quod
2398 1844 2468 1896 ad
2526 1843 2826 1913 petitionem
2893 1830 3091 1899 sancta:
3162 1847 3539 1900 recordationis
3611 1846 3793 1900 damni

2205 1933 2582 2003 archiepiscapi
2650 1932 2877 2005 Remigii
2932 1937 3333 2005 pra'decessoris
3391 1939 3474 1992 sui
3534 1938 3794 2008 quasdam

2203 2023 2357 2077 uillas
2393 2024 2518 2077 viris
2539 2034 2737 2079 sanctw
2763 2042 2874 2080 sua:
2919 2027 3216 2097 metropolis
3266 2028 3496 2082 ecclesia:
3548 2026 3799 2081 Retenta—

2204 2114 2377 2185 gensis
2426 2115 2695 2169 canonicis
2743 2116 2798 2168 in
2836 2115 2963 2170 aula
3003 2116 3066 2172 8.
3108 2116 3298 2170 Maria:
3348 2117 3570 2170 Domino
3614 2117 3801 2170 deser-

2204 2203 2477 2269 vicntibus,
2503 2211 2636 2269 ctc.,
2660 2204 2977 2275 delegasset.
3014 2206 3143 2260 Rica
3155 2207 3284 2261 rdus
3313 2206 3658 2260 Normanuia:
3682 2207 3794 2258 dux

2207 2294 2261 2348 in
2293 2294 2479 2349 charta
2506 2310 2607 2365 pro
2633 2296 2963 2350 monasterio
2992 2296 3342 2351 Fiscannensi
3371 2315 3384 2350 :
3409 2296 3604 2349 Accitis
3632 2298 3809 2349 totius.

2206 2396 2403 2440 nostra:
2426 2387 2667 2441 diascesis
2688 2389 2979 2458 episcopis,
2997 2387 3222 2443 Roberto
3246 2390 3441 2443 scilicet
3467 2399 3664 2441 sancta:
3691 2387 3805 2441 Ro-

2207 2481 2521 2549 tomagensis
2548 2481 2777 2535 ecclesia:
2800 2483 3211 2553 archiepiscopo,
3245 2499 3441 2537 necnon
3478 2493 3525 2535 et
3561 2480 3809 2551 Radulfo-

2206 2579 2405 2623 sancta:
2429 2569 2733 2641 Bajocensis
2782 2572 3014 2627 ecclesia:
3067 2574 3327 2643 pra’sule,
3366 2583 3472 2628 etc.
3516 2570 3809 2628 Robertus.

2207 2657 2551 2715 Normannia‘.
2574 2661 2682 2715 dux
2713 2672 3085 2731 cognomento
3105 2661 3424 2733 magniﬁcus
3443 2704 3458 2729 ,
3500 2672 3556 2718 et
3585 2663 3792 2717 Rober-

515 2749 894 2818 episcoporum
926 2750 1404 2823 Rotomagcusium
1428 2769 1493 2807 ex
1524 2769 1626 2808 ms.
1652 2730 1838 2809 codice
1864 2755 2105 2808 eburneo
2136 2730 2180 2789 Β
2211 2760 2296 2806 tus
2326 2751 2741 2821 Rmomagensis
2770 2753 3208 2823 archiepiscopus
3233 2754 3284 2807 in
3315 2757 3503 2808 charta
3534 2754 3598 2810 de
3633 2755 3817 2809 rebus.

518 2840 762 2896 ecclesiae
820 2843 1280 2913 metropolitanae;
1332 2846 1548 2915 qnilms,
1598 2848 1743 2914 quod
1799 2848 1902 2901 hae
1954 2854 2110 2914 parte

518 2932 815 3000 prolixiora
844 2937 977 3000 sint,
997 2936 1243 3000 omissis,
1273 2938 1379 2991 duo
1409 2945 1597 2990 notata
1623 2938 1783 3006 digna
1823 2937 1950 2992 huic
1992 2936 2110 2991 loco

520 3021 819 3080 inseruisse
843 3041 947 3079 non
973 3027 1172 3095 pigeat.
1210 3027 1262 3079 Ι.
1292 3025 1351 3079 ln
1380 3026 1609 3095 antiquo
1640 3026 1780 3080 libro
1808 3026 2107 3096 pontiﬁcali

520 3112 762 3179 ejusdem
789 3115 1036 3170 ecclesia:
1058 3115 1346 3171 formulam
1365 3127 1585 3171 exstare
1603 3114 1961 3187 professionis
1984 3117 2108 3171 ﬁdei

521 3202 589 3257 de
621 3204 848 3258 veritate
870 3205 1052 3260 carnis
1073 3214 1129 3260 et
1156 3207 1438 3277 sanguinis
1458 3206 1660 3261 Christi
1687 3207 1741 3261 in
1764 3207 2108 3263 Eucharistia

523 3303 711 3350 contra
742 3295 1129 3367 Bcrengarinm
1161 3297 1385 3367 ejusque
1420 3312 1765 3353 successores
1794 3298 1846 3352 in
1878 3297 2110 3353 concilio

523 3386 863 3455 provinciali,
884 3388 1196 3457 praesidente
1223 3387 1346 3441 huic
1375 3396 1574 3440 sanctw
1615 3388 1727 3441 sedi
1762 3386 1949 3459 (verba
1984 3396 2113 3442 sunt

526 3475 791 3549 formuhc)
816 3480 1120 3533 venerabilis
1142 3480 1410 3533 memoriae
1434 3477 1704 3541 Maurilio,
1737 3478 1922 3543 latam,
1944 3494 2109 3548 quam

527 3567 795 3636 integram
839 3570 929 3625 hic
971 3570 1287 3625 describere
1325 3584 1789 3641 supervacaneum
1835 3571 2111 3638 duximus,

525 3661 670 3727 quod
715 3660 1109 3730 religiosissimi
1142 3665 1204 3717 ι).
1234 3663 1627 3734 archiepiscopi
1668 3662 1965 3730 beneﬁcio,
1990 3661 2115 3718 'uua

527 3767 652 3807 cum
706 3752 1033 3808 doctissimis
1078 3753 1198 3821 ejus
1249 3754 1467 3824 scriptis
1513 3754 1567 3808 in
1615 3752 1790 3809 lucem
1826 3753 1940 3824 jam
1985 3768 2114 3823 pro-

528 3844 712 3899 dierit.
740 3845 855 3916 89
896 3846 951 3901 2.
993 3846 1198 3901 Locum
1236 3847 1407 3911 illum,
1451 3848 1544 3916 qui
1582 3845 1816 3901 Maurilii
1854 3846 2116 3916 primum,

530 3938 726 3993 deinde
751 3938 1342 3996 Guillehnieardinslis
1384 3941 1451 3994 de
1499 3939 1813 4005 Stotevilla,
1865 3938 2118 4009 sepulcro

530 4043 566 4099 (ι
591 4030 802 4085 'oudam
831 4030 1073 4099 illustris,
1102 4047 1248 4088 nunc
1278 4041 1485 4087 mutata
1520 4046 1701 4087 rerum
1746 4032 1886 4086 facie
1910 4044 2117 4085 vacuus

531 4119 586 4173 in
618 4123 739 4177 navi
770 4122 1009 4178 basilica:
1038 4124 1253 4191 visitur,
1294 4123 1442 4177 clero
1487 4122 1869 4192 llotomagensi
1902 4135 2119 4190 semper

531 4214 872 4269 venerationi
920 4213 1120 4278 fuisse,
1150 4217 1362 4282 hacque
1409 4217 1477 4268 de
1526 4228 1688 4268 causa
1740 4212 1915 4266 solere
1962 4212 2121 4267 statis

533 4301 729 4357 diebus
757 4301 1078 4356 thuriﬁcari.
1105 4301 1234 4370 Ejus
1258 4310 1437 4355 autem
1471 4303 1545 4356 rei
1568 4301 1708 4356 ratio
1731 4315 1836 4355 non
1867 4301 2028 4355 modo
2053 4315 2121 4356 ex

536 4393 797 4447 antistitis
825 4394 1116 4447 sanctitate
1145 4392 1375 4461 petenda
1427 4400 1533 4454 est,
1582 4392 1739 4462 cujus
1782 4390 1871 4446 ille
1914 4399 2121 4445 tantam

534 4486 772 4557 posteris
797 4485 1104 4555 opinionem
1124 4485 1359 4553 reliquit,
1385 4494 1445 4539 ut
1466 4485 1613 4540 locus
1637 4486 1682 4539 is
1702 4487 1861 4555 vulgo
1878 4486 1937 4541 S.
1966 4483 2123 4538 Man.-

538 4577 645 4631 rilii
673 4577 851 4631 tumba
881 4576 1153 4631 diceretur
1182 4595 1195 4630 :
1229 4592 1417 4631 verum
1457 4578 1621 4633 etiam
1652 4582 1721 4633 e'x
1747 4580 1969 4648 antiqua
2007 4588 2122 4631 tra-

490 4727 498 4733 ,
538 4670 766 4737 ditione,
790 4686 895 4740 qua
932 4670 1032 4725 sibi
1057 4685 1373 4742 persuasum
1405 4671 1645 4726 habuere
1687 4672 1922 4742 majores
1947 4669 2122 4725 nostri

540 4762 714 4817 altare
735 4762 1032 4817 maximum
1061 4762 1362 4832 antiquitus
1389 4762 1589 4818 ibidem
1633 4760 1800 4817 fuisse
1854 4762 2123 4825 constitu-

544 4861 678 4917 tum,
705 4861 765 4907 ut
794 4860 982 4922 aperte
1030 4851 1272 4907 indicant
1316 4851 1511 4907 littera:
1541 4852 1923 4907 eanonlcorum
1956 4849 2128 4905 lioto-

542 4944 881 5012 magensium
910 4945 976 4997 ad
1004 4944 1252 4999 eumdem
1279 4943 1631 5009 cardinalem,
1663 4958 1892 5013 quarum
1936 4954 2126 4996 exem-

540 5034 661 5106 plar
706 5034 758 5090 in
800 5033 1043 5091 ecclesia:
1088 5034 1307 5090 scriniis
1351 5045 1687 5090 asservatur.
1722 5032 1958 5089 Joannes
1987 5030 2126 5085 Pas-

542 5141 699 5181 νοεῖ.

622 5215 701 5289 (2)
731 5216 941 5272 Sancta:
972 5217 1369 5289 Rotomagensis
1397 5217 1647 5272 ecclesia'.
1678 5215 1987 5270 Familiaris
2005 5213 2130 5268 reli-

548 5309 713 5381 giosaz
737 5309 1046 5379 antiquitati
1081 5310 1332 5379 loquendi
1358 5311 1572 5373 modus,
1606 5306 1758 5376 cujus
1788 5316 1864 5361 tot
1884 5303 2130 5374 exempla

2207 2843 2448 2912 ejusdem
2471 2842 2758 2895 ecclesim:
2795 2841 3009 2896 Placuit
3044 2843 3190 2897 nobis
3229 2861 3306 2898 res
3338 2853 3537 2898 sancta:
3562 2843 3797 2899 ecclesia:

2208 2930 2774 3002 liotomagensis,quaz
2797 2933 3040 3001 capitalis
3086 2944 3133 2988 et
3183 2935 3486 3004 metropolis
3534 2946 3611 2991 est
3650 2936 3813 3007 regni.-

2208 3022 2392 3085 nostri,
2425 3031 2555 3086 ctc.,
2592 3022 2925 3091 conﬁrmare.
2955 3022 3235 3094 Philippus
3268 3025 3284 3078 Ι
3318 3025 3651 3081 Francorum
3702 3042 3812 3083 rex

2209 3112 2263 3166 in
2314 3112 2608 3182 diplomate
2674 3114 2882 3167 archivi
2943 3115 3419 3185 archicpiscopalis
3475 3117 3603 3171 dato
3655 3133 3802 3173 anno

2208 3202 2417 3258 Christi
2466 3202 2598 3257 £891
2635 3220 2651 3256 :
2683 3199 2923 3255 Concedo
2987 3204 3252 3257 abbatiam
3310 3205 3369 3259 S.
3432 3204 3680 3261 Mel/onis
3735 3209 3803 3261 de

2214 3291 2504 3347 Pontisara
2560 3292 2754 3346 domno
2808 3290 3070 3346 Willelmo
3129 3291 3495 3361 Rotomagensi
3542 3295 3819 3365 archiepim

2210 3401 2387 3454 scopo,
2413 3395 2461 3439 et
2500 3385 2740 3438 omnibus
2782 3383 3169 3437 successoribus
3206 3383 3346 3446 suis,
3377 3392 3423 3435 et
3458 3382 3596 3436 dono
3636 3385 3693 3437 in
3725 3386 3811 3456 fe-

2213 3492 2379 3541 a;mn,
2412 3486 2467 3529 ut
2493 3491 2607 3530 eam
2637 3475 2703 3529 de
2739 3491 2818 3529 me
2846 3483 2893 3529 et
2942 3473 3326 3528 successoribus
3377 3473 3504 3526 meis
3552 3486 3805 3544 perpetuo

2212 3576 2420 3621 teneant
2448 3566 2518 3619 ad
2545 3566 2791 3619 honorem
2815 3573 2862 3618 et
2898 3563 3266 3617 exultationem
3309 3561 3422 3633 90
3455 3570 3655 3616 sancta:
3692 3562 3807 3616 Ro-

2214 3658 2529 3727 tomagensis
2552 3655 2801 3709 ccclesiw.
2828 3653 3131 3709 Ludovicus
3148 3651 3240 3708 XII
3265 3668 3355 3707 rex
3380 3653 3431 3706 in
3455 3652 3650 3707 litteris
3673 3668 3803 3707 con-

2216 3748 2477 3806 cessionis
2497 3747 2724 3801 duorum
2745 3744 3043 3799 modiorum
3058 3743 3186 3799 salis
3199 3744 3251 3797 in
3270 3744 3500 3814 gratiam
3514 3743 3804 3798 canonico-

2216 3856 2336 3896 rum
2364 3837 2841 3910 liotomagensium
2866 3837 3007 3892 datis
3032 3836 3222 3891 Blasiis
3238 3849 3379 3889 anno
3398 3833 3596 3889 Christi
3625 3833 3800 3888 1506:

2221 3930 2326 3993 His
2351 3930 2571 4000 denique
2618 3926 2937 3997 temporibus
2984 3926 3108 3978 huic
3149 3934 3346 3978 sanctw
3382 3922 3611 3977 ccclesiis
3638 3921 3804 3975 Roto-

2218 4021 2452 4091 magensi
2494 4027 2701 4089 prmest,
2731 4016 2932 4070 volente
2981 4014 3091 4068 Deo
3126 4023 3381 4077 creatore,
3433 4012 3690 4082 Georgius
3739 4013 3819 4067 de

2223 4114 2469 4166 Ambasia
2516 4121 2693 4165 noster
2739 4108 3157 4179 consanguineus
3212 4106 3516 4161 carissimus
3542 4147 3557 4173 ,
3608 4114 3807 4159 sancta:

2221 4208 2359 4263 sedis
2387 4205 2689 4276 apostolica:
2718 4214 2766 4258 et
2796 4202 3045 4257 Romana,-
3067 4200 3298 4255 ecclesia
3326 4198 3637 4261 cardinalis,
3661 4197 3807 4268 lega-

2222 4310 2406 4370 tusque
2425 4298 2490 4351 de
2512 4296 2674 4351 latere
2698 4295 2844 4349 nobis
2863 4293 3285 4365 probatissimus,
3311 4291 3575 4361 nostrique
3600 4290 3811 4359 imperii

2222 4391 2476 4463 patricius
2501 4399 2550 4443 et
2581 4387 2918 4442 consiliarius
2948 4383 3303 4454 ﬁdelissimus.
3332 4381 3427 4435 Pa.

2296 4483 2373 4555 (5)
2405 4481 2641 4536 Joannes
2686 4476 3107 4532 Abrincacensis.
3156 4473 3248 4529 Sic
3301 4471 3706 4543 llajocacensis,
3752 4481 3811 4529 et

2224 4572 2634 4637 Parisiacensis,
2679 4586 2779 4641 pro
2831 4566 3111 4638 Bajocensi
3160 4574 3216 4620 et
3261 4563 3554 4618 l‘arisiensi
3605 4562 3808 4632 passim

2225 4665 2343 4736 ejus
2364 4664 2464 4720 aevi
2490 4660 2868 4731 scriptoribus.
2895 4656 3115 4711 Rectius
3132 4653 3272 4708 forte
3293 4650 3724 4715 Abrincatensis,
3750 4658 3809 4704 ut

2226 4757 2365 4827 apud
2387 4753 2710 4810 Ordericum
2735 4748 3037 4805 ecclesiast.
3062 4746 3191 4799 hist.
3212 4744 3304 4797 lib.
3330 4758 3411 4809 Ill,
3432 4758 3618 4809 tv,vnt
3638 4752 3804 4796 etxu.

2226 4848 2397 4902 Porro
2424 4845 2491 4900 de
2510 4843 2737 4907 Joanne,
2766 4847 2962 4911 praeter
2989 4834 3293 4892 testimonia
3320 4834 3568 4903 superius
3594 4835 3660 4887 ad
3685 4833 3808 4889 libri

2228 4939 2389 4993 limen
2414 4936 2572 4991 allata
2617 4932 2741 4987 vide
2768 4929 3017 4986 eumdem
3043 4924 3360 4981 Ordericum
3391 4923 3487 4979 lib.
3518 4940 3575 4979 ιν
3596 4935 3652 4979 et
3676 4940 3727 4988 v,
3753 4933 3811 4979 et

2229 5030 2540 5084 Matthaeum
2568 5023 2724 5079 West
2752 5018 3240 5076 monasteriensem
3268 5018 3334 5070 ad
3364 5029 3566 5069 annum
3602 5014 3811 5070 Christi

2230 5124 2367 5178 l075
2388 5130 2443 5176 et
2464 5118 2623 5182 l0'i9,
2651 5114 2849 5186 quibus
2867 5111 3122 5167 adderem
3145 5121 3472 5177 anonymum
3488 5105 3546 5159 S.
3562 5106 3812 5161 Audoeni

2231 5216 2576 5274 monachum,
2607 5210 2708 5265 nisi
2739 5207 2930 5263 Joanni
2955 5217 3145 5274 parum
3173 5213 3358 5269 :cqnus
3378 5197 3676 5252 videretur.
3706 5197 3809 5254 Pa.

2303 5309 2380 5382 (4)
2428 5307 2716 5375 Postquam
2747 5302 2810 5355 de
2836 5295 3241 5365 metropolitano
3270 5290 3398 5382 sedc
3418 5287 3623 5382 stillare
3672 5292 3779 5345 vide
