4016 5386
164 204 239 259 ~65
1122 193 1337 255 ΝΟΤΕ
1374 198 1467 254 AD
1496 190 1744 252 LIBRI]!

1851 193 1892 251 Ε
1929 195 2152 253 OFFIC.
2190 195 2476 255 ECCLBS.
3360 192 3432 253 66

177 314 504 368 adhaerentes
532 309 587 364 in
612 309 798 380 primis
826 308 1185 373 decernimus,
1209 318 1265 362 ut
1293 324 1472 362 omnes
1494 308 1755 377 sull‘raga-
1782 290 1831 348 Α
1854 313 2075 365 tulares.
2106 311 2240 364 Item
2264 312 2571 375 statuimus,
2601 309 2741 380 quod
2776 308 3074 379 quicunque
3098 310 3167 363 ad
3192 310 3429 378 missam,

177 421 280 459 nete
314 401 553 457 ecclesiis
602 412 797 457 nostra
840 402 894 455 in
930 400 1148 472 legendo
1192 410 1244 453 et
1283 399 1565 469 .psallcndo
1598 414 1750 451 usum

174 496 328 565 ltujus
389 502 749 547 sacrosanctis
801 491 1033 547 ecclesiis
1086 491 1503 561 metropolitana:
1545 490 1752 544 imiten-

177 596 273 639 tur.
317 584 419 638 Pu.

203 676 286 744 <(5)
308 676 446 729 Item
471 675 765 731 “concilium
836 676 1112 731 oletanum
1137 688 1208 737 tu,
1240 691 1362 730 can.
1388 675 1443 730 3.

210 768 373 822 Juxta
389 766 807 838 Carthaginense
817 767 1378 834 conciliam.Quartum
1391 766 1591 822 scilicet
1604 782 1745 830 ,can.

173 859 236 913 μ
251 868 303 913 et
316 857 415 921 4⁸5,
430 873 665 929 quorum
682 858 819 914 alter
835 861 903 913 ad
928 869 1226 923 tonsuram,
1246 860 1386 913 alter
1403 859 1469 914 ad
1506 860 1748 914 habitum

175 950 419 1019 pertinet.
440 948 650 1004 Prioris
664 958 897 1005 mentem
913 966 978 1005 ne
989 951 1110 1020 quis
1123 966 1223 1006 suo
1236 952 1462 1005 arbitrio
1478 952 1748 1021 interpre-

176 1047 393 1103 taretur,
415 1038 622 1108 placuit
648 1040 879 1094 concilio
904 1056 960 1093 tv
984 1040 1247 1095 Toletano
1267 1051 1500 1096 tonsura:
1520 1041 1749 1095 formem

175 1129 382 1184 disertis
401 1128 589 1183 verbis
610 1129 681 1183 ita
698 1129 1051 1199 praescribere
1074 1145 1196 1184 can.
1210 1128 1271 1183 61
1295 1148 1308 1183 :
1338 1129 1528 1184 Omnes
1549 1129 1748 1194 clerici,

176 1218 243 1273 rel
270 1220 487 1275 lectores
516 1222 654 1275 sicut
678 1221 845 1275 levita:
865 1232 913 1276 et
938 1226 1251 1284 sacerdotes,
1275 1223 1489 1277 detonsa
1510 1227 1749 1292 superius

178 1321 272 1364 toto
293 1312 483 1381 capite,
504 1311 730 1382 inferius
752 1311 918 1365 solans
942 1312 1124 1365 circuli
1147 1327 1393 1365 coronans
1424 1312 1748 1381 relinquant:

172 1418 269 1455 non
301 1402 431 1457 sicut
463 1403 737 1472 hucusque
764 1404 819 1457 in
854 1400 1094 1457 Calliciw
1119 1403 1357 1471 partibus
1382 1403 1558 1472 [acere
1594 1404 1751 1458 lecto.

1856 400 2181 469 euangelium
2227 409 2275 453 et
2315 400 2611 468 epistolam,
2661 400 2716 453 in
2764 399 2943 454 tabula
2985 401 3212 469 scriptus
3249 400 3432 470 fuerit,

1855 498 2128 543 tonsuram
2151 505 2212 541 ac
2246 489 2464 542 barbam
2484 506 2537 542 se
2566 490 2682 542 radi
2705 489 2866 556 faciat
2886 505 2909 543 .'
2932 489 3165 560 alioquin
3189 491 3242 547 in
3265 492 3431 561 oﬁicio

1852 598 1951 635 suo
1976 590 2191 650 nequeat
2220 581 2290 635 ad
2316 582 2504 644 altare,
2522 581 2685 635 donec
2713 598 2862 635 rasus
2895 581 3073 649 fuerit,
3093 583 3429 638 atiatttstrare:

1848 673 2185 726 decernentes
2219 682 2275 725 ut
2298 673 2398 726 hoc
2425 682 2700 736 statutum,
2724 683 2775 726 et
2807 674 2983 726 omnia
3036 672 3143 727 alia
3189 675 3331 728 edita
3371 675 3428 731 in

1850 762 1951 816 ltoc
1972 762 2199 831 capitulo
2232 764 2482 832 generali,
2514 764 2649 817 inter
2674 764 2766 818 illa
2816 775 3016 819 statuta
3067 766 3424 832 numerentur,

1850 867 1971 922 qute
1995 851 2207 920 quilibet
2228 853 2510 906 canonicos
2533 853 2586 905 in
2606 870 2702 905 sua
2732 854 3176 923 receptionejurat
3197 872 3426 911 seruare.

1850 943 2014 999 Plura
2049 944 2116 998 de
2142 952 2364 998 tonsura
2406 941 2651 996 lsidorus
2681 942 2755 996 De
2804 943 3107 999 ecclesiast.
3150 944 3290 999 ollic.
3317 946 3426 1017 92

1848 1036 1948 1091 lib.
1983 1052 2043 1100 rt,
2068 1050 2188 1105 cap.
2219 1036 2290 1100 4;
2340 1035 2572 1090 Albinus
2622 1035 2850 1090 Flaccus
2894 1036 3173 1101 Alcuiuus,
3211 1039 3306 1092 lib.
3353 1038 3427 1092 De

1851 1127 1960 1181 div.
1990 1127 2156 1191 ollim;
2184 1126 2492 1180 Amalarius
2538 1126 2665 1179 item
2709 1126 2783 1179 De
2808 1126 3109 1183 ecclesiam.
3138 1128 3302 1194 ollic.,
3330 1130 3423 1184 lib.

1845 1234 1914 1282 tt,
1947 1233 2066 1286 cap.
2097 1218 2159 1282 5;
2188 1217 2448 1271 [tabanus
2471 1215 2687 1270 Maurus
2740 1216 2813 1269 De
2849 1217 3076 1272 institut.
3104 1219 3424 1274 clericorum

1848 1308 1946 1363 lib.
2001 1324 2042 1373 ι,
2098 1323 2219 1377 cap.
2248 1307 2311 1373 '5;
2337 1307 2607 1377 Rupes-tus
2649 1309 2820 1362 abbas
2856 1306 3152 1364 Tuiticusis
3198 1311 3271 1364 De
3316 1311 3424 1364 div.

1849 1399 2014 1463 olllc.,
2043 1398 2138 1451 lib.
2164 1413 2248 1462 ιιι,
2274 1413 2394 1466 cap.
2419 1397 2521 1462 25;
2546 1397 2833 1452 concilium
2856 1398 3165 1469 Agatheuse
3185 1414 3306 1453 can.
3331 1399 3423 1465 20;

172 1508 251 1545 res
286 1493 549 1557 rideatur,
590 1494 681 1563 qui
704 1492 948 1562 prolixis,
978 1501 1033 1546 ut
1059 1493 1206 1556 laici.
1237 1496 1421 1560 comis,
1450 1496 1501 1549 in
1525 1495 1637 1549 solo
1660 1512 1753 1548 ca-
1848 1494 2161 1565 Stephanus
2189 1495 2229 1549 ll
2259 1510 2393 1565 papa
2426 1494 2480 1549 iu
2525 1497 2800 1566 responsis
2830 1496 2883 1550 in
2912 1497 3191 1551 Carisiaco
3217 1497 3334 1551 villa
3359 1499 3425 1553 ad

172 1579 290 1649 .pitis
328 1582 469 1650 apice
499 1584 767 1635 modicam
813 1582 1067 1636 circulum
1116 1585 1354 1639 tondent.
1410 1583 1563 1638 Ritus
1611 1586 1745 1639 enim

1850 1600 2051 1640 annum
2085 1586 2288 1640 Christi
2318 1586 2441 1648 754,
2487 1601 2610 1640 can.
2652 1587 2745 1648 l8;
2799 1586 3086 1640 concilium
3131 1587 3425 1658 Aquis-gra-

174 1673 270 1727 siste
307 1673 355 1725 in
387 1672 657 1743 Hispania
706 1660 971 1744 hucusque
1012 1674 1377 1729 Ita'ieticorutn
1429 1675 1550 1744 fuit.
1598 1674 1753 1731 Unde
1781 1664 1823 1724 Β
1853 1691 2025 1731 ncnse
2042 1678 2109 1730 A.
2140 1676 2206 1732 C.
2239 1675 2365 1739 8l6,
2394 1677 2488 1730 lib.
2515 1692 2555 1739 ι,
2584 1678 2782 1745 quiest
2808 1678 2876 1731 de
2899 1678 3236 1732 institutione
3262 1694 3425 1732 cauo-

174 1774 357 1832 oportet
412 1773 469 1818 ut
511 1782 612 1833 pro
667 1765 988 1834 amputanda
1042 1763 1274 1819 ecclesia:
1321 1767 1595 1831 scandala,
1648 1769 1746 1823 hoc

176 1838 362 1921 signant
391 1853 668 1907 dedecoris
701 1854 1000 1922 auferatur,
1028 1865 1076 1909 et
1120 1872 1229 1909 una
1275 1856 1341 1910 sit
1385 1868 1623 1921 tonsura,
1670 1875 1741 1913 rei

179 1940 385 2006 habitus,
414 1944 554 1998 sicut
582 1944 742 1997 totius
775 1943 1051 2014 Hispania:
1097 1956 1172 2000 est
1215 1964 1361 2001 usus.
1418 1945 1521 2015 Qui
1569 1958 1742 2004 autent

179 2032 262 2084 hoc
284 2048 381 2084 non
410 2033 748 2096 custodierit,
774 2033 902 2102 [idei
927 2034 1198 2089 catholica:
1232 2052 1348 2090 reus
1373 2038 1489 2091 erit.
1528 2037 1748 2109 Astipn—

174 2121 302 2176 lator
324 2123 447 2177 huic
480 2123 734 2196 instituto
764 2123 1004 2178 omnimn
1034 2124 1149 2180 fere
1178 2124 1421 2180 locorum
1455 2136 1509 2182 et
1538 2136 1746 2198 tempo-

181 2228 281 2285 rum
304 2228 623 2276 consensus,
655 2214 760 2285 91
799 2225 855 2267 ut
879 2215 1072 2268 mirum
1106 2233 1210 2271 non
1258 2219 1359 2283 sit,
1400 2220 1444 2273 si
1502 2227 1608 2274 tam
1656 2236 1745 2276 se-

179 2316 288 2355 vere
306 2302 356 2355 in
378 2303 497 2372 ejus
520 2313 929 2375 contemptores
954 2305 1336 2363 ecclesiasticae
1385 2308 1530 2380 leges
1567 2312 1745 2366 anim-

174 2393 508 2449 adverterint.
549 2395 848 2450 Testantur
888 2395 939 2451 id
968 2398 1188 2468 antiqua
1220 2400 1508 2468 provinciae
1546 2413 1746 2459 nostra

181 2486 392 2553 decreta,
414 2496 585 2558 atque
611 2487 666 2541 in
692 2488 883 2558 primis
908 2488 1198 2544 concilium
1225 2490 1622 2564 Rotomagense
1645 2496 1745 2550 sub

177 2575 394 2637 Waltcro
416 2598 543 2636 can.
579 2580 613 2634 5
638 2600 651 2634 :
678 2578 985 2635 Sacerdotes
1009 2592 1056 2635 et
1077 2581 1253 2636 clerici
1278 2600 1498 2639 coronas
1522 2586 1745 2640 habeant

181 2672 362 2737 patulas
396 2682 442 2725 et
476 2672 749 2726 decentem
785 2671 1010 2725 crinium
1044 2672 1544 2742 circum/arentium.
1578 2674 1743 2729 Istius

174 2763 535 2817 constitutionis
568 2774 982 2835 transgressores
1012 2763 1077 2817 ab
1100 2762 1461 2821 ecclesiasticis
1486 2767 1745 2836 beneficiis

182 2857 567 2922 suspendantur.
605 2858 710 2923 Qui
755 2873 870 2912 uero
907 2856 1159 2925 beneﬁcia
1207 2875 1312 2913 non
1362 2859 1661 2924 habuerint,
1696 2870 1745 2913 et

183 2944 241 2996 ita
282 2962 473 3000 contam
535 2947 825 3000 rtatrierint
852 2986 868 3011 ,
918 2946 1191 3016 privilegio
1233 2959 1446 3002 careant
1491 2949 1741 3003 clericali.

1849 1769 2117 1833 uicorum,
2162 1783 2279 1839 cap.
2325 1770 2396 1832 1;
2451 1768 2759 1838 Coyacci:se
2810 1782 2953 1821 anno
3013 1767 3213 1822 Christi
3253 1768 3424 1835 1050;

1848 1858 2457 1915 West-monasteriense
2482 1874 2626 1913 anno
2654 1858 2854 1913 Christi
2885 1859 3050 1924 H75;
3085 1858 3429 1915 Ehoracense

1847 1967 1990 2006 anno
2024 1950 2225 2007 Christi
2262 1950 2434 2016 “95;
2485 1950 2791 2006 Oxonicuse
2829 1967 2973 2005 anno
3012 1950 3213 2004 Christi
3255 1950 3421 2017 122i;

1842 2041 2189 2097 Londinense
2243 2056 2386 2095 anno
2433 2041 2633 2095 Christi
2692 2041 2855 2106 l237;
2916 2043 3159 2096 Itavenn.
3203 2056 3240 2103 ι,
3285 2057 3427 2096 anno

1844 2130 2049 2186 Citriin
2095 2131 2252 2196 1286,
2299 2131 2447 2185 rubr.
2479 2133 2541 2188 ὃς
2578 2131 2819 2184 llavcnn.
2872 2146 2964 2194 ιιι,
3020 2147 3162 2186 anno
3222 2131 3426 2187 Christi

1846 2222 2007 2288 1514,
2050 2222 2200 2277 rubr.
2245 2223 2346 2285 10;
2403 2221 2647 2284 Raveun,
2705 2238 2777 2286 tv,
2824 2238 2965 2276 anno
3004 2221 3209 2278 Christi
3266 2223 3425 2288 1517,

1846 2314 1995 2368 rubr.
2040 2312 2118 2379 4;
2175 2328 2239 2367 ac
2285 2306 2503 2367 demum
2561 2314 2777 2367 l’atrnm
2824 2323 2983 2369 tetate
3030 2315 3427 2383 Rotomagense

1845 2416 1989 2457 anno
2016 2403 2217 2457 Christi
2242 2402 2399 2466 1581,
2431 2402 2513 2456 tit.
2544 2402 2621 2455 De
2643 2404 2797 2471 cpisc.
2827 2414 2873 2456 et
2901 2405 3083 2469 capit.,
3113 2401 3141 2475 ᾗ
3175 2405 3229 2462 7.
3259 2413 3312 2456 et
3339 2415 3420 2458 tit.

1846 2492 1925 2546 De
1948 2503 2115 2546 curat.
2165 2503 2215 2546 et
2260 2492 2486 2546 aliorum
2529 2494 2684 2562 offic,
2717 2493 2744 2565 δ
2774 2495 2826 2555 9,
2868 2501 2922 2547 ct
2974 2492 3239 2547 Bentt-use
3284 2509 3426 2548 anno

1844 2583 2044 2638 Christi
2074 2583 2210 2636 1385
2239 2586 2322 2637 tit.
2354 2584 2431 2637 De
2456 2586 2660 2638 clericis
2699 2587 2751 2637 in
2776 2602 2916 2652 gem,
2951 2584 2978 2656 ᾗ
3017 2587 3099 2640 18.
3132 2586 3226 2639 l‘tt.

1917 2672 1994 2743 (6)
2035 2671 2210 2726 Variis
2240 2689 2332 2727 nec
2376 2675 2547 2728 rabeis
2597 2684 2815 2727 utuntur
2864 2675 3201 2727 indumentis.
3244 2673 3425 2728 Pluri-

1847 2765 1950 2819 mis
1969 2764 2324 2819 couciliorutn
2353 2764 2588 2819 decretis
2616 2766 2755 2819 idem
2782 2765 2879 2819 fuit
2911 2766 3422 2835 proliibitum.Unde

1846 2867 2025 2909 autem
2055 2856 2442 2910 heteromallou
2487 2856 2710 2909 rubeam
2765 2858 2816 2909 in
2871 2857 3058 2925 cappis
3106 2857 3425 2910 hiemalibus

1849 2946 2235 3000 cauonicorum
2267 2946 2559 3014 sumpserit
2585 2947 2866 2999 exordium
2904 2960 3011 3000 non
3063 2945 3249 3014 liquet,
3300 2946 3425 3001 huic

184 3034 420 3111 Przeccpla
451 3056 599 3096 nova
622 3041 781 3102 ,Pctri
823 3041 889 3095 de
938 3040 1294 3095 Colle-medio
1324 3042 1741 3111 archiepiscopi,
1769 3023 1815 3085 ο
1847 3036 1992 3090 enim
2019 3036 2268 3089 instituto
2300 3044 2584 3104 repugnat.

182 3130 260 3199 qui
286 3134 461 3189 sedere
484 3133 661 3201 c'txzpit
682 3148 826 3187 anno
848 3132 1054 3186 Christi
1081 3132 1216 3185 1257
1240 3151 1256 3186 :
1283 3132 1412 3187 Cum
1442 3134 1497 3187 in
1527 3145 1745 3191 tonsura

177 3232 222 3274 et
248 3225 451 3278 maxime
483 3225 674 3279 Itabitn
709 3224 924 3292 diferre
944 3224 1161 3278 debeant
1188 3240 1219 3276 a
1248 3223 1400 3279 laicis
1426 3227 1740 3292 sacerdotes,

184 3310 228 3362 in
252 3313 421 3379 quibus
439 3313 625 3383 plures
650 3314 937 3367 invenimus
965 3313 1079 3368 istis
1104 3313 1420 3383 temporibus
1435 3316 1744 3385 delinquen-

185 3409 276 3465 tes,
308 3404 636 3471 pra'cipintus
674 3404 814 3473 quod
848 3403 1027 3457 omnes
1068 3420 1317 3457 coronant
1354 3420 1598 3472 magnam
1641 3406 1741 3459 Ita-

180 3488 335 3557 beant,
360 3504 403 3548 et
426 3506 705 3551 tonsuram
732 3494 894 3549 altaut
917 3506 965 3549 et
993 3496 1117 3550 bene
1156 3498 1453 3551 rotundam.
1480 3495 1547 3551 Et
1576 3500 1666 3569 qui
1688 3500 1745 3553 in

180 3581 254 3636 liis
277 3584 334 3637 de
360 3596 543 3640 cetera
565 3587 866 3640 invenietur
895 3587 1201 3656 culpabilis,
1231 3591 1443 3657 gravius
1478 3591 1743 3659 punietur.

186 3672 455 3732 Concilium
504 3678 653 3749 apud
710 3677 1258 3735 Pontem-Audomari
1316 3682 1556 3736 habitum
1600 3697 1742 3736 anno

186 3764 363 3823 Christi
378 3770 529 3825 1267.
558 3770 811 3842 [sedente
827 3772 1233 3843 archiepiscopo
1251 3771 1437 3829 Odone
1460 3772 1739 3844 Rigaltio],

181 3854 406 3923 clericos,
430 3862 597 3917 etiam
630 3873 913 3925 uxoratos,
959 3864 1027 3918 ad
1076 3860 1427 3919 deferendum
1458 3873 1738 3920 tonsuram

186 3956 233 4000 et
251 3948 479 4006 habitum
511 3953 717 4008 clerico
745 3964 1137 4024 congruentem
1165 3957 1322 4013 trinis
1352 3960 1741 4015 monitionibus

182 4039 307 4109 adigi
335 4043 593 4112 praecipit,
627 4051 683 4097 et
713 4044 863 4098 addit
891 4062 906 4105 ;
941 4044 1173 4116 Denique
1206 4048 1250 4100 si
1287 4058 1401 4118 post
1440 4051 1740 4117 pra'missas

182 4132 466 4187 monitiones
493 4132 661 4203 aliqui
684 4132 861 4186 clerici
891 4135 944 4189 in
982 4138 1247 4204 apostasia
1281 4148 1515 4192 tonsura:
1554 4149 1603 4192 et
1647 4140 1743 4194 Ita-

189 4216 303 4272 bitus
326 4224 704 4290 permanserint
732 4236 781 4277 et
812 4226 1078 4295 contingat
1107 4228 1246 4296 quod
1267 4244 1361 4297 pro
1384 4230 1495 4281 suis
1519 4231 1741 4283 excessi-

189 4304 267 4361 bus
296 4313 664 4369 asecularibas
681 4314 953 4384 jadicibas
993 4320 1290 4385 capiantur,
1340 4318 1394 4373 in
1435 4320 1738 4374 criminibus

1920 3129 1998 3198 (7)
2031 3127 2185 3193 Quod
2231 3138 2384 3195 caput
2437 3139 2671 3181 nostrum
2699 3144 2765 3182 ex
2793 3128 3078 3195 apostolica
3103 3128 3344 3181 doctrina
3372 3143 3426 3180 in

1845 3217 2103 3285 superiori
2128 3225 2275 3285 parte
2304 3217 2560 3269 radiatus.
2608 3216 2807 3271 Primis
2854 3217 3184 3286 temporibus
3240 3220 3429 3270 radere

1845 3318 2008 3376 caput
2035 3307 2214 3360 minus
2245 3306 2502 3359 usitatum
2553 3304 2719 3359 fuisse
2748 3307 2959 3359 videtur
2984 3320 3147 3374 quam
3182 3307 3425 3371 tondere,

1847 3414 1972 3452 nam
2004 3397 2063 3451 S.
2097 3396 2461 3466 Hieronymus
2489 3412 2540 3450 tn
2569 3406 2731 3466 caput
2782 3412 2907 3451 serv
2952 3396 3250 3452 Ezechielis
3302 3397 3378 3451 ait
3408 3414 3423 3451 :
3457 3465 3467 3475 .

1846 3486 2133 3557 Perspicue
2156 3489 2545 3541 demonstratur
2570 3505 2634 3541 ne
2664 3490 2799 3541 rasis
2819 3490 3076 3556 capitibus
3098 3490 3234 3542 sicut
3258 3505 3430 3542 sacer-

1845 3581 1993 3634 dotes
2038 3580 2364 3648 cultoresque
2398 3576 2564 3630 Isidis
2597 3587 2646 3631 et
2681 3575 2901 3646 Serapis
2939 3593 3035 3630 nos
3071 3593 3183 3631 esse
3215 3578 3429 3642 debere;

1846 3671 2114 3741 lmjusque
2144 3684 2272 3723 usus
2298 3668 2554 3724 moralem
2581 3670 2843 3723 rationem
2866 3668 3027 3723 aﬂ‘ert
3054 3669 3426 3740 S.‘Gregorius

1847 3761 1939 3814 lih.
1985 3777 2020 3816 tt
2066 3759 2380 3822 Pastoralis,
2412 3773 2533 3829 cap.
2564 3758 2617 3823 7,
2650 3768 2706 3813 et
2734 3758 2827 3813 lib.
2874 3775 2889 3812 ι
2945 3759 3174 3828 Regist.,
3215 3774 3303 3828 ep;
3329 3759 3423 3813 21.

1845 3849 1923 3904 Ex
1976 3848 2269 3919 apostolica
2315 3855 2496 3900 autem
2533 3847 2780 3900 doctrina
2821 3848 3021 3902 dicitur
3065 3849 3427 3913 descendere,

1844 3946 1960 4002 sive
1987 3947 2110 4015 qttia
2155 3953 2430 3999 tonsuram
2473 3951 2751 4014 gestamus
2784 3943 3032 4011 exemplo
3062 3942 3122 3996 S.
3156 3944 3337 4008 Petri,
3365 3954 3426 3997 nt

1844 4037 2009 4091 habet
2037 4038 2169 4091 ordo
2187 4033 2495 4099 Romanus;
2533 4032 2687 4102 isque
2712 4032 2783 4086 ita
2814 4031 2869 4085 in
2900 4031 3213 4084 memoriam
3246 4031 3429 4085 Domi-

1844 4127 1981 4181 nicaa
2006 4123 2273 4197 passionis
2296 4132 2543 4178 attonsus
2565 4131 2668 4186 est,
2708 4130 2765 4175 ut
2805 4120 3002 4190 legitur
3043 4121 3206 4188 apud'
3226 4119 3425 4174 Bcdam

1844 4216 1937 4271 lib.
1969 4232 2002 4269 v
2035 4217 2198 4278 llist..
2236 4231 2287 4271 ο.
2330 4212 2422 4281 22,
2452 4215 2569 4272 sire
2607 4212 2736 4287 quia
2781 4226 2901 4273 cum
2932 4210 3122 4270 Petrus
3165 4212 3424 4277 instituit,

1844 4321 1903 4365 ut
1935 4313 2157 4380 tradunt
2183 4310 2485 4381 Gregorius
2523 4309 2859 4366 Turonensrs
2896 4311 2992 4365 lib.
3041 4326 3057 4364 ι
3103 4309 3178 4363 De
3211 4309 3425 4369 mirac.,

188 4403 549 4469 comprehensi;
584 4422 686 4457 non
713 4408 1075 4476 ;ira'cipiemus
1095 4424 1181 4462 eos
1200 4425 1294 4476 per
1311 4426 1560 4464 censuras
1582 4403 1743 4464 eccle-

1851 4418 1967 4473 cap.
1996 4402 2086 4467 28,
2116 4402 2407 4458 concilium
2438 4402 2790 4458 Triburiense
2817 4418 2941 4457 can.
2972 4401 3065 4466 20,
3108 4410 3163 4455 et
3201 4397 3424 4454 Gemma

187 4485 400 4544 siasticas
435 4493 667 4549 liberari.
706 4494 906 4549 Eadem
932 4495 1043 4551 fere
1074 4498 1256 4552 sanxit
1283 4500 1573 4555 concilium
1596 4499 1740 4555 aliud

188 4574 362 4633 ibidem
392 4598 531 4639 anno
562 4584 765 4649 Christi
805 4584 939 4641 1279
970 4585 1207 4657 (Collect.
1244 4590 1585 4644 conciliorum
1636 4589 1741 4644 Ro-

186 4674 378 4738 tomaq.,
407 4688 531 4743 pag.
568 4673 694 4744 276)
756 4674 1106 4732 celebratum.
1140 4677 1470 4751 Tepescente
1524 4680 1740 4737 domum

189 4756 467 4830 disciplina,
494 4766 741 4821 canonici
776 4766 1200 4841 Rommagcnses
1221 4772 1271 4825 in
1311 4772 1546 4843 capitulo
1572 4789 1737 4841 gene-

189 4848 273 4901 rali
320 4866 453 4907 amto
495 4854 700 4911 Christi
741 4857 863 4911 1511
910 4860 1021 4915 haec
1069 4863 1134 4915 de
1184 4872 1402 4918 tonsura
1459 4872 1514 4919 et
1560 4860 1746 4920 habitu

186 4943 467 4997 statuerunt
494 4963 507 4999 :
538 4941 604 4999 Ut
637 4957 834 5015 quanto
862 4949 1077 5005 ecclesia
1104 4961 1282 5004 nostra
1316 4964 1532 5007 caeteras
1558 4952 1747 5005 nobili-

192 5034 282 5082 late
307 5034 568 5101 prmcellit,
601 5040 673 5090 sic
726 5053 838 5105 ejus
886 5041 1228 5095 ecclesiastici
1251 5057 1525 5119 scriptores
1551 5043 1747 5112 majori

195 5114 432 5177 honestate
468 5142 499 5177 a
527 5126 726 5180 cancris
755 5127 1144 5198 distinguantur
1177 5147 1195 5184 :
1223 5114 1502 5185 statuimus
1536 5140 1591 5184 ut
1629 5131 1750 5184 uni-

195 5212 309 5262 cersi
337 5217 587 5281 canonici,
616 5217 891 5288 capellaui,
923 5233 969 5275 et
992 5223 1167 5277 clerici
1196 5224 1340 5282 cjtori
1370 5221 1541 5279 nostri
1566 5233 1745 5275 tonsa-

199 5313 293 5352 ram
319 5306 498 5358 amodo
541 5306 777 5377 deferant
818 5312 1201 5386 congruentem,
1231 5314 1284 5368 in
1313 5313 1608 5386 quantitate
1636 5312 1746 5381 fere

1848 4494 2041 4548 animae
2066 4493 2159 4548 lib.
2188 4509 2227 4557 ι,
2256 4507 2305 4546 c.
2333 4492 2456 4551 195.

1919 4583 1995 4654 (8)
2021 4581 2126 4638 Per
2144 4583 2390 4637 coronant
2413 4582 2746 4655 capillorum,
2770 4600 2925 4653 quam
2950 4583 3003 4637 in
3022 4582 3263 4653 inferiori
3284 4593 3434 4650 parte

1846 4690 2132 4745 portamus.
2164 4674 2301 4727 lliuc
2330 4674 2546 4743 planum
2597 4680 2683 4727 est
2732 4673 2961 4727 clericos
3008 4670 3269 4726 circulum
3319 4671 3432 4725 cri-

1850 4767 1998 4821 nium
2032 4767 2083 4820 in
2110 4765 2328 4819 modum
2361 4770 2581 4823 curatio:
2618 4764 2747 4819 olim
2796 4766 3009 4819 deferre
3036 4761 3258 4826 'solitos,
3291 4762 3436 4816 sicut

1848 4857 2009 4913 hodie
2039 4865 2251 4926 gestant
2281 4854 2660 4914 Frauciscani.
2709 4853 2853 4909 ldem
2882 4866 3097 4923 quoque
3123 4850 3439 4919 praecipitur

1847 4949 1901 5002 in
1928 4948 2132 5019 synodo
2164 4944 2483 5006 Ebmiccnsi
2511 4963 2563 5002 a.
2601 4944 2761 5008 1576,
2790 4960 2910 5014 cap.
2942 4942 2996 5004 5,
3029 4942 3094 4995 de
3118 4942 3224 4993 vita
3252 4949 3302 4992 et
3334 4944 3436 4992 Ito-

1846 5046 2055 5092 aestate
2077 5042 2393 5095 curatorqu
2411 5051 2462 5097 ct
2480 5039 2710 5095 aliorum
2725 5033 3238 5091 ecclesiasticarum,
3255 5038 3358 5081 art.
3381 5030 3437 5091 5,

1846 5133 1902 5182 et
1957 5128 2010 5180 in
2060 5124 2262 5180 Rituali
2312 5143 2411 5185 seu
2464 5124 2699 5186 Mattuali
2751 5117 3433 5189 Rutomagensi931651

1846 5218 2010 5281 edito,
2042 5226 2182 5289 part.
2218 5230 2256 5279 l,
2289 5233 2418 5293 pag.
2453 5220 2559 5278 585
2589 5258 2603 5282 ,
2644 5216 2702 5268 in
2753 5217 2895 5269 hunc
2938 5213 3154 5267 modum
3187 5227 3201 5261 :
3246 5205 3439 5261 Clerici

1846 5307 2187 5377 Ρνοίεπδοηίε
2213 5322 2323 5360 παι·
2349 5323 2611 5369 memores
2654 5303 2942 5358 Dominiea:
2985 5313 3191 5352 coronis
3223 5296 3433 5362 signum
