4016 5386
552 308 636 366 ‘67
1612 298 1914 360 somnus
1941 300 2370 358 ARCHIEPlSC.
2397 298 2743 360 norousc.
3282 260 3297 276 ’
3739 312 3822 369 σε

569 415 877 470 correction:
904 413 1232 483 subjaceant,
1255 421 1303 467 et
1326 412 1389 466 ab
1417 410 1783 467 ecclesiasticis
1812 412 2148 467 conuentibus
2178 398 2226 455 Α
2324 417 2438 488 (14)
2464 418 2556 472 Bis
2585 431 2690 473 tres
2704 419 2956 488 psalmos.
2988 420 3128 477 Idem
3153 421 3240 476 hic
3261 436 3444 493 acezpe
3470 426 3612 496 quod
3635 443 3821 498 supra,

568 521 687 560 cum
727 503 981 560 dedecore
1025 503 1340 575 ejiciantur;
1377 502 1506 556 item
1556 513 1614 555 ut
1664 501 1971 571 capillorum
2021 519 2144 572 pars

567 594 791 662 inferior
815 593 871 648 in
896 608 1102 647 coronat
1127 590 1346 661 speciem
1374 589 1714 659 prarcidatur,
1743 590 1816 643 ita
1840 600 1893 644 ut
1934 588 2071 644 oculi
2094 600 2141 643 et

568 697 722 736 aures
748 689 981 751 pateant.
1006 678 1204 734 Ibidem
1235 693 1355 748 pag.
1383 677 1509 733 409.

638 770 715 841 (9)
753 770 982 824 Barbam
1008 767 1261 821 radimus.
1291 766 1367 821 De
1390 781 1578 822 rasura
1610 766 1794 822 barba:
1827 767 1950 822 vide
1980 766 2137 822 Ordi-

569 875 694 918 nem
721 862 1050 924 Romanum,
1083 866 1137 913 et
1171 857 1386 913 Rituale
1414 858 1813 927 Rotomagense
1845 856 2066 912 ibidem.

639 952 752 1024 (l0)
782 954 980 1017 Quater
1009 960 1157 1004 nocte
1182 960 1229 1003 et
1257 949 1362 1004 die.
1396 949 1595 1004 Alludit
1618 942 1765 1005 haud
1804 949 1965 1004 dubie
1991 950 2056 1003 ad
2092 949 2144 1004 id

567 1043 710 1112 quod
753 1040 981 1111 legimus
1012 1039 1108 1094 lib.
1141 1056 1179 1094 ιι
1208 1039 1423 1106 Esdrze,
1450 1053 1501 1094 c.
1540 1039 1594 1105 9,
1625 1037 1882 1109 Legerunt
1917 1041 1970 1093 in
2001 1041 2145 1094 volu-

566 1133 703 1186 mine
736 1131 862 1202 legis
897 1129 1109 1185 Domini
1147 1128 1244 1184 Dei
1285 1130 1368 1183 sui
1404 1139 1591 1200 quater
1630 1130 1684 1183 in
1731 1129 1835 1195 die,
1871 1139 1919 1184 et
1960 1139 2146 1200 quater

565 1213 978 1288 conﬁtebantur;
1007 1219 1100 1275 sed
1133 1221 1276 1289 quod
1307 1219 1629 1289 psallerelur
1653 1227 1847 1287 quater
1879 1219 1930 1273 in
1962 1226 2141 1284 nocte,

556 1322 740 1377 neque
769 1316 949 1365 exstat
978 1308 1032 1362 in
1056 1306 1314 1362 Hebraica
1359 1308 1607 1373 veritate,
1636 1322 1809 1376 neque
1831 1307 1882 1360 in
1906 1307 2143 1361 editione

564 1397 708 1453 LXX
726 1398 1083 1468 lnterpretum
1100 1438 1115 1465 ,
1140 1413 1312 1468 neque
1333 1398 1385 1452 in
1416 1398 1608 1452 Latina
1631 1397 1864 1467 vulgata.
1897 1397 2138 1467 Quapro-

563 1496 686 1557 pter
736 1489 876 1544 hanc
923 1488 1250 1543 additionem
1291 1488 1502 1542 videtur
1547 1486 1782 1543 Joannes
1817 1497 2002 1543 noster
2028 1504 2143 1543 mu-

564 1588 745 1634 tuatus
773 1580 840 1636 ab
869 1578 1143 1634 Amalario
1168 1579 1261 1635 lib.
1293 1596 1345 1633 tv
1367 1579 1441 1635 De
1470 1580 1767 1653 ecclesiast.
1799 1578 1986 1635 olliciis
2010 1596 2058 1635 c.
2084 1581 2140 1646 5,

561 1686 790 1741 eamque
815 1671 1121 1727 Amalarius
1152 1671 1512 1743 desumpsisse
1545 1686 1609 1727 ex
1641 1672 1784 1727 Beda
1808 1672 1861 1727 in
1886 1672 2137 1739 Esdram,

561 1773 723 1831 quem
746 1761 817 1817 ibi
841 1761 1048 1818 laudat.

634 1850 745 1920 (11)
788 1848 1029 1921 Quinque
1066 1851 1297 1922 psalmos
1327 1867 1588 1915 cammus,
1614 1852 1706 1906 sed
1758 1854 1898 1906 trina
1942 1860 2139 1907 sancta:

563 1939 834 1996 Trinitatis
882 1942 1267 2012 gtori/icatione
1317 1943 1689 1996 conuectintus.
1738 1941 1846 1996 Per
1898 1940 2139 2010 quinque

559 2030 795 2102 psalmos
818 2046 942 2087 cum
969 2032 1110 2086 trina
1146 2030 1538 2102 gloriﬁcatione
1563 2031 1803 2103 inthlige
1828 2031 2093 2101 psalmum
2120 2045 2137 2086 :

559 2120 700 2177 Deus
729 2120 783 2175 in
811 2122 1041 2191 notitiae,
1063 2129 1119 2175 et
1144 2128 1379 2191 quatuor
1406 2123 1687 2176 octonaria
1713 2136 1808 2191 seu
1839 2119 2137 2174 divisiones

554 2209 748 2280 psalmi
782 2227 798 2263 :
830 2207 984 2263 Beati
1032 2210 1393 2275 inmaculati,
1423 2224 1561 2279 quas
1604 2208 1898 2264 divisiones
1938 2209 2139 2283 ctiam-

556 2314 685 2354 num
709 2299 812 2355 sub
833 2298 1030 2368 duplici
1062 2299 1456 2369 gloriticatione
1475 2299 1744 2376 canimus,
1769 2299 1855 2353 cui
1879 2305 2140 2377 consonat

556 2389 780 2445 Gemma
806 2390 1001 2445 animae
1026 2390 1121 2445 lib.
1156 2407 1216 2457 ιι,
1246 2408 1295 2447 c.
1329 2392 1397 2445 60
1428 2401 1485 2446 et
1507 2390 1593 2446 61.
1622 2390 1775 2458 Quod
1797 2391 1961 2446 etiam
1992 2392 2141 2465 vide-

557 2488 645 2531 tur
666 2477 718 2532 in
742 2477 1006 2533 Psalterio
1032 2478 1415 2550 Rotomagensi
1443 2494 1587 2534 anno
1610 2479 1771 2546 1507,
1796 2479 1850 2534 in
1879 2479 1986 2535 alio
2010 2480 2138 2534 item

558 2569 820 2639 psalterio
866 2570 1095 2627 Parisiis
1142 2586 1289 2626 anno
1318 2570 1458 2627 1510
1486 2572 1626 2641 apud
1660 2569 2011 2643 Franciscum
2038 2570 2141 2626 Ile-

555 2660 761 2730 gnault,
790 2661 842 2717 in
876 2661 1108 2716 diurnali
1133 2661 1454 2718 Lexoviensi
1485 2676 1629 2716 anno
1656 2660 1812 2725 1542,
1839 2660 1892 2715 in
1920 2659 2142 2716 Brevia-

555 2752 638 2807 rio
672 2752 966 2809 Parisiensi
994 2768 1137 2808 anno
1164 2752 1397 2819 1557,θι
1424 2754 1480 2809 in
1501 2752 1779 2809 Breviario
1810 2751 2135 2807 Abrincensi

555 2856 648 2897 an.
679 2841 818 2898 1592
844 2843 1023 2899 editis.
1055 2842 1313 2900 Fortasse
1346 2853 1457 2899 tum
1501 2843 1759 2914 temporis
1798 2843 1853 2897 in
1897 2842 2129 2898 ecclesia

555 2928 939 3006 Rolomagensi
989 2934 1209 2991 feriales
1253 2933 1444 3004 psalmi
1495 2948 1601 2988 non
1650 2931 2018 2987 recitabantur
2066 2933 2136 2986 ad

555 3024 747 3079 horam
776 3024 1029 3092 primam,
1048 3033 1106 3077 ut
1128 3022 1339 3077 videtur
1367 3022 1422 3076 in
1448 3020 1742 3076 Breviariis
1767 3019 2059 3076 Parisiensi
2080 3028 2135 3075 et

555 3114 880 3171 Abrincensi
925 3114 1253 3184 supradictis
1283 3129 1297 3167 :
1333 3112 1535 3182 alioqui
1576 3126 1683 3167 non
1730 3111 1969 3182 quinque
1991 3151 2008 3179 ,
2037 3112 2131 3167 sed
2158 3099 2204 3160 C

553 3218 650 3259 sex
683 3212 868 3267 essent
895 3203 1238 3260 numerandi.

625 3294 740 3365 (12)
771 3294 971 3361 Quibus
996 3294 1154 3365 ﬁdem
1185 3291 1498 3349 catholicam
1525 3311 1556 3347 a
1579 3292 1643 3348 Β.
1668 3292 1955 3348 Athanasio
1976 3308 2138 3362 expo-

555 3388 711 3442 sitam
732 3386 1038 3458 adjicimus.
1061 3384 1377 3457 Symbolum
1406 3384 1463 3441 S.
1494 3385 1775 3439 Athanasii
1810 3384 1861 3437 in
1891 3382 2133 3438 Ecclesia

556 3473 940 3550 Rotomagensi
987 3494 1083 3549 per
1114 3466 1297 3534 totum.
1326 3492 1559 3542 annum,
1591 3476 1741 3531 nullo
1769 3483 1999 3544 excepto
2022 3474 2131 3540 die,

519 3570 685 3625 ‘olim
718 3568 1148 3634 decantabatur,
1179 3578 1239 3622 ut
1261 3567 1478 3622 videtur
1514 3568 1567 3621 in
1610 3564 1890 3620 ordinario
1927 3578 2027 3618 ms.
2065 3562 2134 3616 ad

554 3674 712 3715 usum
750 3659 1167 3732 Rolomageusis
1196 3656 1460 3723 ecclesiae,
1492 3673 1557 3710 ex
1588 3654 1915 3711 bibliotheca
1944 3653 2136 3711 claris-

554 3755 678 3811 simi
702 3763 758 3811 ct
778 3753 1127 3825 eruditissimi
1162 3752 1264 3808 viri
1296 3753 1358 3807 D.
1382 3750 1615 3805 Emcrici
1637 3748 1827 3819 Bigot;
1854 3747 1940 3803 cui
1969 3747 2132 3802 etiam

555 3855 819 3903 consonat
852 3844 1076 3902 Getnma
1112 3844 1309 3899 aninue
1356 3843 1450 3899 lib.
1495 3858 1555 3907 ιι,
1586 3856 1637 3897 c.
1666 3840 1758 3904 59,
1790 3840 1874 3895 his
1911 3838 2128 3894 verbis:

554 3936 780 4003 Fidem,
806 3935 1126 4004 Quicunque
1175 3934 1318 3999 vult,
1345 3932 1577 4005 quotidie
1619 3932 1689 3985 ad
1721 3931 1946 4002 primam
1976 3931 2133 3985 iterat

554 4027 851 4098 (ecclesia),
870 4024 985 4101 ‘95
1003 4040 1159 4096 quam
1181 4012 1503 4079 Athanasius
1523 4021 1686 4077 Alexa
1695 4021 1764 4076 nd
1771 4022 1914 4074 riuus
1934 4019 2133 4089 episco-

551 4138 650 4192 pus
701 4131 886 4193 rogatu
938 4119 1217 4176 Theodosii
1277 4116 1608 4188 imperatoris
1662 4116 1847 4170 edidit.
1901 4114 2034 4170 Item
2075 4115 2131 4170 in

557 4210 835 4265 Breviario
873 4207 1260 4278 Rotomagensi
1293 4221 1438 4262 anno
1468 4206 1603 4263 1191
1636 4205 1786 4260 edito
1822 4218 1920 4275 per
1960 4213 2131 4260 totum

560 4314 761 4353 annum
800 4286 965 4352 etiam
1005 4299 1060 4367 in
1093 4297 1247 4357 feriis
1284 4295 1786 4353 dicitur..llabetur
1823 4310 2039 4365 quoque
2078 4296 2130 4350 in

553 4390 820 4445 Psalterio
842 4389 1231 4465 Rotomagensi
1255 4405 1346 4443 an.
1378 4389 1513 4443 1507
1533 4399 1591 4443 et
1621 4387 1781 4453 1586,
1815 4389 1867 4442 in
1895 4386 2129 4442 Diurnali

2254 507 2308 561 id
2360 518 2476 572 est,
2532 509 2724 577 psalmi
2783 508 2940 577 hujus
2979 524 3075 580 per
3124 519 3246 566 oclo
3302 527 3490 569 versus
3538 529 3633 570 sex
3691 517 3827 572 divi-

2249 610 2453 650 8101165.
3438 610 3442 614 Α

2318 706 2428 778 (15)
2461 705 2711 762 Oratione
2764 704 3064 777 Dominira,
3109 723 3156 767 et
3202 715 3475 783 precibus,
3512 725 3560 771 et
3589 718 3823 787 psalmo,

2245 795 2523 850 MISERERE
2556 811 2644 852 ne:
2681 799 2844 864 Deus,
2865 798 3277 871 genuﬂectendo.
3321 805 3445 861 llaec
3469 806 3743 863 habentur
3771 811 3823 863 iu

2246 887 2521 944 Breviario
2544 889 2924 962 Rotomageusi
2947 895 3092 950 edito
3121 910 3262 951 anno
3290 896 3450 965 1491,
3472 899 3524 953 in
3540 898 3821 957 Psalteriis

2246 977 2533 1048 llotomag.
2558 979 2777 1035 Α.1507
2798 992 2853 1036 et
2876 982 3032 1048 1586,
3058 987 3109 1039 ἰιι
3130 985 3408 1043 Breviario
3433 988 3823 1061 Rotomagensi

2244 1083 2386 1121 anno
2426 1069 2583 1136 l578,
2636 1071 2690 1125 in
2739 1072 2980 1127 Diurnali
3027 1075 3346 1131 Lexoviensi
3400 1094 3541 1134 anno
3569 1077 3728 1144 1512,
3769 1080 3823 1135 in

2243 1160 2538 1216 Breviariis
2575 1162 2897 1227 Parisiensi,
2938 1167 3295 1235 Abrlncensi,
3338 1168 3822 1226 Fontebraldensis

2242 1252 2449 1306 ordinis
2485 1268 2576 1306 an.
2608 1254 2776 1322 1586,
2825 1265 2880 1311 et
2920 1257 2973 1310 in
3018 1254 3262 1315 Diurnali
3310 1259 3820 1319 Carthusianorum.

2241 1340 2368 1396 Πειιο
2403 1350 2581 1397 tamen
2615 1343 2666 1398 in
2694 1346 2924 1400 eccles’a
2951 1346 3333 1418 Rotomageusi
3365 1365 3469 1405 non
3507 1361 3817 1414 servantur,

2240 1434 2482 1502 exceptis
2531 1433 2683 1490 feriis
2727 1435 3025 1504 Adventus,
3075 1439 3535 1507 Quadragesimm,
3587 1451 3822 1512 quatuor

2241 1521 2565 1594 Temporum
2588 1534 2643 1580 et
2678 1525 2890 1595 jejunii,
2919 1528 2971 1582 in
3001 1529 3197 1599 quibus
3218 1547 3325 1586 non
3355 1531 3554 1587 dicitur
3582 1533 3822 1603 psalmus

2242 1612 2519 1681 Miserere,
2552 1615 2657 1671 nisi
2688 1617 2743 1672 in
2770 1618 3044 1688 Vesperis.

2164 1744 2214 1806 Β
2311 1724 2423 1797 (16)
2464 1723 2817 1782 Nocturnalia
2856 1729 3171 1797 succedunt,
3204 1748 3260 1786 tn
3312 1724 3503 1801 quibus
3551 1722 3818 1805 Vespera.

2240 1815 2393 1887 Apud
2424 1818 2673 1887 antiquos
2718 1819 2986 1890 Vesperas
3020 1821 3088 1876 ad
3119 1831 3332 1878 noctem
3381 1814 3824 1894 pertinuisse,'et

2241 1909 2355 1977 ejus
2396 1909 2554 1965 initio
2598 1896 2818 1965 recitari
2855 1906 3045 1977 solitas
3081 1922 3327 1981 constat,
3360 1915 3626 1986 imprimis
3661 1900 3731 1971 es
3758 1915 3819 1970 S.

2242 1990 2569 2069 Hieronymo
2618 1996 2687 2053 ad
2728 1997 2931 2055 Lzetam
2971 1997 3316 2068 :Assuescat,
3361 1997 3555 2074 inquit,
3600 2020 3821 2058 accensa

2243 2085 2457 2141 lucerna
2485 2087 2700 2143 reddere
2727 2088 3047 2158 sacriﬁcium
3072 2092 3435 2162 vespertinum.
3458 2086 3696 2149 Isidorus
3724 2094 3819 2147 lib.

2240 2174 2316 2230 ‘vu
2348 2174 2581 2243 Origin.,
2610 2192 2660 2232 c.
2690 2174 2766 2232 De
2811 2179 2991 2249 ofﬁciis
3027 2197 3041 2233 :
3078 2177 3437 2251 Vespertinum
3486 2182 3707 2252 ofﬁciunt
3742 2191 3821 2236 est

2240 2262 2297 2320 in
2342 2266 2507 2320 noctis
2554 2268 2727 2320 initio.
2759 2265 3058 2324 Concilium
3091 2268 3428 2326 Emeritense
3460 2285 3582 2326 ean.
3606 2270 3642 2325 2
3672 2289 3686 2326 :
3720 2269 3821 2325 Vee-

2240 2361 2466 2428 spertino
2494 2368 2723 2430 tempore
2745 2371 2859 2431 post
2891 2360 3064 2415 lumen
3092 2362 3326 2416 oblatum
3352 2364 3548 2418 dicitur
3570 2363 3820 2434 vespcrli-

2241 2464 2397 2515 num;
2440 2459 2495 2505 et
2534 2450 2833 2508 innumeris
2884 2448 3007 2507 aliis
3051 2448 3409 2523 scripturibns
3462 2463 3572 2508 tum
3613 2453 3818 2510 Graecis

2241 2540 2356 2595 tum
2378 2534 2610 2608 Latinis,
2636 2541 2776 2612 apud
2801 2536 3289 2598 eminentissimum
3311 2542 3638 2598 cardinalem
3667 2541 3817 2597 Bona

2241 2629 2318 2687 De
2339 2630 2518 2687 divina
2564 2629 2867 2703 psalmodia
2911 2646 2961 2687 c.
3011 2630 3099 2692 l0.
3132 2641 3267 2687 seet.
3299 2631 3353 2687 5.
3399 2631 3551 2688 Unde
3582 2631 3817 2687 cilicium

2238 2714 2609 2788 Vespértinnm
2647 2734 2680 2774 a
2723 2718 2955 2774 concilio
2997 2719 3257 2775 Toletano
3287 2726 3335 2787 i,
3365 2720 3486 2774 ean.
3518 2719 3574 2785 9,
3614 2721 3816 2775 dictum

2238 2815 2317 2861 est
2368 2806 2750 2872 lacunarium,
2781 2822 2810 2860 a
2855 2806 2964 2878 95
2994 2817 3182 2864 sancto
3224 2809 3422 2864 Basilio
3457 2818 3575 2881 cap.
3609 2810 3680 2866 29
3715 2806 3813 2866 lib.

2237 2893 2315 2948 De
2364 2891 2572 2964 Spiritu
2622 2905 2842 2962 sancto,
2877 2895 3180 2951 lucernaria
3224 2900 3517 2968 gratiarum
3568 2901 3740 2965 aetio;
3783 2916 3816 2955 a

2235 2982 2497 3040 Cassiano
2527 2985 2619 3040 lib.
2652 2996 2712 3041 ιιι
2745 2987 2822 3043 De
2852 2987 3086 3044 institut.
3120 2990 3456 3045 renuntiant.
3489 3006 3538 3046 c.
3564 2991 3619 3057 ὅ,
3644 2991 3817 3046 lucer-

2235 3076 2370 3129 nalis
2420 3077 2668 3133 liorauEt
2700 3078 2826 3135 licet
2870 3090 2997 3136 ante
3037 3091 3250 3136 nomen]
3286 3082 3548 3151 Vcsperas
3598 3085 3683 3155 agi
3721 3100 3816 3139 vo-

2238 3163 2400 3220 luerit
2440 3176 2664 3223 sanctus
2700 3165 3022 3224 Benedictus
3056 3170 3193 3225 c.“
3231 3170 3468 3242 Regulae,
3496 3172 3659 3242 idque
3700 3171 3814 3240 jam

2235 3271 2334 3311 suo
2350 3267 2590 3328 tempore
2618 3260 2671 3313 in
2695 3275 2791 3314 usu
2816 3261 3050 3330 positum
3075 3260 3240 3316 fuisse
3259 3271 3487 3317 testetnr
3505 3263 3812 3318 Amalarins

2234 3348 2311 3403 De
2336 3348 2525 3404 ordine
2554 3351 2834 3420 antiphon.
2867 3367 2987 3422 cap.
3018 3351 3073 3417 6,
3106 3363 3163 3405 ut
3195 3361 3321 3406 ante
3343 3352 3470 3415 solis
3499 3354 3808 3409 occubitum

2234 3439 2604 3495 celebraretur
2634 3442 2997 3511 vespertinale
3024 3441 3257 3498 cilicium
3280 3483 3294 3509 ,
3346 3442 3476 3496 illud
3524 3451 3711 3499 tamen
3743 3444 3808 3498 ad

2234 3532 2412 3586 noctis
2450 3532 2662 3587 initium
2695 3533 2910 3602 quando
2949 3535 3017 3589 ad
3064 3534 3448 3591 domuitionem
3500 3536 3811 3591 accedimus

2235 3622 2422 3676 retulit
2452 3621 2604 3692 llugo
2639 3623 2953 3680 Victorinus
3002 3624 3095 3679 lib.
3123 3640 3162 3678 ιι
3202 3624 3278 3679 De
3306 3622 3448 3680 omc.
3478 3625 3806 3694 ecclesiast.,

2234 3723 2282 3764 c.
2312 3706 2367 3774 5,
2397 3709 2561 3763 etiam
2585 3707 2794 3764 Joanne
2814 3716 3000 3764 nostro
3027 3718 3315 3779 postenor.

2304 3800 2416 3871 (t7)
2442 3798 2685 3870 Hymnus
2712 3809 2909 3855 sancta:
2943 3798 3155 3854 Moriar.
3189 3798 3294 3854 Per
3322 3799 3580 3870 hymnum
3609 3810 3812 3857 sanctze

2233 3888 2414 3945 Maria:
2440 3890 2676 3962 intellige
2701 3892 2970 3947 canticum
3001 3889 3307 3960 Magniﬁcat
3335 3907 3354 3944 :
3387 3889 3462 3945 lta
3496 3891 3639 3946 enim
3671 3893 3809 3963 apud

2234 3982 2568 4038 Amalarium
2597 3982 2691 4037 lib.
2726 3982 2865 4048 4,’c.
2888 3982 2944 4048 7,
2975 3982 3044 4037 de
3077 3980 3429 4052 vespertinali
3472 3982 3671 4054 synaxi
3711 3997 3809 4053 pro

2233 4072 2423 4127 eodem
2450 4071 2665 4127 cantico
2701 4080 3011 4143 usurpatur.

2305 4177 2416 4254 (18)
2447 4180 2728 4237 Incensum
2762 4199 2920 4254 super
2956 4183 3127 4240 altare
3176 4181 3414 4254 σθένων.
3462 4183 3553 4240 Sic
3593 4196 3810 4255 quoque

2233 4273 2431 4329 ibidem
2483 4271 3105 4328 Amalariuszlntendat
3157 4288 3392 4327 summus
3444 4273 3684 4327 sacerdos
3715 4273 3807 4343 qui

2234 4365 2393 4418 uicem
2421 4374 2555 4418 tenet
2581 4363 2762 4417 Aaron
2803 4364 2857 4416 in
2891 4361 3129 4426 ecclesia,
3165 4363 3287 4434 quia
3326 4363 3509 4415 debeat
3543 4362 3808 4415 incensum

553 4478 875 4535 Lexoviensi
896 4462 1043 4536 anno
1067 4479 1225 4544 1542,
1247 4480 1300 4535 in
1328 4479 1597 4533 breviario
1622 4478 2003 4548 Rotomagensi
2031 4477 2131 4532 sub

2238 4455 2422 4524 offerre
2454 4454 2678 4509 Domino
2708 4470 2863 4524 super
2898 4454 3095 4519 altare;
3128 4464 3242 4524 post
3275 4455 3373 4508 hoc
3399 4453 3632 4524 sequitur
3654 4454 3807 4523 Itym-

552 4567 1021 4626 cardinaliCarolo
1042 4568 1311 4624 Borbonio
1331 4565 1710 4644 Rotomagensi
1723 4563 2132 4635 archiepiscopo

553 4674 697 4714 anno
729 4657 865 4715 1578
891 4658 1075 4725 editis,
1103 4666 1160 4712 et
1184 4666 1241 4711 ut
1270 4654 1512 4711 Diurnali
1538 4642 2024 4709 Carthusianorum
2052 4655 2130 4707 lc-

552 4749 698 4819 gitur
725 4748 965 4819 quotidie
996 4748 1061 4802 ad
1091 4742 1368 4809 Primam;
1405 4744 1533 4800 item
1566 4742 1622 4797 in
1653 4741 1946 4797 Breviariis
1971 4742 2129 4798 Pari-

552 4836 720 4892 siensi
750 4844 807 4890 et
835 4833 1158 4892 Abrincensi
1208 4831 1471 4906 praefatis,
1516 4830 1661 4901 quod
1714 4828 2015 4900 symbolum
2062 4829 2125 4884 ῐ).

553 4913 880 4983 Franciscus
902 4927 966 4981 de
992 4925 1200 4997 iiarlay
1225 4926 1243 4980 Ι
1268 4926 1323 4980 in
1347 4921 1627 4981 Breviario
1653 4919 2039 4992 Rotomagensi
2063 4921 2132 4977 ad

553 5018 870 5075 Dominicas
890 5018 956 5075 de
983 5027 1224 5089 tempore
1252 5016 1486 5087 redegit.

628 5110 743 5182 (15)
782 5109 1011 5165 Tertiam
1057 5126 1198 5165 vero.
1238 5108 1416 5163 Aliam
1459 5116 1717 5176 prmterea
1756 5106 2023 5162 rationem
2069 5105 2134 5161 de

554 5202 780 5270 Tertiae,
809 5201 987 5259 Sexta:
1025 5201 1297 5271 Nonaique
1341 5198 1531 5255 ollieiis
1576 5196 1735 5253 oll‘ert
1776 5197 2014 5255 Isidorus
2058 5198 2134 5253 De

887 5291 1003 5322 Am-
1057 5293 1130 5322 ιιι.
1184 5308 1200 5322 ι
1256 5305 1357 5322 non
1407 5290 1477 5322 ‘0
1551 5286 1745 5322 "nonan
1804 5287 1976 5322 ἷσιηηῖι
2029 5297 2130 5322 har.

554 5294 664 5322 ΑΑΛΙ
673 5295 828 5322 ΑΛξΑΑΙ

2242 4560 2338 4597 nus
2363 4553 2559 4598 sancta:
2587 4542 2795 4599 Mariae.
2836 4543 2902 4597 Et
2927 4543 3245 4598 Gnillelmus
3274 4541 3560 4597 Durandus
3588 4540 3802 4594 Ration.

2242 4634 2351 4689 div.
2377 4632 2515 4689 ollic.
2540 4634 2576 4688 1.
2599 4651 2652 4701 v,
2679 4652 2728 4689 c.
2758 4635 2814 4701 9,
2847 4634 2913 4689 de
2944 4633 3206 4703 vesperis.
3243 4631 3372 4687 ltem
3401 4630 3614 4686 Ilituale
3640 4631 3718 4686 llo
3744 4646 3805 4684 o-

2242 4740 2497 4795 magense
2540 4738 2681 4778 anno
2724 4722 2898 4788 1651,
2928 4740 2985 4795 p.
3023 4740 3072 4790 ι,
3124 4738 3245 4794 pag.
3278 4721 3402 4779 592.
3433 4719 3613 4775 Altarc
3645 4720 3805 4790 juxta

2240 4813 2660 4870 consuetudinem
2699 4814 2927 4870 ecclesia!
2965 4814 3279 4869 cathedralis
3317 4810 3615 4881 turi/icatur
3659 4822 3805 4866 casm:

2237 4908 2453 4961 missam
2480 4922 2512 4960 a
2540 4904 2826 4960 celebrante
2849 4920 3017 4974 cappa
3045 4905 3249 4968 induto,
3280 4905 3584 4975 genu/leam,
3617 4900 3806 4972 triplici

2126 5054 2131 5059 ,
2234 4996 2394 5051 ductu
2416 5011 2533 5051 cum
2558 4993 2880 5049 osculatione
2904 4994 2958 5048 in
2989 4994 3130 5047 omni
3147 4994 3354 5064 quidem
3379 4993 3576 5062 ofﬁcio,
3598 5003 3805 5061 excepto

2233 5086 2457 5155 simplici
2512 5069 2569 5140 et
2628 5082 2805 5153 feriati
2860 5084 2931 5137 ad
2986 5083 3313 5139 Benedictus
3362 5092 3410 5137 et
3465 5082 3803 5153 Magniﬁcat;

2234 5176 2445 5246 (postea
2489 5174 2554 5230 ab
2584 5173 2836 5247 acolytho
2866 5174 3151 5230 celebrans
3173 5181 3230 5229 et
3262 5170 3487 5245 chorus)
3524 5173 3579 5227 in
3614 5170 3806 5242 triplici

2237 5264 2373 5322 cera.
2406 5267 2563 5322 etiam
2589 5266 2658 5322 ad
2701 5266 2951 5322 numnum
2978 5285 2999 5322 :
3036 5264 3112 5320 'l‘e
3138 5263 3327 5322 Deum.
3358 5264 3423 5318 ab
3460 5264 3637 5313 eodem
3677 5262 3807 5320 cele-
