4016 5386
221 237 293 296 69
1224 237 1433 296 NOTAE
1465 238 1560 296 AD
1593 237 1854 296 LIBRUM
1896 238 1982 294 DE
2018 238 2239 298 OFFIC.
2268 241 2549 300 ECCL-ES.
3414 250 3482 309 70

220 351 532 411 catbedrali
581 359 638 409 et
671 352 1082 425 quampluribus
1127 352 1367 410 civitatis
1395 353 1809 424 Rotomagensis
1835 335 1885 396 Α
1912 337 2054 420 δίηρέ
2080 361 2441 422 nuncupatur.
2476 329 2728 411 biatutini
2770 357 2993 427 ofﬁciunt
3041 358 3302 429 appellant
3347 366 3487 434 quod

220 442 629 514 parochialibns
652 443 894 499 ecclesiis
922 445 1246 499 observatur

296 534 411 604 (l9)
445 531 582 586 Cum
615 536 852 588 oratione
885 535 1159 588 Dominica
1196 543 1242 588 et
1277 534 1534 604 precibus,
1580 537 1805 605 exceptis

220 623 389 691 festis.
430 622 509 676 lta
545 623 689 692 apud
719 623 1146 688 Carthusianos,
1171 625 1393 694 antiqua
1432 624 1708 679 Breviaria
1750 633 1807 679 et

219 711 490 766 Psalteria
520 707 938 784 Rotomagcnsis
962 715 1204 770 ecclesiae
1223 755 1235 778 ,
1271 712 1476 769 nec'non
1504 714 1804 770 Lexovien-

220 807 315 870 sis,
345 805 692 871 Parisiensis,
722 815 772 860 et
801 806 1169 861 Ahrincensis.
1194 805 1346 860 Nunc
1375 817 1579 872 autem,
1613 815 1674 861 ut
1706 824 1800 862 su-

219 911 316 964 pra
362 897 706 961 monuimus,
749 912 852 952 non
895 897 1148 952 dicuntur
1179 913 1368 967 preces
1405 897 1508 951 nisi
1553 897 1604 952 in
1653 897 1805 952 feriis

219 987 521 1051 Adventus,
555 986 993 1059 Quadragesimte
1033 998 1088 1042 et
1127 989 1316 1043 diebus
1340 987 1553 1058 jejunii.

291 1078 405 1146 (20)
433 1078 573 1143 Quia
603 1095 719 1132 vero
739 1091 852 1147 post
879 1096 1134 1147 resperas.
1166 1079 1242 1133 Ex
1290 1083 1391 1135 boc
1431 1080 1550 1136 loco
1585 1090 1809 1152 apparet

219 1164 451 1220 Joannis
470 1168 676 1222 smculo
697 1167 1118 1238 Completorium
1143 1172 1432 1240 separatim
1457 1187 1485 1225 a
1503 1174 1807 1241 vespertino

218 1257 396 1313 ollicio
436 1259 674 1328 persolvi
707 1262 1070 1316 consuevisse.
1114 1261 1284 1329 Quem
1315 1264 1540 1319 sinccrm
1569 1265 1806 1334 antiqui-

221 1351 346 1404 tatis
384 1367 541 1406 usum
589 1352 702 1423 96
749 1353 1041 1422 Optandum
1080 1362 1224 1407 esset
1263 1354 1316 1407 in
1363 1353 1605 1423 collegiis
1643 1371 1805 1411 cano-

221 1442 467 1494 nicorum
507 1451 561 1496 et
587 1459 684 1512 per
719 1445 952 1497 urbanos
998 1441 1187 1497 saltem
1221 1444 1403 1498 titulos
1450 1445 1680 1500 restitui.
1705 1445 1802 1500 Pa.

292 1532 407 1603 (‘2!)
444 1531 714 1602 llymnum
754 1533 890 1602 justi
947 1532 1224 1588 Simeonis.
1262 1533 1482 1591 Scilicet
1531 1537 1802 1591 canticum

224 1619 380 1676 Nunc
418 1625 663 1690 dimittis,
716 1626 948 1696 hymnus
990 1625 1135 1679 enim
1168 1642 1265 1695 pro
1295 1628 1511 1682 cantico
1547 1643 1576 1681 a
1619 1644 1803 1684 sacro-

222 1728 341 1766 rum
379 1715 577 1768 rituum
630 1714 1018 1784 interpretibus
1067 1715 1362 1784 aliquando
1401 1727 1713 1787 usurpatur,
1744 1731 1801 1774 ut

220 1817 384 1870 supra
409 1803 829 1870 declaravimus,
858 1804 1000 1874 quod
1022 1804 1186 1859 etiam
1208 1805 1274 1860 de
1296 1804 1496 1876 hymno
1526 1807 1801 1864 Zacharia:

215 1891 503 1967 intelligas.

285 1984 401 2053 (2‘).)
436 1985 688 2040 Oratione
709 1983 1015 2051 Dominica,
1053 1995 1100 2040 et
1131 1984 1378 2056 Symbolo
1409 1996 1457 2042 et
1480 1988 1802 2056 confessione

216 2089 309 2125 nos
362 2075 672 2128 munientes.
713 2075 965 2145 Exceptis
1005 2075 1336 2144 triplicibus,
1378 2077 1698 2148 duplicibus,
1747 2088 1803 2134 et

215 2165 355 2218 intra
388 2174 628 2220 octavas.

287 2255 404 2324 (25)
433 2253 603 2320 Quam
635 2255 788 2310 lectio
813 2259 1059 2325 praecedit
1096 2259 1159 2312 de
1205 2259 1452 2330 exemplis
1498 2269 1800 2316 sanctorum

217 2343 466 2400 Patrum.
503 2345 648 2402 Idem
686 2347 915 2403 habetur
965 2348 1018 2402 in
1073 2349 1362 2405 Ordinario
1412 2350 1800 2419 Rotoinagensi

213 2450 321 2502 ius.
357 2449 458 2506 per
496 2445 667 2492 totam
699 2438 1188 2508 quadragesimum.
1231 2441 1304 2494 Ita
1339 2455 1552 2510 quoque
1581 2451 1800 2496 sanctus

217 2517 545 2580 Benedictus
591 2526 646 2580 in
698 2525 902 2597 Regula
959 2543 1080 2598 cap.
1129 2528 1219 2596 42,
1252 2529 1394 2598 quod
1447 2543 1477 2582 a
1520 2529 1800 2585 monachis

217 2615 394 2667 sancti
433 2615 710 2671 Benedicti
750 2616 1002 2686 religiose
1030 2618 1379 2684 observatur;
1424 2617 1620 2690 legitur
1655 2619 1798 2674 enim

217 2704 334 2756 sive
358 2705 424 2760 de
455 2705 622 2774 gestis
654 2706 918 2775 ipsorum,
945 2708 1056 2762 sive
1084 2707 1150 2762 de
1174 2708 1450 2777 operibus.

288 2795 406 2866 (21)
437 2796 616 2850 Media
661 2807 808 2852 nocte
840 2797 908 2849 ad
954 2797 1300 2865 conﬁtendum
1335 2797 1554 2853 Domino
1589 2816 1801 2870 surgere

218 2887 488 2940 debemus.
540 2885 632 2942 Sic
683 2885 743 2941 S.
796 2885 1155 2958 Hieronymus
1198 2889 1250 2943 in
1291 2889 1564 2960 cpitapbio
1596 2903 1799 2948 sanctae

216 2970 398 3028 Paulae
440 2973 695 3043 :IMane,
741 2976 871 3030 liora
919 2979 1092 3044 tertia,
1139 2989 1302 3041 sexta,
1359 2994 1540 3034 nona:
1572 2998 1796 3051 vespere,

219 3067 384 3119 noctis
414 3066 606 3132 medio,
656 3083 750 3135 per
800 3068 1032 3121 ord.nent
1069 3068 1374 3138 psalterium
1405 3071 1704 3126 cantabant.
1734 3073 1802 3127 Et

221 3167 444 3212 sanctus
477 3157 812 3212 Athanasius
837 3158 930 3212 lib.
963 3160 1039 3212 De.
1061 3159 1368 3230 virginitate
1395 3177 1410 3216 :
1442 3160 1621 3215 Media
1653 3173 1801 3219 nocte

219 3251 444 3321 surgito,
465 3264 511 3306 et
540 3253 756 3306 laudato
772 3253 1051 3308 Dominum
1064 3253 1230 3309 Deum
1251 3265 1417 3309 tuum.
1431 3255 1564 3310 Item
1583 3269 1803 3314 sanctus

225 3343 558 3413 Augustinus
585 3359 752 3399 sertn.
777 3345 845 3399 55
866 3345 930 3400 de
962 3355 1199 3415 tempore
1225 3359 1240 3398 ε
1264 3346 1410 3417 Rogo
1435 3364 1545 3414 vos,
1572 3352 1641 3402 atl
1674 3349 1803 3420 vigi-

219 3432 321 3487 lias
364 3437 624 3488 maturius
659 3436 877 3506 surgite.
923 3435 981 3490 S.
1037 3436 1274 3492 Isidorus
1308 3438 1381 3492 De
1420 3439 1802 3496 ecclesiasticis

221 3523 413 3580 otiiciis
454 3525 546 3579 lib.
579 3539 621 3592 ι,
655 3541 705 3580 c.
747 3527 820 3580 2?.
865 3528 933 3582 de
975 3528 1190 3599 vigiliis,
1247 3528 1509 3586 Ratlulfus
1565 3532 1804 3587 decanus

222 3616 560 3685 Tungrensis
590 3618 666 3672 De
697 3633 965 3673 canonum
1015 3619 1358 3674 observantia
1405 3622 1664 3692 proposit.
1711 3621 1798 3689 l-i,

222 3707 424 3777 aliique
449 3708 752 3764 divinorum
785 3707 1084 3764 ciliciorum
1113 3712 1466 3781 exposituros.

290 3799 405 3869 (25)
439 3800 748 3869 Adjutorem
786 3801 1119 3866 invocamus;
1153 3812 1368 3872 postque
1411 3803 1602 3872 hymno
1641 3805 1800 3861 dicto.

223 3887 544 3959 Signiﬁcare
599 3891 816 3946 videtur
873 3891 1056 3946 statim
1101 3901 1222 3962 post
1268 3909 1483 3948 versum
1517 3909 1531 3948 :
1560 3895 1701 3950 Deus
1750 3899 1804 3952 in

222 3981 572 4049 adjutorium,
606 3981 706 4034 dici
744 3983 1026 4050 hymnum,
1060 3991 1116 4036 et
1153 3982 1328 4036 omitti
1361 3983 1576 4037 solitum
1605 3986 1801 4040 invita-

224 4071 419 4124 torium
455 4071 510 4124 in
541 4069 717 4125 ollicio
745 4071 945 4136 feriati,
977 4070 1131 4140 cujus
1157 4088 1308 4139 usus,
1331 4074 1374 4127 si
1399 4075 1471 4128 ita
1501 4075 1639 4143 tulit,
1668 4078 1803 4132 ratio

224 4177 306 4215 nee
336 4162 500 4232 fugit;
538 4162 730 4216 scribit
770 4163 915 4216 enim
957 4163 1242 4218 Durandus
1277 4164 1494 4219 Ration.
1524 4166 1561 4220 l.
1592 4183 1642 4233 v,
1671 4183 1720 4222 c.
1746 4169 1800 4232 5,

222 4262 274 4306 et
296 4252 332 4305 l.
361 4269 436 4317 vr,
470 4270 520 4308 c.
553 4255 642 4319 7‘2,
675 4269 782 4309 non
807 4255 983 4309 omitti
1006 4255 1399 4323 lnvitatorium,
1426 4259 1528 4313 nisi
1553 4261 1607 4314 in
1630 4261 1802 4318 ollicio

223 4343 556 4413 Epiphaniae,
595 4345 759 4399 tridui
788 4355 912 4399 ante
939 4345 1168 4411 Pascha,
1200 4356 1256 4401 et
1301 4347 1479 4402 ollicio
1525 4349 1801 4407 defuncto-

223 4451 339 4489 rum
363 4438 581 4505 quando
605 4437 767 4491 lunns
792 4453 896 4492 non
924 4446 1007 4492 est
1027 4453 1286 4507 praesens,
1316 4449 1531 4494 secutus
1557 4443 1807 4511 antiquos

224 4530 288 4583 de
337 4532 512 4585 sacris
547 4531 741 4586 olliciis
795 4540 1115 4588 traetatores
1181 4533 1425 4589 ordinem
1484 4536 1803 4602 Romanum,

223 4619 505 4675 Alcuinum
534 4621 608 4676 De
639 4622 809 4677 C(ena
841 4623 1075 4687 Domini,
1103 4623 1440 4699 Amalarium
1465 4624 1500 4680 l.
1532 4641 1608 4691 tv,
1633 4642 1682 4682 c.
1714 4627 1805 4692 21,

225 4709 519 4766 Honorium
544 4712 578 4765 l.
612 4729 691 4778 Ill,
724 4713 879 4768 Gem.
906 4715 1118 4780 animae,
1146 4729 1196 4768 c.
1229 4715 1317 4770 88.

295 4799 409 4871 (26)
439 4801 733 4855 Duodecim
787 4801 1016 4872 psalmos
1069 4805 1327 4858 canimus.
1374 4804 1526 4872 Quod
1554 4806 1810 4862 observat

227 4889 466 4947 Ecclesia
523 4893 943 4964 Rotomagensis
1017 4896 1068 4950 in
1153 4896 1306 4951 feriis
1376 4908 1530 4952 extra
1597 4909 1811 4968 tempus

223 4983 498 5050 paschale.
525 4985 581 5038 ln
615 4985 914 5040 Dominicis
939 5002 1064 5042 vero
1093 4989 1284 5043 diebus
1312 4989 1594 5044 duodecim
1617 4989 1810 5058 psalmi

229 5086 498 5130 canuntur
524 5076 578 5131 in
613 5078 794 5147 primo
824 5088 1100 5148 nocturno,
1130 5095 1362 5150 quorum
1411 5081 1635 5137 cuilibet
1681 5098 1809 5137 ver-

231 5181 320 5221 sus
349 5186 363 5221 :
393 5167 578 5221 Gloria
611 5166 766 5221 Patri
796 5168 1152 5242 subjungitur,
1186 5172 1313 5227 licet
1361 5175 1502 5246 apud
1546 5172 1810 5230 Joannem

233 5266 466 5335 nostrum
494 5268 732 5328 quatuor
755 5257 938 5328 psalmi
963 5277 1064 5318 una
1091 5262 1207 5335 97
1236 5263 1626 5333 glurilicatione
1649 5276 1812 5331 copu-

232 5348 402 5386 lantur
421 5369 434 5380 ο
473 5353 558 5386 nni
582 5358 845 5386 nnncnnql
871 5349 1004 5386 Cnill
1054 5354 1340 5386 [\nlonnt'snn
1372 5355 1565 5386 Ὼηίῖηη
1641 5351 1806 5386 divin.

1910 456 2155 494 vocamus
2186 439 2416 507 Laudes,
2446 443 2522 497 ait
2558 443 2820 502 Radull‘us
2842 447 3177 518 Tungrensis
3221 455 3482 523 proposit.

1913 529 2000 585 M.
2035 529 2201 599 llujus
2227 540 2408 588 tamen
2444 535 2594 590 vocis
2623 537 2761 606 apud
2786 549 3064 595 auctorem
3095 552 3339 600 nostrum
3373 562 3488 602 am-

1909 621 2069 690 bigna
2100 632 2183 676 est
2205 623 2550 694 signiﬁcatio,
2587 642 2712 681 nam
2735 628 2788 682 in
2802 630 3001 685 orline
3025 631 3130 686 diei
3152 632 3373 691 Pascha:
3391 653 3487 707 per

1907 711 2138 766 cilicium
2172 714 2487 770 matutinale
2502 725 2823 772 nocturnum
2849 720 3118 790 intelligit.
3132 723 3482 793 'Matutinale,

1909 799 2104 868 inquit,
2143 804 2365 871 ofﬁcium
2385 804 2488 857 duo
2515 816 2750 860 cantores
2776 811 2952 877 cappis
2975 810 3145 866 induti
3170 825 3370 884 regant.
3391 815 3486 871 In-

1908 890 2207 944 vitatorium
2238 909 2269 945 a
2299 903 2546 961 quatuor,
2570 903 2676 949 etc.
2706 895 2829 951 Post
2855 900 3127 954 matutina:
3144 901 3371 971 Laudes,
3395 907 3482 962 ubi

1911 976 2118 1036 Laudes
2146 983 2213 1037 ab
2235 981 2409 1038 olIicio
2441 986 2742 1040 matutinali
2775 988 3084 1060 distinguit;
3116 993 3268 1049 initio
3301 1008 3484 1054 autem

1908 1073 2086 1142 operis
2117 1076 2433 1131 matutinale
2467 1078 2698 1132 olIicium
2724 1083 2888 1136 sumit
2912 1098 3009 1152 pro
3039 1085 3333 1155 Laudibus,
3356 1093 3486 1149 illud

1906 1161 2050 1215 enim
2079 1165 2360 1234 perspicue
2405 1166 2635 1238 sejungit
2660 1184 2689 1222 a
2722 1181 3006 1230 nocturno.
3045 1185 3100 1229 et
3123 1179 3334 1235 caneris
3367 1182 3488 1239 aliis

1907 1253 2158 1306 omnibus
2193 1254 2342 1309 boris
2387 1271 2522 1325 quas
2575 1257 2647 1311 ibi
2683 1259 2957 1329 sigillatim
2996 1275 3238 1321 recenset
3270 1282 3286 1322 :
3319 1285 3484 1339 quam

1907 1341 2300 1410 acceptionem,
2327 1359 2447 1412 qua:
2470 1347 2711 1400 omnium
2738 1349 2970 1403 maxime
2993 1353 3209 1422 propria
3241 1367 3322 1411 est
3344 1358 3487 1426 judi-

1907 1431 1992 1484 cio
2017 1431 2430 1488 eminentissimi
2463 1435 2757 1491 cardinalis
2787 1438 2935 1493 Bona
2971 1455 3022 1496 c.
3053 1441 3087 1495 5
3130 1442 3306 1499 Divin.
3339 1449 3486 1516 psal-

1895 1524 2077 1591 .‘mo-.l.,
2102 1535 2233 1580 sect.
2264 1543 2302 1593 ι,
2344 1537 2397 1582 et
2423 1529 2489 1582 ad
2523 1531 2864 1601 antiquorum
2907 1545 3142 1592 mentem
3167 1555 3488 1612 accommo-

1909 1614 2054 1679 data,
2089 1615 2189 1669 hoc
2215 1615 2333 1672 loco
2362 1620 2580 1673 retinet.

1978 1704 2090 1776 (“28)
2128 1706 2257 1760 Cum
2281 1708 2520 1763 oratione
2543 1709 2819 1766 Dominica
2845 1723 2893 1768 et
2923 1717 3182 1785 precibus.
3212 1719 3290 1776 Ita
3337 1730 3393 1778 et
3429 1723 3487 1779 in

1909 1793 2150 1851 Ecclesia
2176 1796 2558 1869 Rotomagensi
2590 1811 2716 1857 ante
2747 1807 3026 1876 sexaginta
3043 1823 3213 1865 annos
3238 1809 3290 1865 id
3303 1811 3490 1868 obser-

1906 1886 2153 1953 vabatur,
2194 1894 2252 1942 ut
2285 1898 2436 1959 patet
2484 1906 2548 1946 ex
2585 1891 2880 1952 Breviariis
2925 1912 3012 1951 an.
3044 1899 3204 1966 H9l,
3242 1902 3398 1968 1578,
3434 1912 3490 1958 et

1903 1977 2185 2034 Psalteriis
2212 1980 2496 2054 Bolomag.
2527 1999 2617 2038 an.
2651 1984 2785 2040 1507
2813 1995 2868 2042 et
2896 1989 3062 2056 1586;
3093 1991 3221 2047 item
3249 1993 3304 2048 itt
3336 1993 3490 2050 Pari-

1904 2069 2091 2135 siensi,
2119 2069 2438 2128 Lexoviensi
2461 2081 2518 2128 et
2545 2075 2865 2132 Abrincensi
2899 2078 3156 2136 Ecclesiis
3186 2083 3311 2140 olim
3344 2086 3488 2141 reci-

1829 2220 1835 2226 _
1907 2160 2182 2226 labantur,
2235 2169 2292 2214 ut
2345 2172 2559 2216 constat
2600 2178 2666 2217 ex
2720 2165 2960 2222 Diurnali
3021 2168 3344 2227 Lexoviensi
3393 2187 3486 2228 an.

1905 2248 2066 2316 1542,
2116 2259 2174 2306 et
2221 2251 2460 2322 antiquis
2507 2251 2802 2311 Breviariis
2846 2255 3144 2316 Parisiensi
3178 2271 3234 2316 et
3286 2262 3487 2318 Abrin-

1904 2343 2080 2400 censi.

1975 2432 2087 2504 (29)
2128 2431 2292 2504 Signo
2341 2433 2606 2504 pulsante.
2637 2435 2939 2494 Concilium
2968 2441 3408 2513 Aquisgranense
3436 2460 3487 2499 c.

1902 2525 1965 2580 '51
2003 2542 2016 2578 :
2051 2524 2180 2579 Mox
2215 2527 2352 2580 enim
2394 2537 2452 2581 ut
2481 2529 2720 2582 auditum
2767 2532 2926 2600 fuerit
2963 2534 3193 2603 signum,
3239 2535 3488 2602 festinato

1903 2629 2080 2667 omnes
2111 2613 2179 2666 ad
2203 2614 2475 2668 ecclesiam
2497 2619 2825 2684 conveniant,
2857 2633 3012 2688 quam
3045 2637 3147 2674 non
3193 2625 3488 2692 pompatice

1903 2711 1995 2756 aut
2021 2703 2314 2770 inhoneste,
2346 2705 2422 2758 vel
2460 2705 2820 2776 incomposite,
2852 2710 2944 2762 sed
2970 2726 3088 2763 cum
3113 2713 3396 2765 reverentia
3439 2721 3488 2766 et

1900 2791 2000 2846 Dei
2029 2795 2212 2848 timore
2240 2793 2622 2863 ingrediantur.
2653 2794 2786 2851 Vide
2802 2797 3071 2869 epilogum
3099 2797 3338 2868 ejusdem
3358 2815 3489 2856 con-

1903 2883 2012 2936 cilii
2039 2897 2090 2938 c.
2131 2881 2223 2936 45.
2253 2881 2352 2936 Pri.

1979 2973 2094 3046 (30)
2134 2972 2235 3027 Ubi
2275 2973 2514 3044 religiose
2548 2975 2906 3043 consistentes,
2947 2994 3050 3032 non
3077 2977 3175 3032 hac
3222 2988 3316 3033 aut
3364 2979 3488 3033 illac

1907 3082 1961 3121 se
1989 3075 2246 3120 moventes
2277 3082 2368 3120 nec
2395 3065 2558 3137 aliqui
2599 3067 3018 3137 confabulantes.
3058 3069 3160 3126 Hic
3205 3071 3490 3127 attendant

1906 3159 2086 3214 clerici
2115 3166 2316 3228 quanta
2340 3158 2602 3214 modestia
2624 3159 2677 3213 in
2708 3160 2937 3216 ecclesia
2960 3162 3053 3216 Dei
3075 3163 3373 3218 consistere
3391 3165 3490 3218 de-

1904 3247 2088 3313 beant,
2114 3247 2193 3303 sic
2204 3248 2349 3303 enim
2367 3247 2559 3302 statuit
2581 3250 2868 3305 concilium
2887 3252 3325 3324 Aquisgrancnse
3346 3269 3488 3310 anno

1905 3337 2027 3404 816,
2058 3353 2107 3394 c.
2142 3339 2238 3393 151
2269 3355 2284 3394 :
2317 3337 2510 3393 Omnes
2539 3339 2700 3408 igitur
2723 3341 2788 3394 ab
2818 3343 2996 3396 otiosis
3037 3346 3490 3399 sermocinationi-

1906 3431 1999 3485 bus
2021 3431 2258 3485 auditum
2279 3433 2480 3500 pariter
2497 3433 2746 3502 castigent
2782 3444 2829 3486 et
2869 3434 3105 3504 linguam
3134 3449 3152 3486 :
3183 3437 3239 3489 in
3268 3436 3487 3491 ecclesia

1906 3539 2025 3576 cum
2057 3523 2245 3576 timore
2285 3534 2331 3576 et
2370 3523 2696 3577 veneratione
2739 3535 2968 3590 stantes,
3019 3536 3109 3580 aut
3156 3537 3340 3592 orent,
3394 3537 3485 3581 aut

1906 3622 2136 3681 cantent,
2159 3624 2249 3667 aut
2278 3615 2519 3668 audiant.
2564 3615 2630 3668 Et
2659 3615 3050 3688 Grodogangus
3093 3617 3348 3676 Metensis
3371 3621 3489 3689 epi-

1906 3719 2102 3773 scopus
2135 3707 2188 3758 in
2213 3705 2418 3775 Regula
2461 3708 2868 3775 canonicorum,
2899 3724 2950 3763 c.
2979 3707 3050 3762 26
3083 3727 3096 3763 :
3131 3707 3258 3763 Mox
3310 3710 3490 3764 audito

1906 3802 2054 3870 signo
2083 3817 2257 3854 omnes
2299 3802 2538 3854 canonici
2570 3801 2812 3870 festinent
2852 3803 2921 3856 ad
2955 3803 3262 3868 ecclesiam;
3286 3815 3334 3859 et
3385 3822 3489 3860 non

1905 3892 2219 3962 pompatice,
2247 3901 2340 3944 aut
2391 3891 2676 3957 inhoneste,
2722 3891 2796 3946 vel
2845 3895 3202 3964 incomposite,
3239 3896 3328 3949 sed
3370 3913 3489 3949 cum

1912 3983 2001 4038 Dei
2032 3983 2215 4035 timore
2243 3981 2606 4052 ingrediantur
2650 3997 2765 4035 eam
2801 3995 2819 4034 :
2864 3999 2956 4036 nec
3005 4001 3123 4036 cum
3153 3985 3352 4039 baculis
3395 3997 3489 4040 aut

1906 4072 2130 4141 fustibus
2157 4073 2210 4125 in
2232 4071 2412 4135 choro,
2444 4073 2669 4141 exceptis
2690 4071 2963 4135 debilibus,
2995 4073 3110 4144 98
3130 4075 3220 4128 sed
3249 4075 3490 4144 religiose

1905 4163 2010 4216 illis
2031 4163 2277 4216 standum
2297 4171 2342 4216 et
2372 4161 2701 4232 psallendum
2722 4172 2818 4216 est.
2845 4162 3035 4218 Postea
3065 4165 3179 4234 ipse
3202 4165 3489 4232 conqueri-

1910 4267 1994 4309 tur
2019 4255 2162 4324 quod
2194 4255 2375 4310 clerici
2410 4255 2636 4325 negotiis
2667 4256 3019 4312 saecularibus
3059 4271 3117 4313 se
3147 4258 3488 4326 implicantes

1907 4346 1976 4401 ad
2003 4346 2240 4400 divinum
2269 4345 2502 4400 ollicium
2539 4347 2901 4417 peragendum
2942 4347 3255 4402 viderentur
3296 4347 3486 4417 inepti.

1910 4436 2059 4498 Mox.
2091 4435 2286 4504 inquit,
2315 4443 2372 4489 ut
2398 4435 2670 4490 ecclesiam
2717 4437 2786 4490 ad
2831 4438 3064 4490 divinum
3104 4437 3327 4506 ofﬁcium
3373 4452 3492 4507 per-

1909 4526 2169 4596 agendum
2197 4525 2529 4590 intraverint,
2552 4527 2626 4578 ita
2652 4525 2857 4594 fatigati
2888 4526 3149 4592 videntur,
3172 4535 3230 4578 ut
3255 4541 3346 4579 nec
3369 4541 3492 4579 ora-

1911 4620 2039 4674 tioni
2070 4635 2276 4682 vacare,
2309 4635 2401 4672 nec
2439 4618 2507 4670 ad
2555 4617 2882 4688 psallendum
2938 4614 3079 4673 stare
3119 4619 3360 4683 valeant;
3399 4621 3493 4672 sed

1910 4713 2082 4781 potius
2113 4709 2368 4774 sedentes,
2416 4726 2519 4764 non
2558 4709 2772 4776 divinis,
2799 4711 2888 4764 sed
2917 4711 3074 4764 vanis
3088 4709 3255 4766 solent
3294 4712 3496 4764 instare

1911 4799 2147 4873 loquelis.
2179 4799 2249 4854 Et
2279 4808 2480 4854 statuta
2526 4800 2747 4868 antiqua
2785 4799 3004 4870 capituli
3035 4799 3362 4854 cathedralis
3399 4812 3496 4853 ec-

1913 4893 2092 4949 clesiae
2121 4891 2481 4948 Parisiensis:
2518 4892 2602 4947 Ibi
2635 4891 2892 4960 simplices
2925 4900 2971 4944 et
3003 4890 3159 4943 erecti
3197 4899 3356 4956 stent,
3399 4903 3496 4943 ca-

1913 4994 2061 5040 veant
2086 4999 2118 5035 a
2145 4981 2592 5050 confabulatione,
2623 4983 2875 5036 cachinno
2904 4991 2950 5035 et
2971 4979 3348 5049 risu,psallant
3373 4995 3502 5050 gra-

1913 5077 2044 5130 viter
2070 5081 2118 5128 et
2155 5075 2388 5126 modeste
2433 5089 2612 5128 coram
2663 5071 2790 5139 Deo,
2830 5085 3083 5127 memores
3129 5085 3312 5124 eorum
3351 5069 3499 5138 facta

1914 5166 2034 5220 aliis
2067 5159 2352 5217 minoribus
2382 5164 2636 5219 ministris
2690 5163 2982 5233 exemplum
3032 5161 3164 5229 fore.
3215 5161 3378 5216 Plura
3429 5159 3501 5216 de
3574 5166 3580 5171 '

1912 5252 2214 5326 psalmodia
2253 5259 2308 5305 et
2337 5255 2487 5309 cultu
2517 5252 2613 5310 Dei
2640 5253 2831 5308 statuit
2857 5251 3145 5307 concilium
3188 5249 3500 5306 Basileense

1916 5361 2046 5386 caua.
2078 5345 2164 5386 9].
2204 5341 2231 5386 δ
2274 5343 2328 5386 3-
2354 5344 2390 5386 Α.
2421 5358 2470 5386 Μ
2519 5345 2569 5386 ﬁ.
2627 5344 2702 5386 nn.
2738 5340 3170 5386 nnnfnhlllalinne
3211 5347 3390 5386 autem
3440 5347 3499 5386 et.
