4016 5386
531 260 596 320 'tt
1494 331 1515 338 _
1611 264 1911 323 JOANNES
1948 263 2122 321 sucu

2228 264 2375 323 ’ISC.
2417 258 2778 326 ιωτοωρί
3741 280 3810 338 τε

534 392 661 448 pag.
696 376 801 435 587
832 394 849 432 :
920 386 1041 433 atra
1081 378 1298 434 chorum
1328 375 1474 431 nulla
1494 331 1653 445 .ﬁant
1692 377 1978 449 colloquia,
2020 392 2124 433 non
2158 368 2202 418 Α
2231 379 2513 447 dicuntur,
2548 396 2651 437 nec
2681 385 2742 436 tit
2766 383 3039 441 confessio
3079 385 3133 441 in
3160 385 3326 445 festis
3364 390 3685 462 triplicibus,
3711 394 3809 451 duo

533 466 638 523 sint
658 469 748 538 qui
779 469 915 534 risu,
947 468 1116 522 aliove
1150 467 1511 536 incomposito,
1545 484 1637 522 seu
1685 469 1860 521 atinas
1891 469 2125 523 modesto

535 568 684 624 actu,
726 575 833 613 rem
864 560 1094 613 divinam
1116 558 1318 612 turbent
1347 573 1365 611 :
1397 574 1501 611 non
1535 559 1625 629 qui
1659 575 1779 612 cum
1815 570 2123 613 cteterorum

532 652 785 707 seandalo
812 654 1100 715 dormiant,
1129 650 1206 704 vel
1244 650 1467 716 litteras,
1517 662 1607 705 aut
1639 650 1773 706 alias
1821 653 2118 719 scripturas

534 739 761 809 legant:
787 757 889 795 neu
907 740 999 810 qui
1024 738 1272 809 privatim
1307 739 1532 809 oﬂ'icium
1582 741 1657 794 vel
1683 739 1820 794 alias
1864 742 2125 794 orationes

537 833 776 895 recitent,
805 840 909 887 etc.

613 943 725 1014 (3|)
768 941 836 995 Et
864 941 933 995 ad
979 941 1169 998 Gloria
1199 942 1380 1006 Patri,
1415 943 1485 996 ad
1513 942 1683 1007 altare
1719 960 1773 998 se
1816 942 2124 998 inclinanda

536 1044 809 1086 vertentes.
834 1032 979 1086 Idem
1026 1033 1273 1104 prmcipit
1322 1034 1538 1089 Rituale
1585 1035 1985 1106 Rotomagense
2031 1053 2123 1090 an.

537 1123 694 1187 1651,
726 1139 779 1192 p.
811 1139 846 1187 t,
877 1138 999 1194 pag.
1028 1124 1152 1180 588.
1184 1123 1271 1179 Ita
1295 1135 1464 1180 tamen
1498 1135 1552 1180 ut
1581 1138 1796 1199 surgant
1829 1129 1899 1181 ad
1920 1128 1973 1198 3'.
2002 1127 2128 1183 Glo-

476 1198 487 1204 ’
537 1213 617 1267 ria
648 1213 789 1282 patri
814 1223 863 1267 et
893 1213 1048 1268 Sicut
1093 1224 1231 1279 erat,
1266 1215 1319 1269 in
1362 1216 1620 1284 principio
1663 1198 1940 1281 horarum,
1978 1227 2027 1271 et
2071 1217 2128 1272 in

536 1303 642 1370 [ine
667 1304 976 1369 invitatorii,
1010 1304 1329 1371 psalmorum
1352 1315 1399 1358 et
1429 1307 1776 1373 canticorum,
1813 1318 1859 1362 et
1882 1313 1954 1362 ad
1977 1326 2126 1362 eum-

534 1390 655 1443 dem
711 1407 916 1445 versum
967 1390 1150 1446 Gloria
1212 1392 1358 1447 Patri
1407 1396 1460 1448 in
1505 1395 1610 1462 [ine
1655 1397 2123 1465 responsat-ieram.

534 1481 689 1549 Quod
732 1498 798 1536 ex
824 1492 978 1553 parte
1004 1491 1254 1538 servatur
1283 1484 1335 1537 in
1367 1484 1599 1540 ecclesia
1625 1488 1946 1554 catltedrali,
1973 1498 2123 1544 stant

531 1570 685 1627 enim
708 1588 917 1639 omnes,
966 1574 1052 1628 vel
1083 1584 1314 1643 surgunt
1359 1576 1790 1648 quotiescunque
1828 1588 2121 1637 cantatur:

533 1660 723 1717 Gloria
762 1660 937 1730 Patri,
987 1664 1088 1719 soli
1125 1680 1253 1719 vero
1285 1666 1351 1719 de
1385 1666 1610 1721 minima
1649 1669 1778 1723 sede
1812 1678 2031 1725 vertunt
2063 1685 2123 1727 se

536 1754 603 1810 ad
631 1754 848 1811 altare:
880 1764 938 1810 at
981 1757 1032 1811 in
1083 1756 1330 1827 plurimis
1381 1758 1539 1839 urbis
1563 1770 1619 1815 et
1662 1761 1918 1818 diorcesls
1966 1779 2126 1833 paro-

456 1888 459 1891 .
532 1844 802 1900 chialibus
834 1847 1082 1903 ecclesiis
1113 1857 1331 1903 vertunt
1361 1864 1420 1904 se
1447 1858 1501 1905 et
1532 1850 1793 1905 inclinant
1830 1867 2039 1908 omnes.

606 1934 719 2005 (ὗῖ)
756 1933 991 1991 Chorum
1038 1955 1141 1992 non
1177 1949 1386 2004 exeant,
1433 1938 1657 2010 majores
1695 1943 1888 2011 absque
1915 1944 2122 2012 decani,

534 2025 762 2080 minores
794 2027 989 2098 absque
1010 2025 1221 2081 licentia
1253 2029 1507 2083 cantoris.
1538 2029 1685 2084 idem
1712 2030 1928 2087 Rituale
1955 2031 2124 2089 Roto-

536 2128 793 2184 magcnse
820 2133 834 2169 :
862 2116 1113 2182 Quandiu
1137 2116 1432 2172 celebratur
1451 2120 1699 2189 ofﬁcium,
1722 2121 1898 2175 nullus
1918 2139 1945 2176 e
1964 2123 2123 2179 choro

535 2203 803 2259 discedere
837 2216 1147 2275 pra'suntat,
1196 2208 1297 2261 nisi
1339 2209 1487 2278 ofﬁcii
1538 2226 1725 2276 causa,
1776 2210 1853 2265 vel
1906 2224 2123 2283 urgente

534 2294 681 2362 gravi
712 2296 1036 2347 necessitate.
1067 2293 1221 2350 Nunc
1247 2296 1298 2350 in
1326 2297 1626 2353 cathedrali
1653 2298 1879 2354 ecclesia
1900 2300 2127 2370 quilibet

534 2384 830 2438 canonicus
858 2383 1064 2452 injussu
1086 2386 1275 2440 decani
1309 2387 1393 2441 vel
1420 2388 1657 2442 cantoris
1686 2403 1783 2458 pro
1803 2404 1902 2443 suo
1925 2389 2125 2459 placito

537 2475 718 2543 egredi
750 2483 926 2545 potest
953 2485 1073 2546 post
1099 2477 1269 2547 primi-
1289 2476 1480 2547 psalmi
1506 2478 1909 2543 recitationem;
1936 2495 2122 2535 verum

536 2561 787 2633 (excepto
836 2577 977 2633 pane
1029 2579 1190 2635 quem
1246 2567 1326 2621 sic
1377 2566 1607 2637 percipit
1652 2567 1718 2621 ad
1777 2569 2121 2640 matutinum)

534 2665 725 2707 omnes
755 2650 871 2707 fere
900 2653 1038 2708 alias
1081 2653 1495 2710 distributiones
1536 2656 1757 2720 amittit,
1809 2656 1915 2711 nisi
1943 2673 2123 2729 regreo

532 2741 712 2798 diatur
736 2741 792 2797 in
822 2744 1050 2798 chorum
1080 2752 1373 2815 antequam
1401 2743 1639 2801 olIicium
1667 2746 2000 2803 absolvatur.

603 2834 718 2905 99
742 2836 861 2907 (55)
907 2835 1038 2891 Ante
1065 2846 1114 2890 et
1139 2846 1277 2890 retro
1304 2838 1537 2891 inclinet.
1571 2838 1664 2892 Sic
1691 2839 1858 2891 etiam
1900 2838 2124 2895 Rituale

535 2927 935 2997 Rotomagense
982 2944 1073 2982 an.
1124 2927 1284 2993 1651,
1329 2926 1605 2996 Profunde
1637 2930 1894 2983 inclinant
1946 2947 2122 2984 versus

2153 1709 2203 1771 Β

2228 466 2476 537 plicibus,
2501 484 2599 523 nec
2622 469 2760 523 infra
2786 480 3030 528 octavas.

2301 559 2414 630 (37)
2445 560 2629 615 Prima
2649 563 2802 631 [inita
2827 565 2881 618 in
2924 565 3211 636 capitulum
3249 569 3439 640 fratres
3477 575 3805 630 conveniant.

2228 645 2430 719 Regula
2460 652 2722 706 canonica
2740 651 2797 706 S.
2816 652 3158 727 Grodogangi
3191 659 3431 729 episcopi
3464 660 3722 720 Metensis
3744 667 3810 722 de

2230 742 2362 798 liora
2411 744 2610 814 prima.
2654 744 2773 801 Hoc
2821 747 3023 819 expleto
3062 755 3378 811 conveniunt
3415 756 3487 808 ad
3519 758 3811 825 capitulum

2232 836 2478 902 quotidie,
2517 846 2566 891 et
2594 854 2660 891 ex
2680 839 2783 892 ista
2804 840 3151 908 institutione,
3173 860 3330 914 quam
3360 856 3571 916 propter
3596 848 3811 903 illorum

2228 928 2510 981 utilitatem
2540 929 2651 984 Deo
2697 932 2992 987 auxiliante
3035 934 3274 1003 fecimus,
3305 937 3359 991 in
3385 954 3696 1007 unoquoque
3723 943 3811 997 die

2227 1019 2440 1088 aliquod
2470 1021 2757 1089 capitulum
2785 1024 3036 1093 relegant,
3065 1037 3256 1096 prteter
3281 1030 3416 1082 diem
3438 1024 3808 1099 Dominicum,

2226 1117 2276 1162 et
2312 1121 2578 1180 quartam,
2616 1123 2662 1167 et
2684 1124 2885 1168 sextam
2913 1115 3100 1184 feriam
3127 1128 3176 1172 et
3219 1118 3574 1174 solemnitates
3595 1133 3809 1176 sancto-

2228 1214 2365 1265 rum,
2394 1200 2449 1254 in
2487 1201 2674 1271 quibus
2707 1201 2936 1273 relegant
2960 1214 3245 1271 tractatus,
3278 1217 3327 1260 et
3374 1206 3512 1261 alias
3539 1209 3807 1276 homilias,

2226 1291 2306 1343 vel
2338 1290 2478 1359 quod
2527 1291 2751 1360 aediﬁcet
2801 1292 3093 1357 audientes,
3144 1305 3250 1351 etc.
3289 1293 3355 1350 Et
3391 1298 3684 1368 episcopus,
3734 1301 3811 1355 vel

2227 1377 2658 1443 archidiaconus,
2711 1381 2789 1435 rel
2810 1382 2902 1451 qui
2948 1383 3001 1435 in
3030 1383 3145 1439 loco
3174 1384 3386 1439 illorum
3416 1402 3639 1455 pra'esse
3668 1388 3813 1443 vide-

2227 1477 2337 1534 tur,
2369 1470 2560 1524 ibidem
2582 1471 2722 1542 quod
2736 1471 2925 1542 jubere
2953 1474 3125 1540 habet,
3149 1475 3359 1545 jubeat,
3401 1487 3448 1531 et
3473 1479 3613 1547 quod
3643 1480 3810 1533 corri-

2225 1576 2366 1631 gere,
2380 1564 2627 1633 corrigat,
2645 1573 2693 1617 et
2707 1566 2845 1634 quod
2865 1565 3023 1636 100
3031 1566 3329 1636 faciendum
3341 1569 3430 1635 sit,
3444 1570 3691 1624 ordinare
3703 1581 3811 1625 stu-

2227 1650 2371 1705 deat.
2400 1650 2529 1707 Post
2571 1651 2844 1708 lectionem
2872 1656 3163 1709 recitantur
3199 1665 3327 1711 tetas
3352 1659 3543 1712 mensis
3569 1667 3616 1712 et
3644 1658 3809 1726 luna,

2229 1753 2274 1798 et
2299 1756 2860 1816 sanctorum,qnorum
2877 1746 3011 1817 festa
3024 1747 3289 1802 crastinus
3310 1749 3528 1818 excipiet
3549 1750 3686 1814 dies,
3700 1758 3807 1805 etc.

2227 1835 2527 1890 Concilium
2551 1835 2991 1906 Aquisgranense
3014 1837 3080 1892 Α.
3129 1836 3192 1893 C.
3243 1837 3370 1904 816,
3416 1840 3451 1894 Ι.
3480 1856 3523 1906 ι,
3552 1855 3674 1911 cap.
3707 1840 3813 1895 125

2226 1923 2303 1979 De
2332 1924 2674 1981 institutione
2697 1927 3084 1983 canonicorum
3113 1945 3126 1982 :
3174 1926 3240 1982 Ut
3269 1929 3502 1999 quotidie
3528 1931 3598 1984 ad
3639 1930 3811 1985 colla-

2225 2014 2418 2068 tionem
2447 2016 2675 2077 veniant.
2706 2016 2795 2069 ubi
2815 2027 2863 2071 et
2899 2016 3036 2072 hanc
3060 2018 3439 2072 institutionem
3488 2028 3537 2073 et
3577 2018 3810 2073 aliarum

2226 2104 2627 2175 Scripturarum
2656 2118 2963 2163 sanctarum
3002 2108 3248 2165 lectiones
3286 2110 3574 2181 pertegant,
3623 2122 3671 2167 et
3715 2128 3811 2183 pro

2224 2195 2473 2250 admissis
2508 2197 2707 2251 vatiam
2748 2197 3033 2269 postulent,
3063 2208 3111 2253 et
3150 2201 3461 2254 sententiam
3503 2217 3597 2270 pro
3632 2200 3811 2271 quali-

2224 2293 2332 2339 tate
2391 2285 2613 2340 admissi
2669 2289 2996 2358 suscipiant;
3064 2289 3154 2343 ubi
3215 2291 3373 2344 etiam
3423 2291 3488 2345 de
3544 2291 3811 2346 communi

2222 2377 2461 2447 profectu
2490 2388 2538 2432 et
2564 2379 2792 2434 utilitate
2841 2379 3095 2436 Ecclesia:
3135 2375 3476 2452 pertractent.
3504 2383 3812 2437 Consuetu-

2225 2467 2380 2523 dines
2456 2468 2714 2525 Ecclesia:
2792 2469 3211 2543 Rotomagensis
3278 2473 3496 2545 scriptae
3570 2482 3815 2545 tempore

2226 2558 2446 2615 Bicardi
2493 2550 2943 2619 de‘Constantiis
2972 2564 3163 2620 decani
3204 2572 3331 2620 ante
3368 2581 3541 2620 annos
3586 2565 3692 2621 4υο
3743 2582 3813 2621 ex

2225 2660 2395 2706 veteri
2424 2666 2610 2707 conice
2653 2652 2894 2720 ejusdem
2930 2653 3187 2709 Ecclesia:
3220 2671 3234 2709 :
3288 2654 3357 2709 In
3397 2655 3628 2727 capitulo
3655 2656 3810 2724 ﬁnita

2225 2742 2642 2813 lectione‘prout
2685 2745 2849 2809 decet,
2896 2745 3045 2798 debet
3096 2744 3199 2815 legi
3241 2745 3444 2811 tabula,
3492 2764 3608 2818 qua:
3660 2746 3811 2801 debet

2222 2832 2465 2885 ordinari
2490 2842 2539 2885 et
2569 2833 2826 2886 conscribi
2873 2834 3162 2888 secundum
3185 2836 3498 2905 exigentiam
3539 2837 3809 2905 temporis,

2223 2930 2270 2975 et
2292 2931 2447 2988 prout
2488 2923 2724 2988 convenit
2767 2924 2989 2995 singulis
3035 2926 3380 2997 dignitatibus
3428 2936 3477 2981 et
3537 2928 3812 2982 ordinibus

533 3018 726 3080 altare,
764 3027 814 3069 et
854 3017 1057 3085 faciunt
1091 3018 1429 3071 reverentiam
1472 3028 1590 3071 ante
1611 3027 1659 3071 et
1697 3030 1852 3073 retro.
1893 3018 2025 3073 Item
2069 3020 2120 3076 in

2228 3026 2599 3065 ranomcorum
2625 3021 2674 3066 ct
2704 3014 3036 3068 servientium
3066 3016 3120 3069 in
3158 3016 3338 3081 choro,
3366 3034 3485 3087 quin
3510 3028 3690 3087 postea
3706 3035 3812 3072 non

537 3110 709 3164 veteri
741 3110 937 3163 ordine
976 3109 1045 3163 ad
1088 3108 1455 3180 recipiendum
1489 3110 1809 3164 canonicum
1839 3111 2125 3165 cathedra-

538 3200 605 3255 lis
625 3200 867 3255 ecclesia:
892 3198 1216 3254 Parisiensis
1240 3216 1254 3252 :
1280 3196 1463 3252 Factis
1491 3215 1667 3253 versus
1688 3199 1960 3265 orientent,
1976 3201 2126 3254 dein-

537 3293 603 3347 de
618 3309 796 3348 versus
817 3294 1133 3348 occidentem
1152 3293 1336 3347 debitis
1358 3291 1803 3347 inclinationibus.
1821 3294 1874 3347 In
1891 3294 2126 3351 ecclesia

540 3395 720 3441 autem
762 3384 1060 3439 cathedrali
1095 3384 1476 3455 Rotomagensi
1509 3382 1570 3437 lit
1600 3384 1906 3439 reverentia
1938 3400 2127 3441 versus

539 3480 711 3535 altare
731 3489 785 3535 et
811 3481 1039 3534 chorum
1063 3477 1286 3534 alterius
1310 3478 1496 3548 partis.
1524 3477 1579 3531 ιιι
1611 3477 1689 3531 sic
1720 3477 2127 3549 intelligendum

541 3581 691 3643 puto.
752 3574 884 3627 Ante
911 3572 1079 3625 altare
1113 3581 1161 3625 et
1214 3562 1374 3635 reiro,
1402 3570 1609 3625 scilicet
1637 3578 1764 3626 ante
1804 3571 2126 3627 cruciﬁxum

432 3690 443 3698 ν
538 3667 593 3721 in
626 3666 746 3720 navi
797 3665 1177 3729 constitutum,
1235 3662 1319 3717 vel
1366 3674 1492 3718 ante
1521 3666 1787 3718 decanum
1837 3665 1928 3734 qui
1960 3680 2127 3736 prope

532 3755 756 3825 ianuam
780 3756 1133 3817 consistebat,
1165 3764 1225 3809 ut
1258 3753 1395 3809 solet
1425 3754 1477 3808 in
1514 3754 1668 3809 festis
1695 3754 2016 3825 triplicibus.
2051 3757 2127 3812 Eo

537 3850 684 3905 enim
716 3849 877 3904 modo
907 3865 936 3902 a
963 3847 1244 3903 monachis
1264 3847 1842 3904 Grandimontensibus
1869 3850 2126 3905 observa-

541 3948 632 3994 tur
662 3941 781 3995 inec
809 3939 1108 4002 inclinatio,
1142 3954 1263 4009 qua:
1296 3939 1461 3994 etiam
1496 3939 1548 3991 in
1571 3940 1972 4009 antiquioribus
1995 3956 2126 3996 con-

541 4032 918 4087 suetudinibus
983 4029 1356 4086 Cluniacensis
1431 4029 1749 4085 monasterii
1823 4031 2126 4103 saepissime

539 4118 758 4191 legitur.
789 4119 990 4190 Spicil.
1012 4128 1052 4174 ι.
1078 4119 1166 4174 IV.

611 4210 726 4281 (54)
767 4209 1013 4279 Exceptis
1050 4210 1232 4263 diebus
1263 4207 1567 4265 Nativitatis
1592 4210 1827 4267 ‘Domini
1859 4222 1907 4268 et
1934 4211 2128 4270 Pente-

541 4315 727 4354 costes.
779 4300 986 4366 Quibus
1037 4301 1372 4369 temporibus
1420 4301 1714 4372 antiphona
1759 4304 1827 4358 de
1883 4298 2125 4374 tentpnre

2229 3104 2377 3160 debet
2427 3106 2717 3159 immutari.
2776 3102 2972 3161 Postea
3019 3106 3151 3161 solet
3211 3109 3324 3173 ﬁeri
3382 3121 3706 3179 compotem,
3761 3118 3811 3162 et

2226 3204 2353 3249 tunc
2386 3204 2432 3249 et
2477 3194 2549 3248 ibi
2583 3193 2750 3249 solent
2799 3196 2960 3266 recipi
2998 3199 3360 3252 excusationes
3403 3198 3692 3265 canonicte,
3733 3198 3813 3253 vel

2227 3285 2499 3355 reprobari
2516 3303 2534 3349 ;
2564 3285 2639 3339 ibi
2670 3287 2831 3341 etiam
2870 3288 3132 3356 facienda:
3163 3298 3283 3342 sunt
3325 3288 3511 3357 gratia:
3536 3287 3617 3342 vel
3645 3306 3680 3343 a
3722 3288 3814 3344 de-

2227 3392 2384 3440 cano,
2429 3375 2507 3430 vel
2553 3381 2617 3431 ab
2666 3375 3101 3442 hebdomadario,
3151 3377 3198 3430 si
3234 3392 3350 3448 qua:
3387 3377 3491 3430 sint
3524 3377 3807 3435 faciendis.

2229 3466 2358 3525 Post
2398 3471 2510 3525 ha'c
2546 3470 2717 3525 solent
2745 3470 2957 3525 recitari
2980 3471 3258 3525 marantite
3287 3479 3335 3525 et
3382 3470 3598 3540 o/fenste
3621 3473 3731 3529 diei
3762 3485 3809 3529 et

2227 3559 2478 3615 horarum
2506 3560 2934 3631 prteredentium,
2965 3571 3013 3614 et
3047 3561 3118 3615 ibi
3145 3561 3344 3631 puniri.
3397 3560 3535 3615 Item
3574 3565 3808 3633 qualibet

2228 3649 2314 3704 die
2369 3648 2582 3705 Veneris
2622 3649 2808 3704 debent
2844 3651 3117 3705 convenire
3160 3666 3338 3705 omnes
3368 3654 3609 3706 canonici
3644 3656 3701 3708 in
3722 3672 3810 3709 ca-

2226 3742 2396 3811 pitulo
2442 3742 2576 3795 hora
2603 3742 2848 3812 capituli,
2895 3752 2944 3797 et
3000 3743 3072 3797 ibi
3115 3743 3281 3812 ﬁnitis
3308 3745 3594 3810 prtemissis
3624 3746 3809 3803 debent

2228 3835 2448 3887 tractari
2487 3835 2692 3904 negotia
2742 3834 2996 3891 Ecclesiae
3030 3850 3048 3888 :
3091 3852 3182 3891 nec
3225 3854 3281 3892 se
3315 3837 3498 3893 debent
3533 3839 3808 3896 absentarc

2227 3924 2493 3989 canonici,
2525 3940 2689 3995 neque
2722 3935 3007 3980 tractatum
3029 3927 3303 3997 impedire,
3330 3929 3432 3983 nisi
3456 3929 3624 3997 ﬁnitis
3657 3947 3810 4002 nege-

2226 4013 2336 4082 tiis,
2360 4014 2438 4068 vel
2465 4013 2678 4070 licentia
2706 4026 2915 4087 accepta
2944 4034 2976 4071 a
3013 4018 3234 4084 decano,
3259 4020 3338 4074 vel
3364 4020 3804 4086 hebdomadario,

2225 4107 2274 4161 si
2308 4109 2565 4161 decanum
2605 4107 2785 4162 abesse
2813 4108 3108 4180 contigerit.
3143 4109 3213 4166 Et
3244 4110 3315 4165 ibi
3335 4111 3518 4166 debent
3542 4113 3809 4168 observari

2226 4196 2416 4262 honor,
2447 4201 2714 4264 honestas,
2750 4201 3085 4277 commodum
3120 4197 3394 4268 Ecclesia’,
3439 4203 3553 4257 sine
3580 4203 3809 4259 simula-

2228 4292 2369 4346 tione
2393 4301 2441 4345 et
2465 4307 2813 4362 personarum
2864 4296 3192 4363 acceptione,
3231 4307 3279 4348 et
3312 4298 3505 4366 absque
3532 4296 3810 4365 ﬁdelitatis

542 4391 784 4460 paschali
808 4389 1147 4454 sumebatur,
1176 4390 1315 4443 sicut
1353 4391 1583 4445 habetur
1612 4392 1662 4445 in
1689 4392 1977 4449 breviariis
2003 4397 2122 4449 ιιυ-
2150 4388 2202 4448 D
2225 4392 2273 4439 ει
2300 4384 2737 4439 εοηδιῖίθηιίαοάηι
2768 4383 3000 4439 ια’δίοηε-
3021 4383 3090 4437 El
3112 4386 3202 4454 qui
3230 4401 3332 4439 ποτε
3355 4388 3569 4451 venerit.
3598 4388 3677 4442 υεί
3697 4390 3810 4445 Sine

545 4493 742 4550 Iomag.
776 4496 866 4534 an.
898 4481 1025 4535 i/t‘Jl
1078 4490 1133 4535 et
1180 4481 1337 4544 1578,
1376 4491 1430 4537 et
1469 4483 1742 4552 pSaIIeriis
1769 4501 1860 4538 an.
1895 4486 2032 4540 1507
2070 4495 2125 4541 et

543 4570 705 4634 1581i,
733 4570 785 4624 in
812 4569 1008 4639 quibus
1037 4571 1233 4640 legitur
1261 4588 1274 4623 :
1303 4571 1442 4624 Nota
1464 4572 1603 4640 quod
1623 4589 1714 4642 per
1735 4584 1900 4627 totum
1925 4592 2123 4629 annum

539 4657 737 4709 dicitur
759 4657 828 4710 ad
861 4656 1177 4732 Quicunque
1205 4658 1384 4729 aliqua
1415 4660 1703 4729 antiphona
1725 4661 1790 4715 tle
1827 4664 2125 4732 suprascri—

540 4744 643 4816 ptis
664 4723 1129 4817 exceptoiteinpore
1165 4723 1438 4817 paschali;
1469 4723 1607 4802 et'in
1656 4723 1902 4803 Diurnali
1945 4750 2123 4806 Lexo-

542 4837 714 4892 viensi
736 4852 826 4893 an.
862 4838 1000 4892 1512
1032 4856 1046 4892 :
1078 4837 1145 4891 In
1169 4848 1396 4909 tempore
1423 4839 1660 4909 paschali
1679 4850 1794 4910 post
1817 4842 2048 4912 psalmos
2072 4851 2120 4895 et

539 4925 861 4998 Quicunque
889 4930 1195 5000 antiphona,
1219 4929 1444 4985 Alleluia
1467 4944 1484 4987 :
1510 4931 1625 4985 Non
1652 4930 1799 4985 enim
1826 4933 1917 4986 hic
1945 4932 2124 5002 agitur

542 5020 611 5075 de
640 5022 880 5095 symbolo
912 5023 1241 5095 Quicunque,
1271 5022 1413 5094 quod
1451 5040 1518 5078 ex
1558 5025 1834 5080 ordinario
1862 5025 2121 5080 Rotoma-

541 5115 694 5184 gcnsi
721 5113 833 5170 MS.
862 5126 915 5170 et
941 5117 1057 5171 istis
1078 5117 1367 5173 Breviariis
1403 5127 1459 5172 et
1487 5116 1767 5172 Psalteriis
1802 5134 1900 5188 per
1948 5128 2120 5173 totum

539 5217 743 5258 annum
780 5206 1020 5261 etiamin
1051 5208 1200 5263 feriis
1233 5209 1479 5264 habetur.

616 5294 728 5366 (35)
746 5294 1098 5369 Snbsequente
1117 5299 1349 5369 capitulo
1374 5313 1393 5352 :
1417 5299 1644 5353 Domine
1661 5299 1937 5366 miserere,
1962 5301 2016 5354 in
2040 5300 2123 5371 [e-

2232 4476 2445 4531 licentia
2486 4477 2775 4540 recesserit,
2804 4493 2992 4546 panem
3022 4479 3178 4531 unius
3200 4478 3305 4532 diei
3326 4479 3555 4533 amittat.
3629 4479 3727 4537 Pu.

2300 4571 2433 4625 item
2475 4579 2679 4625 statuta
2714 4571 2935 4639 antiqua
2968 4569 3224 4625 Ecclesia:
3262 4568 3588 4626 Parisiensis
3619 4589 3633 4625 :
3676 4571 3810 4628 Inde

2231 4660 2300 4713 ad
2326 4661 2617 4727 capitulum
2662 4660 3095 4729 progrediuntur,
3121 4661 3211 4714 ubi
3240 4664 3399 4730 gestis
3424 4674 3728 4717 sanctorum
3759 4672 3808 4720 et

2229 4751 2490 4820 diptychis
2529 4750 2897 4819 defunctorum
2948 4748 3185 4818 perlectis
3219 4750 3353 4819 ﬁunt
3385 4768 3561 4821 preces
3598 4769 3693 4821 pro
3726 4769 3809 4807 eo-

2230 4859 2348 4896 rum
2376 4841 2568 4911 requie.
2603 4838 2817 4904 Postea,
2851 4849 2928 4893 ter
2956 4840 3112 4908 petito
3146 4839 3244 4895 Dei
3271 4841 3560 4912 adjutorio,
3589 4844 3808 4913 subjun-

2228 4936 2371 5005 gitur
2392 4950 2565 4988 versus
2587 4949 2705 4986 cum
2728 4932 2969 4997 collecta,
2991 4943 3038 4986 et
3063 4932 3246 4998 lector,
3274 4935 3400 4988 data
3429 4935 3805 5002 benedictione,
3844 4948 3847 4951 '

2229 5026 2352 5097 legit
2400 5042 2651 5079 canoaem
2701 5042 2793 5079 seu
2837 5036 2994 5092 caput
3034 5026 3230 5096 regula:
3279 5028 3419 5097 quod
3468 5045 3647 5084 omnes
3689 5047 3806 5084 cum

2230 5134 2437 5172 summa
2498 5117 2783 5172 reverentia
2843 5117 3145 5173 auscultant
3193 5119 3458 5184 sedentes;
3519 5120 3807 5192 iterumque

2229 5209 2357 5262 data
2381 5206 2444 5260 ab
2464 5206 2875 5262 hebdomadario
2906 5208 3258 5263 benedictione
3277 5213 3592 5265 secedunt...
3624 5209 3808 5265 Omni.

2231 5300 2326 5354 bus
2359 5299 2515 5353 sextis
2559 5298 2707 5368 feriis
2749 5301 2935 5353 audiat
2979 5299 3267 5368 capitulum
3306 5298 3539 5367 defectus
3576 5300 3725 5356 chori
3753 5301 3804 5354 in
