4016 5386
226 338 298 395 73
1196 334 1405 395 NOTAE
1446 336 1535 392 AD
1572 334 1832 392 LIBRUM
1871 332 1960 391 DE
1994 333 2210 392 OFFlC.
2254 334 2538 395 ECCLES.
3422 350 3496 409 ﬂ

231 453 492 509 audiatur
532 450 687 506 lectio
731 451 795 506 de
818 446 1225 524 'Martyrologio.
1289 453 1323 522 γ
1375 451 1618 507 Pretiosa
1649 451 1814 506 estin
1846 455 1894 513 Α
1922 455 2170 518 sumpto;
2223 448 2306 504 sic
2356 452 2499 506 enim
2548 459 2783 511 testatur
2818 454 3107 526 Honorius,
3156 459 3195 517 l.
3243 478 3284 531 ι,
3333 462 3496 523 Gem.

228 550 531 612 conSpectu
564 541 797 595 Domini.
827 541 968 597 Mors
989 551 1299 597 sanctorum
1327 543 1480 612 101
1511 541 1644 609 ejus.
1673 540 1813 594 Ora-

229 637 302 688 tio
330 652 344 687 :
382 634 590 689 Sancta
624 634 812 699 Maria,
838 644 943 689 etc.
973 635 1075 690 Per
1107 636 1414 690 Dominum.
1449 638 1644 690 Amen.
1675 635 1816 690 Deus

230 722 283 776 in
309 722 647 791 adiutorium
676 734 756 778 ter
782 726 1023 783 dicatur:
1063 725 1246 781 Gloria
1282 726 1450 788 Patri,
1496 727 1649 781 Sicut
1674 735 1814 790 erat,

231 814 398 887 Kyrie
425 815 657 870 eleisoa.
686 816 900 871 Christe
936 817 1161 873 eleison.
1200 818 1364 889 Kyrie
1404 818 1629 873 eleison.
1658 816 1817 873 Pater

230 917 439 962 noster.
479 908 545 962 Et
570 923 637 962 ne
685 923 805 963 nos.
842 908 909 963 Et
947 910 1128 964 veniat
1172 924 1356 979 super.
1403 910 1470 964 Et
1520 911 1729 978 respice
1759 910 1814 965 in

229 1008 443 1053 Servos.
468 997 539 1053 Et
572 1000 645 1052 sit
677 998 952 1067 Splendor.
985 998 1215 1055 Oremus
1246 1018 1260 1054 :
1298 997 1655 1070 Omnipotens
1676 1013 1818 1055 sem-

229 1090 449 1159 piterne
479 1090 622 1146 Deus
642 1089 835 1163 dirige.
884 1093 1143 1149 Dominus
1170 1095 1473 1150 vobiscum.
1517 1095 1815 1150 Benedica-

230 1196 374 1236 mus.
408 1181 610 1236 Dehinc
648 1183 857 1254 legatur
888 1186 1059 1241 obitus
1097 1190 1146 1240 si
1179 1189 1361 1257 fuerit,
1401 1198 1451 1242 et
1490 1190 1702 1242 dicatur
1742 1188 1816 1244 De

227 1270 542 1339 profundis.
586 1283 635 1325 et
683 1290 860 1342 preces
904 1274 976 1327 ibi
1013 1277 1352 1344 pertinentes,
1395 1288 1449 1329 ut
1486 1279 1542 1331 in
1576 1277 1815 1331 Obitario

229 1371 506 1414 notantur.
537 1362 653 1428 Quo
670 1374 881 1432 peracto
900 1382 1030 1435 puer
1049 1368 1189 1421 dicat
1215 1381 1234 1419 :
1273 1366 1429 1435 lube,
1470 1370 1686 1438 domne,
1724 1371 1819 1426 be-

229 1449 504 1504 nedicere.
538 1450 884 1508 Benedictio:
920 1454 977 1509 ln
1012 1456 1151 1510 viam
1184 1461 1562 1515 mandatorum
1594 1476 1816 1516 suorum

227 1537 429 1607 dirigat
456 1554 559 1594 nos
585 1542 926 1612 omnipotens
955 1547 1113 1602 Deus.
1146 1549 1339 1603 Amen.
1373 1549 1640 1621 Sequatur
1664 1551 1817 1607 lectio

224 1628 295 1683 de
329 1632 662 1686 sermonibus
689 1636 806 1688 vita:
831 1636 1159 1693 clericorum.

304 1720 417 1792 (38)
452 1723 537 1777 Ne
581 1723 763 1796 aliqua
804 1729 974 1782 sancti
1007 1730 1265 1799 festivitas
1300 1732 1355 1787 in
1394 1735 1627 1788 crastino
1678 1734 1815 1790 cele-

226 1808 434 1869 branda
457 1813 753 1867 omittatur.
773 1813 863 1870 Sic
883 1817 1098 1875 Rituale
1125 1819 1521 1892 Rotomagense
1544 1841 1633 1879 an.
1655 1825 1813 1893 1651,

227 1917 281 1972 p.
314 1918 353 1966 ι,
390 1917 517 1974 pag.
546 1904 655 1958 402
682 1916 735 1960 et
772 1906 897 1963 459.
939 1908 1068 1963 item
1096 1911 1481 1984 Grodogangus
1524 1916 1577 1970 in
1629 1920 1813 1988 regula

224 1990 645 2058 canonicorum,
678 2009 727 2047 c.
756 1995 819 2049 18
845 1998 911 2051 de
943 1999 1070 2052 hora
1102 2001 1276 2069 prima
1306 2020 1319 2056 :
1366 2004 1592 2070 Quotide
1629 2008 1697 2062 ad
1728 2025 1817 2063 ca-

222 2082 459 2150 pitulum
480 2099 660 2137 omnes
677 2085 894 2141 clericos
916 2091 1087 2144 venire
1116 2091 1501 2160 constituimus,
1543 2107 1598 2149 ut
1636 2099 1815 2151 anima

224 2177 439 2231 uerbum
482 2175 583 2230 Dei
612 2179 830 2245 audiat;
874 2189 923 2234 et
964 2182 1253 2252 episcopus,
1297 2186 1377 2240 vel
1412 2188 1815 2244 archidiaconus

222 2265 419 2320 ibidem
450 2273 591 2339 quod
607 2268 798 2338 jubere
829 2271 1004 2338 habet,
1016 2272 1237 2342 jubeat,
1271 2285 1321 2329 et
1362 2278 1502 2347 quod
1536 2281 1813 2350 corrigere,

224 2361 487 2430 corrigat,
530 2372 578 2416 et
620 2364 762 2433 quod
818 2364 1116 2433 faciendum
1177 2369 1245 2422 sit
1286 2356 1534 2425 ordinare
1583 2372 1812 2428 studeat.

232 2449 358 2505 Post
394 2452 672 2508 lectionem
703 2456 993 2511 recitantur
1023 2469 1149 2514 tatas
1188 2463 1377 2516 mensis
1410 2474 1457 2516 et
1489 2462 1653 2530 lunas,
1681 2482 1812 2537 quo-

226 2561 345 2598 rum
378 2545 517 2614 festa
542 2548 806 2603 crastinus
840 2551 1062 2622 excipiet
1089 2555 1221 2607 dies.
1258 2554 1323 2609 Et
1364 2544 1557 2612 Petrus
1608 2558 1676 2614 de
1702 2560 1815 2615 ilo-

225 2637 402 2693 uestis
462 2638 516 2692 in
558 2639 745 2711 regula
800 2645 1231 2699 canonicorum:
1283 2644 1416 2701 Cum
1460 2650 1654 2718 fratres
1699 2662 1815 2721 post

228 2722 473 2782 Primam
513 2731 567 2782 in
610 2732 843 2800 capitulo
881 2750 1036 2788 mane
1078 2738 1411 2802 conveniunt,
1455 2738 1618 2793 lector
1652 2743 1815 2809 petita

226 2817 612 2887 benedictione,
642 2822 836 2877 mensis
864 2826 1163 2892 terminum,
1191 2838 1401 2884 tetatem
1435 2832 1599 2899 Iunce,
1625 2833 1815 2903 feriam

222 2910 492 2978 sequentis
531 2911 636 2965 diei
673 2922 722 2966 et
755 2912 894 2984 festa
929 2933 1071 2971 more
1110 2918 1264 2973 solito
1309 2925 1629 2990 pronuntiet.
1663 2923 1817 2983 Unde

229 2998 427 3054 mirum
457 2999 631 3055 videri
658 3012 839 3073 potest
860 3008 1003 3076 quod
1032 3009 1085 3062 in
1114 3009 1436 3080 quibusdam
1468 3014 1727 3071 Ecclesiis
1758 3017 1812 3071 in

225 3092 426 3161 quibus
448 3090 894 3167 Martyrologium
933 3098 1149 3172 legitur,
1191 3101 1434 3173 ejusdem
1479 3107 1584 3162 diei
1616 3108 1811 3164 festum
1840 3138 1885 3198 ο

228 3184 613 3250 aununtietur;
660 3200 783 3241 cum
825 3189 1128 3246 decantatis
1166 3195 1354 3263 primis
1391 3195 1668 3266 Vesperis,
1712 3199 1816 3255 No-

225 3273 463 3338 cturnis,
484 3271 761 3331 Laudibus
784 3285 842 3332 et
867 3277 1062 3345 Prima,
1088 3279 1200 3350 jam
1224 3284 1489 3355 tnajoriex
1512 3298 1668 3357 parte
1696 3290 1813 3344 clli-

228 3364 376 3417 cium
405 3363 961 3439 fuerit’celebratnm.

303 3454 419 3528 ('59)
451 3455 627 3512 Lectio
645 3460 840 3532 regula:
860 3465 1205 3521 canonicalis.
1236 3466 1454 3525 Scilicet
1475 3472 1813 3547 Grodogangi

230 3545 494 3603 Metensis
513 3551 777 3622 episc0pi,
807 3555 891 3609 vel
913 3560 1129 3613 concilii
1169 3560 1648 3633 Aquisgranensis.

300 3639 416 3710 (40)
442 3638 550 3695 Seu
574 3646 1162 3711 pastoralis.Videlicet
1190 3652 1248 3706 S.
1276 3653 1523 3723 Gregorii
1542 3672 1695 3727 paptn
1727 3659 1815 3725 Li-

229 3731 312 3785 bri
343 3736 636 3803 pastoralis
664 3751 814 3791 cura:
842 3738 912 3793 ad
943 3738 1204 3798 Joannem
1236 3747 1547 3817 episcopum
1576 3753 1817 3809 civitatis

230 3821 527 3878 Ravennae.
1301 3814 1324 3831 ’

298 3913 415 3984 (bl)
477 3912 572 3968 Vel
618 3915 849 3985 alicujus
894 3922 1151 3992 regularis
1194 3924 1335 3980 libri.
1394 3927 1471 3985 De
1531 3935 1815 3991 sententTis

224 4014 548 4059 sanctorum
572 4004 819 4075 Patrum,
848 4011 914 4064 de
938 4012 1055 4066 Vita
1073 4015 1394 4071 clericorum
1411 4030 1531 4089 post
1551 4020 1817 4094 Martyro-

230 4095 433 4167 logium
484 4096 887 4171 Rotomagense
951 4105 1129 4170 editis,
1192 4116 1285 4161 aut
1346 4111 1412 4165 de
1474 4115 1816 4173 sermonibus

228 4187 546 4242 eorumdem
579 4190 669 4261 hic
688 4193 886 4261 agitur.
915 4192 971 4247 ln
994 4193 1278 4252 Ordinario
1317 4201 1461 4256 enim
1500 4219 1602 4261 ms.
1634 4206 1817 4262 cathe-

229 4277 398 4333 dralis
421 4279 668 4336 ecclesiae
706 4282 908 4354 legitur
939 4304 953 4339 :
1002 4286 1073 4340 Et
1102 4289 1170 4343 sit
1194 4292 1345 4344 lectio
1381 4294 1446 4346 de
1489 4299 1815 4355 sermonibus

241 4362 373 4421 Vita:
398 4368 751 4437 clericorum;
783 4372 1073 4442 aliquando
1101 4395 1118 4431 :
1153 4377 1384 4450 Legatur
1406 4383 1474 4438 de
1494 4389 1700 4444 residuo
1723 4408 1816 4447 ea:-

228 4462 531 4530 positionis,
558 4464 610 4518 id
635 4474 741 4533 est,
776 4467 1033 4525 homiliaz.

299 4553 416 4625 (12)
452 4554 684 4625 Infestis
708 4573 906 4613 omnes.
931 4559 987 4614 ln
1013 4561 1166 4620 festis
1185 4566 1598 4629 solemnioribus
1620 4589 1810 4635 omnes

229 4658 532 4715 campanae,
574 4647 629 4701 in
661 4648 971 4718 duplicibus
1006 4662 1061 4708 et
1087 4657 1529 4729 semiduplicibus
1557 4674 1667 4723 tres
1695 4675 1815 4725 tan-

230 4744 347 4791 tum
381 4739 682 4807 pulsantur.

307 4835 469 4907 102
495 4830 607 4907 (45)
638 4837 757 4890 Duo
789 4838 1035 4909 acolythi,
1069 4859 1202 4899 unus
1230 4845 1320 4914 qui
1340 4858 1511 4904 cantet
1534 4853 1813 4921 graduale,

228 4935 281 4979 et
318 4925 519 4993 deferat
567 4926 975 4993 candelabrum,
1022 4936 1153 4986 alter
1188 4937 1279 5004 qui
1312 4936 1547 5006 alleluia,
1581 4953 1629 4996 et
1675 4944 1814 5011 ferat

228 5012 574 5072 thuribulum.
590 5018 683 5075 Sic
699 5020 1131 5090 quoqucllituale
1143 5026 1534 5105 Rotomagense
1547 5051 1637 5090 an.
1654 5036 1812 5106 1651,

1843 4482 1892 4541 D

1917 538 2133 604 animae,
2166 552 2215 592 c.
2239 540 2307 593 87
2332 555 2347 594 :
2377 540 2685 613 leestinus
2712 563 2847 615 papa
2875 548 3105 617 psalmos
3131 552 3202 607 ad
3224 554 3495 613 introitu

1916 628 2095 682 missce
2120 631 2329 683 cantari
2359 631 2607 699 instituit,
2634 635 2697 688 de
2723 637 2912 707 quibus
2932 637 3216 710 Gregorius
3242 660 3380 715 papa
3402 662 3498 701 ant-

1917 716 2160 786 tipltonas
2204 720 2273 772 ad
2323 720 2597 777 introitum
2631 725 2805 780 inisste
2834 729 3159 785 modulanda
3186 739 3495 804 composuit.

1920 806 2074 862 Unde
2100 807 2278 864 adhuc
2312 811 2520 879 primus
2547 828 2736 871 versus
2762 816 3001 885 ejusdem
3035 822 3225 891 psalmi
3253 828 3492 895 canitur,

1916 896 2008 966 qui
2038 907 2184 953 totus
2209 898 2338 954 olim
2360 901 2430 956 ad
2452 903 2731 959 introitum
2755 908 3166 969 decantabatur.

1988 983 2102 1056 (l5)
2151 985 2538 1057 Ceroferarius.
2585 991 2688 1060 Qui
2741 998 2883 1065 apud
2934 997 3153 1056 Graecos
3215 1003 3500 1075 acolythus

1917 1084 2282 1146 nuncupatur,
2316 1080 2458 1137 sicut
2486 1092 2757 1140 testantur
2799 1087 3082 1155 Alcuinus,
3122 1108 3241 1165 cap.
3273 1097 3348 1150 De
3376 1106 3499 1153 ton-

1915 1178 2041 1219 sura
2072 1165 2419 1235 clericorum,
2443 1178 2498 1226 et
2518 1172 2821 1232 Amalarius
2863 1176 3189 1239 Fortunatus
3218 1186 3295 1240 De
3326 1187 3502 1243 eccle-

1918 1255 2160 1313 siasticis
2182 1257 2390 1326 ciliciis,
2425 1262 2519 1317 lib.
2557 1279 2595 1328 ι,
2638 1280 2760 1336 cap.
2794 1267 2891 1335 10;
2943 1269 3034 1326 lvo
3059 1288 3273 1344 quoque
3297 1276 3505 1334 Carno-

1920 1345 2111 1409 teusis,
2134 1361 2299 1401 serm.
2327 1348 2363 1402 2
2411 1349 2484 1406 De
2504 1353 2612 1406 vita
2635 1355 3081 1413 ordinandorum.
3108 1360 3241 1417 Item
3275 1363 3502 1422 Gemma

1918 1437 2118 1491 animae
2140 1439 2235 1493 lib.
2268 1456 2308 1506 ι,
2352 1442 2430 1497 De
2457 1446 2630 1516 antiq.
2657 1448 2765 1502 ritu
2796 1449 2977 1518 miss.,
3008 1468 3130 1523 cap.
3160 1456 3280 1512 178.

1991 1528 2103 1600 (46)
2131 1529 2428 1588 Diaconum
2459 1546 2507 1591 et
2536 1538 2919 1596 subdiaconunt
2942 1546 3207 1601 osculetur
3232 1553 3498 1609 sacerdos.
3554 1576 3566 1589 κ

1920 1616 2076 1672 Nunc
2124 1628 2307 1675 autem
2346 1622 2399 1681 in
2433 1625 2780 1685 confessione
2818 1632 3046 1689 inclinat
3079 1649 3140 1691 se
3190 1646 3398 1694 tantum
3433 1642 3501 1696 ad

1922 1705 2069 1771 illos,
2101 1722 2198 1762 uec
2226 1711 2524 1768 osculatur.
2547 1714 2596 1771 ls
2617 1726 2796 1774 tamen
2829 1723 3088 1794 antiquus
3113 1733 3200 1782 est
3224 1729 3505 1787 ministros

1855 1791 1898 1851 Β
1928 1800 2211 1857 osculandi
2242 1803 2404 1869 ritus,
2444 1806 2599 1877 cujus
2632 1810 2930 1867 meminere
2965 1791 3101 1870 crdo
3139 1816 3419 1876 Romanus
3447 1822 3503 1877 in

1918 1898 2151 1960 quatuor
2172 1894 2456 1950 ordinibus
2486 1898 2689 1964 missae,
2714 1899 3044 1970 Amalarius,
3072 1906 3164 1962 lib.
3186 1908 3337 1965 tuDe
3352 1911 3501 1967 ollic.

1913 1980 2244 2048 ecclesiast.,
2266 1999 2315 2038 c.
2347 1985 2409 2051 5;
2434 1986 2704 2045 Honorius
2730 1990 2823 2047 lib.
2858 2008 2908 2060 t;
2939 1994 3093 2052 Gem.
3118 1999 3332 2066 animae,
3360 2017 3410 2058 c.
3436 2002 3500 2066 7.;

1920 2069 2073 2142 Hugo
2098 2070 2304 2140 Victor,
2355 2076 2407 2131 in
2440 2076 2673 2148 Speculo
2705 2082 2927 2153 eccles.,
2953 2101 3005 2142 c.
3036 2088 3088 2153 7,
3114 2088 3236 2147 ideo
3272 2093 3355 2163 (ut
3380 2095 3503 2165 opi-

1916 2163 2038 2233 nor)
2081 2165 2225 2234 quod
2269 2181 2392 2221 cum
2430 2167 2788 2240 Tertulliano,
2829 2175 2865 2229 l.‘
2905 2177 2982 2233 De
3021 2191 3187 2247 orat.,
3236 2198 3356 2254 cap.
3410 2163 3502 2253 10.

1918 2254 2074 2311 ncl‘as
2114 2256 2377 2314 ducerent
2425 2263 2493 2317 ad
2531 2263 2856 2321 sacriﬁcium
2892 2270 3046 2339 pacis
3088 2275 3350 2333 accedere
3385 2279 3505 2335 sine

1916 2358 2086 2415 pace;
2118 2348 2184 2401 ad
2212 2351 2356 2419 quod
2386 2360 2445 2405 ut
2465 2355 2768 2424 paratiores
2798 2368 2852 2413 et
2878 2360 3058 2418 idonei
3082 2366 3256 2436 magis
3275 2370 3505 2427 accede-

1918 2445 2040 2491 rent
2088 2438 2301 2509 signum
2353 2445 2792 2502 reconcilationis
2835 2452 3243 2519 praemittebant
3286 2474 3305 2511 ς
3357 2460 3502 2527 quod

1922 2525 2128 2582 indicat
2164 2527 2375 2587 Missale
2412 2532 2670 2591 Ecclesia:
2707 2537 3129 2604 Sarisberiensis
3163 2525 3504 2603 editumVPa-

1918 2613 2069 2670 risiis
2096 2630 2241 2672 anno
2283 2618 2442 2683 1555,
2477 2621 2529 2676 in
2562 2639 2669 2693 quo
2698 2625 2930 2683 habetur
2958 2646 2972 2682 :
3005 2628 3212 2687 Deinde
3230 2636 3504 2689 osculatur

1918 2702 2199 2759 diaconum
2240 2717 2291 2762 et
2321 2711 2718 2778 subdiaconum,
2749 2716 2929 2771 d'cens
2951 2730 2972 2770 :
3016 2718 3224 2777 Habeto
3249 2723 3497 2779 osculum

1918 2794 2071 2862 pacis
2090 2804 2147 2850 et
2167 2795 2497 2865 dilectionis,
2529 2811 2589 2856 ut
2607 2804 2718 2873 apti
2740 2805 2863 2861 sitis
2886 2817 3080 2864 sancto
3105 2808 3265 2867 altari
3286 2813 3357 2869 ad
3376 2829 3502 2886 per-

1915 2877 2207 2944 liciendum
2231 2890 2401 2946 cilicia
2434 2892 2637 2949 divina.

1989 2979 2104 3051 (47)
2127 2980 2388 3041 Sacerdos
2414 2986 2693 3056 creterique
2722 2987 2949 3044 ministri
2964 3000 3102 3047 retro
3124 3008 3311 3050 coram
3339 2997 3501 3055 altari

1917 3079 2086 3131 orent,
2110 3077 2217 3124 etc.
2255 3070 2382 3127 llmc
2408 3088 2514 3128 non
2553 3084 2683 3130 sunt
2708 3075 2957 3134 hodierni
2992 3096 3122 3138 usus
3157 3083 3214 3139 in
3257 3085 3502 3146 Ecclesia

1917 3158 2323 3232 Rotomagensi.

1988 3248 2100 3321 (48)
2142 3249 2412 3307 Diaconus
2463 3264 2579 3324 post
2625 3272 2743 3312 eum
2788 3262 3025 3318 eamdem
3065 3266 3324 3325 imitando
3364 3271 3503 3327 uinus

1915 3342 2167 3395 consistat
2203 3358 2473 3416 quousque
2518 3348 2568 3401 ei
2618 3350 2798 3405 sedere
2838 3342 3045 3410 innuat.
3079 3356 3193 3416 Hoc
3235 3368 3504 3420 statuerat

1915 3429 2205 3485 concilium
2245 3431 2609 3490 Laodiccnum
2646 3452 2768 3493 can.
2809 3440 2903 3507 20,
2925 3453 2981 3498 et
3003 3446 3215 3505 Rituaic
3243 3450 3503 3508 Rotoma-

1916 3532 2079 3586 gcnse
2105 3535 2197 3576 an.
2225 3521 2385 3588 1651,
2408 3540 2463 3595 p.
2495 3541 2537 3591 ι,
2562 3542 2687 3599 pag.
2717 3529 2843 3585 598.
2869 3531 2984 3588 Nec
3004 3546 3174 3595 stante
3197 3544 3498 3616 presbytero

1916 3609 2171 3666 diaconus
2195 3623 2286 3668 aut
2308 3616 2660 3674 subdiaconus
2699 3621 2858 3693 103
2880 3637 3062 3682 contra
3090 3609 3299 3689 sanctos
3337 3609 3498 3692 cano-

1918 3718 2008 3757 nes
2049 3704 2228 3759 sedere
2258 3719 2564 3776 prtesumat,
2594 3712 2685 3767 sed
2704 3716 2974 3786 presbyter
2991 3721 3174 3778 sedens
3204 3725 3389 3783 innuat
3416 3730 3499 3785 eis

1918 3801 1973 3844 ut
2006 3793 2242 3849 sedeant.

1988 3879 2100 3952 (b9)
2139 3879 2377 3938 Ostendit
2416 3902 2536 3940 eum
2586 3904 2697 3945 esse
2747 3893 3001 3951 vicarium
3039 3898 3255 3958 Christi.
3296 3907 3496 3965 Eadem

1917 3970 2130 4026 ratione
2152 3973 2483 4043 Amaiarius,
2512 3977 2605 4034 lib.
2635 3982 2828 4048 ut,'De
2853 3988 3051 4044 eccles.
3079 3990 3245 4059 olIic.,
3274 4009 3392 4067 cap.
3419 4000 3455 4053 5
3475 4018 3493 4054 :

1916 4056 2175 4115 Introitus
2196 4062 2421 4135 episcopi
2447 4066 2518 4120 ad
2539 4067 2775 4137 missam,
2809 4075 2900 4143 qui
2920 4076 3148 4134 uicarius
3173 4056 3249 4136 est
3277 4056 3494 4153 Cliristi,

1913 4149 2081 4219 ipsius
2101 4152 2379 4208 adventum
2398 4157 2548 4213 nobis
2573 4160 2644 4214 ad
2676 4166 2983 4221 memoriam
3009 4170 3245 4239 reducit;
3287 4185 3342 4233 et
3370 4149 3495 4249 cap.

1918 4241 1987 4297 10
2015 4243 2083 4299 de
2116 4244 2245 4299 sede
2270 4247 2559 4319 episcopali
2592 4267 2607 4305 ε
2645 4252 2954 4326 Episcopus,
2985 4262 3110 4331 quia
3157 4267 3381 4323 vicarius
3420 4241 3499 4327 ἐκ

1917 4333 2114 4389 Christi
2140 4337 2194 4389 in
2223 4337 2464 4394 omnibus
2490 4346 2791 4400 memoratis
2816 4352 3080 4420 superius,
3126 4356 3271 4413 debet
3314 4370 3364 4415 et
3411 4363 3497 4418 hic

1918 4423 1988 4476 ad
2015 4426 2319 4480 memoriam
2358 4430 2505 4484 nobis
2533 4431 2891 4492 intltronizare
2915 4439 3111 4498 Christi
3139 4451 3496 4507 ascensionem

1921 4522 1968 4567 et
1998 4515 2191 4569 sedem.
2238 4516 2330 4574 Sic
2357 4518 2559 4577 Christi
2588 4524 2778 4581 vicarii
2825 4533 3137 4593 sacerdotes
3178 4542 3321 4610 apud
3359 4541 3498 4600 lior-

1921 4603 2150 4660 misdam
2190 4621 2403 4678 papam,
2428 4612 2587 4679 epist.
2618 4612 2706 4670 60.
2737 4615 2835 4671 Pa.

1992 4696 2105 4768 (50)
2146 4698 2220 4751 Ab
2248 4711 2427 4754 austro
2461 4703 2531 4757 ad
2561 4706 2854 4775 aquilonem
2901 4714 3219 4771 candelabra
3266 4730 3497 4778 tenean'.
3592 4742 3601 4757 ί

1920 4783 1996 4840 Ita
2023 4786 2299 4852 Alcuiuus,
2329 4791 2402 4845 De
2431 4792 2793 4854 celebratione
2839 4803 3056 4858 missas:
3105 4807 3332 4867 Cantore
3369 4815 3502 4870 inci-

1921 4874 2092 4945 piente
2140 4874 2303 4946 Kyrie
2359 4879 2560 4937 elcison
2593 4886 2920 4943 collocantur
2966 4896 3102 4949 cerei
3150 4897 3204 4951 in
3248 4902 3430 4960 ordine
3467 4922 3503 4958 tt

1921 4975 2071 5033 parte
2098 4968 2324 5020 australi
2352 4970 2421 5021 ad
2470 4978 2869 5043 septentrionem
2914 4982 2978 5035 ab
3017 4985 3281 5056 acolytlto,
3329 5003 3504 5049 osten-

1921 5050 2074 5109 dente
2100 5056 2196 5107 Itoc
2233 5054 2374 5112 facta
2415 5062 2556 5112 quod
2604 5066 2846 5112 misertus
2887 5071 2954 5112 sit
2988 5050 3239 5112 hamis...
3266 5050 3503 5112 Lemn..-
