4016 5386
507 314 627 378 ⁸πὸ

1486 298 1489 299 ⁷
1583 304 1889 364 JOANNES
1922 299 2349 359 AltCIIlEPISC.
2384 294 2736 356 ROTOMAG.
3742 285 3813 338 τε

547 428 879 487 Ierariarum‘
901 438 1186 483 numerum
1216 437 1281 479 ex
1307 419 1631 494 Apocalypsi
1658 419 1886 503 petitum
1912 416 2003 489 (de
2024 430 2132 485 quo
2164 410 2215 468 A
2243 414 2475 472 Hinistri
2514 410 2694 466 casula
2731 424 2787 463 se
2809 412 3025 469 emunt,
3073 399 3283 473 quando
3306 396 3515 453 lectoris
3542 398 3665 452 sive.
3682 413 3814 450 can-
3882 446 3892 463 ν.

550 522 818 579 videndus
854 519 1001 577 Ordo
1050 514 1349 586 Romanus)
1411 514 1675 570 miramur
1727 510 1866 580 apud
1922 523 2022 564 nos
2076 508 2132 561 in

552 609 736 666 missis
764 606 1162 681 pontificalibus
1187 602 1523 670 exolevisse,
1568 599 1661 655 ubi
1689 597 1914 668 aequalis
1950 597 2134 652 diaco-

554 716 750 756 norum
775 698 1296 755 elsubdiaconorum
1314 706 1570 747 numerus
1599 697 1927 761 perseverat,
1959 688 2013 742 in
2032 702 2132 741 usu

551 792 684 846 olim
712 790 879 847 fuisse
904 795 1119 845 constat
1144 800 1211 839 ex
1233 785 1401 839 veteri
1414 783 1577 838 Libro
1597 779 1890 853 pontiﬁcali
1917 778 2134 833 disertis

554 883 708 939 hisce
736 881 917 936 verbis
941 898 954 933 :
988 878 1053 931 In
1077 877 1161 930 die
1182 874 1531 929 ordinationis
1561 870 1805 942 episcopi,
1836 867 2134 923 manissime

546 973 788 1043 pulsetur
818 980 865 1024 et
907 978 1144 1024 cantetur
1160 965 1343 1020 Prima
1371 979 1390 1017 :
1413 973 1527 1033 post
1549 978 1705 1035 quam
1729 970 1879 1015 eatur
1900 958 1968 1012 ad
1989 957 2135 1027 capi-

551 1060 724 1115 tulum
750 1059 923 1129 ibique
952 1075 984 1112 a
1016 1057 1238 1119 decano,
1269 1054 1662 1117 archidiacono,
1690 1060 1901 1104 cantare
1928 1056 1975 1101 et
2006 1062 2133 1099 can-

542 1149 764 1205 cellario
790 1148 1101 1202 ordinentur
1119 1145 1208 1216 qui
1230 1144 1411 1198 debent
1438 1144 1716 1212 procedere
1736 1136 2130 1201 ministri,sicut

539 1241 607 1295 in
666 1238 955 1309 majoribus
1017 1251 1127 1288 tuos
1171 1244 1245 1289 est
1289 1231 1652 1303 festivitatibus
1682 1243 1701 1281 :
1752 1228 1846 1282 hoc
1875 1236 1972 1293 est,
2027 1225 2131 1278 duo

541 1328 778 1399 acolythi
824 1343 945 1381 cum
993 1323 1296 1387 thuribulis,
1338 1322 1444 1375 duo
1493 1319 1798 1375 subdiaconi
1848 1332 1967 1370 cum
2013 1331 2134 1369 cru-

550 1418 720 1483 cibus,
749 1426 941 1486 septem
986 1414 1214 1486 acolythi
1241 1430 1360 1467 cum
1382 1411 1714 1467 candelabris
1745 1419 1793 1463 ct
1831 1407 2014 1471 cereis,
2046 1422 2129 1460 se-

548 1518 688 1579 ptem
705 1505 1014 1562 subdiaconi
1038 1521 1155 1560 cum
1177 1503 1582 1575 Evangeliorum
1605 1501 1774 1563 libris,
1796 1507 1988 1569 septem
2010 1498 2129 1551 dia-

537 1597 669 1652 Lconi
689 1612 808 1652 cum
836 1595 1031 1651 sanctis
1058 1592 1313 1665 reliquiis,
1336 1590 1612 1646 duodecim
1643 1587 1927 1660 presbyteri
1956 1584 2131 1639 induti

536 1688 794 1755 planetis,
815 1696 922 1744 etc.
947 1687 1045 1743 Pu.

620 1786 698 1841 De
722 1784 1031 1856 septenario
1054 1778 1426 1852 acolytborum
1448 1792 1677 1834 numero
1706 1775 1760 1831 in
1783 1774 1964 1831 missis
1987 1788 2124 1844 pon-
2154 1757 2202 1817 Β

540 1875 1144 1948 1ilicalibuslcgeudum
1177 1870 1389 1926 Rituale
1413 1869 1812 1938 Rotomageusc
1834 1878 1976 1919 anno
1994 1863 2123 1918 I65I

538 1969 775 2032 'cditum,
809 1984 863 2037 p.
899 1983 939 2034 ι,
980 1979 1104 2035 pag.
1140 1961 1268 2016 444.
1302 1960 1369 2015 Et
1396 1958 1619 2015 Gemma
1651 1953 1975 2020 animte,lib.
2007 1969 2047 2018 ι,
2079 1967 2128 2007 c.

530 2057 610 2123 ⁷4,
653 2057 734 2113 sic
762 2057 929 2112 habet
956 2072 973 2109 :
1005 2053 1293 2124 Postquam
1322 2064 1593 2120 campana:
1628 2044 1924 2102 sonaverint
1960 2043 2133 2114 ponti-

537 2149 638 2219 .[etc
671 2158 888 2203 ornatus
916 2144 1169 2216 procedit,
1198 2158 1347 2213 quem
1377 2150 1567 2210 septem
1589 2136 1818 2208 acolytlti
1843 2152 1960 2189 cum
1979 2133 2133 2188 lumi-

498 2258 503 2259 ί
551 2237 705 2294 nibus
733 2244 989 2309 praesint.
1014 2233 1167 2288 Hunc
1197 2233 1361 2288 ritum
1390 2225 1786 2285 restituendum
1822 2232 2007 2281 censet
2033 2222 2131 2278 Ri-

544 2329 699 2384 tuale
725 2329 1121 2396 Rotomagense
1143 2339 1232 2378 an.
1260 2321 1418 2386 1651,
1456 2335 1509 2390 p.
1538 2335 1576 2386 I,
1602 2334 1727 2390 pag.
1749 2316 1876 2372 502.

625 2414 785 2487 ιοᾶ.
821 2414 934 2484 (55)
976 2412 1263 2483 Incipiente
1289 2409 1609 2464 subdiacono
1638 2406 1933 2476 epistolam,
1960 2422 2133 2461 sacer-

538 2505 642 2560 dos
667 2505 825 2574 juxta
846 2504 1015 2557 altare
1034 2501 1232 2575 sedeat.
1271 2497 1427 2555 Sicut
1451 2506 1506 2554 et
1541 2496 1699 2551 hodie
1728 2495 1785 2549 lit
1817 2495 1954 2565 apud
2001 2491 2133 2549 Car-

542 2594 848 2655 thusianos,
897 2605 1006 2661 quo
1051 2589 1104 2643 in
1158 2588 1276 2643 loco
1307 2587 1590 2643 celebrans
1623 2583 1772 2638 audit
1815 2581 2128 2651 Epistolam,

549 2680 839 2746 Gradualc,
901 2678 1127 2734 Alleluia
1168 2685 1223 2732 et
1251 2675 1622 2746 Evangelium.
1674 2672 1749 2726 Ex
1778 2670 1975 2742 quibus
2001 2686 2131 2725 con-

538 2780 661 2829 stat
689 2770 982 2828 novissime
1010 2769 1232 2825 omnino
1282 2767 1426 2822 hunc
1483 2779 1691 2820 morem
1742 2762 2127 2825 introductum,

548 2872 611 2919 ut
654 2864 908 2919 sacerdos
957 2861 1238 2917 celebrans
1281 2857 1458 2929 legere
1509 2865 1755 2911 teneatur
1799 2869 1862 2909 ea
1917 2868 2037 2923 quae
2096 2867 2129 2907 a

550 2953 792 3010 diacono
821 2961 915 3008 aut
939 2952 1271 3009 subdiacono
1297 2949 1570 3020 leguntur,
1601 2954 1695 3002 aut
1727 2947 1864 3015 quae
1884 2958 1916 2999 a
1963 2945 2130 2999 choro

492 3084 497 3089 η
535 3042 921 3101 θυοείηιιηιυν.

2236 507 2365 562 toris
2394 504 2615 575 officium
2657 506 2950 555 assumunt.
2992 495 3124 551 Item
3166 491 3393 548 Gemma
3434 489 3627 544 anima:
3677 488 3713 543 ι.
3769 504 3811 553 ι,

2235 609 2285 651 c.
2311 595 2437 650 252.
2459 593 2691 663 EtHugo
2709 607 2738 647 a
2762 589 2820 645 S.
2844 588 3083 654 Victore,
3112 587 3186 641 De
3215 583 3435 655 special.
3456 582 3607 641 miss.
3622 579 3813 637 obser-

2234 694 2369 751 vat.,
2403 685 2439 740 ι.
2470 700 2554 748 ιιι,
2582 699 2633 738 c.
2681 684 2715 737 9
2753 681 2831 735 sic
2860 678 3098 748 loquitur
3126 693 3140 730 :
3178 672 3244 728 In
3275 672 3455 728 diebus
3495 681 3671 727 autem
3700 668 3817 725 Ad-

2232 788 2414 833 ventus
2442 775 2655 830 Domini
2676 782 2725 827 et
2748 768 3177 840 Quadragesimce
3200 764 3429 820 ministri
3459 778 3562 817 non
3586 769 3817 816 utuntur

2234 870 2536 942 liujusmodi
2559 868 2781 923 vestibus
2813 865 3043 937 (scilicet
3074 862 3362 918 dalmatica
3389 869 3445 915 et
3478 856 3684 926 tunica)
3719 855 3815 911 sed

2234 961 2451 1017 casulis.
2487 959 2681 1014 Tamen
2724 956 2933 1029 quando
2971 954 3239 1026 prOprium
3276 952 3497 1022 oﬂicium
3533 959 3815 1004 assumunt

2233 1053 2428 1109 casulis
2449 1070 2504 1107 se
2528 1059 2746 1117 exuunt,
2769 1051 2891 1121 quia
2912 1051 2965 1102 in
2994 1046 3151 1117 105
3179 1045 3391 1115 proprio
3417 1043 3606 1114 officio,
3628 1043 3685 1095 id
3737 1050 3816 1094 est

2232 1141 2448 1214 legendo
2476 1141 2769 1212 Epistolam
2795 1137 2871 1193 uel
2903 1135 3265 1206 Evangelium,
3307 1148 3392 1187 eos
3428 1131 3517 1200 qui
3561 1130 3631 1183 ad
3676 1145 3816 1199 prc-

2233 1232 2515 1288 dicandum
2543 1247 2575 1284 a
2602 1228 2826 1283 Domino
2860 1225 3007 1280 missi
3048 1232 3167 1278 sunt
3212 1229 3566 1291 repra'sentat.
3614 1216 3816 1273 Casula

2232 1334 2407 1380 autem
2450 1323 2577 1378 talia
2602 1320 2862 1392 significat
2889 1332 3045 1387 opera
3086 1330 3203 1384 qua:
3239 1313 3295 1367 in
3332 1312 3517 1365 itinere
3544 1309 3815 1364 observari

2232 1434 2337 1473 non
2388 1422 2638 1486 possunt;
2690 1413 2953 1481 signiﬁcat
2981 1409 3117 1464 enim
3150 1423 3242 1478 per
3280 1404 3612 1459 latitudinem
3651 1418 3814 1456 suam

2232 1503 2964 1577 charitatisﬁamplitudinem.
3013 1498 3144 1554 Hice
3186 1506 3362 1551 autem
3389 1496 3618 1566 exigitur
3661 1503 3713 1549 et
3757 1495 3815 1547 in

2232 1595 2487 1665 loquendo
2516 1604 2725 1666 propter
2743 1591 2881 1662 quod
2909 1589 3044 1644 collo
3070 1587 3448 1651 circumdatur,
3467 1585 3522 1638 in
3546 1583 3816 1653 operando

2200 1690 2212 1707 '
2232 1688 2357 1758 quia
2386 1703 2543 1758 super
2566 1694 2841 1750 utrumque
2865 1680 3134 1734 brachium
3172 1676 3479 1745 replicatur,
3504 1682 3552 1728 et
3585 1674 3645 1727 in
3671 1673 3818 1742 cogi-

2230 1778 2390 1831 tando
2436 1775 2683 1847 quoniam
2717 1780 2894 1842 pectus
2939 1769 3065 1823 inde
3118 1766 3333 1836 tegitur,
3375 1772 3422 1818 et
3454 1763 3508 1816 in
3549 1761 3815 1831 portando

2230 1865 2457 1921 aliorum
2484 1878 2640 1918 onera
2664 1877 2722 1914 eo
2757 1859 2896 1932 quod
2925 1856 3129 1912 humeri
3161 1853 3284 1909 inde
3310 1851 3636 1906 ambiuntur.
3660 1849 3816 1919 ,Qnte

2231 1953 2286 2008 in
2309 1949 2604 2008 cathedrali
2634 1945 3013 2017 Rotomagensi
3039 1945 3094 1999 in
3127 1938 3738 1997 DominicisAdventus
3761 1945 3818 1991 et

2232 2043 2667 2116 Quadragesimaa
2694 2042 3071 2101 observantur,
3117 2042 3475 2106 praeterquam
3516 2030 3569 2085 in
3618 2028 3814 2084 Domi-

2231 2138 2352 2193 nica
2380 2135 2709 2196 Palinurum,
2746 2131 2799 2185 in
2830 2143 2936 2199 qua
2978 2125 3212 2183 ministri
3245 2130 3470 2179 utuntur
3518 2118 3815 2175 dalmatica

2231 2236 2286 2283 et
2311 2226 2516 2290 tunica,
2542 2222 2676 2277 utin
2698 2219 2899 2274 Rituali
2936 2212 3338 2285 Rotomagousi,
3367 2226 3456 2265 an.
3484 2208 3648 2274 I65I,
3685 2224 3745 2279 p.
3774 2222 3812 2271 ι,

2229 2332 2353 2390 pag.
2384 2315 2482 2370 451
2515 2324 2570 2369 et
2592 2311 2720 2376 466,
2748 2319 2802 2366 et
2837 2310 2890 2364 in
2927 2306 3128 2363 Missali
3170 2304 3483 2374 Rotomagq
3518 2299 3812 2366 anrlﬁﬁs,

2231 2407 2309 2463 De
2337 2407 2441 2461 ritu
2464 2400 2770 2457 celebrandi
2797 2392 3451 2468 inissainkprajscri-bitur.

2302 2498 2415 2570 (59)
2454 2493 2649 2552 Casula
2676 2493 2916 2548 induitur
2934 2490 3209 2545 diaconus.
3234 2484 3427 2542 Casula
3455 2498 3563 2539 non
3596 2491 3816 2538 tantum

2232 2589 2582 2646 diaconorum
2621 2593 2675 2639 ct
2719 2581 3168 2639 subdiaconorum
3197 2577 3254 2631 in
3292 2574 3598 2630 ministerio
3616 2572 3817 2643 altaris

2230 2679 2504 2751 peculiare
2530 2675 2931 2736 vestimentum,
2955 2684 3142 2724 verum
3175 2667 3338 2721 etiam
3370 2664 3612 2719 omnium
3644 2663 3814 2719 cleri-

2230 2746 2418 2828 corum
2453 2768 2578 2823 olim
2610 2774 2891 2820 commune
2925 2768 3043 2814 erat
3068 2763 3464 2821 ornamentum,
3491 2746 3813 2829 te‘sté‘Ama-

2231 2860 2387 2922 lario,
2425 2858 2464 2912 I.
2495 2872 2535 2912 ιι
2562 2856 2639 2909 De
2680 2850 2977 2908 ecclesiast.
3007 2847 3173 2913 ollim,
3203 2860 3320 2916 cap.
3355 2844 3441 2910 I9,
3467 2838 3553 2897 De
3578 2844 3810 2899 casula:

2231 2949 2428 3008 Casula
2454 2964 2569 3003 vero
2598 2961 2715 3017 qua:
2736 2943 2955 3013 pertinet
2977 2937 3364 3011 generaliterad
3379 2937 3813 3000 omnesclericcs,

2232 3042 2380 3097 debet
2404 3038 2703 3110 signiﬁcare
2746 3049 2904 3103 opera
2930 3046 3047 3102 qua:
3076 3028 3330 3099 pertinent
3358 3026 3426 3080 ad
3448 3042 3650 3081 omnes.
3677 3024 3814 3081 Item

622 3133 739 3206 (54)
792 3131 1161 3190 Subdiaconus
1200 3139 1411 3201 excepto
1457 3140 1682 3199 tempore
1730 3124 2128 3181 ministrationis

2232 3134 2365 3191 ordo
2386 3102 2661 3187 Romanus
2696 3125 2749 3180 in
2780 3102 2951 3179 Cinna
2985 3120 3197 3178 Domini
3227 3136 3240 3173 :
3267 3116 3456 3173 Statim
3499 3118 3608 3171 duo
3630 3119 3814 3188 acoly-

534 3239 662 3280 suce
688 3224 743 3277 in
769 3223 927 3277 choro
952 3230 1184 3276 maneat.
1210 3219 1266 3277 Id
1294 3220 1436 3289 apud
1477 3217 1895 3275 Cartliusieuses
1939 3229 2128 3269 mona-

549 3314 686 3370 chos
713 3328 821 3369 non
855 3320 1060 3367 tantum
1092 3325 1122 3364 a
1166 3310 1499 3367 subdiacono
1553 3307 1891 3371 observatur,
1940 3318 2126 3358 verum

551 3407 717 3462 etiam
742 3421 773 3462 a
803 3406 1052 3471 diacono,
1084 3405 1176 3474 qui
1202 3403 1290 3458 ubi
1321 3403 1552 3472 primum
1586 3401 1640 3455 in
1670 3396 1971 3454 ministerio
1998 3394 2131 3450 alta-

534 3496 630 3551 .ris
650 3512 757 3552 non
783 3493 1146 3557 desideratur,
1178 3492 1246 3546 ad
1277 3491 1455 3547 locum
1483 3506 1638 3547 suum
1676 3489 1729 3544 in
1757 3489 1925 3542 choro
1951 3499 2130 3541 rever-

535 3584 704 3650 titur,
736 3593 935 3640 etcum
961 3583 1082 3638 aliis
1112 3583 1289 3637 missae
1317 3582 1567 3637 decantat
1599 3579 1851 3635 oliicium.

612 3671 735 3743 .(55)
776 3668 1085 3741 Epistolam,
1115 3669 1521 3737 responsorium,
1548 3676 1770 3732 tractus,
1804 3663 1884 3720 vel
1912 3661 2128 3717 alleluia

533 3776 858 3838 sequuntur.
912 3763 1018 3819 Per
1067 3763 1471 3833 rcsponsorium
1521 3760 1791 3832 intelligas
1842 3756 2125 3831 graduale,

534 3856 634 3914 sic
659 3872 691 3912 a
729 3854 936 3911 Joanne
962 3863 1014 3911 et
1040 3853 1161 3909 aliis
1185 3853 1490 3908 divinorum
1518 3851 1815 3907 ciliciorum
1850 3847 2126 3919 exposito-

539 3946 704 4003 .ribus
730 3953 1117 4016 nuncupatum,
1150 3944 1293 4016 quod
1327 3944 1580 4015 Epistolas
1605 3943 1950 4013 respondeat.

621 4036 736 4109 (56)
775 4034 882 4091 Per
912 4035 1118 4090 tabulas
1140 4048 1334 4090 osseus.
1363 4033 1439 4088 De
1465 4032 1549 4086 his
1588 4030 1785 4085 tabulis
1806 4029 1930 4083 vide
1970 4026 2129 4081 Anna.

534 4126 770 4193 ilarium,
794 4126 869 4181 De
891 4126 1199 4182 ecclesiast.
1224 4122 1364 4179 ollic.
1391 4122 1485 4177 lib.
1508 4137 1589 4185 ιιι,
1612 4134 1730 4190 cap.
1762 4119 1848 4173 16.
1878 4117 1976 4171 Pu.

620 4218 735 4290 (57)
777 4216 989 4286 Oportet
1017 4215 1281 4284 episcopos
1309 4222 1358 4267 et
1387 4212 1594 4266 abbates
1617 4208 1828 4264 buculos
1865 4208 1929 4262 de
1957 4206 2128 4261 mani-

537 4306 648 4363 bus
703 4306 978 4377 deponere.
1027 4304 1170 4360 Idem
1225 4304 1383 4360 docet
1405 4302 1729 4366 Amalarius,
1767 4300 1861 4355 lib.
1909 4314 1995 4362 ut,
2045 4298 2120 4352 De

536 4396 851 4453 «ecclesiast.
898 4394 1064 4459 ollim,
1113 4408 1232 4465 cap.
1258 4392 1326 4449 18
1356 4411 1369 4447 :
1405 4391 1579 4464 Usque
1605 4393 1673 4446 ad
1717 4391 1857 4445 istud
1904 4388 2125 4459 o/ficium

538 4486 752 4541 baculis
776 4485 1232 4548 sustentabamur;
1256 4483 1428 4546 modo,
1467 4493 1522 4537 ut
1552 4491 1750 4551 oportet
1779 4496 1951 4535 servos
1996 4486 2118 4531 ante

547 4576 833 4632 Dominum
862 4585 1022 4642 stare,
1047 4572 1315 4630 humiliter
1342 4583 1539 4632 stamus
1568 4572 1878 4641 deponentes
1906 4566 2117 4621 buculos

538 4680 579 4720 θ
602 4663 862 4718 manibus.
892 4662 1024 4718 Illud
1048 4679 1078 4718 a
1105 4670 1328 4720 cantorc
1353 4659 1678 4717 catlicdralis
1690 4655 1934 4714 ecclesia:
1959 4654 2120 4707 lioto-

543 4752 819 4823 magcnsis
845 4753 1183 4808 observatur.

621 4840 732 4914 (58)
772 4839 1136 4897 Subdiaconus
1156 4851 1314 4897 exuta
1333 4839 1514 4896 casula
1545 4833 1837 4908 Epistolam
1865 4838 2019 4901 tegat.
2047 4827 2121 4882 De

546 4929 655 4998 ista
702 4929 885 4985 casula
937 4945 1101 5000 quam
1148 4945 1405 4986 vocamus
1445 4927 1712 4997 planctum
1750 4923 2001 4992 plicatam
2042 4917 2122 4971 sic

547 5021 713 5079 habet
763 5021 1108 5080 Ordinarium
1148 5018 1543 5088 Rotomagcnse
1604 5027 1706 5067 ms.
1760 5022 1881 5079 pag.
1919 5007 2005 5058 ὃς
2054 5003 2121 5056 In

545 5114 840 5173 Dominicis
875 5125 1051 5171 autem
1089 5111 1351 5166 Adventus
1376 5104 1589 5162 Domini
1616 5114 1662 5157 et
1689 5103 1744 5155 in
1768 5095 2054 5152 Dominicis
2089 5109 2120 5145 a

546 5203 945 5278 Septuagesima
971 5218 1130 5274 usque
1168 5200 1239 5255 ad
1267 5197 1499 5259 Pascha,
1540 5195 1642 5248 sint
1672 5191 1742 5244 ad
1771 5188 1980 5278 missam
2009 5185 2124 5278 dia-

544 5273 709 5353 conus
735 5273 783 5352 et
807 5273 1158 5351 subdiaconus
1184 5292 1240 5345 in
1271 5285 1486 5349 casulis,
1516 5293 1565 5338 et
1598 5280 1668 5335 ad
1689 5275 1980 5350 Epistulam
2024 5273 2125 5328 tol-

2227 3227 2304 3280 tlii
2325 3222 2499 3296 parati
2516 3237 2632 3276 cum
2656 3216 2816 3289 nigris
2838 3213 3028 3270 casulis
3050 3207 3600 3279 incipiantexspoliare
3614 3210 3815 3265 altaria

2228 3314 2515 3385 usquedum
2543 3309 2728 3380 ﬁnitur
2764 3304 3006 3375 Vespera,
3056 3311 3232 3371 postea
3287 3296 3814 3385 lollanlur.rQuilms

2227 3384 2489 3460 consonat
2516 3399 2606 3454 Ivo
2627 3393 2994 3456 Carnotensis,
3046 3389 3139 3444 lib.
3168 3386 3242 3441 De
3277 3385 3438 3439 rebus
3470 3384 3812 3444 ecclesiasti-

2227 3497 2326 3560 cis,
2344 3510 2509 3551 serm.
2538 3492 2615 3547 De
2639 3480 3123 3561 significationibus
3149 3476 3597 3533 indumentorum
3621 3495 3813 3535 sacer.

2227 3584 2504 3643 dotalium.

2299 3700 2410 3772 (60)
2449 3697 2727 3753 Incensan
2782 3688 2961 3745 altari.
3000 3686 3187 3741 Altare
3222 3697 3328 3772 non
3359 3681 3808 3738 incensaturim-

2225 3769 2460 3847 mediatc
2484 3795 2611 3840 ante
2639 3780 2923 3837 lectionem
2958 3771 3252 3842 Evangelii,
3292 3785 3393 3826 nec
3418 3769 3811 3843 deferturpul-

2225 3879 2383 3934 vinar
2436 3891 2466 3930 a
2506 3872 2837 3929 subdiacono
2881 3874 3009 3921 ante
3063 3863 3348 3918 diaconum
3404 3860 3472 3915 ad
3514 3859 3808 3931 legendum

2227 3966 2597 4037 Evangelium,
2623 3962 2751 4016 licet
2772 3959 2910 4013 idem
2937 3955 3199 4011 habeatur
3221 3951 3361 4021 apud
3384 3950 3549 4007 Guill.
3591 3954 3808 4009 Duran-

2227 4061 2355 4116 dum
2405 4055 2621 4110 Ration.
2666 4051 2776 4106 div.
2832 4044 3000 4112 (Μία,
3054 4044 3150 4101 lib.
3206 4058 3282 4110 iv,
3319 4041 3468 4098 (κει
3496 4042 3574 4099 De
3622 4043 3808 4100 Evan-

2263 4150 2388 4206 elio.
3010 4161 3017 4166 ·

2227 4167 2410 4311 Εεὶἓῖ)
2450 4232 2899 4306 Supersinistrum
2922 4243 3128 4282 armum
3152 4229 3404 4311 imponat.
3425 4221 3485 4278 Id
3510 4231 3619 4287 est,
3636 4238 3805 4295 supra

2226 4304 2499 4392 sinistram
2531 4304 2771 4399 pectoris
2806 4304 3207 4395 parteimjdefn
3237 4315 3434 4385 legitur
3461 4316 3602 4384 apud
3629 4315 3803 4372 Ama-

2226 4424 2438 4488 larium,
2461 4420 2498 4476 l.
2527 4434 2588 4476 ιιι
2610 4458 2626 4484 ,
2657 4434 2710 4473 c.
2743 4415 2810 4470 18
2841 4433 2855 4469 :
2887 4414 3151 4468 Diaconus
3175 4404 3721 4482 portat‘Erangelium
3747 4411 3805 4466 in

2219 4516 2432 4571 sinistro
2452 4511 2681 4575 brachio,
2700 4516 2804 4563 etc.

2199 4629 2205 4635 -
2293 4604 2408 4677 (62)
2450 4590 3576 4663 Prwcedentibusceroferariothuribulique
3604 4590 3801 4659 latore,

2223 4717 2341 4755 cum
2365 4697 2711 4770 processione.
2734 4692 2791 4747 Id
2819 4698 2922 4754 est,
2949 4689 3004 4743 in
3018 4686 3232 4742 modum
3244 4684 3628 4756 processionis.
3646 4684 3804 4742 Unus

2224 4801 2405 4846 autem
2445 4788 2527 4859 (ut
2562 4785 2792 4855 legimus
2838 4778 3022 4849 supra)
3069 4776 3195 4832 olim
3225 4776 3421 4831 eratin
3450 4773 3631 4833 missa
3656 4775 3804 4831 οειο-

2223 4884 2470 4940 brationc
2495 4893 2593 4950 per
2611 4876 2775 4932 ferias
2796 4870 3155 4929 ceroferarius
3183 4869 3236 4924 in
3265 4867 3509 4924 Ecclesia
3530 4868 3799 4925 Rotoma-

2223 4974 2396 5046 gensi,
2428 4972 2581 5040 cujus
2604 4965 2890 5036 vestigium
2926 4962 3139 5019 videtur
3162 4960 3215 5015 in
3254 4967 3441 5015 nostro
3464 4957 3716 5027 Rituali.,
3740 4975 3797 5031 p.

2226 5080 2275 5130 ι,
2304 5077 2425 5134 pag.
2455 5057 2580 5113 414.

2294 5170 2407 5244 (65)
2447 5170 2564 5235 Quo
2585 5166 2714 5220 lecto
2736 5163 3050 5220 candelabra
3078 5162 3501 5231 exstinguuntur.
3531 5159 3681 5218 Idem
3700 5161 3824 5244 do-A.

2223 5238 2312 5316 cet
2346 5238 2672 5321 A'malarius,
2701 5254 2796 5310 lib.
2841 5268 2923 5316 ut.
2959 5254 3037 5309 De
3073 5251 3381 5308 ecclesiast.
3410 5250 3582 5317 ollic.,
3607 5266 3660 5307 c.
3694 5238 3811 5307 18τ⁴

2232 5351 2510 5386 νιν-..ιηκη
2540 5349 2763 5386 ηοω-ειη
2789 5355 2902 5386 sine!
2945 5345 3211 5386 Ιριτιόηηρηι
3254 5343 3313 5386 in
3357 5341 3474 5386 (nm
3514 5358 3612 5386 sun
3660 5341 3796 5386 rami
