  <div class='ocr_page' id='page_1' title='image "/cluster/home/n/w/nwhite01/storage/ocr_20150623/147/hvd.32044010574002/044.png"; bbox 0 0 4016 5386; ppageno 0'>
   <div class='ocr_carea' id='block_1_1' title="bbox 225 302 1801 372">
    <p class='ocr_par' dir='ltr' id='par_1_1' title="bbox 225 302 1792 372">
     <span class='ocr_line' id='line_1_1' title="bbox 225 302 1792 372; baseline -0.006 -1"><span class='ocrx_word' id='word_1_1' title='bbox 225 309 280 372; x_wconf 86' lang='lat' dir='ltr'><strong>&#39;l‘l</strong></span> <span class='ocrx_word' id='word_1_2' title='bbox 1163 302 1373 364; x_wconf 65' lang='lat' dir='ltr'><strong>NOTE</strong></span> <span class='ocrx_word' id='word_1_3' title='bbox 1406 307 1498 362; x_wconf 72' lang='lat' dir='ltr'><strong>AD</strong></span> <span class='ocrx_word' id='word_1_4' title='bbox 1535 305 1792 364; x_wconf 81' lang='lat' dir='ltr'><strong>LIBRUM</strong></span> 
     </span>
    </p>
   </div>
   <div class='ocr_carea' id='block_1_2' title="bbox 1907 302 2489 372">
    <p class='ocr_par' dir='ltr' id='par_1_2' title="bbox 1907 305 2489 367">
     <span class='ocr_line' id='line_1_2' title="bbox 1907 305 2489 367; baseline 0.005 -5"><span class='ocrx_word' id='word_1_5' title='bbox 1907 306 1915 361; x_wconf 72' lang='grc' dir='ltr'>ἰ</span> <span class='ocrx_word' id='word_1_6' title='bbox 1951 305 2036 363; x_wconf 84' lang='lat' dir='ltr'><strong>OF</strong></span> <span class='ocrx_word' id='word_1_7' title='bbox 2042 307 2168 364; x_wconf 72' lang='grc' dir='ltr'><strong>ΠΟ.</strong></span> <span class='ocrx_word' id='word_1_8' title='bbox 2208 307 2489 367; x_wconf 77' lang='lat' dir='ltr'><strong>ECCLES.</strong></span> 
     </span>
    </p>
   </div>
   <div class='ocr_carea' id='block_1_3' title="bbox 3360 310 3444 369">
    <p class='ocr_par' dir='ltr' id='par_1_3' title="bbox 3360 310 3444 369">
     <span class='ocr_line' id='line_1_3' title="bbox 3360 310 3444 369; baseline 0.024 -2"><span class='ocrx_word' id='word_1_9' title='bbox 3360 310 3444 369; x_wconf 63' lang='grc' dir='ltr'><strong>γε</strong></span> 
     </span>
    </p>
   </div>
   <div class='ocr_carea' id='block_1_4' title="bbox 225 405 3450 494">
    <p class='ocr_par' dir='ltr' id='par_1_4' title="bbox 225 405 3450 494">
     <span class='ocr_line' id='line_1_4' title="bbox 225 405 3450 494; baseline 0 -13"><span class='ocrx_word' id='word_1_10' title='bbox 225 443 287 484; x_wconf 66' lang='lat' dir='ltr'><strong>ne</strong></span> <span class='ocrx_word' id='word_1_11' title='bbox 309 420 628 492; x_wconf 84' lang='lat' dir='ltr'><strong>subseqaens</strong></span> <span class='ocrx_word' id='word_1_12' title='bbox 655 433 722 477; x_wconf 78' lang='lat' dir='ltr'><strong>ex</strong></span> <span class='ocrx_word' id='word_1_13' title='bbox 756 433 856 475; x_wconf 90' lang='lat' dir='ltr'><strong>ms.</strong></span> <span class='ocrx_word' id='word_1_14' title='bbox 897 418 1085 476; x_wconf 86' lang='lat' dir='ltr'><strong>codice</strong></span> <span class='ocrx_word' id='word_1_15' title='bbox 1105 417 1388 490; x_wconf 79' lang='lat' dir='ltr'><strong>Bigotiano</strong></span> <span class='ocrx_word' id='word_1_16' title='bbox 1430 417 1770 488; x_wconf 80' lang='lat' dir='ltr'><strong>deprompta.</strong></span> <span class='ocrx_word' id='word_1_17' title='bbox 1796 405 1841 462; x_wconf 82' lang='grc' dir='ltr'><strong>Α</strong></span> <span class='ocrx_word' id='word_1_18' title='bbox 1871 421 2022 476; x_wconf 84' lang='lat' dir='ltr'><strong>modo</strong></span> <span class='ocrx_word' id='word_1_19' title='bbox 2050 431 2237 491; x_wconf 83' lang='lat' dir='ltr'><strong>potest,</strong></span> <span class='ocrx_word' id='word_1_20' title='bbox 2260 424 2349 493; x_wconf 87' lang='lat' dir='ltr'><strong>qui</strong></span> <span class='ocrx_word' id='word_1_21' title='bbox 2375 424 2526 494; x_wconf 83' lang='lat' dir='ltr'><strong>panis</strong></span> <span class='ocrx_word' id='word_1_22' title='bbox 2551 430 2650 490; x_wconf 87' lang='lat' dir='ltr'><strong>est,</strong></span> <span class='ocrx_word' id='word_1_23' title='bbox 2672 437 2859 491; x_wconf 75' lang='lat' dir='ltr'><strong>corpus</strong></span> <span class='ocrx_word' id='word_1_24' title='bbox 2879 439 2990 478; x_wconf 88' lang='lat' dir='ltr'><strong>esse</strong></span> <span class='ocrx_word' id='word_1_25' title='bbox 3012 423 3249 480; x_wconf 75' lang='lat' dir='ltr'><strong>Christi?</strong></span> <span class='ocrx_word' id='word_1_26' title='bbox 3267 443 3450 482; x_wconf 83' lang='lat' dir='ltr'><strong>conse-</strong></span> 
     </span>
    </p>
   </div>
   <div class='ocr_carea' id='block_1_5' title="bbox 227 509 1770 580">
    <p class='ocr_par' dir='ltr' id='par_1_5' title="bbox 227 509 1770 580">
     <span class='ocr_line' id='line_1_5' title="bbox 227 509 1770 580; baseline -0.008 -6"><span class='ocrx_word' id='word_1_27' title='bbox 227 519 355 575; x_wconf 82' lang='lat' dir='ltr'><strong>Nunc</strong></span> <span class='ocrx_word' id='word_1_28' title='bbox 381 522 558 569; x_wconf 88' lang='lat' dir='ltr'><strong>autem</strong></span> <span class='ocrx_word' id='word_1_29' title='bbox 591 519 869 566; x_wconf 88' lang='lat' dir='ltr'><strong>remanent</strong></span> <span class='ocrx_word' id='word_1_30' title='bbox 893 511 1107 566; x_wconf 85' lang='lat' dir='ltr'><strong>accensi</strong></span> <span class='ocrx_word' id='word_1_31' title='bbox 1137 526 1236 580; x_wconf 90' lang='lat' dir='ltr'><strong>per</strong></span> <span class='ocrx_word' id='word_1_32' title='bbox 1262 520 1429 565; x_wconf 88' lang='lat' dir='ltr'><strong>totum</strong></span> <span class='ocrx_word' id='word_1_33' title='bbox 1457 509 1636 565; x_wconf 69' lang='lat' dir='ltr'><strong>missa:</strong></span> <span class='ocrx_word' id='word_1_34' title='bbox 1657 509 1770 563; x_wconf 81' lang='lat' dir='ltr'><strong>olli-</strong></span> 
     </span>
    </p>
   </div>
   <div class='ocr_carea' id='block_1_6' title="bbox 226 599 1769 673">
    <p class='ocr_par' dir='ltr' id='par_1_6' title="bbox 226 599 1769 673">
     <span class='ocr_line' id='line_1_6' title="bbox 226 599 1769 673; baseline -0.006 -10"><span class='ocrx_word' id='word_1_35' title='bbox 226 609 367 670; x_wconf 90' lang='lat' dir='ltr'><strong>cium,</strong></span> <span class='ocrx_word' id='word_1_36' title='bbox 399 619 504 673; x_wconf 90' lang='lat' dir='ltr'><strong>quo</strong></span> <span class='ocrx_word' id='word_1_37' title='bbox 539 602 694 656; x_wconf 80' lang='lat' dir='ltr'><strong>(inito</strong></span> <span class='ocrx_word' id='word_1_38' title='bbox 722 602 1005 656; x_wconf 84' lang='lat' dir='ltr'><strong>celebrans</strong></span> <span class='ocrx_word' id='word_1_39' title='bbox 1044 608 1099 654; x_wconf 85' lang='lat' dir='ltr'><strong>et</strong></span> <span class='ocrx_word' id='word_1_40' title='bbox 1132 600 1364 654; x_wconf 76' lang='lat' dir='ltr'><strong>ministri</strong></span> <span class='ocrx_word' id='word_1_41' title='bbox 1388 599 1442 654; x_wconf 89' lang='lat' dir='ltr'><strong>in</strong></span> <span class='ocrx_word' id='word_1_42' title='bbox 1467 600 1769 655; x_wconf 88' lang='lat' dir='ltr'><strong>sacristiam</strong></span> 
     </span>
    </p>
   </div>
   <div class='ocr_carea' id='block_1_7' title="bbox 227 691 1774 758">
    <p class='ocr_par' dir='ltr' id='par_1_7' title="bbox 227 691 1774 758">
     <span class='ocr_line' id='line_1_7' title="bbox 227 691 1774 758; baseline -0.005 -5"><span class='ocrx_word' id='word_1_43' title='bbox 227 697 482 758; x_wconf 85' lang='lat' dir='ltr'><strong>recedunt,</strong></span> <span class='ocrx_word' id='word_1_44' title='bbox 512 693 878 753; x_wconf 65' lang='lat' dir='ltr'><strong>praeeuntibus</strong></span> <span class='ocrx_word' id='word_1_45' title='bbox 917 693 1126 748; x_wconf 90' lang='lat' dir='ltr'><strong>duo‘bus</strong></span> <span class='ocrx_word' id='word_1_46' title='bbox 1157 691 1502 746; x_wconf 81' lang='lat' dir='ltr'><strong>cerolcrariis</strong></span> <span class='ocrx_word' id='word_1_47' title='bbox 1526 706 1649 746; x_wconf 89' lang='lat' dir='ltr'><strong>cum</strong></span> <span class='ocrx_word' id='word_1_48' title='bbox 1685 705 1774 746; x_wconf 53' lang='lat' dir='ltr'><strong>ce-</strong></span> 
     </span>
    </p>
   </div>
   <div class='ocr_carea' id='block_1_8' title="bbox 229 782 683 841">
    <p class='ocr_par' dir='ltr' id='par_1_8' title="bbox 229 782 683 841">
     <span class='ocr_line' id='line_1_8' title="bbox 229 782 683 841; baseline -0.015 0"><span class='ocrx_word' id='word_1_49' title='bbox 229 786 320 841; x_wconf 86' lang='lat' dir='ltr'><strong>rcis</strong></span> <span class='ocrx_word' id='word_1_50' title='bbox 344 782 683 837; x_wconf 73' lang='lat' dir='ltr'><strong>ardentibus.</strong></span> 
     </span>
    </p>
   </div>
   <div class='ocr_carea' id='block_1_9' title="bbox 283 865 1775 948">
    <p class='ocr_par' dir='ltr' id='par_1_9' title="bbox 283 865 1775 948">
     <span class='ocr_line' id='line_1_9' title="bbox 283 865 1775 948; baseline -0.007 -18"><span class='ocrx_word' id='word_1_51' title='bbox 283 874 385 948; x_wconf 66' lang='lat'><strong>(64)</strong></span> <span class='ocrx_word' id='word_1_52' title='bbox 423 871 704 926; x_wconf 86' lang='lat' dir='ltr'><strong>Incensum</strong></span> <span class='ocrx_word' id='word_1_53' title='bbox 757 870 1014 925; x_wconf 89' lang='lat' dir='ltr'><strong>sacerdoti</strong></span> <span class='ocrx_word' id='word_1_54' title='bbox 1040 869 1092 924; x_wconf 91' lang='lat' dir='ltr'><strong>in</strong></span> <span class='ocrx_word' id='word_1_55' title='bbox 1115 868 1378 923; x_wconf 87' lang='lat' dir='ltr'><strong>thuribulo</strong></span> <span class='ocrx_word' id='word_1_56' title='bbox 1410 869 1686 938; x_wconf 73' lang='lat' dir='ltr'><strong>offeratur.</strong></span> <span class='ocrx_word' id='word_1_57' title='bbox 1716 865 1775 921; x_wconf 87' lang='lat' dir='ltr'><strong>ld</strong></span> 
     </span>
    </p>
   </div>
   <div class='ocr_carea' id='block_1_10' title="bbox 227 959 1776 1034">
    <p class='ocr_par' dir='ltr' id='par_1_10' title="bbox 227 959 1776 1034">
     <span class='ocr_line' id='line_1_10' title="bbox 227 959 1776 1034; baseline -0.006 -12"><span class='ocrx_word' id='word_1_58' title='bbox 227 977 314 1026; x_wconf 82' lang='lat' dir='ltr'><strong>est.</strong></span> <span class='ocrx_word' id='word_1_59' title='bbox 340 966 687 1020; x_wconf 77' lang='lat' dir='ltr'><strong>incensetur:</strong></span> <span class='ocrx_word' id='word_1_60' title='bbox 718 965 862 1034; x_wconf 81' lang='lat' dir='ltr'><strong>quod</strong></span> <span class='ocrx_word' id='word_1_61' title='bbox 900 961 964 1018; x_wconf 91' lang='lat' dir='ltr'><strong>de</strong></span> <span class='ocrx_word' id='word_1_62' title='bbox 1011 959 1412 1015; x_wconf 76' lang='lat' dir='ltr'><strong>tliurilicatione</strong></span> <span class='ocrx_word' id='word_1_63' title='bbox 1453 959 1640 1015; x_wconf 86' lang='lat' dir='ltr'><strong>altaris</strong></span> <span class='ocrx_word' id='word_1_64' title='bbox 1669 973 1776 1014; x_wconf 92' lang='lat' dir='ltr'><strong>non</strong></span> 
     </span>
    </p>
   </div>
   <div class='ocr_carea' id='block_1_11' title="bbox 227 1049 744 1127">
    <p class='ocr_par' dir='ltr' id='par_1_11' title="bbox 227 1049 744 1127">
     <span class='ocr_line' id='line_1_11' title="bbox 227 1049 744 1127; baseline -0.015 -10"><span class='ocrx_word' id='word_1_65' title='bbox 227 1069 301 1117; x_wconf 80' lang='lat' dir='ltr'><strong>est</strong></span> <span class='ocrx_word' id='word_1_66' title='bbox 322 1049 744 1127; x_wconf 82' lang='lat' dir='ltr'><strong>intelligendum.</strong></span> 
     </span>
    </p>
   </div>
   <div class='ocr_carea' id='block_1_12' title="bbox 291 1140 1778 1220">
    <p class='ocr_par' dir='ltr' id='par_1_12' title="bbox 291 1140 1778 1220">
     <span class='ocr_line' id='line_1_12' title="bbox 291 1140 1778 1220; baseline -0.007 -17"><span class='ocrx_word' id='word_1_67' title='bbox 291 1149 391 1220; x_wconf 85' lang='lat'><strong>(65)</strong></span> <span class='ocrx_word' id='word_1_68' title='bbox 429 1146 607 1212; x_wconf 84' lang='lat' dir='ltr'><strong>Quam</strong></span> <span class='ocrx_word' id='word_1_69' title='bbox 643 1147 848 1214; x_wconf 80' lang='lat' dir='ltr'><strong>ﬁnitam</strong></span> <span class='ocrx_word' id='word_1_70' title='bbox 893 1160 1070 1199; x_wconf 82' lang='lat' dir='ltr'><strong>versus</strong></span> <span class='ocrx_word' id='word_1_71' title='bbox 1115 1151 1382 1211; x_wconf 88' lang='lat' dir='ltr'><strong>sequatur.</strong></span> <span class='ocrx_word' id='word_1_72' title='bbox 1432 1140 1778 1197; x_wconf 88' lang='lat' dir='ltr'><strong>Ordinarium</strong></span> 
     </span>
    </p>
   </div>
   <div class='ocr_carea' id='block_1_13' title="bbox 229 1230 1780 1304">
    <p class='ocr_par' dir='ltr' id='par_1_13' title="bbox 229 1230 1780 1304">
     <span class='ocr_line' id='line_1_13' title="bbox 229 1230 1780 1304; baseline -0.006 -11"><span class='ocrx_word' id='word_1_73' title='bbox 229 1239 449 1295; x_wconf 62' lang='lat' dir='ltr'><strong>ecclesia:</strong></span> <span class='ocrx_word' id='word_1_74' title='bbox 505 1235 937 1304; x_wconf 66' lang='lat' dir='ltr'><strong>metropolitana:</strong></span> <span class='ocrx_word' id='word_1_75' title='bbox 985 1252 999 1287; x_wconf 85' lang='lat'><strong>:</strong></span> <span class='ocrx_word' id='word_1_76' title='bbox 1034 1233 1300 1288; x_wconf 85' lang='lat' dir='ltr'><strong>Statutum</strong></span> <span class='ocrx_word' id='word_1_77' title='bbox 1331 1241 1406 1285; x_wconf 87' lang='lat' dir='ltr'><strong>est</strong></span> <span class='ocrx_word' id='word_1_78' title='bbox 1449 1232 1504 1284; x_wconf 90' lang='lat' dir='ltr'><strong>in</strong></span> <span class='ocrx_word' id='word_1_79' title='bbox 1539 1230 1780 1284; x_wconf 73' lang='lat' dir='ltr'><strong>Ecclesia</strong></span> 
     </span>
    </p>
   </div>
   <div class='ocr_carea' id='block_1_14' title="bbox 235 1321 1782 1396">
    <p class='ocr_par' dir='ltr' id='par_1_14' title="bbox 235 1321 1782 1396">
     <span class='ocr_line' id='line_1_14' title="bbox 235 1321 1782 1396; baseline -0.007 -12"><span class='ocrx_word' id='word_1_80' title='bbox 235 1329 584 1396; x_wconf 73' lang='lat' dir='ltr'><strong>Rotomagensi</strong></span> <span class='ocrx_word' id='word_1_81' title='bbox 627 1343 720 1395; x_wconf 87' lang='lat' dir='ltr'><strong>per</strong></span> <span class='ocrx_word' id='word_1_82' title='bbox 755 1336 920 1379; x_wconf 84' lang='lat' dir='ltr'><strong>totum</strong></span> <span class='ocrx_word' id='word_1_83' title='bbox 954 1341 1148 1378; x_wconf 89' lang='lat' dir='ltr'><strong>annum</strong></span> <span class='ocrx_word' id='word_1_84' title='bbox 1184 1339 1358 1376; x_wconf 76' lang='lat' dir='ltr'><strong>versus</strong></span> <span class='ocrx_word' id='word_1_85' title='bbox 1395 1321 1782 1390; x_wconf 77' lang='lat' dir='ltr'><strong>offerendurum</strong></span> 
     </span>
    </p>
   </div>
   <div class='ocr_carea' id='block_1_15' title="bbox 233 1413 1784 1476">
    <p class='ocr_par' dir='ltr' id='par_1_15' title="bbox 233 1413 1784 1476">
     <span class='ocr_line' id='line_1_15' title="bbox 233 1413 1784 1476; baseline -0.006 -3"><span class='ocrx_word' id='word_1_86' title='bbox 233 1419 497 1473; x_wconf 82' lang='lat' dir='ltr'><strong>secundum</strong></span> <span class='ocrx_word' id='word_1_87' title='bbox 521 1433 676 1470; x_wconf 87' lang='lat' dir='ltr'><strong>suum</strong></span> <span class='ocrx_word' id='word_1_88' title='bbox 724 1416 958 1469; x_wconf 82' lang='lat' dir='ltr'><strong>ord&#39;nem</strong></span> <span class='ocrx_word' id='word_1_89' title='bbox 989 1424 1223 1476; x_wconf 86' lang='lat' dir='ltr'><strong>cantare,</strong></span> <span class='ocrx_word' id='word_1_90' title='bbox 1254 1422 1301 1466; x_wconf 86' lang='lat' dir='ltr'><strong>et</strong></span> <span class='ocrx_word' id='word_1_91' title='bbox 1328 1413 1421 1465; x_wconf 86' lang='lat' dir='ltr'><strong>sub</strong></span> <span class='ocrx_word' id='word_1_92' title='bbox 1454 1413 1784 1465; x_wconf 73' lang='lat' dir='ltr'><strong>anathemate</strong></span> 
     </span>
    </p>
   </div>
   <div class='ocr_carea' id='block_1_16' title="bbox 228 1496 1785 1578">
    <p class='ocr_par' dir='ltr' id='par_1_16' title="bbox 228 1496 1785 1578">
     <span class='ocr_line' id='line_1_16' title="bbox 228 1496 1785 1578; baseline -0.008 -16"><span class='ocrx_word' id='word_1_93' title='bbox 228 1509 411 1578; x_wconf 62' lang='lat' dir='ltr'><strong>iussum</strong></span> <span class='ocrx_word' id='word_1_94' title='bbox 442 1522 506 1558; x_wconf 89' lang='lat' dir='ltr'><strong>ne</strong></span> <span class='ocrx_word' id='word_1_95' title='bbox 529 1506 864 1558; x_wconf 81' lang='lat' dir='ltr'><strong>dimittantur</strong></span> <span class='ocrx_word' id='word_1_96' title='bbox 891 1513 1100 1573; x_wconf 83' lang='lat' dir='ltr'><strong>propter</strong></span> <span class='ocrx_word' id='word_1_97' title='bbox 1119 1501 1243 1554; x_wconf 78' lang='lat' dir='ltr'><strong>cieri</strong></span> <span class='ocrx_word' id='word_1_98' title='bbox 1273 1497 1660 1571; x_wconf 79' lang='lat' dir='ltr'><strong>negligentiam,</strong></span> <span class='ocrx_word' id='word_1_99' title='bbox 1683 1496 1785 1551; x_wconf 77' lang='lat' dir='ltr'><strong>nisi</strong></span> 
     </span>
    </p>
   </div>
   <div class='ocr_carea' id='block_1_17' title="bbox 233 1591 1428 1668">
    <p class='ocr_par' dir='ltr' id='par_1_17' title="bbox 233 1591 1428 1668">
     <span class='ocr_line' id='line_1_17' title="bbox 233 1591 1428 1668; baseline -0.008 -18"><span class='ocrx_word' id='word_1_100' title='bbox 233 1597 471 1668; x_wconf 78' lang='lat' dir='ltr'><strong>presbyter</strong></span> <span class='ocrx_word' id='word_1_101' title='bbox 495 1595 653 1664; x_wconf 78' lang='lat' dir='ltr'><strong>fuerit</strong></span> <span class='ocrx_word' id='word_1_102' title='bbox 675 1603 947 1664; x_wconf 88' lang='lat' dir='ltr'><strong>promptus</strong></span> <span class='ocrx_word' id='word_1_103' title='bbox 967 1593 1036 1644; x_wconf 91' lang='lat' dir='ltr'><strong>ad</strong></span> <span class='ocrx_word' id='word_1_104' title='bbox 1060 1606 1077 1643; x_wconf 90' lang='lat'><strong><em>:</em></strong></span> <span class='ocrx_word' id='word_1_105' title='bbox 1101 1591 1203 1646; x_wconf 80' lang='lat' dir='ltr'><strong>Per</strong></span> <span class='ocrx_word' id='word_1_106' title='bbox 1224 1591 1428 1646; x_wconf 85' lang='lat' dir='ltr'><strong>omnia.</strong></span> 
     </span>
    </p>
   </div>
   <div class='ocr_carea' id='block_1_18' title="bbox 291 1678 1787 1758">
    <p class='ocr_par' dir='ltr' id='par_1_18' title="bbox 291 1678 1787 1758">
     <span class='ocr_line' id='line_1_18' title="bbox 291 1678 1787 1758; baseline -0.007 -17"><span class='ocrx_word' id='word_1_107' title='bbox 291 1687 398 1758; x_wconf 80' lang='lat'><strong>(66)</strong></span> <span class='ocrx_word' id='word_1_108' title='bbox 435 1685 643 1739; x_wconf 81' lang='lat' dir='ltr'><strong>Cantor</strong></span> <span class='ocrx_word' id='word_1_109' title='bbox 689 1699 878 1754; x_wconf 88' lang='lat' dir='ltr'><strong>aquam</strong></span> <span class='ocrx_word' id='word_1_110' title='bbox 905 1683 1063 1736; x_wconf 89' lang='lat' dir='ltr'><strong>linteo</strong></span> <span class='ocrx_word' id='word_1_111' title='bbox 1103 1692 1393 1749; x_wconf 87' lang='lat' dir='ltr'><strong>coopertum</strong></span> <span class='ocrx_word' id='word_1_112' title='bbox 1421 1679 1473 1732; x_wconf 89' lang='lat' dir='ltr'><strong>in</strong></span> <span class='ocrx_word' id='word_1_113' title='bbox 1500 1678 1641 1733; x_wconf 80' lang='lat' dir='ltr'><strong>festis</strong></span> <span class='ocrx_word' id='word_1_114' title='bbox 1669 1678 1787 1731; x_wconf 85' lang='lat' dir='ltr'><strong>dia-</strong></span> 
     </span>
    </p>
   </div>
   <div class='ocr_carea' id='block_1_19' title="bbox 239 1735 1862 1844">
    <p class='ocr_par' dir='ltr' id='par_1_19' title="bbox 239 1735 1862 1844">
     <span class='ocr_line' id='line_1_19' title="bbox 239 1735 1862 1844; baseline -0.007 -15"><span class='ocrx_word' id='word_1_115' title='bbox 239 1735 602 1844; x_wconf 43' lang='lat' dir='ltr'><strong>metu};</strong></span> <span class='ocrx_word' id='word_1_116' title='bbox 620 1735 783 1827; x_wconf 46' lang='lat' dir='ltr'><strong>idem</strong></span> <span class='ocrx_word' id='word_1_117' title='bbox 807 1735 1070 1826; x_wconf 50' lang='lat' dir='ltr'><strong>meum...</strong></span> <span class='ocrx_word' id='word_1_118' title='bbox 1111 1771 1164 1823; x_wconf 91' lang='lat' dir='ltr'><strong>in</strong></span> <span class='ocrx_word' id='word_1_119' title='bbox 1196 1735 1343 1823; x_wconf 73' lang='lat' dir='ltr'><strong>libro</strong></span> <span class='ocrx_word' id='word_1_120' title='bbox 1371 1767 1447 1822; x_wconf 83' lang='lat' dir='ltr'><strong>De</strong></span> <span class='ocrx_word' id='word_1_121' title='bbox 1477 1769 1644 1822; x_wconf 87' lang='lat' dir='ltr'><strong>divin.</strong></span> <span class='ocrx_word' id='word_1_122' title='bbox 1674 1766 1789 1821; x_wconf 86' lang='lat' dir='ltr'><strong>olli-</strong></span> <span class='ocrx_word' id='word_1_123' title='bbox 1817 1735 1862 1793; x_wconf 77' lang='grc' dir='ltr'><strong>Β</strong></span> 
     </span>
    </p>
   </div>
   <div class='ocr_carea' id='block_1_20' title="bbox 235 1857 1787 1922">
    <p class='ocr_par' dir='ltr' id='par_1_20' title="bbox 235 1857 1787 1922">
     <span class='ocr_line' id='line_1_20' title="bbox 235 1857 1787 1922; baseline -0.008 0"><span class='ocrx_word' id='word_1_124' title='bbox 235 1868 320 1922; x_wconf 87' lang='lat' dir='ltr'><strong>ciis</strong></span> <span class='ocrx_word' id='word_1_125' title='bbox 350 1867 494 1921; x_wconf 90' lang='lat' dir='ltr'><strong>hisce</strong></span> <span class='ocrx_word' id='word_1_126' title='bbox 518 1863 705 1919; x_wconf 88' lang='lat' dir='ltr'><strong>verbis</strong></span> <span class='ocrx_word' id='word_1_127' title='bbox 727 1863 962 1916; x_wconf 75' lang='lat' dir='ltr'><strong>edocet:</strong></span> <span class='ocrx_word' id='word_1_128' title='bbox 1004 1859 1255 1914; x_wconf 84' lang='lat' dir='ltr'><strong>Cantores</strong></span> <span class='ocrx_word' id='word_1_129' title='bbox 1309 1875 1452 1913; x_wconf 87' lang='lat' dir='ltr'><strong>more</strong></span> <span class='ocrx_word' id='word_1_130' title='bbox 1487 1857 1787 1922; x_wconf 78' lang='lat' dir='ltr'><strong>levitarum,</strong></span> 
     </span>
    </p>
   </div>
   <div class='ocr_carea' id='block_1_21' title="bbox 231 1948 1792 2028">
    <p class='ocr_par' dir='ltr' id='par_1_21' title="bbox 231 1948 1792 2028">
     <span class='ocr_line' id='line_1_21' title="bbox 231 1948 1792 2028; baseline -0.004 -18"><span class='ocrx_word' id='word_1_131' title='bbox 231 1959 310 2028; x_wconf 83' lang='lat' dir='ltr'><strong>qui</strong></span> <span class='ocrx_word' id='word_1_132' title='bbox 337 1957 510 2011; x_wconf 85' lang='lat' dir='ltr'><strong>omnia</strong></span> <span class='ocrx_word' id='word_1_133' title='bbox 563 1956 858 2009; x_wconf 87' lang='lat' dir='ltr'><strong>necessaria</strong></span> <span class='ocrx_word' id='word_1_134' title='bbox 889 1950 1212 2006; x_wconf 78' lang='lat' dir='ltr'><strong>tabernaculi</strong></span> <span class='ocrx_word' id='word_1_135' title='bbox 1260 1948 1616 2019; x_wconf 85' lang='lat' dir='ltr'><strong>providebant,</strong></span> <span class='ocrx_word' id='word_1_136' title='bbox 1647 1965 1792 2019; x_wconf 72' lang='grc' dir='ltr'><strong>(μειε-</strong></span> 
     </span>
    </p>
   </div>
   <div class='ocr_carea' id='block_1_22' title="bbox 235 2046 1792 2118">
    <p class='ocr_par' dir='ltr' id='par_1_22' title="bbox 235 2046 1792 2118">
     <span class='ocr_line' id='line_1_22' title="bbox 235 2046 1792 2118; baseline -0.004 -17"><span class='ocrx_word' id='word_1_137' title='bbox 235 2058 338 2102; x_wconf 85' lang='lat' dir='ltr'><strong>runt</strong></span> <span class='ocrx_word' id='word_1_138' title='bbox 360 2064 554 2118; x_wconf 85' lang='lat' dir='ltr'><strong>aquam</strong></span> <span class='ocrx_word' id='word_1_139' title='bbox 576 2047 645 2100; x_wconf 88' lang='lat' dir='ltr'><strong>ad</strong></span> <span class='ocrx_word' id='word_1_140' title='bbox 659 2046 937 2115; x_wconf 81' lang='lat' dir='ltr'><strong>[ontem,et</strong></span> <span class='ocrx_word' id='word_1_141' title='bbox 967 2051 1172 2097; x_wconf 83' lang='lat' dir='ltr'><strong>servant</strong></span> <span class='ocrx_word' id='word_1_142' title='bbox 1187 2059 1300 2096; x_wconf 89' lang='lat' dir='ltr'><strong>eam</strong></span> <span class='ocrx_word' id='word_1_143' title='bbox 1323 2051 1615 2097; x_wconf 81' lang='lat' dir='ltr'><strong>coonertam</strong></span> <span class='ocrx_word' id='word_1_144' title='bbox 1634 2056 1792 2110; x_wconf 85' lang='lat' dir='ltr'><strong>usque</strong></span> 
     </span>
    </p>
   </div>
   <div class='ocr_carea' id='block_1_23' title="bbox 229 2132 1789 2209">
    <p class='ocr_par' dir='ltr' id='par_1_23' title="bbox 229 2132 1789 2209">
     <span class='ocr_line' id='line_1_23' title="bbox 229 2132 1789 2209; baseline -0.007 -16"><span class='ocrx_word' id='word_1_145' title='bbox 229 2141 293 2193; x_wconf 86' lang='lat' dir='ltr'><strong>ad</strong></span> <span class='ocrx_word' id='word_1_146' title='bbox 345 2151 546 2209; x_wconf 83' lang='lat' dir='ltr'><strong>tempus</strong></span> <span class='ocrx_word' id='word_1_147' title='bbox 598 2137 865 2206; x_wconf 74' lang='lat' dir='ltr'><strong>sacriﬁcii,</strong></span> <span class='ocrx_word' id='word_1_148' title='bbox 922 2145 970 2189; x_wconf 92' lang='lat' dir='ltr'><strong>et</strong></span> <span class='ocrx_word' id='word_1_149' title='bbox 999 2137 1075 2187; x_wconf 89' lang='lat' dir='ltr'><strong>sic</strong></span> <span class='ocrx_word' id='word_1_150' title='bbox 1099 2150 1215 2188; x_wconf 90' lang='lat' dir='ltr'><strong>eam</strong></span> <span class='ocrx_word' id='word_1_151' title='bbox 1260 2133 1510 2186; x_wconf 83' lang='lat' dir='ltr'><strong>mundam</strong></span> <span class='ocrx_word' id='word_1_152' title='bbox 1543 2132 1789 2200; x_wconf 76' lang='lat' dir='ltr'><strong>offerunt.</strong></span> 
     </span>
    </p>
   </div>
   <div class='ocr_carea' id='block_1_24' title="bbox 228 2221 1791 2292">
    <p class='ocr_par' dir='ltr' id='par_1_24' title="bbox 228 2221 1791 2292">
     <span class='ocr_line' id='line_1_24' title="bbox 228 2221 1791 2292; baseline -0.008 -7"><span class='ocrx_word' id='word_1_153' title='bbox 228 2230 434 2285; x_wconf 81' lang='lat' dir='ltr'><strong>Gemma</strong></span> <span class='ocrx_word' id='word_1_154' title='bbox 469 2228 669 2283; x_wconf 77' lang='lat' dir='ltr'><strong>anima:</strong></span> <span class='ocrx_word' id='word_1_155' title='bbox 706 2226 957 2281; x_wconf 81' lang='lat' dir='ltr'><strong>similiter</strong></span> <span class='ocrx_word' id='word_1_156' title='bbox 993 2225 1057 2279; x_wconf 85' lang='lat' dir='ltr'><strong>de</strong></span> <span class='ocrx_word' id='word_1_157' title='bbox 1095 2225 1317 2292; x_wconf 89' lang='lat' dir='ltr'><strong>antiquo</strong></span> <span class='ocrx_word' id='word_1_158' title='bbox 1370 2223 1474 2276; x_wconf 89' lang='lat' dir='ltr'><strong>ritu</strong></span> <span class='ocrx_word' id='word_1_159' title='bbox 1506 2221 1791 2276; x_wconf 77' lang='lat' dir='ltr'><strong>missarum</strong></span> 
     </span>
    </p>
   </div>
   <div class='ocr_carea' id='block_1_25' title="bbox 231 2312 1791 2384">
    <p class='ocr_par' dir='ltr' id='par_1_25' title="bbox 231 2312 1791 2384">
     <span class='ocr_line' id='line_1_25' title="bbox 231 2312 1791 2384; baseline -0.007 -10"><span class='ocrx_word' id='word_1_160' title='bbox 231 2321 262 2374; x_wconf 88' lang='grc' dir='ltr'><strong>Ι.</strong></span> <span class='ocrx_word' id='word_1_161' title='bbox 287 2337 323 2384; x_wconf 86' lang='grc'><strong>1,</strong></span> <span class='ocrx_word' id='word_1_162' title='bbox 352 2336 400 2375; x_wconf 91' lang='lat' dir='ltr'><strong>c.</strong></span> <span class='ocrx_word' id='word_1_163' title='bbox 435 2321 528 2384; x_wconf 79' lang='lat'><strong>&#39;58,</strong></span> <span class='ocrx_word' id='word_1_164' title='bbox 569 2318 644 2373; x_wconf 85' lang='lat' dir='ltr'><strong>De</strong></span> <span class='ocrx_word' id='word_1_165' title='bbox 672 2317 1021 2372; x_wconf 85' lang='lat' dir='ltr'><strong>cantoribus:</strong></span> <span class='ocrx_word' id='word_1_166' title='bbox 1051 2313 1196 2368; x_wconf 89' lang='lat' dir='ltr'><strong>Unus</strong></span> <span class='ocrx_word' id='word_1_167' title='bbox 1219 2323 1401 2366; x_wconf 89' lang='lat' dir='ltr'><strong>cantor</strong></span> <span class='ocrx_word' id='word_1_168' title='bbox 1424 2312 1653 2365; x_wconf 89' lang='lat' dir='ltr'><strong>oblatam</strong></span> <span class='ocrx_word' id='word_1_169' title='bbox 1676 2327 1791 2363; x_wconf 87' lang='lat' dir='ltr'><strong>cum</strong></span> 
     </span>
    </p>
   </div>
   <div class='ocr_carea' id='block_1_26' title="bbox 233 2404 1794 2478">
    <p class='ocr_par' dir='ltr' id='par_1_26' title="bbox 233 2404 1794 2478">
     <span class='ocr_line' id='line_1_26' title="bbox 233 2404 1794 2478; baseline -0.005 -14"><span class='ocrx_word' id='word_1_170' title='bbox 233 2412 400 2478; x_wconf 77' lang='lat' dir='ltr'><strong>{avone</strong></span> <span class='ocrx_word' id='word_1_171' title='bbox 455 2422 503 2465; x_wconf 87' lang='lat' dir='ltr'><strong>et</strong></span> <span class='ocrx_word' id='word_1_172' title='bbox 551 2413 728 2465; x_wconf 79' lang='lat' dir='ltr'><strong>uinum</strong></span> <span class='ocrx_word' id='word_1_173' title='bbox 765 2425 883 2462; x_wconf 89' lang='lat' dir='ltr'><strong>cum</strong></span> <span class='ocrx_word' id='word_1_174' title='bbox 925 2406 1157 2476; x_wconf 84' lang='lat' dir='ltr'><strong>ampulla</strong></span> <span class='ocrx_word' id='word_1_175' title='bbox 1203 2405 1373 2474; x_wconf 80' lang='lat' dir='ltr'><strong>o/fert,</strong></span> <span class='ocrx_word' id='word_1_176' title='bbox 1422 2404 1556 2456; x_wconf 86' lang='lat' dir='ltr'><strong>alter</strong></span> <span class='ocrx_word' id='word_1_177' title='bbox 1603 2419 1794 2472; x_wconf 88' lang='lat' dir='ltr'><strong>aquam</strong></span> 
     </span>
    </p>
   </div>
   <div class='ocr_carea' id='block_1_27' title="bbox 228 2493 1721 2570">
    <p class='ocr_par' dir='ltr' id='par_1_27' title="bbox 228 2493 1721 2570">
     <span class='ocr_line' id='line_1_27' title="bbox 228 2493 1721 2570; baseline -0.007 -14"><span class='ocrx_word' id='word_1_178' title='bbox 228 2504 332 2556; x_wconf 68' lang='lat' dir='ltr'><strong>sino</strong></span> <span class='ocrx_word' id='word_1_179' title='bbox 352 2501 747 2556; x_wconf 88' lang='lat' dir='ltr'><strong>admiscendum</strong></span> <span class='ocrx_word' id='word_1_180' title='bbox 777 2499 987 2570; x_wconf 65' lang='lat' dir='ltr'><strong>prabet.</strong></span> <span class='ocrx_word' id='word_1_181' title='bbox 1013 2497 1068 2550; x_wconf 87' lang='lat' dir='ltr'><strong>Id</strong></span> <span class='ocrx_word' id='word_1_182' title='bbox 1094 2511 1198 2550; x_wconf 91' lang='lat' dir='ltr'><strong>non</strong></span> <span class='ocrx_word' id='word_1_183' title='bbox 1213 2504 1295 2549; x_wconf 92' lang='lat' dir='ltr'><strong>est</strong></span> <span class='ocrx_word' id='word_1_184' title='bbox 1314 2493 1558 2548; x_wconf 83' lang='lat' dir='ltr'><strong>hodierni</strong></span> <span class='ocrx_word' id='word_1_185' title='bbox 1572 2509 1721 2547; x_wconf 88' lang='lat' dir='ltr'><strong>usus.</strong></span> 
     </span>
    </p>
   </div>
   <div class='ocr_carea' id='block_1_28' title="bbox 293 2582 1796 2662">
    <p class='ocr_par' dir='ltr' id='par_1_28' title="bbox 293 2582 1796 2662">
     <span class='ocr_line' id='line_1_28' title="bbox 293 2582 1796 2662; baseline -0.007 -16"><span class='ocrx_word' id='word_1_186' title='bbox 293 2593 401 2662; x_wconf 82' lang='grc'>(67)</span> <span class='ocrx_word' id='word_1_187' title='bbox 439 2593 582 2646; x_wconf 83' lang='lat' dir='ltr'><strong>Aliis</strong></span> <span class='ocrx_word' id='word_1_188' title='bbox 629 2590 811 2644; x_wconf 86' lang='lat' dir='ltr'><strong>diebus</strong></span> <span class='ocrx_word' id='word_1_189' title='bbox 858 2588 1115 2642; x_wconf 88' lang='lat' dir='ltr'><strong>ministret</strong></span> <span class='ocrx_word' id='word_1_190' title='bbox 1138 2601 1252 2638; x_wconf 90' lang='lat' dir='ltr'><strong>eam</strong></span> <span class='ocrx_word' id='word_1_191' title='bbox 1286 2582 1575 2652; x_wconf 81' lang='lat' dir='ltr'><strong>acolythus.</strong></span> <span class='ocrx_word' id='word_1_192' title='bbox 1605 2582 1660 2636; x_wconf 89' lang='lat' dir='ltr'><strong>ln</strong></span> <span class='ocrx_word' id='word_1_193' title='bbox 1694 2583 1796 2636; x_wconf 87' lang='lat' dir='ltr'><strong>hac</strong></span> 
     </span>
    </p>
   </div>
   <div class='ocr_carea' id='block_1_29' title="bbox 231 2672 1800 2744">
    <p class='ocr_par' dir='ltr' id='par_1_29' title="bbox 231 2672 1800 2744">
     <span class='ocr_line' id='line_1_29' title="bbox 231 2672 1800 2744; baseline -0.008 -4"><span class='ocrx_word' id='word_1_194' title='bbox 231 2695 399 2740; x_wconf 81' lang='lat' dir='ltr'><strong>nostra</strong></span> <span class='ocrx_word' id='word_1_195' title='bbox 427 2683 657 2740; x_wconf 72' lang='lat' dir='ltr'><strong>dioecesi</strong></span> <span class='ocrx_word' id='word_1_196' title='bbox 689 2691 798 2735; x_wconf 89' lang='lat' dir='ltr'><strong>tam</strong></span> <span class='ocrx_word' id='word_1_197' title='bbox 831 2681 884 2734; x_wconf 93' lang='lat' dir='ltr'><strong>in</strong></span> <span class='ocrx_word' id='word_1_198' title='bbox 914 2678 1062 2733; x_wconf 83' lang='lat' dir='ltr'><strong>feriis</strong></span> <span class='ocrx_word' id='word_1_199' title='bbox 1087 2685 1142 2730; x_wconf 90' lang='lat' dir='ltr'><strong>et</strong></span> <span class='ocrx_word' id='word_1_200' title='bbox 1172 2674 1489 2738; x_wconf 87' lang='lat' dir='ltr'><strong>Dominicis,</strong></span> <span class='ocrx_word' id='word_1_201' title='bbox 1526 2688 1690 2744; x_wconf 89' lang='lat' dir='ltr'><strong>quam</strong></span> <span class='ocrx_word' id='word_1_202' title='bbox 1716 2672 1800 2728; x_wconf 80' lang='lat' dir='ltr'><strong>fe-</strong></span> 
     </span>
    </p>
   </div>
   <div class='ocr_carea' id='block_1_30' title="bbox 231 2769 1239 2843">
    <p class='ocr_par' dir='ltr' id='par_1_30' title="bbox 231 2769 1239 2843">
     <span class='ocr_line' id='line_1_30' title="bbox 231 2769 1239 2843; baseline -0.01 -12"><span class='ocrx_word' id='word_1_203' title='bbox 231 2778 372 2831; x_wconf 81' lang='lat' dir='ltr'><strong>stivis</strong></span> <span class='ocrx_word' id='word_1_204' title='bbox 399 2778 597 2832; x_wconf 87' lang='lat' dir='ltr'><strong>diebus</strong></span> <span class='ocrx_word' id='word_1_205' title='bbox 627 2775 697 2829; x_wconf 88' lang='lat' dir='ltr'><strong>ab</strong></span> <span class='ocrx_word' id='word_1_206' title='bbox 722 2772 969 2843; x_wconf 87' lang='lat' dir='ltr'><strong>acolytho</strong></span> <span class='ocrx_word' id='word_1_207' title='bbox 993 2769 1239 2826; x_wconf 81' lang='lat' dir='ltr'><strong>oli&#39;ertur.</strong></span> 
     </span>
    </p>
   </div>
   <div class='ocr_carea' id='block_1_31' title="bbox 292 2853 1794 2938">
    <p class='ocr_par' dir='ltr' id='par_1_31' title="bbox 292 2853 1794 2938">
     <span class='ocr_line' id='line_1_31' title="bbox 292 2853 1794 2938; baseline -0.009 -15"><span class='ocrx_word' id='word_1_208' title='bbox 292 2867 395 2938; x_wconf 84' lang='lat'><strong>(68)</strong></span> <span class='ocrx_word' id='word_1_209' title='bbox 420 2867 686 2922; x_wconf 84' lang='lat' dir='ltr'><strong>Sacerdos</strong></span> <span class='ocrx_word' id='word_1_210' title='bbox 712 2865 1022 2918; x_wconf 86' lang='lat' dir='ltr'><strong>oblationem</strong></span> <span class='ocrx_word' id='word_1_211' title='bbox 1045 2861 1116 2914; x_wconf 86' lang='lat' dir='ltr'><strong>ita</strong></span> <span class='ocrx_word' id='word_1_212' title='bbox 1139 2866 1430 2928; x_wconf 84' lang='lat' dir='ltr'><strong>componat.</strong></span> <span class='ocrx_word' id='word_1_213' title='bbox 1455 2853 1794 2926; x_wconf 83' lang='lat' dir='ltr'><strong>Micrologns,</strong></span> 
     </span>
    </p>
   </div>
   <div class='ocr_carea' id='block_1_32' title="bbox 233 2945 1800 3023">
    <p class='ocr_par' dir='ltr' id='par_1_32' title="bbox 233 2945 1800 3023">
     <span class='ocr_line' id='line_1_32' title="bbox 233 2945 1800 3023; baseline -0.011 -7"><span class='ocrx_word' id='word_1_214' title='bbox 233 2961 298 3016; x_wconf 86' lang='lat' dir='ltr'><strong>De</strong></span> <span class='ocrx_word' id='word_1_215' title='bbox 343 2961 540 3016; x_wconf 84' lang='lat' dir='ltr'><strong>eccles.</strong></span> <span class='ocrx_word' id='word_1_216' title='bbox 602 2957 900 3020; x_wconf 84' lang='lat' dir='ltr'><strong>observat.,</strong></span> <span class='ocrx_word' id='word_1_217' title='bbox 937 2969 1057 3023; x_wconf 89' lang='lat' dir='ltr'><strong>cap.</strong></span> <span class='ocrx_word' id='word_1_218' title='bbox 1093 2951 1177 3006; x_wconf 86' lang='lat' dir='ltr'><strong>l0.</strong></span> <span class='ocrx_word' id='word_1_219' title='bbox 1221 2949 1409 3004; x_wconf 82' lang='lat' dir='ltr'><strong>Oblata</strong></span> <span class='ocrx_word' id='word_1_220' title='bbox 1438 2949 1491 3002; x_wconf 90' lang='lat' dir='ltr'><strong>in</strong></span> <span class='ocrx_word' id='word_1_221' title='bbox 1541 2945 1800 3017; x_wconf 89' lang='lat' dir='ltr'><strong>corporali</strong></span> 
     </span>
    </p>
   </div>
   <div class='ocr_carea' id='block_1_33' title="bbox 230 3035 1801 3117">
    <p class='ocr_par' dir='ltr' id='par_1_33' title="bbox 230 3035 1801 3117">
     <span class='ocr_line' id='line_1_33' title="bbox 230 3035 1801 3117; baseline -0.009 -15"><span class='ocrx_word' id='word_1_222' title='bbox 230 3052 404 3117; x_wconf 83' lang='lat' dir='ltr'><strong>posita,</strong></span> <span class='ocrx_word' id='word_1_223' title='bbox 449 3049 603 3104; x_wconf 72' lang='lat' dir='ltr'><strong>calix</strong></span> <span class='ocrx_word' id='word_1_224' title='bbox 654 3047 723 3101; x_wconf 90' lang='lat' dir='ltr'><strong>ad</strong></span> <span class='ocrx_word' id='word_1_225' title='bbox 744 3047 984 3100; x_wconf 78' lang='lat' dir='ltr'><strong>dextrum</strong></span> <span class='ocrx_word' id='word_1_226' title='bbox 1010 3043 1147 3095; x_wconf 88' lang='lat' dir='ltr'><strong>latus</strong></span> <span class='ocrx_word' id='word_1_227' title='bbox 1178 3039 1349 3094; x_wconf 87' lang='lat' dir='ltr'><strong>oblata</strong></span> <span class='ocrx_word' id='word_1_228' title='bbox 1373 3048 1618 3109; x_wconf 89' lang='lat' dir='ltr'><strong>ponatur,</strong></span> <span class='ocrx_word' id='word_1_229' title='bbox 1649 3035 1801 3107; x_wconf 85' lang='lat' dir='ltr'><strong>quasi</strong></span> 
     </span>
    </p>
   </div>
   <div class='ocr_carea' id='block_1_34' title="bbox 230 3129 1799 3212">
    <p class='ocr_par' dir='ltr' id='par_1_34' title="bbox 230 3129 1799 3212">
     <span class='ocr_line' id='line_1_34' title="bbox 230 3129 1799 3212; baseline -0.008 -18"><span class='ocrx_word' id='word_1_230' title='bbox 230 3145 519 3212; x_wconf 80' lang='lat' dir='ltr'><strong>sanguinem</strong></span> <span class='ocrx_word' id='word_1_231' title='bbox 549 3139 766 3194; x_wconf 86' lang='lat' dir='ltr'><strong>Domini</strong></span> <span class='ocrx_word' id='word_1_232' title='bbox 788 3147 1142 3206; x_wconf 82' lang='lat' dir='ltr'><strong>suscepturus,</strong></span> <span class='ocrx_word' id='word_1_233' title='bbox 1167 3148 1317 3204; x_wconf 84' lang='lat' dir='ltr'><strong>quem</strong></span> <span class='ocrx_word' id='word_1_234' title='bbox 1337 3132 1400 3186; x_wconf 87' lang='lat' dir='ltr'><strong>de</strong></span> <span class='ocrx_word' id='word_1_235' title='bbox 1425 3130 1587 3185; x_wconf 82' lang='lat' dir='ltr'><strong>latere</strong></span> <span class='ocrx_word' id='word_1_236' title='bbox 1616 3129 1799 3183; x_wconf 88' lang='lat' dir='ltr'><strong>Domi-</strong></span> 
     </span>
    </p>
   </div>
   <div class='ocr_carea' id='block_1_35' title="bbox 233 3227 1001 3299">
    <p class='ocr_par' dir='ltr' id='par_1_35' title="bbox 233 3227 1001 3299">
     <span class='ocr_line' id='line_1_35' title="bbox 233 3227 1001 3299; baseline -0.004 -19"><span class='ocrx_word' id='word_1_237' title='bbox 233 3230 336 3282; x_wconf 77' lang='lat' dir='ltr'><strong>nico</strong></span> <span class='ocrx_word' id='word_1_238' title='bbox 362 3230 682 3299; x_wconf 76' lang='lat' dir='ltr'><strong>proﬂuxisse</strong></span> <span class='ocrx_word' id='word_1_239' title='bbox 720 3227 1001 3280; x_wconf 86' lang='lat' dir='ltr'><strong>credimus.</strong></span> 
     </span>
    </p>
   </div>
   <div class='ocr_carea' id='block_1_36' title="bbox 296 3312 1800 3392">
    <p class='ocr_par' dir='ltr' id='par_1_36' title="bbox 296 3312 1800 3392">
     <span class='ocr_line' id='line_1_36' title="bbox 296 3312 1800 3392; baseline -0.008 -19"><span class='ocrx_word' id='word_1_240' title='bbox 296 3325 401 3392; x_wconf 80' lang='lat'><strong>(69)</strong></span> <span class='ocrx_word' id='word_1_241' title='bbox 439 3323 732 3376; x_wconf 76' lang='lat' dir='ltr'><strong>Incensura</strong></span> <span class='ocrx_word' id='word_1_242' title='bbox 786 3320 1006 3386; x_wconf 83' lang='lat' dir='ltr'><strong>desuper</strong></span> <span class='ocrx_word' id='word_1_243' title='bbox 1053 3315 1260 3384; x_wconf 73' lang='lat' dir='ltr'><strong>offerat.</strong></span> <span class='ocrx_word' id='word_1_244' title='bbox 1314 3312 1473 3367; x_wconf 78' lang='lat' dir='ltr'><strong>Juxta</strong></span> <span class='ocrx_word' id='word_1_245' title='bbox 1522 3312 1800 3365; x_wconf 86' lang='lat' dir='ltr'><strong>decretum</strong></span> 
     </span>
    </p>
   </div>
   <div class='ocr_carea' id='block_1_37' title="bbox 234 3399 1802 3480">
    <p class='ocr_par' dir='ltr' id='par_1_37' title="bbox 234 3399 1802 3480">
     <span class='ocr_line' id='line_1_37' title="bbox 234 3399 1802 3480; baseline -0.01 -14"><span class='ocrx_word' id='word_1_246' title='bbox 234 3413 429 3468; x_wconf 83' lang='lat' dir='ltr'><strong>concilii</strong></span> <span class='ocrx_word' id='word_1_247' title='bbox 462 3408 890 3480; x_wconf 77' lang='lat' dir='ltr'><strong>Rotomagensis</strong></span> <span class='ocrx_word' id='word_1_248' title='bbox 912 3407 1010 3460; x_wconf 89' lang='lat' dir='ltr'><strong>sub</strong></span> <span class='ocrx_word' id='word_1_249' title='bbox 1039 3405 1244 3460; x_wconf 79' lang='lat' dir='ltr'><strong>Joanne</strong></span> <span class='ocrx_word' id='word_1_250' title='bbox 1272 3403 1322 3466; x_wconf 93' lang='lat' dir='ltr'><strong>l,</strong></span> <span class='ocrx_word' id='word_1_251' title='bbox 1355 3400 1599 3470; x_wconf 89' lang='lat' dir='ltr'><strong>archiep.</strong></span> <span class='ocrx_word' id='word_1_252' title='bbox 1635 3399 1802 3454; x_wconf 77' lang='lat' dir='ltr'><strong>Roto-</strong></span> 
     </span>
    </p>
   </div>
   <div class='ocr_carea' id='block_1_38' title="bbox 236 3488 1804 3572">
    <p class='ocr_par' dir='ltr' id='par_1_38' title="bbox 236 3488 1804 3572">
     <span class='ocr_line' id='line_1_38' title="bbox 236 3488 1804 3572; baseline -0.007 -20"><span class='ocrx_word' id='word_1_253' title='bbox 236 3517 385 3572; x_wconf 73' lang='lat' dir='ltr'><strong>mag.,</strong></span> <span class='ocrx_word' id='word_1_254' title='bbox 418 3518 466 3557; x_wconf 90' lang='lat' dir='ltr'><strong>c.</strong></span> <span class='ocrx_word' id='word_1_255' title='bbox 500 3503 525 3554; x_wconf 76' lang='grc'><strong>1</strong></span> <span class='ocrx_word' id='word_1_256' title='bbox 563 3519 578 3554; x_wconf 89' lang='lat'>:</span> <span class='ocrx_word' id='word_1_257' title='bbox 611 3497 682 3552; x_wconf 88' lang='lat' dir='ltr'><strong>Ut</strong></span> <span class='ocrx_word' id='word_1_258' title='bbox 710 3509 933 3566; x_wconf 88' lang='lat' dir='ltr'><strong>tempore</strong></span> <span class='ocrx_word' id='word_1_259' title='bbox 953 3513 1053 3566; x_wconf 89' lang='lat' dir='ltr'><strong>quo</strong></span> <span class='ocrx_word' id='word_1_260' title='bbox 1082 3493 1418 3564; x_wconf 83' lang='lat' dir='ltr'><strong>Evangelium</strong></span> <span class='ocrx_word' id='word_1_261' title='bbox 1447 3491 1659 3561; x_wconf 86' lang='lat' dir='ltr'><strong>legitur,</strong></span> <span class='ocrx_word' id='word_1_262' title='bbox 1684 3488 1804 3557; x_wconf 82' lang='lat' dir='ltr'><strong>ﬁni-</strong></span> 
     </span>
    </p>
   </div>
   <div class='ocr_carea' id='block_1_39' title="bbox 235 3583 1802 3662">
    <p class='ocr_par' dir='ltr' id='par_1_39' title="bbox 235 3583 1802 3662">
     <span class='ocr_line' id='line_1_39' title="bbox 235 3583 1802 3662; baseline -0.006 -20"><span class='ocrx_word' id='word_1_263' title='bbox 235 3601 373 3660; x_wconf 83' lang='lat' dir='ltr'><strong>toque</strong></span> <span class='ocrx_word' id='word_1_264' title='bbox 396 3592 673 3662; x_wconf 72' lang='lat' dir='ltr'><strong>o/fertorio</strong></span> <span class='ocrx_word' id='word_1_265' title='bbox 698 3604 855 3657; x_wconf 81' lang='lat' dir='ltr'><strong>super</strong></span> <span class='ocrx_word' id='word_1_266' title='bbox 874 3587 1187 3639; x_wconf 87' lang='lat' dir='ltr'><strong>oblationem</strong></span> <span class='ocrx_word' id='word_1_267' title='bbox 1214 3587 1478 3637; x_wconf 79' lang='lat' dir='ltr'><strong>incensum</strong></span> <span class='ocrx_word' id='word_1_268' title='bbox 1502 3583 1554 3635; x_wconf 91' lang='lat' dir='ltr'><strong>in</strong></span> <span class='ocrx_word' id='word_1_269' title='bbox 1586 3591 1802 3635; x_wconf 86' lang='lat' dir='ltr'><strong>mortem</strong></span> 
     </span>
    </p>
   </div>
   <div class='ocr_carea' id='block_1_40' title="bbox 232 3671 1802 3749">
    <p class='ocr_par' dir='ltr' id='par_1_40' title="bbox 232 3671 1802 3749">
     <span class='ocr_line' id='line_1_40' title="bbox 232 3671 1802 3749; baseline -0.006 -16"><span class='ocrx_word' id='word_1_270' title='bbox 232 3683 449 3735; x_wconf 76' lang='lat' dir='ltr'><strong>videlicet</strong></span> <span class='ocrx_word' id='word_1_271' title='bbox 501 3681 865 3749; x_wconf 72' lang='lat' dir='ltr'><strong>Redemptoris</strong></span> <span class='ocrx_word' id='word_1_272' title='bbox 902 3677 1066 3732; x_wconf 89' lang='lat' dir='ltr'><strong>nostri</strong></span> <span class='ocrx_word' id='word_1_273' title='bbox 1107 3685 1352 3744; x_wconf 87' lang='lat' dir='ltr'><strong>ponatur,</strong></span> <span class='ocrx_word' id='word_1_274' title='bbox 1376 3673 1714 3726; x_wconf 81' lang='lat' dir='ltr'><strong>decrevimus.</strong></span> <span class='ocrx_word' id='word_1_275' title='bbox 1746 3671 1802 3724; x_wconf 90' lang='lat' dir='ltr'><strong>In</strong></span> 
     </span>
    </p>
   </div>
   <div class='ocr_carea' id='block_1_41' title="bbox 231 3762 1805 3826">
    <p class='ocr_par' dir='ltr' id='par_1_41' title="bbox 231 3762 1805 3826">
     <span class='ocr_line' id='line_1_41' title="bbox 231 3762 1805 3826; baseline -0.006 -3"><span class='ocrx_word' id='word_1_276' title='bbox 231 3771 448 3825; x_wconf 82' lang='lat' dir='ltr'><strong>ecclesia</strong></span> <span class='ocrx_word' id='word_1_277' title='bbox 481 3768 792 3826; x_wconf 85' lang='lat' dir='ltr'><strong>cathedrali</strong></span> <span class='ocrx_word' id='word_1_278' title='bbox 838 3765 1133 3820; x_wconf 90' lang='lat' dir='ltr'><strong>incensatis</strong></span> <span class='ocrx_word' id='word_1_279' title='bbox 1180 3763 1375 3817; x_wconf 89' lang='lat' dir='ltr'><strong>oblatis</strong></span> <span class='ocrx_word' id='word_1_280' title='bbox 1411 3771 1464 3815; x_wconf 88' lang='lat' dir='ltr'><strong>et</strong></span> <span class='ocrx_word' id='word_1_281' title='bbox 1510 3762 1688 3824; x_wconf 83' lang='lat' dir='ltr'><strong>altari,</strong></span> <span class='ocrx_word' id='word_1_282' title='bbox 1720 3762 1805 3815; x_wconf 84' lang='lat' dir='ltr'><strong>in-</strong></span> 
     </span>
    </p>
   </div>
   <div class='ocr_carea' id='block_1_42' title="bbox 231 3851 1808 3918">
    <p class='ocr_par' dir='ltr' id='par_1_42' title="bbox 231 3851 1808 3918">
     <span class='ocr_line' id='line_1_42' title="bbox 231 3851 1808 3918; baseline -0.005 -4"><span class='ocrx_word' id='word_1_283' title='bbox 231 3871 437 3914; x_wconf 87' lang='lat' dir='ltr'><strong>censato</strong></span> <span class='ocrx_word' id='word_1_284' title='bbox 496 3860 668 3916; x_wconf 89' lang='lat' dir='ltr'><strong>etiam</strong></span> <span class='ocrx_word' id='word_1_285' title='bbox 724 3857 1028 3918; x_wconf 87' lang='lat' dir='ltr'><strong>sacerdote,</strong></span> <span class='ocrx_word' id='word_1_286' title='bbox 1055 3855 1106 3908; x_wconf 93' lang='lat' dir='ltr'><strong>in</strong></span> <span class='ocrx_word' id='word_1_287' title='bbox 1137 3853 1365 3908; x_wconf 88' lang='lat' dir='ltr'><strong>circuitu</strong></span> <span class='ocrx_word' id='word_1_288' title='bbox 1403 3852 1595 3906; x_wconf 88' lang='lat' dir='ltr'><strong>altaris</strong></span> <span class='ocrx_word' id='word_1_289' title='bbox 1632 3851 1808 3907; x_wconf 80' lang='lat' dir='ltr'><strong>defert</strong></span> 
     </span>
    </p>
   </div>
   <div class='ocr_carea' id='block_1_43' title="bbox 231 3942 1806 4020">
    <p class='ocr_par' dir='ltr' id='par_1_43' title="bbox 231 3942 1806 4020">
     <span class='ocr_line' id='line_1_43' title="bbox 231 3942 1806 4020; baseline -0.005 -16"><span class='ocrx_word' id='word_1_290' title='bbox 231 3951 612 4020; x_wconf 84' lang='lat' dir='ltr'><strong>diaconus,qui</strong></span> <span class='ocrx_word' id='word_1_291' title='bbox 639 3948 937 4003; x_wconf 88' lang='lat' dir='ltr'><strong>incensatis</strong></span> <span class='ocrx_word' id='word_1_292' title='bbox 967 3961 1152 4016; x_wconf 84' lang='lat' dir='ltr'><strong>regum</strong></span> <span class='ocrx_word' id='word_1_293' title='bbox 1167 3942 1389 3998; x_wconf 90' lang='lat' dir='ltr'><strong>tumulis</strong></span> <span class='ocrx_word' id='word_1_294' title='bbox 1411 3952 1466 3997; x_wconf 85' lang='lat' dir='ltr'><strong>et</strong></span> <span class='ocrx_word' id='word_1_295' title='bbox 1492 3942 1651 3996; x_wconf 84' lang='lat' dir='ltr'><strong>altari</strong></span> <span class='ocrx_word' id='word_1_296' title='bbox 1680 3957 1806 3996; x_wconf 82' lang='lat' dir='ltr'><strong>san-</strong></span> 
     </span>
    </p>
   </div>
   <div class='ocr_carea' id='block_1_44' title="bbox 231 4033 1807 4112">
    <p class='ocr_par' dir='ltr' id='par_1_44' title="bbox 231 4033 1807 4112">
     <span class='ocr_line' id='line_1_44' title="bbox 231 4033 1807 4112; baseline -0.004 -16"><span class='ocrx_word' id='word_1_297' title='bbox 231 4054 322 4098; x_wconf 74' lang='lat' dir='ltr'><strong>cur:</strong></span> <span class='ocrx_word' id='word_1_298' title='bbox 350 4043 533 4098; x_wconf 63' lang='lat' dir='ltr'><strong>Maria:</strong></span> <span class='ocrx_word' id='word_1_299' title='bbox 574 4039 836 4112; x_wconf 87' lang='lat' dir='ltr'><strong>acolytho</strong></span> <span class='ocrx_word' id='word_1_300' title='bbox 865 4039 1037 4092; x_wconf 87' lang='lat' dir='ltr'><strong>reddit</strong></span> <span class='ocrx_word' id='word_1_301' title='bbox 1066 4035 1418 4100; x_wconf 87' lang='lat' dir='ltr'><strong>thuribulum,</strong></span> <span class='ocrx_word' id='word_1_302' title='bbox 1460 4034 1550 4105; x_wconf 82' lang='lat' dir='ltr'><strong>qui</strong></span> <span class='ocrx_word' id='word_1_303' title='bbox 1582 4049 1679 4089; x_wconf 91' lang='lat' dir='ltr'><strong>nec</strong></span> <span class='ocrx_word' id='word_1_304' title='bbox 1701 4033 1807 4089; x_wconf 86' lang='lat' dir='ltr'><strong>cle-</strong></span> 
     </span>
    </p>
   </div>
   <div class='ocr_carea' id='block_1_45' title="bbox 229 4132 1078 4203">
    <p class='ocr_par' dir='ltr' id='par_1_45' title="bbox 229 4132 1078 4203">
     <span class='ocr_line' id='line_1_45' title="bbox 229 4132 1078 4203; baseline -0.002 -17"><span class='ocrx_word' id='word_1_305' title='bbox 229 4149 338 4187; x_wconf 85' lang='lat' dir='ltr'><strong>rum</strong></span> <span class='ocrx_word' id='word_1_306' title='bbox 370 4151 468 4190; x_wconf 90' lang='lat' dir='ltr'><strong>nec</strong></span> <span class='ocrx_word' id='word_1_307' title='bbox 490 4133 760 4203; x_wconf 79' lang='lat' dir='ltr'><strong>populant</strong></span> <span class='ocrx_word' id='word_1_308' title='bbox 788 4132 1078 4185; x_wconf 85' lang='lat' dir='ltr'><strong>thurilicat.</strong></span> 
     </span>
    </p>
   </div>
   <div class='ocr_carea' id='block_1_46' title="bbox 295 4215 1810 4297">
    <p class='ocr_par' dir='ltr' id='par_1_46' title="bbox 295 4215 1810 4297">
     <span class='ocr_line' id='line_1_46' title="bbox 295 4215 1810 4297; baseline -0.012 -11"><span class='ocrx_word' id='word_1_309' title='bbox 295 4227 446 4296; x_wconf 79' lang='grc'><strong>107</strong></span> <span class='ocrx_word' id='word_1_310' title='bbox 474 4226 592 4297; x_wconf 85' lang='grc'>(70)</span> <span class='ocrx_word' id='word_1_311' title='bbox 622 4224 985 4279; x_wconf 85' lang='lat' dir='ltr'><strong>Subdiaconus</strong></span> <span class='ocrx_word' id='word_1_312' title='bbox 1007 4221 1204 4286; x_wconf 83' lang='lat' dir='ltr'><strong>vero,si</strong></span> <span class='ocrx_word' id='word_1_313' title='bbox 1223 4219 1403 4290; x_wconf 76' lang='lat' dir='ltr'><strong>fuerit,</strong></span> <span class='ocrx_word' id='word_1_314' title='bbox 1427 4216 1686 4288; x_wconf 80' lang='lat' dir='ltr'><strong>acolytho.</strong></span> <span class='ocrx_word' id='word_1_315' title='bbox 1706 4215 1810 4270; x_wconf 82' lang='lat' dir='ltr'><strong>Eo-</strong></span> 
     </span>
    </p>
   </div>
   <div class='ocr_carea' id='block_1_47' title="bbox 230 4306 1808 4379">
    <p class='ocr_par' dir='ltr' id='par_1_47' title="bbox 230 4306 1808 4379">
     <span class='ocr_line' id='line_1_47' title="bbox 230 4306 1808 4379; baseline -0.008 -10"><span class='ocrx_word' id='word_1_316' title='bbox 230 4316 337 4369; x_wconf 87' lang='lat' dir='ltr'><strong>dem</strong></span> <span class='ocrx_word' id='word_1_317' title='bbox 363 4318 525 4370; x_wconf 89' lang='lat' dir='ltr'><strong>modo</strong></span> <span class='ocrx_word' id='word_1_318' title='bbox 560 4313 713 4369; x_wconf 92' lang='lat' dir='ltr'><strong>Ordo</strong></span> <span class='ocrx_word' id='word_1_319' title='bbox 748 4313 1039 4379; x_wconf 80' lang='lat' dir='ltr'><strong>Romanus,</strong></span> <span class='ocrx_word' id='word_1_320' title='bbox 1064 4313 1127 4366; x_wconf 90' lang='lat' dir='ltr'><strong>de</strong></span> <span class='ocrx_word' id='word_1_321' title='bbox 1141 4310 1316 4366; x_wconf 83' lang='lat' dir='ltr'><strong>ollicio</strong></span> <span class='ocrx_word' id='word_1_322' title='bbox 1332 4310 1507 4363; x_wconf 70' lang='lat' dir='ltr'><strong>missae</strong></span> <span class='ocrx_word' id='word_1_323' title='bbox 1542 4327 1554 4360; x_wconf 87' lang='lat'>:</span> <span class='ocrx_word' id='word_1_324' title='bbox 1585 4306 1808 4372; x_wconf 82' lang='lat' dir='ltr'><strong>Quando</strong></span> 
     </span>
    </p>
   </div>
   <div class='ocr_carea' id='block_1_48' title="bbox 1869 508 3444 586">
    <p class='ocr_par' dir='ltr' id='par_1_48' title="bbox 1869 508 3444 586">
     <span class='ocr_line' id='line_1_48' title="bbox 1869 508 3444 586; baseline 0.007 -24"><span class='ocrx_word' id='word_1_325' title='bbox 1869 510 2116 564; x_wconf 76' lang='lat' dir='ltr'><strong>oratione.</strong></span> <span class='ocrx_word' id='word_1_326' title='bbox 2157 508 2489 567; x_wconf 85' lang='lat' dir='ltr'><strong>Consecratio</strong></span> <span class='ocrx_word' id='word_1_327' title='bbox 2511 513 2672 583; x_wconf 87' lang='lat' dir='ltr'><strong>igitur</strong></span> <span class='ocrx_word' id='word_1_328' title='bbox 2695 514 2881 585; x_wconf 77' lang='lat' dir='ltr'><strong>quibus</strong></span> <span class='ocrx_word' id='word_1_329' title='bbox 2909 515 3076 569; x_wconf 78' lang='lat' dir='ltr'><strong>verbis</strong></span> <span class='ocrx_word' id='word_1_330' title='bbox 3095 525 3194 580; x_wconf 88' lang='lat' dir='ltr'><strong>est,</strong></span> <span class='ocrx_word' id='word_1_331' title='bbox 3222 527 3270 571; x_wconf 76' lang='lat' dir='ltr'><strong>et</strong></span> <span class='ocrx_word' id='word_1_332' title='bbox 3291 517 3444 586; x_wconf 75' lang='lat' dir='ltr'><strong>cujus</strong></span> 
     </span>
    </p>
   </div>
   <div class='ocr_carea' id='block_1_49' title="bbox 1869 600 3450 676">
    <p class='ocr_par' dir='ltr' id='par_1_49' title="bbox 1869 600 3450 676">
     <span class='ocr_line' id='line_1_49' title="bbox 1869 600 3450 676; baseline 0.005 -24"><span class='ocrx_word' id='word_1_333' title='bbox 1869 600 2191 654; x_wconf 84' lang='lat' dir='ltr'><strong>sermonibus</strong></span> <span class='ocrx_word' id='word_1_334' title='bbox 2216 600 2242 653; x_wconf 77' lang='grc'><strong>1³</strong></span> <span class='ocrx_word' id='word_1_335' title='bbox 2279 601 2488 655; x_wconf 85' lang='lat' dir='ltr'><strong>Domini</strong></span> <span class='ocrx_word' id='word_1_336' title='bbox 2526 601 2677 657; x_wconf 74' lang='lat' dir='ltr'><strong>Iesu.</strong></span> <span class='ocrx_word' id='word_1_337' title='bbox 2709 603 2774 658; x_wconf 77' lang='lat' dir='ltr'><strong>Et</strong></span> <span class='ocrx_word' id='word_1_338' title='bbox 2800 603 2959 673; x_wconf 85' lang='lat' dir='ltr'><strong>paulo</strong></span> <span class='ocrx_word' id='word_1_339' title='bbox 2988 613 3108 676; x_wconf 88' lang='lat' dir='ltr'><strong>post</strong></span> <span class='ocrx_word' id='word_1_340' title='bbox 3139 625 3152 658; x_wconf 90' lang='lat'><strong>:</strong></span> <span class='ocrx_word' id='word_1_341' title='bbox 3188 604 3314 659; x_wconf 80' lang='lat' dir='ltr'><strong>Non</strong></span> <span class='ocrx_word' id='word_1_342' title='bbox 3335 617 3450 660; x_wconf 86' lang='lat' dir='ltr'><strong>erat</strong></span> 
     </span>
    </p>
   </div>
   <div class='ocr_carea' id='block_1_50' title="bbox 1873 688 3452 765">
    <p class='ocr_par' dir='ltr' id='par_1_50' title="bbox 1873 688 3452 765">
     <span class='ocr_line' id='line_1_50' title="bbox 1873 688 3452 765; baseline 0.006 -26"><span class='ocrx_word' id='word_1_343' title='bbox 1873 704 2058 756; x_wconf 82' lang='lat' dir='ltr'><strong>corpus</strong></span> <span class='ocrx_word' id='word_1_344' title='bbox 2092 688 2285 742; x_wconf 78' lang='lat' dir='ltr'><strong>Christi</strong></span> <span class='ocrx_word' id='word_1_345' title='bbox 2325 699 2448 744; x_wconf 82' lang='lat' dir='ltr'><strong>ante</strong></span> <span class='ocrx_word' id='word_1_346' title='bbox 2485 692 2922 746; x_wconf 80' lang='lat' dir='ltr'><strong>consecrationem</strong></span> <span class='ocrx_word' id='word_1_347' title='bbox 2946 710 2965 757; x_wconf 89' lang='lat'><strong><em>;</em></strong></span> <span class='ocrx_word' id='word_1_348' title='bbox 2989 694 3082 747; x_wconf 87' lang='lat' dir='ltr'><strong>sed</strong></span> <span class='ocrx_word' id='word_1_349' title='bbox 3118 705 3232 765; x_wconf 85' lang='lat' dir='ltr'><strong>post</strong></span> <span class='ocrx_word' id='word_1_350' title='bbox 3272 711 3452 749; x_wconf 59' lang='lat' dir='ltr'><strong>conseo</strong></span> 
     </span>
    </p>
   </div>
   <div class='ocr_carea' id='block_1_51' title="bbox 1872 776 3451 850">
    <p class='ocr_par' dir='ltr' id='par_1_51' title="bbox 1872 776 3451 850">
     <span class='ocr_line' id='line_1_51' title="bbox 1872 776 3451 850; baseline 0.006 -22"><span class='ocrx_word' id='word_1_351' title='bbox 1872 776 2157 830; x_wconf 79' lang='lat' dir='ltr'><strong>orationem</strong></span> <span class='ocrx_word' id='word_1_352' title='bbox 2197 778 2317 832; x_wconf 80' lang='lat' dir='ltr'><strong>dico</strong></span> <span class='ocrx_word' id='word_1_353' title='bbox 2357 778 2450 832; x_wconf 81' lang='lat' dir='ltr'><strong>tibi</strong></span> <span class='ocrx_word' id='word_1_354' title='bbox 2491 780 2629 848; x_wconf 88' lang='lat' dir='ltr'><strong>quod</strong></span> <span class='ocrx_word' id='word_1_355' title='bbox 2647 781 2773 850; x_wconf 79' lang='lat' dir='ltr'><strong>.jam</strong></span> <span class='ocrx_word' id='word_1_356' title='bbox 2804 797 2991 850; x_wconf 84' lang='lat' dir='ltr'><strong>corpus</strong></span> <span class='ocrx_word' id='word_1_357' title='bbox 3021 793 3095 837; x_wconf 86' lang='lat' dir='ltr'><strong>est</strong></span> <span class='ocrx_word' id='word_1_358' title='bbox 3117 784 3335 839; x_wconf 71' lang='lat' dir='ltr'><strong>Christi.</strong></span> <span class='ocrx_word' id='word_1_359' title='bbox 3367 783 3451 838; x_wconf 83' lang='lat' dir='ltr'><strong>Ad</strong></span> 
     </span>
    </p>
   </div>
   <div class='ocr_carea' id='block_1_52' title="bbox 1875 867 3452 937">
    <p class='ocr_par' dir='ltr' id='par_1_52' title="bbox 1875 867 3452 937">
     <span class='ocr_line' id='line_1_52' title="bbox 1875 867 3452 937; baseline 0.006 -18"><span class='ocrx_word' id='word_1_360' title='bbox 1875 867 2234 934; x_wconf 88' lang='lat' dir='ltr'><strong>posteriorem</strong></span> <span class='ocrx_word' id='word_1_361' title='bbox 2259 869 2325 924; x_wconf 91' lang='lat' dir='ltr'><strong>de</strong></span> <span class='ocrx_word' id='word_1_362' title='bbox 2355 883 2462 937; x_wconf 90' lang='lat' dir='ltr'><strong>quo</strong></span> <span class='ocrx_word' id='word_1_363' title='bbox 2485 869 2575 924; x_wconf 85' lang='lat' dir='ltr'><strong>hic</strong></span> <span class='ocrx_word' id='word_1_364' title='bbox 2603 885 2800 937; x_wconf 84' lang='lat' dir='ltr'><strong>sermo,</strong></span> <span class='ocrx_word' id='word_1_365' title='bbox 2829 872 3110 927; x_wconf 77' lang='lat' dir='ltr'><strong>referenda</strong></span> <span class='ocrx_word' id='word_1_366' title='bbox 3136 883 3261 929; x_wconf 86' lang='lat' dir='ltr'><strong>sunt</strong></span> <span class='ocrx_word' id='word_1_367' title='bbox 3290 873 3452 928; x_wconf 78' lang='lat' dir='ltr'><strong>verba</strong></span> 
     </span>
    </p>
   </div>
   <div class='ocr_carea' id='block_1_53' title="bbox 1875 954 3446 1030">
    <p class='ocr_par' dir='ltr' id='par_1_53' title="bbox 1875 954 3446 1030">
     <span class='ocr_line' id='line_1_53' title="bbox 1875 954 3446 1030; baseline 0.005 -22"><span class='ocrx_word' id='word_1_368' title='bbox 1875 954 1964 1008; x_wconf 82' lang='lat' dir='ltr'><strong>illa</strong></span> <span class='ocrx_word' id='word_1_369' title='bbox 2016 954 2074 1008; x_wconf 92' lang='lat' dir='ltr'><strong>S.</strong></span> <span class='ocrx_word' id='word_1_370' title='bbox 2122 955 2396 1011; x_wconf 83' lang='lat' dir='ltr'><strong>Laurentii</strong></span> <span class='ocrx_word' id='word_1_371' title='bbox 2445 971 2513 1011; x_wconf 80' lang='lat' dir='ltr'><strong>ex</strong></span> <span class='ocrx_word' id='word_1_372' title='bbox 2563 956 2718 1012; x_wconf 88' lang='lat' dir='ltr'><strong>libro.</strong></span> <span class='ocrx_word' id='word_1_373' title='bbox 2766 975 2781 1012; x_wconf 72' lang='grc' dir='ltr'>ι</span> <span class='ocrx_word' id='word_1_374' title='bbox 2831 959 3134 1017; x_wconf 83' lang='lat' dir='ltr'><strong>Olliciorum</strong></span> <span class='ocrx_word' id='word_1_375' title='bbox 3205 961 3446 1030; x_wconf 75' lang='lat' dir='ltr'><strong>ejusdem</strong></span> 
     </span>
    </p>
   </div>
   <div class='ocr_carea' id='block_1_54' title="bbox 1875 1042 3459 1116">
    <p class='ocr_par' dir='ltr' id='par_1_54' title="bbox 1875 1042 3459 1116">
     <span class='ocr_line' id='line_1_54' title="bbox 1875 1042 3459 1116; baseline 0.005 -19"><span class='ocrx_word' id='word_1_376' title='bbox 1875 1042 2183 1108; x_wconf 84' lang='lat' dir='ltr'><strong>Ambrosii,</strong></span> <span class='ocrx_word' id='word_1_377' title='bbox 2243 1059 2358 1116; x_wconf 83' lang='lat' dir='ltr'><strong>cap.</strong></span> <span class='ocrx_word' id='word_1_378' title='bbox 2403 1046 2465 1100; x_wconf 59' lang='lat' dir='ltr'><strong>Al</strong></span> <span class='ocrx_word' id='word_1_379' title='bbox 2498 1060 2513 1100; x_wconf 87' lang='lat'><strong>:</strong></span> <span class='ocrx_word' id='word_1_380' title='bbox 2545 1045 2644 1100; x_wconf 89' lang='lat' dir='ltr'><strong>Cui</strong></span> <span class='ocrx_word' id='word_1_381' title='bbox 2687 1049 2986 1102; x_wconf 78' lang='lat' dir='ltr'><strong>commisisti</strong></span> <span class='ocrx_word' id='word_1_382' title='bbox 3029 1049 3288 1105; x_wconf 82' lang='lat' dir='ltr'><strong>Dominici</strong></span> <span class='ocrx_word' id='word_1_383' title='bbox 3331 1068 3459 1105; x_wconf 84' lang='lat' dir='ltr'><strong>san-</strong></span> 
     </span>
    </p>
   </div>
   <div class='ocr_carea' id='block_1_55' title="bbox 1877 1132 3460 1202">
    <p class='ocr_par' dir='ltr' id='par_1_55' title="bbox 1877 1132 3460 1202">
     <span class='ocr_line' id='line_1_55' title="bbox 1877 1132 3460 1202; baseline 0.004 -18"><span class='ocrx_word' id='word_1_384' title='bbox 1877 1132 2049 1202; x_wconf 86' lang='lat' dir='ltr'><strong>guinis</strong></span> <span class='ocrx_word' id='word_1_385' title='bbox 2082 1135 2543 1200; x_wconf 88' lang='lat' dir='ltr'><strong>consecrationem,</strong></span> <span class='ocrx_word' id='word_1_386' title='bbox 2573 1136 2657 1188; x_wconf 79' lang='lat' dir='ltr'><strong>cui</strong></span> <span class='ocrx_word' id='word_1_387' title='bbox 2684 1138 3460 1194; x_wconf 78' lang='lat' dir='ltr'><strong>consummandorumconser-</strong></span> 
     </span>
    </p>
   </div>
   <div class='ocr_carea' id='block_1_56' title="bbox 1879 1222 3453 1307">
    <p class='ocr_par' dir='ltr' id='par_1_56' title="bbox 1879 1222 3453 1307">
     <span class='ocr_line' id='line_1_56' title="bbox 1879 1222 3453 1307; baseline 0.006 -32"><span class='ocrx_word' id='word_1_388' title='bbox 1879 1222 2008 1275; x_wconf 87' lang='lat' dir='ltr'><strong>tium</strong></span> <span class='ocrx_word' id='word_1_389' title='bbox 2037 1235 2498 1279; x_wconf 84' lang='lat' dir='ltr'><strong>sacramentorum.</strong></span> <span class='ocrx_word' id='word_1_390' title='bbox 2532 1226 2624 1280; x_wconf 90' lang='lat' dir='ltr'><strong>Sic</strong></span> <span class='ocrx_word' id='word_1_391' title='bbox 2656 1229 2811 1307; x_wconf 45' lang='lat' dir='ltr'><strong>enim,</strong></span> <span class='ocrx_word' id='word_1_392' title='bbox 2830 1237 3140 1284; x_wconf 85' lang='lat' dir='ltr'><strong>constanter</strong></span> <span class='ocrx_word' id='word_1_393' title='bbox 3165 1230 3453 1300; x_wconf 50' lang='lat' dir='ltr'><strong>lqeudum</strong></span> 
     </span>
    </p>
   </div>
   <div class='ocr_carea' id='block_1_57' title="bbox 1881 1313 3457 1386">
    <p class='ocr_par' dir='ltr' id='par_1_57' title="bbox 1881 1313 3457 1386">
     <span class='ocr_line' id='line_1_57' title="bbox 1881 1313 3457 1386; baseline 0.004 -18"><span class='ocrx_word' id='word_1_394' title='bbox 1881 1324 1963 1368; x_wconf 90' lang='lat' dir='ltr'><strong>est</strong></span> <span class='ocrx_word' id='word_1_395' title='bbox 1993 1315 2094 1369; x_wconf 89' lang='lat' dir='ltr'><strong>hoc</strong></span> <span class='ocrx_word' id='word_1_396' title='bbox 2125 1313 2261 1381; x_wconf 92' lang='lat' dir='ltr'><strong>loco,</strong></span> <span class='ocrx_word' id='word_1_397' title='bbox 2289 1324 2343 1370; x_wconf 83' lang='lat' dir='ltr'><strong>et</strong></span> <span class='ocrx_word' id='word_1_398' title='bbox 2385 1315 2438 1371; x_wconf 90' lang='lat' dir='ltr'><strong>in</strong></span> <span class='ocrx_word' id='word_1_399' title='bbox 2474 1317 2610 1372; x_wconf 84' lang='lat' dir='ltr'><strong>actis</strong></span> <span class='ocrx_word' id='word_1_400' title='bbox 2645 1315 2884 1385; x_wconf 84' lang='lat' dir='ltr'><strong>ejusdem</strong></span> <span class='ocrx_word' id='word_1_401' title='bbox 2922 1316 2980 1372; x_wconf 91' lang='lat' dir='ltr'><strong>S.</strong></span> <span class='ocrx_word' id='word_1_402' title='bbox 3023 1317 3336 1386; x_wconf 79' lang='lat' dir='ltr'><strong>Laurentii,</strong></span> <span class='ocrx_word' id='word_1_403' title='bbox 3388 1334 3457 1374; x_wconf 80' lang='lat' dir='ltr'><strong>ex</strong></span> 
     </span>
    </p>
   </div>
   <div class='ocr_carea' id='block_1_58' title="bbox 1882 1405 3461 1481">
    <p class='ocr_par' dir='ltr' id='par_1_58' title="bbox 1882 1405 3461 1481">
     <span class='ocr_line' id='line_1_58' title="bbox 1882 1405 3461 1481; baseline 0.006 -21"><span class='ocrx_word' id='word_1_404' title='bbox 1882 1405 2121 1476; x_wconf 84' lang='lat' dir='ltr'><strong>antiquis</strong></span> <span class='ocrx_word' id='word_1_405' title='bbox 2146 1408 2444 1475; x_wconf 84' lang='lat' dir='ltr'><strong>codicibus,</strong></span> <span class='ocrx_word' id='word_1_406' title='bbox 2466 1425 2573 1465; x_wconf 86' lang='lat' dir='ltr'><strong>non</strong></span> <span class='ocrx_word' id='word_1_407' title='bbox 2609 1411 2881 1480; x_wconf 83' lang='lat' dir='ltr'><strong>sanguinis</strong></span> <span class='ocrx_word' id='word_1_408' title='bbox 2907 1412 3369 1481; x_wconf 75' lang='lat' dir='ltr'><strong>dispensationem,</strong></span> <span class='ocrx_word' id='word_1_409' title='bbox 3398 1424 3461 1470; x_wconf 76' lang='lat' dir='ltr'><strong>ut</strong></span> 
     </span>
    </p>
   </div>
   <div class='ocr_carea' id='block_1_59' title="bbox 1884 1498 3468 1566">
    <p class='ocr_par' dir='ltr' id='par_1_59' title="bbox 1884 1498 3468 1566">
     <span class='ocr_line' id='line_1_59' title="bbox 1884 1498 3468 1566; baseline 0.005 -15"><span class='ocrx_word' id='word_1_410' title='bbox 1884 1511 2169 1566; x_wconf 87' lang='lat' dir='ltr'><strong>perperam</strong></span> <span class='ocrx_word' id='word_1_411' title='bbox 2215 1498 2416 1554; x_wconf 88' lang='lat' dir='ltr'><strong>habent</strong></span> <span class='ocrx_word' id='word_1_412' title='bbox 2465 1500 2814 1556; x_wconf 88' lang='lat' dir='ltr'><strong>recentiores.</strong></span> <span class='ocrx_word' id='word_1_413' title='bbox 2856 1500 2991 1555; x_wconf 87' lang='lat' dir='ltr'><strong>Nam</strong></span> <span class='ocrx_word' id='word_1_414' title='bbox 3029 1502 3293 1559; x_wconf 88' lang='lat' dir='ltr'><strong>Dominici</strong></span> <span class='ocrx_word' id='word_1_415' title='bbox 3338 1520 3468 1561; x_wconf 86' lang='lat' dir='ltr'><strong>san-</strong></span> 
     </span>
    </p>
   </div>
   <div class='ocr_carea' id='block_1_60' title="bbox 1887 1587 3468 1660">
    <p class='ocr_par' dir='ltr' id='par_1_60' title="bbox 1887 1587 3468 1660">
     <span class='ocr_line' id='line_1_60' title="bbox 1887 1587 3468 1660; baseline 0.008 -22"><span class='ocrx_word' id='word_1_416' title='bbox 1887 1587 2068 1656; x_wconf 88' lang='lat' dir='ltr'><strong>guinis</strong></span> <span class='ocrx_word' id='word_1_417' title='bbox 2084 1589 2439 1656; x_wconf 85' lang='lat' dir='ltr'><strong>consecratio,</strong></span> <span class='ocrx_word' id='word_1_418' title='bbox 2471 1589 2520 1644; x_wconf 91' lang='lat' dir='ltr'><strong>id</strong></span> <span class='ocrx_word' id='word_1_419' title='bbox 2544 1599 2648 1657; x_wconf 84' lang='lat' dir='ltr'><strong>est,</strong></span> <span class='ocrx_word' id='word_1_420' title='bbox 2673 1606 2794 1644; x_wconf 90' lang='lat' dir='ltr'><strong>cum</strong></span> <span class='ocrx_word' id='word_1_421' title='bbox 2821 1601 2976 1660; x_wconf 83' lang='lat' dir='ltr'><strong>parte</strong></span> <span class='ocrx_word' id='word_1_422' title='bbox 2999 1593 3196 1648; x_wconf 65' lang='lat' dir='ltr'><strong>oblatae</strong></span> <span class='ocrx_word' id='word_1_423' title='bbox 3219 1596 3272 1650; x_wconf 90' lang='lat' dir='ltr'><strong>in</strong></span> <span class='ocrx_word' id='word_1_424' title='bbox 3292 1595 3468 1650; x_wconf 86' lang='lat' dir='ltr'><strong>calice</strong></span> 
     </span>
    </p>
   </div>
   <div class='ocr_carea' id='block_1_61' title="bbox 1890 1677 3469 1742">
    <p class='ocr_par' dir='ltr' id='par_1_61' title="bbox 1890 1677 3469 1742">
     <span class='ocr_line' id='line_1_61' title="bbox 1890 1677 3469 1742; baseline 0.006 -12"><span class='ocrx_word' id='word_1_425' title='bbox 1890 1677 2225 1742; x_wconf 72' lang='lat' dir='ltr'><strong>commistio,</strong></span> <span class='ocrx_word' id='word_1_426' title='bbox 2259 1679 2465 1734; x_wconf 82' lang='lat' dir='ltr'><strong>diaconi</strong></span> <span class='ocrx_word' id='word_1_427' title='bbox 2512 1680 2770 1736; x_wconf 67' lang='lat' dir='ltr'><strong>custodia:</strong></span> <span class='ocrx_word' id='word_1_428' title='bbox 2807 1689 2864 1735; x_wconf 85' lang='lat' dir='ltr'><strong>et</strong></span> <span class='ocrx_word' id='word_1_429' title='bbox 2891 1682 3193 1738; x_wconf 80' lang='lat' dir='ltr'><strong>ministerio</strong></span> <span class='ocrx_word' id='word_1_430' title='bbox 3217 1684 3469 1739; x_wconf 80' lang='lat' dir='ltr'><strong>commil-</strong></span> 
     </span>
    </p>
   </div>
   <div class='ocr_carea' id='block_1_62' title="bbox 1896 1769 3468 1838">
    <p class='ocr_par' dir='ltr' id='par_1_62' title="bbox 1896 1769 3468 1838">
     <span class='ocr_line' id='line_1_62' title="bbox 1896 1769 3468 1838; baseline 0.004 -16"><span class='ocrx_word' id='word_1_431' title='bbox 1896 1769 2123 1824; x_wconf 88' lang='lat' dir='ltr'><strong>tebatur.</strong></span> <span class='ocrx_word' id='word_1_432' title='bbox 2187 1771 2337 1838; x_wconf 87' lang='lat' dir='ltr'><strong>Quod</strong></span> <span class='ocrx_word' id='word_1_433' title='bbox 2353 1788 2546 1827; x_wconf 87' lang='lat' dir='ltr'><strong>munus</strong></span> <span class='ocrx_word' id='word_1_434' title='bbox 2582 1773 3110 1828; x_wconf 78' lang='lat' dir='ltr'><strong>consummandorum</strong></span> <span class='ocrx_word' id='word_1_435' title='bbox 3149 1777 3468 1830; x_wconf 61' lang='lat' dir='ltr'><strong>causarium</strong></span> 
     </span>
    </p>
   </div>
   <div class='ocr_carea' id='block_1_63' title="bbox 1891 1863 3366 1934">
    <p class='ocr_par' dir='ltr' id='par_1_63' title="bbox 1891 1863 3366 1934">
     <span class='ocr_line' id='line_1_63' title="bbox 1891 1863 3366 1934; baseline 0.001 -18"><span class='ocrx_word' id='word_1_436' title='bbox 1891 1872 2339 1916; x_wconf 82' lang='lat' dir='ltr'><strong>sacramentorum</strong></span> <span class='ocrx_word' id='word_1_437' title='bbox 2368 1863 2648 1933; x_wconf 88' lang='lat' dir='ltr'><strong>aptissime</strong></span> <span class='ocrx_word' id='word_1_438' title='bbox 2680 1863 2876 1918; x_wconf 80' lang='lat' dir='ltr'><strong>ibidem</strong></span> <span class='ocrx_word' id='word_1_439' title='bbox 2905 1865 3227 1934; x_wconf 84' lang='lat' dir='ltr'><strong>appellatur.</strong></span> <span class='ocrx_word' id='word_1_440' title='bbox 3270 1865 3366 1919; x_wconf 85' lang='lat' dir='ltr'><strong>Pa.</strong></span> 
     </span>
    </p>
   </div>
   <div class='ocr_carea' id='block_1_64' title="bbox 1963 1953 3471 2026">
    <p class='ocr_par' dir='ltr' id='par_1_64' title="bbox 1963 1953 3471 2026">
     <span class='ocr_line' id='line_1_64' title="bbox 1963 1953 3471 2026; baseline 0.003 -19"><span class='ocrx_word' id='word_1_441' title='bbox 1963 1953 2032 2007; x_wconf 87' lang='lat' dir='ltr'><strong>Et</strong></span> <span class='ocrx_word' id='word_1_442' title='bbox 2067 1953 2355 2007; x_wconf 85' lang='lat' dir='ltr'><strong>concilium</strong></span> <span class='ocrx_word' id='word_1_443' title='bbox 2390 1954 2828 2026; x_wconf 80' lang='lat' dir='ltr'><strong>Aquisgranense</strong></span> <span class='ocrx_word' id='word_1_444' title='bbox 2867 1956 3107 2010; x_wconf 83' lang='lat' dir='ltr'><strong>habitum</strong></span> <span class='ocrx_word' id='word_1_445' title='bbox 3135 1956 3201 2010; x_wconf 83' lang='lat' dir='ltr'><strong>A.</strong></span> <span class='ocrx_word' id='word_1_446' title='bbox 3251 1957 3314 2010; x_wconf 79' lang='grc' dir='ltr'><strong>Β.</strong></span> <span class='ocrx_word' id='word_1_447' title='bbox 3344 1957 3471 2018; x_wconf 78' lang='lat' dir='ltr'><strong>8l6.</strong></span> 
     </span>
    </p>
   </div>
   <div class='ocr_carea' id='block_1_65' title="bbox 1894 2041 3474 2113">
    <p class='ocr_par' dir='ltr' id='par_1_65' title="bbox 1894 2041 3474 2113">
     <span class='ocr_line' id='line_1_65' title="bbox 1894 2041 3474 2113; baseline 0.003 -17"><span class='ocrx_word' id='word_1_448' title='bbox 1894 2059 1946 2113; x_wconf 91' lang='lat' dir='ltr'><strong>p.</strong></span> <span class='ocrx_word' id='word_1_449' title='bbox 1977 2041 2100 2108; x_wconf 76' lang='lat'><strong>533,</strong></span> <span class='ocrx_word' id='word_1_450' title='bbox 2129 2042 2257 2096; x_wconf 86' lang='lat' dir='ltr'><strong>edit.</strong></span> <span class='ocrx_word' id='word_1_451' title='bbox 2292 2042 2597 2107; x_wconf 89' lang='lat' dir='ltr'><strong>Sirmondi,</strong></span> <span class='ocrx_word' id='word_1_452' title='bbox 2623 2059 2750 2113; x_wconf 86' lang='lat' dir='ltr'><strong>cap.</strong></span> <span class='ocrx_word' id='word_1_453' title='bbox 2789 2043 2820 2096; x_wconf 88' lang='lat'><strong>7</strong></span> <span class='ocrx_word' id='word_1_454' title='bbox 2849 2058 2864 2096; x_wconf 89' lang='lat'><strong>:</strong></span> <span class='ocrx_word' id='word_1_455' title='bbox 2895 2043 3022 2098; x_wconf 87' lang='lat' dir='ltr'><strong>Sine</strong></span> <span class='ocrx_word' id='word_1_456' title='bbox 3056 2044 3185 2113; x_wconf 83' lang='lat' dir='ltr'><strong>ipsis</strong></span> <span class='ocrx_word' id='word_1_457' title='bbox 3228 2046 3474 2100; x_wconf 81' lang='lat' dir='ltr'><strong>sacerdos</strong></span> 
     </span>
    </p>
   </div>
   <div class='ocr_carea' id='block_1_66' title="bbox 1895 2132 3476 2203">
    <p class='ocr_par' dir='ltr' id='par_1_66' title="bbox 1895 2132 3476 2203">
     <span class='ocr_line' id='line_1_66' title="bbox 1895 2132 3476 2203; baseline 0.001 -17"><span class='ocrx_word' id='word_1_458' title='bbox 1895 2149 2082 2187; x_wconf 88' lang='lat' dir='ltr'><strong>nomen</strong></span> <span class='ocrx_word' id='word_1_459' title='bbox 2114 2133 2526 2203; x_wconf 78' lang='lat' dir='ltr'><strong>habet,ofﬁcium</strong></span> <span class='ocrx_word' id='word_1_460' title='bbox 2553 2149 2656 2186; x_wconf 88' lang='lat' dir='ltr'><strong>non</strong></span> <span class='ocrx_word' id='word_1_461' title='bbox 2681 2132 2857 2197; x_wconf 89' lang='lat' dir='ltr'><strong>habet,</strong></span> <span class='ocrx_word' id='word_1_462' title='bbox 2889 2149 3010 2186; x_wconf 90' lang='lat' dir='ltr'><strong>nam</strong></span> <span class='ocrx_word' id='word_1_463' title='bbox 3043 2135 3176 2188; x_wconf 83' lang='lat' dir='ltr'><strong>sicut</strong></span> <span class='ocrx_word' id='word_1_464' title='bbox 3210 2135 3266 2188; x_wconf 85' lang='lat' dir='ltr'><strong>in</strong></span> <span class='ocrx_word' id='word_1_465' title='bbox 3299 2151 3476 2189; x_wconf 78' lang='lat' dir='ltr'><strong>sacer-</strong></span> 
     </span>
    </p>
   </div>
   <div class='ocr_carea' id='block_1_67' title="bbox 1894 2224 3478 2296">
    <p class='ocr_par' dir='ltr' id='par_1_67' title="bbox 1894 2224 3478 2296">
     <span class='ocr_line' id='line_1_67' title="bbox 1894 2224 3478 2296; baseline 0 -16"><span class='ocrx_word' id='word_1_466' title='bbox 1894 2227 2015 2280; x_wconf 86' lang='lat' dir='ltr'><strong>dote</strong></span> <span class='ocrx_word' id='word_1_467' title='bbox 2035 2227 2373 2290; x_wconf 88' lang='lat' dir='ltr'><strong>consecratio,</strong></span> <span class='ocrx_word' id='word_1_468' title='bbox 2406 2227 2482 2279; x_wconf 90' lang='lat' dir='ltr'><strong>itu</strong></span> <span class='ocrx_word' id='word_1_469' title='bbox 2515 2235 2562 2279; x_wconf 88' lang='lat' dir='ltr'><strong>et</strong></span> <span class='ocrx_word' id='word_1_470' title='bbox 2593 2226 2647 2278; x_wconf 89' lang='lat' dir='ltr'><strong>in</strong></span> <span class='ocrx_word' id='word_1_471' title='bbox 2678 2224 2916 2278; x_wconf 85' lang='lat' dir='ltr'><strong>ministro</strong></span> <span class='ocrx_word' id='word_1_472' title='bbox 2946 2226 3263 2296; x_wconf 84' lang='lat' dir='ltr'><strong>dispensatio</strong></span> <span class='ocrx_word' id='word_1_473' title='bbox 3293 2243 3478 2281; x_wconf 81' lang='lat' dir='ltr'><strong>sacru-</strong></span> 
     </span>
    </p>
   </div>
   <div class='ocr_carea' id='block_1_68' title="bbox 1895 2314 3475 2381">
    <p class='ocr_par' dir='ltr' id='par_1_68' title="bbox 1895 2314 3475 2381">
     <span class='ocr_line' id='line_1_68' title="bbox 1895 2314 3475 2381; baseline 0.001 -11"><span class='ocrx_word' id='word_1_474' title='bbox 1895 2320 2054 2370; x_wconf 84' lang='lat' dir='ltr'><strong>menti</strong></span> <span class='ocrx_word' id='word_1_475' title='bbox 2104 2326 2198 2381; x_wconf 86' lang='lat' dir='ltr'><strong>est,</strong></span> <span class='ocrx_word' id='word_1_476' title='bbox 2243 2326 2348 2370; x_wconf 84' lang='lat' dir='ltr'><strong>etc.</strong></span> <span class='ocrx_word' id='word_1_477' title='bbox 2411 2315 2609 2370; x_wconf 87' lang='lat' dir='ltr'><strong>Eadem</strong></span> <span class='ocrx_word' id='word_1_478' title='bbox 2658 2314 2918 2379; x_wconf 82' lang='lat' dir='ltr'><strong>Isidorus,</strong></span> <span class='ocrx_word' id='word_1_479' title='bbox 2969 2316 3064 2372; x_wconf 85' lang='lat' dir='ltr'><strong>lib.</strong></span> <span class='ocrx_word' id='word_1_480' title='bbox 3112 2332 3152 2372; x_wconf 82' lang='lat' dir='ltr'><strong>tt</strong></span> <span class='ocrx_word' id='word_1_481' title='bbox 3203 2317 3278 2371; x_wconf 90' lang='lat' dir='ltr'><strong>De</strong></span> <span class='ocrx_word' id='word_1_482' title='bbox 3332 2316 3475 2371; x_wconf 83' lang='lat' dir='ltr'><strong>olIic.</strong></span> 
     </span>
    </p>
   </div>
   <div class='ocr_carea' id='block_1_69' title="bbox 1897 2405 2468 2476">
    <p class='ocr_par' dir='ltr' id='par_1_69' title="bbox 1897 2405 2468 2476">
     <span class='ocr_line' id='line_1_69' title="bbox 1897 2405 2468 2476; baseline -0.005 -14"><span class='ocrx_word' id='word_1_483' title='bbox 1897 2405 2232 2471; x_wconf 83' lang='lat' dir='ltr'><strong>ecclesiast.,</strong></span> <span class='ocrx_word' id='word_1_484' title='bbox 2265 2421 2386 2476; x_wconf 87' lang='lat' dir='ltr'><strong>cap.</strong></span> <span class='ocrx_word' id='word_1_485' title='bbox 2415 2407 2468 2462; x_wconf 92' lang='lat'><strong>8.</strong></span> 
     </span>
    </p>
   </div>
   <div class='ocr_carea' id='block_1_70' title="bbox 1974 2514 3481 2586">
    <p class='ocr_par' dir='ltr' id='par_1_70' title="bbox 1974 2514 3481 2586">
     <span class='ocr_line' id='line_1_70' title="bbox 1974 2514 3481 2586; baseline 0.002 -18"><span class='ocrx_word' id='word_1_486' title='bbox 1974 2514 2086 2585; x_wconf 71' lang='lat'><strong>(7‘2)</strong></span> <span class='ocrx_word' id='word_1_487' title='bbox 2126 2514 2319 2570; x_wconf 82' lang='lat' dir='ltr'><strong>Oblata</strong></span> <span class='ocrx_word' id='word_1_488' title='bbox 2372 2526 2602 2586; x_wconf 85' lang='lat' dir='ltr'><strong>quatuor</strong></span> <span class='ocrx_word' id='word_1_489' title='bbox 2650 2526 2824 2586; x_wconf 85' lang='lat' dir='ltr'><strong>partes</strong></span> <span class='ocrx_word' id='word_1_490' title='bbox 2861 2516 3044 2570; x_wconf 83' lang='lat' dir='ltr'><strong>colicis</strong></span> <span class='ocrx_word' id='word_1_491' title='bbox 3088 2526 3288 2586; x_wconf 83' lang='lat' dir='ltr'><strong>tangat.</strong></span> <span class='ocrx_word' id='word_1_492' title='bbox 3335 2517 3481 2571; x_wconf 84' lang='lat' dir='ltr'><strong>Idem</strong></span> 
     </span>
    </p>
   </div>
   <div class='ocr_carea' id='block_1_71' title="bbox 1900 2605 3481 2677">
    <p class='ocr_par' dir='ltr' id='par_1_71' title="bbox 1900 2605 3481 2677">
     <span class='ocr_line' id='line_1_71' title="bbox 1900 2605 3481 2677; baseline 0.001 -17"><span class='ocrx_word' id='word_1_493' title='bbox 1900 2607 2132 2661; x_wconf 84' lang='lat' dir='ltr'><strong>habetur</strong></span> <span class='ocrx_word' id='word_1_494' title='bbox 2154 2607 2294 2675; x_wconf 88' lang='lat' dir='ltr'><strong>apud</strong></span> <span class='ocrx_word' id='word_1_495' title='bbox 2321 2606 2537 2660; x_wconf 85' lang='lat' dir='ltr'><strong>lvonem</strong></span> <span class='ocrx_word' id='word_1_496' title='bbox 2565 2605 2976 2670; x_wconf 85' lang='lat' dir='ltr'><strong>Carnotensem,</strong></span> <span class='ocrx_word' id='word_1_497' title='bbox 3013 2608 3172 2677; x_wconf 61' lang='lat' dir='ltr'><strong>epist.</strong></span> <span class='ocrx_word' id='word_1_498' title='bbox 3203 2607 3328 2674; x_wconf 70' lang='grc'><strong>255,</strong></span> <span class='ocrx_word' id='word_1_499' title='bbox 3349 2607 3481 2663; x_wconf 79' lang='lat' dir='ltr'><strong>etin</strong></span> 
     </span>
    </p>
   </div>
   <div class='ocr_carea' id='block_1_72' title="bbox 1899 2682 3482 2767">
    <p class='ocr_par' dir='ltr' id='par_1_72' title="bbox 1899 2682 3482 2767">
     <span class='ocr_line' id='line_1_72' title="bbox 1899 2682 3482 2767; baseline 0 -15"><span class='ocrx_word' id='word_1_500' title='bbox 1899 2695 2100 2752; x_wconf 86' lang='lat' dir='ltr'><strong>Ordine</strong></span> <span class='ocrx_word' id='word_1_501' title='bbox 2128 2682 2393 2762; x_wconf 55' lang='lat' dir='ltr'><strong>Romani},</strong></span> <span class='ocrx_word' id='word_1_502' title='bbox 2428 2696 2481 2750; x_wconf 91' lang='lat' dir='ltr'><strong>in</strong></span> <span class='ocrx_word' id='word_1_503' title='bbox 2514 2697 2738 2765; x_wconf 90' lang='lat' dir='ltr'><strong>antiquo</strong></span> <span class='ocrx_word' id='word_1_504' title='bbox 2771 2698 2959 2752; x_wconf 77' lang='lat' dir='ltr'><strong>ordine</strong></span> <span class='ocrx_word' id='word_1_505' title='bbox 2988 2698 3168 2752; x_wconf 67' lang='lat' dir='ltr'><strong>missa:</strong></span> <span class='ocrx_word' id='word_1_506' title='bbox 3193 2715 3207 2751; x_wconf 87' lang='lat'>:</span> <span class='ocrx_word' id='word_1_507' title='bbox 3235 2696 3482 2767; x_wconf 68' lang='lat' dir='ltr'><strong>Pontifex</strong></span> 
     </span>
    </p>
   </div>
   <div class='ocr_carea' id='block_1_73' title="bbox 1901 2786 3484 2857">
    <p class='ocr_par' dir='ltr' id='par_1_73' title="bbox 1901 2786 3484 2857">
     <span class='ocr_line' id='line_1_73' title="bbox 1901 2786 3484 2857; baseline 0.002 -17"><span class='ocrx_word' id='word_1_508' title='bbox 1901 2803 1929 2840; x_wconf 90' lang='lat' dir='ltr'><strong>e</strong></span> <span class='ocrx_word' id='word_1_509' title='bbox 1954 2786 2116 2841; x_wconf 88' lang='lat' dir='ltr'><strong>latere</strong></span> <span class='ocrx_word' id='word_1_510' title='bbox 2137 2787 2304 2857; x_wconf 90' lang='lat' dir='ltr'><strong>tangit</strong></span> <span class='ocrx_word' id='word_1_511' title='bbox 2353 2787 2569 2841; x_wconf 88' lang='lat' dir='ltr'><strong>calicem</strong></span> <span class='ocrx_word' id='word_1_512' title='bbox 2595 2787 2728 2841; x_wconf 86' lang='lat' dir='ltr'><strong>duas</strong></span> <span class='ocrx_word' id='word_1_513' title='bbox 2748 2787 2948 2856; x_wconf 74' lang='lat' dir='ltr'><strong>faciens</strong></span> <span class='ocrx_word' id='word_1_514' title='bbox 2971 2804 3168 2842; x_wconf 86' lang='lat' dir='ltr'><strong>cruces.</strong></span> <span class='ocrx_word' id='word_1_515' title='bbox 3187 2788 3319 2842; x_wconf 87' lang='lat' dir='ltr'><strong>Tres</strong></span> <span class='ocrx_word' id='word_1_516' title='bbox 3338 2802 3484 2844; x_wconf 87' lang='lat' dir='ltr'><strong>nunc</strong></span> 
     </span>
    </p>
   </div>
   <div class='ocr_carea' id='block_1_74' title="bbox 1904 2877 3483 2944">
    <p class='ocr_par' dir='ltr' id='par_1_74' title="bbox 1904 2877 3483 2944">
     <span class='ocr_line' id='line_1_74' title="bbox 1904 2877 3483 2944; baseline 0.001 -12"><span class='ocrx_word' id='word_1_517' title='bbox 1904 2878 2204 2933; x_wconf 82' lang='lat' dir='ltr'><strong>formantur</strong></span> <span class='ocrx_word' id='word_1_518' title='bbox 2217 2893 2436 2944; x_wconf 86' lang='lat' dir='ltr'><strong>cruces;</strong></span> <span class='ocrx_word' id='word_1_519' title='bbox 2463 2886 2682 2932; x_wconf 90' lang='lat' dir='ltr'><strong>monent</strong></span> <span class='ocrx_word' id='word_1_520' title='bbox 2698 2885 2877 2932; x_wconf 83' lang='lat' dir='ltr'><strong>autem</strong></span> <span class='ocrx_word' id='word_1_521' title='bbox 2895 2877 3230 2932; x_wconf 85' lang='lat' dir='ltr'><strong>rubricarum</strong></span> <span class='ocrx_word' id='word_1_522' title='bbox 3253 2877 3483 2933; x_wconf 76' lang='lat' dir='ltr'><strong>Missalis</strong></span> 
     </span>
    </p>
   </div>
   <div class='ocr_carea' id='block_1_75' title="bbox 1906 2967 3485 3037">
    <p class='ocr_par' dir='ltr' id='par_1_75' title="bbox 1906 2967 3485 3037">
     <span class='ocr_line' id='line_1_75' title="bbox 1906 2967 3485 3037; baseline -0.001 -14"><span class='ocrx_word' id='word_1_523' title='bbox 1906 2975 2362 3023; x_wconf 81' lang='lat' dir='ltr'><strong>commentatores</strong></span> <span class='ocrx_word' id='word_1_524' title='bbox 2390 2967 2718 3029; x_wconf 82' lang='lat' dir='ltr'><strong>cavendum,</strong></span> <span class='ocrx_word' id='word_1_525' title='bbox 2761 2967 2922 3037; x_wconf 72' lang='lat'><strong>108</strong></span> <span class='ocrx_word' id='word_1_526' title='bbox 2957 2982 3023 3021; x_wconf 91' lang='lat' dir='ltr'><strong>ne</strong></span> <span class='ocrx_word' id='word_1_527' title='bbox 3057 2968 3236 3022; x_wconf 87' lang='lat' dir='ltr'><strong>oblata</strong></span> <span class='ocrx_word' id='word_1_528' title='bbox 3285 2969 3485 3023; x_wconf 85' lang='lat' dir='ltr'><strong>labiutn</strong></span> 
     </span>
    </p>
   </div>
   <div class='ocr_carea' id='block_1_76' title="bbox 1905 3061 3488 3130">
    <p class='ocr_par' dir='ltr' id='par_1_76' title="bbox 1905 3061 3488 3130">
     <span class='ocr_line' id='line_1_76' title="bbox 1905 3061 3488 3130; baseline -0.002 -13"><span class='ocrx_word' id='word_1_529' title='bbox 1905 3062 2089 3117; x_wconf 89' lang='lat' dir='ltr'><strong>calicis</strong></span> <span class='ocrx_word' id='word_1_530' title='bbox 2142 3070 2326 3130; x_wconf 78' lang='lat' dir='ltr'><strong>tangat</strong></span> <span class='ocrx_word' id='word_1_531' title='bbox 2370 3062 2582 3126; x_wconf 88' lang='lat' dir='ltr'><strong>hostia,</strong></span> <span class='ocrx_word' id='word_1_532' title='bbox 2627 3077 2696 3116; x_wconf 92' lang='lat' dir='ltr'><strong>ne</strong></span> <span class='ocrx_word' id='word_1_533' title='bbox 2741 3061 3044 3128; x_wconf 79' lang='lat' dir='ltr'><strong>fragmenta</strong></span> <span class='ocrx_word' id='word_1_534' title='bbox 3085 3061 3214 3115; x_wconf 85' lang='lat' dir='ltr'><strong>inde</strong></span> <span class='ocrx_word' id='word_1_535' title='bbox 3245 3061 3400 3126; x_wconf 80' lang='lat' dir='ltr'><strong>ﬁant,</strong></span> <span class='ocrx_word' id='word_1_536' title='bbox 3429 3069 3488 3116; x_wconf 69' lang='lat' dir='ltr'><strong>et</strong></span> 
     </span>
    </p>
   </div>
   <div class='ocr_carea' id='block_1_77' title="bbox 1905 3149 3091 3208">
    <p class='ocr_par' dir='ltr' id='par_1_77' title="bbox 1905 3149 3091 3208">
     <span class='ocr_line' id='line_1_77' title="bbox 1905 3149 3091 3208; baseline -0.004 0"><span class='ocrx_word' id='word_1_537' title='bbox 1905 3153 2047 3208; x_wconf 87' lang='lat' dir='ltr'><strong>inter</strong></span> <span class='ocrx_word' id='word_1_538' title='bbox 2072 3152 2205 3208; x_wconf 91' lang='lat' dir='ltr'><strong>alios</strong></span> <span class='ocrx_word' id='word_1_539' title='bbox 2231 3151 2656 3207; x_wconf 61' lang='lat' dir='ltr'><strong>Bartbolomasus</strong></span> <span class='ocrx_word' id='word_1_540' title='bbox 2688 3149 2966 3206; x_wconf 84' lang='lat' dir='ltr'><strong>Gavantus</strong></span> <span class='ocrx_word' id='word_1_541' title='bbox 3000 3150 3091 3205; x_wconf 90' lang='lat' dir='ltr'><strong>ibi.</strong></span> 
     </span>
    </p>
   </div>
   <div class='ocr_carea' id='block_1_78' title="bbox 1974 3262 3486 3337">
    <p class='ocr_par' dir='ltr' id='par_1_78' title="bbox 1974 3262 3486 3337">
     <span class='ocr_line' id='line_1_78' title="bbox 1974 3262 3486 3337; baseline -0.001 -19"><span class='ocrx_word' id='word_1_542' title='bbox 1974 3267 2090 3337; x_wconf 79' lang='lat'><strong>(73)</strong></span> <span class='ocrx_word' id='word_1_543' title='bbox 2129 3264 2380 3319; x_wconf 89' lang='lat' dir='ltr'><strong>Oratione</strong></span> <span class='ocrx_word' id='word_1_544' title='bbox 2399 3263 2551 3332; x_wconf 80' lang='lat' dir='ltr'><strong>ﬁnita</strong></span> <span class='ocrx_word' id='word_1_545' title='bbox 2570 3272 2785 3334; x_wconf 82' lang='lat' dir='ltr'><strong>uterque</strong></span> <span class='ocrx_word' id='word_1_546' title='bbox 2807 3263 3020 3317; x_wconf 81' lang='lat' dir='ltr'><strong>calicem</strong></span> <span class='ocrx_word' id='word_1_547' title='bbox 3047 3262 3233 3328; x_wconf 83' lang='lat' dir='ltr'><strong>levent,</strong></span> <span class='ocrx_word' id='word_1_548' title='bbox 3257 3275 3303 3318; x_wconf 88' lang='lat' dir='ltr'><strong>et</strong></span> <span class='ocrx_word' id='word_1_549' title='bbox 3326 3263 3486 3318; x_wconf 87' lang='lat' dir='ltr'><strong>simul</strong></span> 
     </span>
    </p>
   </div>
   <div class='ocr_carea' id='block_1_79' title="bbox 1907 3353 3475 3424">
    <p class='ocr_par' dir='ltr' id='par_1_79' title="bbox 1907 3353 3475 3424">
     <span class='ocr_line' id='line_1_79' title="bbox 1907 3353 3475 3424; baseline -0.001 -15"><span class='ocrx_word' id='word_1_550' title='bbox 1907 3364 2102 3423; x_wconf 81' lang='lat' dir='ltr'><strong>ponant</strong></span> <span class='ocrx_word' id='word_1_551' title='bbox 2132 3363 2179 3409; x_wconf 89' lang='lat' dir='ltr'><strong>et</strong></span> <span class='ocrx_word' id='word_1_552' title='bbox 2201 3356 2521 3424; x_wconf 87' lang='lat' dir='ltr'><strong>cooperiant.</strong></span> <span class='ocrx_word' id='word_1_553' title='bbox 2581 3353 2750 3408; x_wconf 83' lang='lat' dir='ltr'><strong>Hodie</strong></span> <span class='ocrx_word' id='word_1_554' title='bbox 2788 3353 3048 3410; x_wconf 85' lang='lat' dir='ltr'><strong>diaconus</strong></span> <span class='ocrx_word' id='word_1_555' title='bbox 3077 3369 3180 3409; x_wconf 92' lang='lat' dir='ltr'><strong>non</strong></span> <span class='ocrx_word' id='word_1_556' title='bbox 3213 3355 3352 3409; x_wconf 80' lang='lat' dir='ltr'><strong>levat</strong></span> <span class='ocrx_word' id='word_1_557' title='bbox 3381 3370 3475 3408; x_wconf 87' lang='lat' dir='ltr'><strong>ca-</strong></span> 
     </span>
    </p>
   </div>
   <div class='ocr_carea' id='block_1_80' title="bbox 1911 3430 3491 3511">
    <p class='ocr_par' dir='ltr' id='par_1_80' title="bbox 1911 3430 3491 3511">
     <span class='ocr_line' id='line_1_80' title="bbox 1911 3430 3491 3511; baseline -0.003 -11"><span class='ocrx_word' id='word_1_558' title='bbox 1911 3430 2100 3510; x_wconf 82' lang='lat' dir='ltr'><strong>licem,</strong></span> <span class='ocrx_word' id='word_1_559' title='bbox 2131 3443 2224 3499; x_wconf 89' lang='lat' dir='ltr'><strong>sed</strong></span> <span class='ocrx_word' id='word_1_560' title='bbox 2261 3453 2468 3497; x_wconf 88' lang='lat' dir='ltr'><strong>tantum</strong></span> <span class='ocrx_word' id='word_1_561' title='bbox 2499 3442 2856 3511; x_wconf 85' lang='lat' dir='ltr'><strong>discooperit,</strong></span> <span class='ocrx_word' id='word_1_562' title='bbox 2891 3450 2947 3496; x_wconf 83' lang='lat' dir='ltr'><strong>et</strong></span> <span class='ocrx_word' id='word_1_563' title='bbox 2977 3451 3098 3511; x_wconf 90' lang='lat' dir='ltr'><strong>post</strong></span> <span class='ocrx_word' id='word_1_564' title='bbox 3132 3442 3491 3499; x_wconf 85' lang='lat' dir='ltr'><strong>elevationem</strong></span> 
     </span>
    </p>
   </div>
   <div class='ocr_carea' id='block_1_81' title="bbox 1911 3531 3489 3604">
    <p class='ocr_par' dir='ltr' id='par_1_81' title="bbox 1911 3531 3489 3604">
     <span class='ocr_line' id='line_1_81' title="bbox 1911 3531 3489 3604; baseline -0.004 -15"><span class='ocrx_word' id='word_1_565' title='bbox 1911 3533 2174 3604; x_wconf 90' lang='lat' dir='ltr'><strong>cooperit.</strong></span> <span class='ocrx_word' id='word_1_566' title='bbox 2200 3531 2338 3587; x_wconf 91' lang='lat' dir='ltr'><strong>Olim</strong></span> <span class='ocrx_word' id='word_1_567' title='bbox 2353 3532 2492 3588; x_wconf 80' lang='lat' dir='ltr'><strong>calix</strong></span> <span class='ocrx_word' id='word_1_568' title='bbox 2518 3531 2800 3585; x_wconf 83' lang='lat' dir='ltr'><strong>levabatur</strong></span> <span class='ocrx_word' id='word_1_569' title='bbox 2824 3544 2854 3584; x_wconf 90' lang='lat' dir='ltr'><strong>a</strong></span> <span class='ocrx_word' id='word_1_570' title='bbox 2876 3531 3157 3586; x_wconf 88' lang='lat' dir='ltr'><strong>sacerdote</strong></span> <span class='ocrx_word' id='word_1_571' title='bbox 3171 3541 3222 3586; x_wconf 89' lang='lat' dir='ltr'><strong>et</strong></span> <span class='ocrx_word' id='word_1_572' title='bbox 3240 3531 3489 3596; x_wconf 88' lang='lat' dir='ltr'><strong>diacono,</strong></span> 
     </span>
    </p>
   </div>
   <div class='ocr_carea' id='block_1_82' title="bbox 1911 3620 3493 3692">
    <p class='ocr_par' dir='ltr' id='par_1_82' title="bbox 1911 3620 3493 3692">
     <span class='ocr_line' id='line_1_82' title="bbox 1911 3620 3493 3692; baseline -0.003 -11"><span class='ocrx_word' id='word_1_573' title='bbox 1911 3625 2152 3682; x_wconf 89' lang='lat' dir='ltr'><strong>simulet</strong></span> <span class='ocrx_word' id='word_1_574' title='bbox 2179 3624 2579 3692; x_wconf 88' lang='lat' dir='ltr'><strong>deponebatur;</strong></span> <span class='ocrx_word' id='word_1_575' title='bbox 2625 3637 2813 3677; x_wconf 85' lang='lat' dir='ltr'><strong>verum</strong></span> <span class='ocrx_word' id='word_1_576' title='bbox 2859 3637 2965 3677; x_wconf 92' lang='lat' dir='ltr'><strong>nou</strong></span> <span class='ocrx_word' id='word_1_577' title='bbox 3008 3622 3154 3678; x_wconf 88' lang='lat' dir='ltr'><strong>solus</strong></span> <span class='ocrx_word' id='word_1_578' title='bbox 3194 3620 3365 3687; x_wconf 82' lang='lat' dir='ltr'><strong>calix,</strong></span> <span class='ocrx_word' id='word_1_579' title='bbox 3395 3623 3493 3677; x_wconf 88' lang='lat' dir='ltr'><strong>sed</strong></span> 
     </span>
    </p>
   </div>
   <div class='ocr_carea' id='block_1_83' title="bbox 1911 3712 3488 3783">
    <p class='ocr_par' dir='ltr' id='par_1_83' title="bbox 1911 3712 3488 3783">
     <span class='ocr_line' id='line_1_83' title="bbox 1911 3712 3488 3783; baseline -0.003 -13"><span class='ocrx_word' id='word_1_580' title='bbox 1911 3715 2076 3770; x_wconf 88' lang='lat' dir='ltr'><strong>etiam</strong></span> <span class='ocrx_word' id='word_1_581' title='bbox 2107 3714 2281 3768; x_wconf 86' lang='lat' dir='ltr'><strong>hostia</strong></span> <span class='ocrx_word' id='word_1_582' title='bbox 2314 3715 2366 3767; x_wconf 90' lang='lat' dir='ltr'><strong>in</strong></span> <span class='ocrx_word' id='word_1_583' title='bbox 2398 3722 2593 3783; x_wconf 87' lang='lat' dir='ltr'><strong>patena</strong></span> <span class='ocrx_word' id='word_1_584' title='bbox 2621 3713 2776 3768; x_wconf 91' lang='lat' dir='ltr'><strong>calici</strong></span> <span class='ocrx_word' id='word_1_585' title='bbox 2805 3712 3165 3781; x_wconf 86' lang='lat' dir='ltr'><strong>superposita,</strong></span> <span class='ocrx_word' id='word_1_586' title='bbox 3189 3721 3248 3767; x_wconf 89' lang='lat' dir='ltr'><strong>ut</strong></span> <span class='ocrx_word' id='word_1_587' title='bbox 3271 3713 3488 3782; x_wconf 88' lang='lat' dir='ltr'><strong>planum</strong></span> 
     </span>
    </p>
   </div>
   <div class='ocr_carea' id='block_1_84' title="bbox 1913 3801 3489 3871">
    <p class='ocr_par' dir='ltr' id='par_1_84' title="bbox 1913 3801 3489 3871">
     <span class='ocr_line' id='line_1_84' title="bbox 1913 3801 3489 3871; baseline -0.001 -13"><span class='ocrx_word' id='word_1_588' title='bbox 1913 3813 1996 3858; x_wconf 85' lang='lat' dir='ltr'><strong>est</strong></span> <span class='ocrx_word' id='word_1_589' title='bbox 2024 3819 2092 3858; x_wconf 81' lang='lat' dir='ltr'><strong>ex</strong></span> <span class='ocrx_word' id='word_1_590' title='bbox 2117 3803 2278 3857; x_wconf 87' lang='lat' dir='ltr'><strong>lvone</strong></span> <span class='ocrx_word' id='word_1_591' title='bbox 2302 3802 2649 3868; x_wconf 87' lang='lat' dir='ltr'><strong>Carnotensi,</strong></span> <span class='ocrx_word' id='word_1_592' title='bbox 2691 3802 2851 3871; x_wconf 84' lang='lat' dir='ltr'><strong>epist.</strong></span> <span class='ocrx_word' id='word_1_593' title='bbox 2878 3801 3005 3857; x_wconf 75' lang='lat'><strong>255.</strong></span> <span class='ocrx_word' id='word_1_594' title='bbox 3035 3801 3271 3856; x_wconf 81' lang='lat' dir='ltr'><strong>Adverle</strong></span> <span class='ocrx_word' id='word_1_595' title='bbox 3311 3812 3489 3857; x_wconf 90' lang='lat' dir='ltr'><strong>autem</strong></span> 
     </span>
    </p>
   </div>
   <div class='ocr_carea' id='block_1_85' title="bbox 1913 3892 3493 3965">
    <p class='ocr_par' dir='ltr' id='par_1_85' title="bbox 1913 3892 3493 3965">
     <span class='ocr_line' id='line_1_85' title="bbox 1913 3892 3493 3965; baseline -0.001 -17"><span class='ocrx_word' id='word_1_596' title='bbox 1913 3895 2053 3965; x_wconf 87' lang='lat' dir='ltr'><strong>apud</strong></span> <span class='ocrx_word' id='word_1_597' title='bbox 2082 3903 2356 3949; x_wconf 88' lang='lat' dir='ltr'><strong>auctorem</strong></span> <span class='ocrx_word' id='word_1_598' title='bbox 2389 3902 2634 3947; x_wconf 89' lang='lat' dir='ltr'><strong>nostrum</strong></span> <span class='ocrx_word' id='word_1_599' title='bbox 2663 3892 2792 3946; x_wconf 89' lang='lat' dir='ltr'><strong>nihil</strong></span> <span class='ocrx_word' id='word_1_600' title='bbox 2817 3893 2921 3960; x_wconf 85' lang='lat' dir='ltr'><strong>legi</strong></span> <span class='ocrx_word' id='word_1_601' title='bbox 2952 3893 3018 3946; x_wconf 88' lang='lat' dir='ltr'><strong>de</strong></span> <span class='ocrx_word' id='word_1_602' title='bbox 3045 3892 3341 3946; x_wconf 78' lang='lat' dir='ltr'><strong>elevatione</strong></span> <span class='ocrx_word' id='word_1_603' title='bbox 3368 3908 3493 3948; x_wconf 90' lang='lat' dir='ltr'><strong>cor-</strong></span> 
     </span>
    </p>
   </div>
   <div class='ocr_carea' id='block_1_86' title="bbox 1914 3983 3494 4057">
    <p class='ocr_par' dir='ltr' id='par_1_86' title="bbox 1914 3983 3494 4057">
     <span class='ocr_line' id='line_1_86' title="bbox 1914 3983 3494 4057; baseline -0.003 -15"><span class='ocrx_word' id='word_1_604' title='bbox 1914 3987 2063 4057; x_wconf 88' lang='lat' dir='ltr'><strong>poris</strong></span> <span class='ocrx_word' id='word_1_605' title='bbox 2083 3995 2138 4041; x_wconf 89' lang='lat' dir='ltr'><strong>et</strong></span> <span class='ocrx_word' id='word_1_606' title='bbox 2163 3986 2441 4056; x_wconf 80' lang='lat' dir='ltr'><strong>sanguinis</strong></span> <span class='ocrx_word' id='word_1_607' title='bbox 2470 3984 2668 4040; x_wconf 89' lang='lat' dir='ltr'><strong>Christi</strong></span> <span class='ocrx_word' id='word_1_608' title='bbox 2699 3984 2946 4049; x_wconf 87' lang='lat' dir='ltr'><strong>seorsim,</strong></span> <span class='ocrx_word' id='word_1_609' title='bbox 2975 3991 3036 4037; x_wconf 90' lang='lat' dir='ltr'><strong>ut</strong></span> <span class='ocrx_word' id='word_1_610' title='bbox 3068 3983 3227 4037; x_wconf 89' lang='lat' dir='ltr'><strong>hodie</strong></span> <span class='ocrx_word' id='word_1_611' title='bbox 3253 3987 3314 4037; x_wconf 89' lang='lat' dir='ltr'><strong>lit</strong></span> <span class='ocrx_word' id='word_1_612' title='bbox 3333 3984 3494 4038; x_wconf 90' lang='lat' dir='ltr'><strong>simul</strong></span> 
     </span>
    </p>
   </div>
   <div class='ocr_carea' id='block_1_87' title="bbox 1915 4073 3495 4149">
    <p class='ocr_par' dir='ltr' id='par_1_87' title="bbox 1915 4073 3495 4149">
     <span class='ocr_line' id='line_1_87' title="bbox 1915 4073 3495 4149; baseline -0.004 -16"><span class='ocrx_word' id='word_1_613' title='bbox 1915 4089 2079 4149; x_wconf 84' lang='lat' dir='ltr'><strong>atque</strong></span> <span class='ocrx_word' id='word_1_614' title='bbox 2107 4079 2261 4147; x_wconf 90' lang='lat' dir='ltr'><strong>panis</strong></span> <span class='ocrx_word' id='word_1_615' title='bbox 2301 4087 2356 4131; x_wconf 81' lang='lat' dir='ltr'><strong>et</strong></span> <span class='ocrx_word' id='word_1_616' title='bbox 2386 4077 2564 4130; x_wconf 88' lang='lat' dir='ltr'><strong>vinum</strong></span> <span class='ocrx_word' id='word_1_617' title='bbox 2600 4081 2916 4130; x_wconf 88' lang='lat' dir='ltr'><strong>consecrata</strong></span> <span class='ocrx_word' id='word_1_618' title='bbox 2944 4082 3086 4139; x_wconf 86' lang='lat' dir='ltr'><strong>sunt,</strong></span> <span class='ocrx_word' id='word_1_619' title='bbox 3123 4082 3181 4126; x_wconf 91' lang='lat' dir='ltr'><strong>ut</strong></span> <span class='ocrx_word' id='word_1_620' title='bbox 3224 4088 3252 4126; x_wconf 91' lang='lat' dir='ltr'><strong>a</strong></span> <span class='ocrx_word' id='word_1_621' title='bbox 3297 4073 3495 4142; x_wconf 84' lang='lat' dir='ltr'><strong>populo</strong></span> 
     </span>
    </p>
   </div>
   <div class='ocr_carea' id='block_1_88' title="bbox 1915 4164 3488 4234">
    <p class='ocr_par' dir='ltr' id='par_1_88' title="bbox 1915 4164 3488 4234">
     <span class='ocr_line' id='line_1_88' title="bbox 1915 4164 3488 4234; baseline -0.007 -6"><span class='ocrx_word' id='word_1_622' title='bbox 1915 4173 2336 4228; x_wconf 83' lang='lat' dir='ltr'><strong>circurnastantc</strong></span> <span class='ocrx_word' id='word_1_623' title='bbox 2389 4168 2901 4234; x_wconf 81' lang='lat' dir='ltr'><strong>adorentttrzquem</strong></span> <span class='ocrx_word' id='word_1_624' title='bbox 2956 4164 3118 4218; x_wconf 88' lang='lat' dir='ltr'><strong>ritutn</strong></span> <span class='ocrx_word' id='word_1_625' title='bbox 3183 4179 3290 4218; x_wconf 87' lang='lat' dir='ltr'><strong>non</strong></span> <span class='ocrx_word' id='word_1_626' title='bbox 3359 4173 3488 4233; x_wconf 87' lang='lat' dir='ltr'><strong>pulo</strong></span> 
     </span>
    </p>
   </div>
   <div class='ocr_carea' id='block_1_89' title="bbox 1919 4252 3486 4327">
    <p class='ocr_par' dir='ltr' id='par_1_89' title="bbox 1919 4252 3486 4327">
     <span class='ocr_line' id='line_1_89' title="bbox 1919 4252 3486 4327; baseline -0.007 -11"><span class='ocrx_word' id='word_1_627' title='bbox 1919 4263 2053 4316; x_wconf 88' lang='lat' dir='ltr'><strong>adeo</strong></span> <span class='ocrx_word' id='word_1_628' title='bbox 2084 4275 2204 4315; x_wconf 90' lang='lat' dir='ltr'><strong>esse</strong></span> <span class='ocrx_word' id='word_1_629' title='bbox 2234 4259 2541 4327; x_wconf 72' lang='lat' dir='ltr'><strong>antiquum,</strong></span> <span class='ocrx_word' id='word_1_630' title='bbox 2572 4272 2693 4311; x_wconf 91' lang='lat' dir='ltr'><strong>cum</strong></span> <span class='ocrx_word' id='word_1_631' title='bbox 2735 4270 2833 4310; x_wconf 90' lang='lat' dir='ltr'><strong>nec</strong></span> <span class='ocrx_word' id='word_1_632' title='bbox 2863 4255 2913 4308; x_wconf 92' lang='lat' dir='ltr'><strong>in</strong></span> <span class='ocrx_word' id='word_1_633' title='bbox 2958 4253 3398 4308; x_wconf 84' lang='lat' dir='ltr'><strong>Sacratnentario</strong></span> <span class='ocrx_word' id='word_1_634' title='bbox 3426 4252 3486 4306; x_wconf 87' lang='lat' dir='ltr'><strong>S.</strong></span> 
     </span>
    </p>
   </div>
   <div class='ocr_carea' id='block_1_90' title="bbox 1918 4341 3493 4420">
    <p class='ocr_par' dir='ltr' id='par_1_90' title="bbox 1918 4341 3493 4420">
     <span class='ocr_line' id='line_1_90' title="bbox 1918 4341 3493 4420; baseline -0.007 -14"><span class='ocrx_word' id='word_1_635' title='bbox 1918 4350 2186 4420; x_wconf 85' lang='lat' dir='ltr'><strong>Gregorii,</strong></span> <span class='ocrx_word' id='word_1_636' title='bbox 2208 4361 2306 4402; x_wconf 87' lang='lat' dir='ltr'><strong>nec</strong></span> <span class='ocrx_word' id='word_1_637' title='bbox 2328 4348 2379 4401; x_wconf 92' lang='lat' dir='ltr'><strong>in</strong></span> <span class='ocrx_word' id='word_1_638' title='bbox 2404 4344 2850 4401; x_wconf 87' lang='lat' dir='ltr'><strong>Sacramentariis</strong></span> <span class='ocrx_word' id='word_1_639' title='bbox 2871 4343 3208 4404; x_wconf 82' lang='lat' dir='ltr'><strong>excusis,nec</strong></span> <span class='ocrx_word' id='word_1_640' title='bbox 3229 4342 3366 4411; x_wconf 89' lang='lat' dir='ltr'><strong>apud</strong></span> <span class='ocrx_word' id='word_1_641' title='bbox 3395 4341 3493 4395; x_wconf 81' lang='lat' dir='ltr'><strong>Pa-</strong></span> 
     </span>
    </p>
   </div>
   <div class='ocr_carea' id='block_1_91' title="bbox 230 4396 3490 4508">
    <p class='ocr_par' dir='ltr' id='par_1_91' title="bbox 230 4396 3490 4508">
     <span class='ocr_line' id='line_1_91' title="bbox 230 4396 3490 4508; baseline -0.005 -53"><span class='ocrx_word' id='word_1_642' title='bbox 230 4404 426 4458; x_wconf 80' lang='lat' dir='ltr'><strong>inchoat</strong></span> <span class='ocrx_word' id='word_1_643' title='bbox 471 4417 738 4459; x_wconf 78' lang='lat' dir='ltr'><strong>canonem</strong></span> <span class='ocrx_word' id='word_1_644' title='bbox 769 4403 906 4456; x_wconf 81' lang='lat' dir='ltr'><strong>venit</strong></span> <span class='ocrx_word' id='word_1_645' title='bbox 935 4401 1203 4471; x_wconf 86' lang='lat' dir='ltr'><strong>acolythus</strong></span> <span class='ocrx_word' id='word_1_646' title='bbox 1230 4400 1323 4452; x_wconf 85' lang='lat' dir='ltr'><strong>sub</strong></span> <span class='ocrx_word' id='word_1_647' title='bbox 1364 4399 1578 4451; x_wconf 89' lang='lat' dir='ltr'><strong>humero</strong></span> <span class='ocrx_word' id='word_1_648' title='bbox 1621 4396 1812 4450; x_wconf 90' lang='lat' dir='ltr'><strong>habens</strong></span> <span class='ocrx_word' id='word_1_649' title='bbox 1841 4417 1891 4477; x_wconf 76' lang='grc' dir='ltr'>ι)</span> <span class='ocrx_word' id='word_1_650' title='bbox 1920 4396 2973 4508; x_wconf 55' lang='lat' dir='ltr'><strong>d&#39;un‘]</strong></span> <span class='ocrx_word' id='word_1_651' title='bbox 3139 4433 3190 4486; x_wconf 70' lang='lat' dir='ltr'><strong>in</strong></span> <span class='ocrx_word' id='word_1_652' title='bbox 3220 4396 3490 4487; x_wconf 50' lang='lat' dir='ltr'><strong>véleribus</strong></span> 
     </span>
    </p>
   </div>
   <div class='ocr_carea' id='block_1_92' title="bbox 2483 4477 2498 4503">
    <p class='ocr_par' dir='ltr' id='par_1_92' title="bbox 2483 4477 2498 4503">
     <span class='ocr_line' id='line_1_92' title="bbox 2483 4477 2498 4503; baseline 0 0"><span class='ocrx_word' id='word_1_653' title='bbox 2483 4477 2498 4503; x_wconf 70' lang='grc' dir='ltr'><strong>ν</strong></span> 
     </span>
    </p>
   </div>
   <div class='ocr_carea' id='block_1_93' title="bbox 229 4493 1816 4562">
    <p class='ocr_par' dir='ltr' id='par_1_93' title="bbox 229 4493 1816 4562">
     <span class='ocr_line' id='line_1_93' title="bbox 229 4493 1816 4562; baseline -0.003 -17"><span class='ocrx_word' id='word_1_654' title='bbox 229 4495 492 4549; x_wconf 78' lang='lat' dir='ltr'><strong>sindonem</strong></span> <span class='ocrx_word' id='word_1_655' title='bbox 519 4495 580 4548; x_wconf 85' lang='lat' dir='ltr'><strong>in</strong></span> <span class='ocrx_word' id='word_1_656' title='bbox 608 4493 748 4546; x_wconf 83' lang='lat' dir='ltr'><strong>collo</strong></span> <span class='ocrx_word' id='word_1_657' title='bbox 773 4493 1008 4562; x_wconf 88' lang='lat' dir='ltr'><strong>ligatam,</strong></span> <span class='ocrx_word' id='word_1_658' title='bbox 1037 4501 1214 4544; x_wconf 87' lang='lat' dir='ltr'><strong>tenens</strong></span> <span class='ocrx_word' id='word_1_659' title='bbox 1234 4499 1474 4559; x_wconf 85' lang='lat' dir='ltr'><strong>patenum</strong></span> <span class='ocrx_word' id='word_1_660' title='bbox 1501 4498 1619 4540; x_wconf 86' lang='lat' dir='ltr'><strong>ante</strong></span> <span class='ocrx_word' id='word_1_661' title='bbox 1643 4496 1816 4555; x_wconf 86' lang='lat' dir='ltr'><strong>pectus</strong></span> 
     </span>
    </p>
   </div>
   <div class='ocr_carea' id='block_1_94' title="bbox 228 4580 1822 4656">
    <p class='ocr_par' dir='ltr' id='par_1_94' title="bbox 228 4580 1822 4656">
     <span class='ocr_line' id='line_1_94' title="bbox 228 4580 1822 4656; baseline -0.003 -19"><span class='ocrx_word' id='word_1_662' title='bbox 228 4602 366 4639; x_wconf 85' lang='lat' dir='ltr'><strong>suum</strong></span> <span class='ocrx_word' id='word_1_663' title='bbox 398 4589 457 4640; x_wconf 88' lang='lat' dir='ltr'><strong>in</strong></span> <span class='ocrx_word' id='word_1_664' title='bbox 477 4595 639 4656; x_wconf 86' lang='lat' dir='ltr'><strong>parte</strong></span> <span class='ocrx_word' id='word_1_665' title='bbox 668 4584 882 4638; x_wconf 67' lang='lat' dir='ltr'><strong>dextera</strong></span> <span class='ocrx_word' id='word_1_666' title='bbox 912 4600 1072 4654; x_wconf 88' lang='lat' dir='ltr'><strong>usque</strong></span> <span class='ocrx_word' id='word_1_667' title='bbox 1101 4583 1170 4636; x_wconf 92' lang='lat' dir='ltr'><strong>ad</strong></span> <span class='ocrx_word' id='word_1_668' title='bbox 1196 4582 1424 4635; x_wconf 87' lang='lat' dir='ltr'><strong>medium</strong></span> <span class='ocrx_word' id='word_1_669' title='bbox 1456 4596 1728 4633; x_wconf 88' lang='lat' dir='ltr'><strong>canonem.</strong></span> <span class='ocrx_word' id='word_1_670' title='bbox 1754 4580 1822 4633; x_wconf 85' lang='lat' dir='ltr'><strong>Et</strong></span> 
     </span>
    </p>
   </div>
   <div class='ocr_carea' id='block_1_95' title="bbox 229 4668 1820 4742">
    <p class='ocr_par' dir='ltr' id='par_1_95' title="bbox 229 4668 1820 4742">
     <span class='ocr_line' id='line_1_95' title="bbox 229 4668 1820 4742; baseline -0.004 -15"><span class='ocrx_word' id='word_1_671' title='bbox 229 4673 444 4730; x_wconf 81' lang='lat' dir='ltr'><strong>Gemma</strong></span> <span class='ocrx_word' id='word_1_672' title='bbox 476 4675 688 4728; x_wconf 69' lang='lat' dir='ltr'><strong>anim</strong></span> <span class='ocrx_word' id='word_1_673' title='bbox 718 4673 785 4728; x_wconf 88' lang='lat' dir='ltr'><strong>de</strong></span> <span class='ocrx_word' id='word_1_674' title='bbox 815 4674 982 4742; x_wconf 87' lang='lat' dir='ltr'><strong>antiq.</strong></span> <span class='ocrx_word' id='word_1_675' title='bbox 1010 4673 1114 4727; x_wconf 87' lang='lat' dir='ltr'><strong>ritu</strong></span> <span class='ocrx_word' id='word_1_676' title='bbox 1147 4672 1387 4736; x_wconf 88' lang='lat' dir='ltr'><strong>miss.,c.</strong></span> <span class='ocrx_word' id='word_1_677' title='bbox 1414 4670 1480 4724; x_wconf 66' lang='grc'><strong>48</strong></span> <span class='ocrx_word' id='word_1_678' title='bbox 1502 4687 1514 4723; x_wconf 90' lang='lat'><strong>:</strong></span> <span class='ocrx_word' id='word_1_679' title='bbox 1539 4668 1820 4738; x_wconf 81' lang='lat' dir='ltr'><strong>Acolythus</strong></span> 
     </span>
    </p>
   </div>
   <div class='ocr_carea' id='block_1_96' title="bbox 227 4759 1823 4832">
    <p class='ocr_par' dir='ltr' id='par_1_96' title="bbox 227 4759 1823 4832">
     <span class='ocr_line' id='line_1_96' title="bbox 227 4759 1823 4832; baseline -0.002 -19"><span class='ocrx_word' id='word_1_680' title='bbox 227 4763 360 4831; x_wconf 81' lang='lat' dir='ltr'><strong>infra</strong></span> <span class='ocrx_word' id='word_1_681' title='bbox 398 4779 675 4818; x_wconf 82' lang='lat' dir='ltr'><strong>canonem</strong></span> <span class='ocrx_word' id='word_1_682' title='bbox 718 4772 959 4832; x_wconf 82' lang='lat' dir='ltr'><strong>patenum</strong></span> <span class='ocrx_word' id='word_1_683' title='bbox 1008 4761 1293 4816; x_wconf 73' lang='lat' dir='ltr'><strong>involutum</strong></span> <span class='ocrx_word' id='word_1_684' title='bbox 1343 4771 1504 4820; x_wconf 78' lang='lat' dir='ltr'><strong>tenet.</strong></span> <span class='ocrx_word' id='word_1_685' title='bbox 1534 4773 1691 4830; x_wconf 88' lang='lat' dir='ltr'><strong>quam</strong></span> <span class='ocrx_word' id='word_1_686' title='bbox 1739 4759 1823 4811; x_wconf 91' lang='lat' dir='ltr'><strong>hic</strong></span> 
     </span>
    </p>
   </div>
   <div class='ocr_carea' id='block_1_97' title="bbox 229 4849 1824 4919">
    <p class='ocr_par' dir='ltr' id='par_1_97' title="bbox 229 4849 1824 4919">
     <span class='ocr_line' id='line_1_97' title="bbox 229 4849 1824 4919; baseline -0.002 -12"><span class='ocrx_word' id='word_1_687' title='bbox 229 4854 584 4911; x_wconf 84' lang='lat' dir='ltr'><strong>subdiaconus</strong></span> <span class='ocrx_word' id='word_1_688' title='bbox 617 4853 814 4919; x_wconf 76' lang='lat' dir='ltr'><strong>defert.</strong></span> <span class='ocrx_word' id='word_1_689' title='bbox 847 4853 996 4910; x_wconf 83' lang='lat' dir='ltr'><strong>Hunc</strong></span> <span class='ocrx_word' id='word_1_690' title='bbox 1025 4855 1187 4909; x_wconf 90' lang='lat' dir='ltr'><strong>ritum</strong></span> <span class='ocrx_word' id='word_1_691' title='bbox 1217 4853 1466 4907; x_wconf 87' lang='lat' dir='ltr'><strong>observat</strong></span> <span class='ocrx_word' id='word_1_692' title='bbox 1500 4849 1824 4904; x_wconf 87' lang='lat' dir='ltr'><strong>Parisiensis</strong></span> 
     </span>
    </p>
   </div>
   <div class='ocr_carea' id='block_1_98' title="bbox 229 4941 1823 5014">
    <p class='ocr_par' dir='ltr' id='par_1_98' title="bbox 229 4941 1823 5014">
     <span class='ocr_line' id='line_1_98' title="bbox 229 4941 1823 5014; baseline -0.004 -14"><span class='ocrx_word' id='word_1_693' title='bbox 229 4946 496 5014; x_wconf 80' lang='lat' dir='ltr'><strong>Ecclesia;</strong></span> <span class='ocrx_word' id='word_1_694' title='bbox 545 4959 748 5001; x_wconf 87' lang='lat' dir='ltr'><strong>verum</strong></span> <span class='ocrx_word' id='word_1_695' title='bbox 787 4944 838 4997; x_wconf 91' lang='lat' dir='ltr'><strong>in</strong></span> <span class='ocrx_word' id='word_1_696' title='bbox 865 4944 1096 5000; x_wconf 81' lang='lat' dir='ltr'><strong>Ecclesia</strong></span> <span class='ocrx_word' id='word_1_697' title='bbox 1128 4941 1528 5013; x_wconf 81' lang='lat' dir='ltr'><strong>Rotomagensi,</strong></span> <span class='ocrx_word' id='word_1_698' title='bbox 1554 4956 1657 4995; x_wconf 90' lang='lat' dir='ltr'><strong>non</strong></span> <span class='ocrx_word' id='word_1_699' title='bbox 1694 4954 1823 4994; x_wconf 85' lang='lat' dir='ltr'><strong>aco-</strong></span> 
     </span>
    </p>
   </div>
   <div class='ocr_carea' id='block_1_99' title="bbox 233 5035 1436 5112">
    <p class='ocr_par' dir='ltr' id='par_1_99' title="bbox 233 5035 1436 5112">
     <span class='ocr_line' id='line_1_99' title="bbox 233 5035 1436 5112; baseline -0.006 -18"><span class='ocrx_word' id='word_1_700' title='bbox 233 5039 425 5112; x_wconf 78' lang='lat' dir='ltr'><strong>lythus,</strong></span> <span class='ocrx_word' id='word_1_701' title='bbox 454 5039 556 5097; x_wconf 88' lang='lat' dir='ltr'><strong>sed</strong></span> <span class='ocrx_word' id='word_1_702' title='bbox 600 5044 861 5108; x_wconf 86' lang='lat' dir='ltr'><strong>patenam</strong></span> <span class='ocrx_word' id='word_1_703' title='bbox 893 5047 1036 5092; x_wconf 88' lang='lat' dir='ltr'><strong>tenet</strong></span> <span class='ocrx_word' id='word_1_704' title='bbox 1056 5035 1436 5090; x_wconf 86' lang='lat' dir='ltr'><strong>subdiaconus.</strong></span> 
     </span>
    </p>
   </div>
   <div class='ocr_carea' id='block_1_100' title="bbox 215 5122 1826 5207">
    <p class='ocr_par' dir='ltr' id='par_1_100' title="bbox 215 5122 1826 5207">
     <span class='ocr_line' id='line_1_100' title="bbox 215 5122 1826 5207; baseline -0.012 -16"><span class='ocrx_word' id='word_1_705' title='bbox 215 5135 228 5161; x_wconf 78' lang='grc'><strong>⁴</strong></span> <span class='ocrx_word' id='word_1_706' title='bbox 296 5137 405 5207; x_wconf 80' lang='grc'>(71)</span> <span class='ocrx_word' id='word_1_707' title='bbox 443 5130 732 5190; x_wconf 85' lang='lat' dir='ltr'><strong>Dominici</strong></span> <span class='ocrx_word' id='word_1_708' title='bbox 771 5132 996 5198; x_wconf 87' lang='lat' dir='ltr'><strong>corporis</strong></span> <span class='ocrx_word' id='word_1_709' title='bbox 1051 5138 1100 5184; x_wconf 85' lang='lat' dir='ltr'><strong>et</strong></span> <span class='ocrx_word' id='word_1_710' title='bbox 1154 5127 1423 5196; x_wconf 87' lang='lat' dir='ltr'><strong>sanguinis</strong></span> <span class='ocrx_word' id='word_1_711' title='bbox 1472 5122 1826 5179; x_wconf 86' lang='lat' dir='ltr'><strong>consecratio-</strong></span> 
     </span>
    </p>
   </div>
   <div class='ocr_carea' id='block_1_101' title="bbox 233 5209 1909 5281">
    <p class='ocr_par' dir='ltr' id='par_1_101' title="bbox 233 5209 1909 5281">
     <span class='ocr_line' id='line_1_101' title="bbox 233 5209 1909 5281; baseline -0.013 3"><span class='ocrx_word' id='word_1_712' title='bbox 233 5243 358 5280; x_wconf 72' lang='lat' dir='ltr'><strong>nem.</strong></span> <span class='ocrx_word' id='word_1_713' title='bbox 419 5218 879 5280; x_wconf 74' lang='lat' dir='ltr'><strong>Consecrationis</strong></span> <span class='ocrx_word' id='word_1_714' title='bbox 937 5235 1131 5276; x_wconf 92' lang='lat' dir='ltr'><strong>nomen</strong></span> <span class='ocrx_word' id='word_1_715' title='bbox 1191 5218 1398 5272; x_wconf 88' lang='lat' dir='ltr'><strong>duobus</strong></span> <span class='ocrx_word' id='word_1_716' title='bbox 1455 5214 1628 5269; x_wconf 90' lang='lat' dir='ltr'><strong>modis</strong></span> <span class='ocrx_word' id='word_1_717' title='bbox 1685 5209 1828 5281; x_wconf 86' lang='lat' dir='ltr'><strong>apud</strong></span> <span class='ocrx_word' id='word_1_718' title='bbox 1877 5212 1909 5244; x_wconf 82' lang='grc'><strong><em>⁸</em></strong></span> 
     </span>
    </p>
   </div>
   <div class='ocr_carea' id='block_1_102' title="bbox 232 5300 1831 5386">
    <p class='ocr_par' dir='ltr' id='par_1_102' title="bbox 232 5300 1831 5386">
     <span class='ocr_line' id='line_1_102' title="bbox 232 5300 1831 5386; baseline -0.01 -19"><span class='ocrx_word' id='word_1_719' title='bbox 232 5313 510 5386; x_wconf 83' lang='lat' dir='ltr'><strong>liturgicos</strong></span> <span class='ocrx_word' id='word_1_720' title='bbox 559 5307 871 5376; x_wconf 78' lang='lat' dir='ltr'><strong>accipitur,</strong></span> <span class='ocrx_word' id='word_1_721' title='bbox 917 5312 999 5365; x_wconf 89' lang='lat' dir='ltr'><strong>vel</strong></span> <span class='ocrx_word' id='word_1_722' title='bbox 1031 5325 1130 5380; x_wconf 81' lang='lat' dir='ltr'><strong>pro</strong></span> <span class='ocrx_word' id='word_1_723' title='bbox 1175 5306 1528 5361; x_wconf 84' lang='lat' dir='ltr'><strong>conversione</strong></span> <span class='ocrx_word' id='word_1_724' title='bbox 1572 5300 1727 5371; x_wconf 85' lang='lat' dir='ltr'><strong>panis</strong></span> <span class='ocrx_word' id='word_1_725' title='bbox 1773 5306 1831 5351; x_wconf 90' lang='lat' dir='ltr'><strong>et</strong></span> 
     </span>
    </p>
   </div>
   <div class='ocr_carea' id='block_1_103' title="bbox 1918 4521 3498 4594">
    <p class='ocr_par' dir='ltr' id='par_1_103' title="bbox 1918 4521 3498 4594">
     <span class='ocr_line' id='line_1_103' title="bbox 1918 4521 3498 4594; baseline -0.009 -8"><span class='ocrx_word' id='word_1_726' title='bbox 1918 4529 2207 4585; x_wconf 89' lang='lat' dir='ltr'><strong>Ordinibus</strong></span> <span class='ocrx_word' id='word_1_727' title='bbox 2221 4526 2499 4592; x_wconf 79' lang='lat' dir='ltr'><strong>Romanis,</strong></span> <span class='ocrx_word' id='word_1_728' title='bbox 2514 4540 2688 4594; x_wconf 90' lang='lat' dir='ltr'><strong>neque</strong></span> <span class='ocrx_word' id='word_1_729' title='bbox 2699 4523 2836 4593; x_wconf 81' lang='lat' dir='ltr'><strong>apud</strong></span> <span class='ocrx_word' id='word_1_730' title='bbox 2849 4522 3154 4586; x_wconf 86' lang='lat' dir='ltr'><strong>Alcuinum,</strong></span> <span class='ocrx_word' id='word_1_731' title='bbox 3169 4521 3498 4575; x_wconf 77' lang='lat' dir='ltr'><strong>Amalarium</strong></span> 
     </span>
    </p>
   </div>
   <div class='ocr_carea' id='block_1_104' title="bbox 1921 4609 3499 4683">
    <p class='ocr_par' dir='ltr' id='par_1_104' title="bbox 1921 4609 3499 4683">
     <span class='ocr_line' id='line_1_104' title="bbox 1921 4609 3499 4683; baseline -0.006 -11"><span class='ocrx_word' id='word_1_732' title='bbox 1921 4617 2299 4682; x_wconf 81' lang='lat' dir='ltr'><strong>Walal‘ridum,</strong></span> <span class='ocrx_word' id='word_1_733' title='bbox 2329 4615 2636 4680; x_wconf 74' lang='lat' dir='ltr'><strong>Babanum,</strong></span> <span class='ocrx_word' id='word_1_734' title='bbox 2661 4627 2837 4682; x_wconf 88' lang='lat' dir='ltr'><strong>neque</strong></span> <span class='ocrx_word' id='word_1_735' title='bbox 2868 4612 2922 4666; x_wconf 93' lang='lat' dir='ltr'><strong>in</strong></span> <span class='ocrx_word' id='word_1_736' title='bbox 2954 4612 3292 4683; x_wconf 69' lang='lat' dir='ltr'><strong>eXpositione</strong></span> <span class='ocrx_word' id='word_1_737' title='bbox 3319 4609 3499 4664; x_wconf 81' lang='lat' dir='ltr'><strong>missae</strong></span> 
     </span>
    </p>
   </div>
   <div class='ocr_carea' id='block_1_105' title="bbox 1923 4701 3506 4778">
    <p class='ocr_par' dir='ltr' id='par_1_105' title="bbox 1923 4701 3506 4778">
     <span class='ocr_line' id='line_1_105' title="bbox 1923 4701 3506 4778; baseline -0.006 -14"><span class='ocrx_word' id='word_1_738' title='bbox 1923 4710 2148 4765; x_wconf 81' lang='lat' dir='ltr'><strong>inferius</strong></span> <span class='ocrx_word' id='word_1_739' title='bbox 2169 4710 2336 4774; x_wconf 86' lang='lat' dir='ltr'><strong>edita,</strong></span> <span class='ocrx_word' id='word_1_740' title='bbox 2367 4722 2467 4762; x_wconf 90' lang='lat' dir='ltr'><strong>nec</strong></span> <span class='ocrx_word' id='word_1_741' title='bbox 2495 4707 2635 4778; x_wconf 88' lang='lat' dir='ltr'><strong>apud</strong></span> <span class='ocrx_word' id='word_1_742' title='bbox 2666 4704 3039 4776; x_wconf 85' lang='lat' dir='ltr'><strong>Microlognm,</strong></span> <span class='ocrx_word' id='word_1_743' title='bbox 3065 4704 3152 4774; x_wconf 90' lang='lat' dir='ltr'><strong>qui</strong></span> <span class='ocrx_word' id='word_1_744' title='bbox 3189 4701 3506 4757; x_wconf 73' lang='lat' dir='ltr'><strong>elevationis</strong></span> 
     </span>
    </p>
   </div>
   <div class='ocr_carea' id='block_1_106' title="bbox 1924 4789 3506 4870">
    <p class='ocr_par' dir='ltr' id='par_1_106' title="bbox 1924 4789 3506 4870">
     <span class='ocr_line' id='line_1_106' title="bbox 1924 4789 3506 4870; baseline -0.009 -15"><span class='ocrx_word' id='word_1_745' title='bbox 1924 4799 2191 4870; x_wconf 88' lang='lat' dir='ltr'><strong>corporis,</strong></span> <span class='ocrx_word' id='word_1_746' title='bbox 2229 4813 2349 4868; x_wconf 68' lang='lat' dir='ltr'><strong>qua:</strong></span> <span class='ocrx_word' id='word_1_747' title='bbox 2375 4797 2435 4850; x_wconf 87' lang='lat' dir='ltr'><strong>ﬁt</strong></span> <span class='ocrx_word' id='word_1_748' title='bbox 2456 4796 2618 4852; x_wconf 90' lang='lat' dir='ltr'><strong>simul</strong></span> <span class='ocrx_word' id='word_1_749' title='bbox 2647 4809 2769 4849; x_wconf 88' lang='lat' dir='ltr'><strong>cum</strong></span> <span class='ocrx_word' id='word_1_750' title='bbox 2805 4794 2976 4849; x_wconf 87' lang='lat' dir='ltr'><strong>calice</strong></span> <span class='ocrx_word' id='word_1_751' title='bbox 3005 4803 3292 4862; x_wconf 89' lang='lat' dir='ltr'><strong>antequam</strong></span> <span class='ocrx_word' id='word_1_752' title='bbox 3331 4789 3506 4845; x_wconf 86' lang='lat' dir='ltr'><strong>oratio</strong></span> 
     </span>
    </p>
   </div>
   <div class='ocr_carea' id='block_1_107' title="bbox 1925 4883 3058 4952">
    <p class='ocr_par' dir='ltr' id='par_1_107' title="bbox 1925 4883 3058 4952">
     <span class='ocr_line' id='line_1_107' title="bbox 1925 4883 3058 4952; baseline -0.003 -11"><span class='ocrx_word' id='word_1_753' title='bbox 1925 4888 2206 4943; x_wconf 88' lang='lat' dir='ltr'><strong>Dominica</strong></span> <span class='ocrx_word' id='word_1_754' title='bbox 2235 4887 2519 4952; x_wconf 86' lang='lat' dir='ltr'><strong>recitetur,</strong></span> <span class='ocrx_word' id='word_1_755' title='bbox 2552 4883 2882 4941; x_wconf 88' lang='lat' dir='ltr'><strong>mentionem</strong></span> <span class='ocrx_word' id='word_1_756' title='bbox 2909 4884 3058 4940; x_wconf 83' lang='lat' dir='ltr'><strong>facit.</strong></span> 
     </span>
    </p>
   </div>
   <div class='ocr_carea' id='block_1_108' title="bbox 1997 4993 3511 5070">
    <p class='ocr_par' dir='ltr' id='par_1_108' title="bbox 1997 4993 3511 5070">
     <span class='ocr_line' id='line_1_108' title="bbox 1997 4993 3511 5070; baseline -0.009 -18"><span class='ocrx_word' id='word_1_757' title='bbox 1997 4998 2110 5070; x_wconf 77' lang='lat'><strong>(74)</strong></span> <span class='ocrx_word' id='word_1_758' title='bbox 2152 4998 2330 5052; x_wconf 81' lang='lat' dir='ltr'><strong>Altare</strong></span> <span class='ocrx_word' id='word_1_759' title='bbox 2377 4996 2633 5053; x_wconf 88' lang='lat' dir='ltr'><strong>diaconus</strong></span> <span class='ocrx_word' id='word_1_760' title='bbox 2681 4994 2978 5063; x_wconf 88' lang='lat' dir='ltr'><strong>osculetur,</strong></span> <span class='ocrx_word' id='word_1_761' title='bbox 3016 4995 3201 5051; x_wconf 87' lang='lat' dir='ltr'><strong>deinde</strong></span> <span class='ocrx_word' id='word_1_762' title='bbox 3241 4993 3511 5046; x_wconf 75' lang='lat' dir='ltr'><strong>dexteram</strong></span> 
     </span>
    </p>
   </div>
   <div class='ocr_carea' id='block_1_109' title="bbox 1927 5081 3514 5156">
    <p class='ocr_par' dir='ltr' id='par_1_109' title="bbox 1927 5081 3514 5156">
     <span class='ocr_line' id='line_1_109' title="bbox 1927 5081 3514 5156; baseline -0.008 -12"><span class='ocrx_word' id='word_1_763' title='bbox 1927 5089 2212 5144; x_wconf 87' lang='lat' dir='ltr'><strong>sacerdotis</strong></span> <span class='ocrx_word' id='word_1_764' title='bbox 2241 5085 2536 5156; x_wconf 77' lang='lat' dir='ltr'><strong>scopulum.</strong></span> <span class='ocrx_word' id='word_1_765' title='bbox 2562 5090 2690 5145; x_wconf 68' lang='lat' dir='ltr'><strong>Hmc</strong></span> <span class='ocrx_word' id='word_1_766' title='bbox 2725 5100 2832 5140; x_wconf 91' lang='lat' dir='ltr'><strong>non</strong></span> <span class='ocrx_word' id='word_1_767' title='bbox 2863 5089 3217 5144; x_wconf 86' lang='lat' dir='ltr'><strong>observantur</strong></span> <span class='ocrx_word' id='word_1_768' title='bbox 3256 5083 3306 5136; x_wconf 95' lang='lat' dir='ltr'><strong>in</strong></span> <span class='ocrx_word' id='word_1_769' title='bbox 3350 5081 3514 5136; x_wconf 85' lang='lat' dir='ltr'><strong>Roto-</strong></span> 
     </span>
    </p>
   </div>
   <div class='ocr_carea' id='block_1_110' title="bbox 1932 5176 2466 5249">
    <p class='ocr_par' dir='ltr' id='par_1_110' title="bbox 1932 5176 2466 5249">
     <span class='ocr_line' id='line_1_110' title="bbox 1932 5176 2466 5249; baseline -0.011 -14"><span class='ocrx_word' id='word_1_770' title='bbox 1932 5179 2172 5249; x_wconf 83' lang='lat' dir='ltr'><strong>magensi</strong></span> <span class='ocrx_word' id='word_1_771' title='bbox 2202 5176 2466 5234; x_wconf 85' lang='lat' dir='ltr'><strong>Ecclesia.</strong></span> 
     </span>
    </p>
   </div>
   <div class='ocr_carea' id='block_1_111' title="bbox 2001 5277 3521 5362">
    <p class='ocr_par' dir='ltr' id='par_1_111' title="bbox 2001 5277 3521 5362">
     <span class='ocr_line' id='line_1_111' title="bbox 2001 5277 3521 5362; baseline -0.013 -14"><span class='ocrx_word' id='word_1_772' title='bbox 2001 5291 2110 5362; x_wconf 84' lang='lat'><strong>(75)</strong></span> <span class='ocrx_word' id='word_1_773' title='bbox 2153 5289 2524 5346; x_wconf 85' lang='lat' dir='ltr'><strong>Subdiacanus</strong></span> <span class='ocrx_word' id='word_1_774' title='bbox 2552 5293 2793 5346; x_wconf 85' lang='lat' dir='ltr'><strong>diacono.</strong></span> <span class='ocrx_word' id='word_1_775' title='bbox 2822 5285 2979 5344; x_wconf 81' lang='lat' dir='ltr'><strong>Hunc</strong></span> <span class='ocrx_word' id='word_1_776' title='bbox 3002 5288 3160 5342; x_wconf 90' lang='lat' dir='ltr'><strong>ritum</strong></span> <span class='ocrx_word' id='word_1_777' title='bbox 3193 5290 3387 5336; x_wconf 79' lang='lat' dir='ltr'><strong>retinet</strong></span> <span class='ocrx_word' id='word_1_778' title='bbox 3415 5277 3521 5362; x_wconf 11' lang='lat' dir='ltr'><strong>Ec,-</strong></span> 
     </span>
    </p>
   </div>
   <div class='ocr_carea' id='block_1_112' title="bbox 2111 5360 3513 5386">
    <p class='ocr_par' dir='ltr' id='par_1_112' title="bbox 2111 5360 3513 5386">
     <span class='ocr_line' id='line_1_112' title="bbox 2111 5360 3513 5386; baseline 0 0"><span class='ocrx_word' id='word_1_779' title='bbox 2111 5380 2144 5386; x_wconf 86' lang='lat'><em>_</em></span> <span class='ocrx_word' id='word_1_780' title='bbox 2483 5379 2496 5386; x_wconf 77' lang='lat'><strong>-</strong></span> <span class='ocrx_word' id='word_1_781' title='bbox 2648 5376 2715 5386; x_wconf 77' lang='grc' dir='ltr'><strong>..ι-</strong></span> <span class='ocrx_word' id='word_1_782' title='bbox 2987 5377 2998 5386; x_wconf 86' lang='grc'>.</span> <span class='ocrx_word' id='word_1_783' title='bbox 3139 5371 3193 5386; x_wconf 73' lang='grc' dir='ltr'>ιιι</span> <span class='ocrx_word' id='word_1_784' title='bbox 3318 5381 3402 5386; x_wconf 78' lang='grc'><strong>--..</strong></span> <span class='ocrx_word' id='word_1_785' title='bbox 3454 5360 3513 5386; x_wconf 79' lang='grc' dir='ltr'><strong>ιρ</strong></span> 
     </span>
    </p>
   </div>
  </div>
