4016 5386
499 231 584 294 Ἢ)
1498 254 1501 255 ν
1549 225 1853 285 JOANNES
1897 217 2322 278 ARCHIEPISC.
2373 222 2722 282 liOTOMAG.
3699 224 3772 287 8ο

516 354 731 412 conibus
753 352 825 407 ad
846 350 1140 411 tenendam,
1168 354 1214 403 et
1242 362 1428 416 corpus
1450 346 1660 402 Domini
1689 348 1741 401 in
1767 363 1828 402 ea
1854 345 2085 414 confrin-
2116 343 2167 402 Α
2196 339 2411 410 Strabo,
2439 344 2515 399 De
2549 344 2708 400 rebus
2737 344 3117 401 ecclesiasticis
3136 385 3151 412 ,
3187 361 3236 400 c.
3269 344 3337 399 22
3365 362 3377 399 :
3412 344 3604 401 Pacem
3648 358 3772 403 ante

512 443 740 516 gendum
767 442 1013 513 porrigit.

587 532 703 604 (76)
742 531 863 586 Alia
894 547 948 585 se
980 530 1259 584 diaconum
1294 527 1774 599 subdiaconumque
1803 528 2091 582 communi-

482 636 613 681 γει.
656 624 858 680 Eadem
901 622 1044 677 enim
1089 619 1264 674 hostia
1317 618 1606 684 diaconus,
1641 618 2001 673 subdiaconus
2041 624 2094 672 et

493 713 747 784 .populus
808 709 1381 775 communicabantur,
1450 716 1508 763 ut
1577 708 1801 762 inferius
1870 709 2094 763 demori-

494 852 499 861 .
518 816 748 863 strator.

588 897 700 969 (77)
742 896 804 952 Si
837 903 1008 949 autem
1047 900 1178 962 opus
1213 909 1316 946 non
1356 892 1548 962 fuerit,
1584 903 1787 947 tertiam
1827 893 2092 958 sacerdos,

516 997 608 1042 aut
633 1002 768 1041 unus
797 987 1155 1041 ministrorum
1184 985 1425 1053 accipiat.
1459 985 1561 1051 Qui
1585 984 1729 1038 enim
1758 983 1926 1038 sacris
1958 983 2094 1038 alta—

502 1079 668 1137 ribus
687 1080 816 1135 olim
845 1078 1228 1133 ministrabant
1256 1079 1579 1133 sacramenti
1619 1076 1778 1146 hujus
1807 1077 2096 1147 participa-

508 1170 665 1226 tione
687 1170 835 1241 digni
856 1168 1254 1240 iudicabantur.
1272 1167 1424 1234 Quod
1445 1176 1622 1222 autem
1641 1168 1706 1222 ad
1733 1169 2093 1223 laudationem

516 1259 759 1317 Toletani
796 1257 1011 1314 concilii
1042 1266 1274 1328 spectat,
1300 1256 1536 1312 Joannes
1554 1267 1740 1312 noster
1761 1258 1974 1311 videtur
2005 1256 2095 1311 hic

498 1350 777 1408 ametnoria
798 1348 1002 1419 lapsus,
1024 1362 1133 1403 non
1163 1348 1307 1403 enim
1338 1348 1391 1402 in
1416 1346 1698 1412 Toletano,
1724 1348 1818 1401 sed
1846 1348 1898 1401 in
1928 1346 2095 1403 Brac-

486 1437 767 1496 ‘vcharensi
795 1436 1024 1493 concilio
1050 1451 1112 1491 ιιι
1143 1444 1324 1491 exstat
1353 1436 1466 1491 haec
1490 1435 1799 1507 prohibitio.

585 1531 700 1603 (78)
737 1530 959 1585 Summa
999 1528 1539 1583 necessitate'timoris
1584 1528 1859 1598 sanguinis
1899 1528 2094 1582 Christi

494 1622 810 1692 effusionis.
839 1619 1006 1690 Digna
1038 1618 1342 1673 Mauriliani
1375 1618 1555 1674 saeculi
1587 1618 1845 1688 religione
1878 1619 2089 1676 cautio:

516 1680 613 1769 sed
661 1712 843 1767 minus
890 1680 1120 1780 probata
1161 1710 1321 1780 109
1367 1680 1717 1765 intinctionis"
1741 1710 2089 1774 consuetudo,
2122 1680 2170 1741 Β

513 1819 677 1875 quam
714 1804 988 1859 vitandam
1016 1817 1200 1858 monet
1231 1801 1574 1873 Micrologus,
1598 1816 1716 1871 cap.
1744 1803 1830 1865 l9,
1855 1816 1919 1856 ac
1938 1802 2096 1872 paulo

500 1904 637 1966 .post
683 1894 964 1966 abrogavit
1009 1892 1296 1949 concilium
1339 1894 1682 1949 Arvernense
1721 1893 1788 1947 A.
1828 1893 1891 1949 C.
1933 1878 2092 1960 l09'5,

502 1988 643 2041 dum
664 1986 847 2043 sanxit
861 1994 921 2040 ut
934 2001 1123 2055 corpus
1139 1970 1471 2039 Dominicum
1492 1995 1540 2039 et
1564 1986 1776 2056 sanguis
1787 1984 2095 2038 Domin'cus

494 2077 820 2149 t-rsingulatim
849 2067 1189 2148 acciperetur.
1212 2076 1422 2132 Diutius
1437 2076 1608 2147 viguit
1627 2077 1827 2132 abusus
1849 2074 1935 2130 ille
1956 2076 2095 2144 apud

514 2168 739 2240 Anglos,
753 2184 877 2224 nam
895 2168 950 2222 in
967 2167 1198 2224 concilio
1213 2166 1783 2224 Westmonastcricnsi
1796 2168 1863 2221 A.
1879 2167 1938 2223 C.
1958 2167 2096 2221 1175

512 2260 809 2333 inhibetur,
825 2276 888 2315 ne
903 2261 1019 2331 quis
1040 2260 1191 2331 quasi
1208 2276 1302 2330 pro
1325 2261 1698 2330 complentento
1716 2260 2095 2315 communionis

513 2353 790 2408 intinctam
818 2352 980 2406 alicui
1002 2350 1376 2406 eucharistiam
1398 2352 1596 2406 tradat.
1638 2352 1736 2406 Pa.

587 2442 702 2515 (79)
741 2441 1170 2513 Unumquemque
1214 2442 1459 2511 primitus
1489 2443 1778 2510 osculetur,
1812 2452 1916 2499 etc.
1951 2444 2097 2500 Ordo

500 2532 793 2589 Romanus
821 2533 898 2589 De
925 2532 1103 2589 oiliciu
1130 2532 1309 2588 missas
1350 2542 1407 2589 et
1434 2541 1588 2589 vetns
1617 2548 1716 2589 ms.
1760 2532 2098 2591 Benedictio-

510 2624 637 2682 nale
657 2625 999 2682 bibliothecae
1031 2625 1361 2681 cathedralis
1390 2625 1803 2697 Rotomagensis
1835 2628 1959 2683 huic
1979 2628 2098 2684 loco

504 2718 846 2775 concordant
885 2731 901 2771 :
946 2717 1248 2787 Presbyteri
1285 2732 1405 2788 ergo
1452 2728 1499 2771 et
1550 2719 1761 2772 diaconi
1811 2720 2096 2773 osculando

505 2810 812 2880 episcopum
852 2825 1041 2880 corpus
1078 2807 1287 2862 Christi
1318 2809 1382 2861 ab
1425 2824 1486 2861 eo
1521 2809 1762 2862 manibus
1806 2810 2094 2873 accipiant,

510 2900 824 2954 subdiaconi
849 2909 1023 2953 autem
1048 2896 1334 2953 osculando
1361 2914 1573 2953 ntanum
1603 2900 1828 2969 episcOpi
1850 2916 1939 2953 ore
1964 2901 2099 2953 acci-

508 2989 661 3057 piant
686 3005 878 3059 corpus
899 2988 1096 3043 Christi
1127 2989 1194 3043 ab
1219 3005 1301 3043 eo.
1811 3062 1815 3068 ι

587 3078 701 3149 (80)
743 3077 960 3134 Partem
998 3080 1098 3135 sibi
1141 3081 1398 3151 accipiat,
1446 3090 1494 3135 et
1534 3090 1736 3152 partem
1775 3082 2096 3138 subdiacono

495 3166 735 3224 4ribuat.
759 3168 850 3223 Sic
877 3167 1023 3224 Ordo
1047 3168 1324 3225 Romanus
1347 3178 1401 3224 et
1432 3178 1582 3225 vetus
1608 3187 1711 3226 ms.
1753 3171 2095 3227 Benedictio-

516 3253 638 3310 nale
671 3255 871 3311 ibidem
908 3274 923 3311 :
952 3256 1074 3328 Ipse
1109 3268 1283 3313 autem
1318 3259 1571 3317 diaconus
1605 3269 1783 3316 tenens
1809 3261 2020 3316 calicem
2047 3273 2095 3317 et

497 3343 753 3412 ﬁstulam
772 3356 868 3401 stet
891 3356 1013 3401 ante
1038 3348 1358 3418 episcopum,
1381 3352 1670 3421 usquedum
1691 3368 1757 3406 ea:
1778 3355 2030 3423 sanguine
2049 3364 2098 3408 et

515 3449 733 3504 corpore
760 3434 957 3490 Christi
977 3446 1230 3508 quantum
1253 3438 1468 3494 voluerit
1494 3452 1689 3507 sumat,
1731 3452 1779 3496 et
1807 3442 2018 3498 calicem
2049 3454 2096 3498 et

496 3522 752 3591 .ﬁstulam
795 3526 1119 3582 subdiacono
1165 3531 1525 3596 commendet;
1561 3542 1611 3586 et
1659 3534 1826 3589 eidem
1877 3536 2097 3591 diacono

502 3614 673 3671 nimis
701 3625 853 3671 caute
879 3619 1267 3686 procurandum
1311 3630 1408 3687 est,
1439 3638 1502 3677 ne
1538 3624 1664 3693 quid
1711 3625 1766 3679 in
1808 3625 1970 3680 calice
2005 3637 2099 3681 aut

498 3717 706 3774 .patena
744 3710 1016 3779 sanguinis
1049 3710 1128 3766 vel
1155 3713 1386 3783 corporis
1422 3712 1618 3771 Christi
1648 3730 1929 3773 remaneat.
1973 3718 2098 3775 Haec

500 3804 575 3863 κει
597 3798 877 3866 sequentia
900 3801 1300 3869 nonusitantur
1344 3803 1401 3858 in
1426 3802 1807 3876 Rotomagensi
1835 3808 2093 3864 Ecclesia.

578 3887 703 3959 (81)
718 3888 761 3941 Α
775 3905 875 3959 quo
893 3906 1026 3945 unus
1047 3893 1417 3947 canonicorum
1428 3911 1608 3965 pacem
1623 3896 1864 3967 accipiat,
1877 3915 2031 3968 quam
2042 3900 2098 3954 in

507 3988 737 4052 utroque
756 3983 912 4037 choro
933 3983 1221 4053 majoribus
1244 3985 1541 4054 distribuat,
1556 3998 1659 4043 etc.
1678 3988 1928 4044 Osculum
1948 3991 2098 4059 pacis

514 4071 646 4127 olim
674 4073 725 4127 in
758 4073 863 4128 line
888 4075 1140 4130 sacriﬁcii
1162 4076 1410 4141 dabatur,
1440 4086 1499 4133 ut
1526 4090 1808 4149 appareret
1843 4081 2095 4151 populum

518 4160 586 4213 ad
611 4161 792 4215 omnia
822 4178 943 4232 quae
969 4163 1024 4217 in
1053 4165 1225 4220 sacris
1256 4167 1528 4237 mysteriis
1564 4178 1801 4239 aguntur
1825 4180 1881 4226 et
1910 4171 1961 4225 in
1997 4172 2101 4227 Ec-

514 4248 680 4305 clesia
724 4251 1064 4308 celebrantur
1097 4256 1391 4323 praebuisse
1421 4273 1765 4315 consensum.
1801 4261 1856 4317 In
1895 4261 2099 4322 Ordine

2158 434 2605 488 ‘communionem
2651 434 2771 488 dari
2814 433 3148 489 Innocentius
3190 435 3347 506 110
3383 453 3517 506 papa
3548 437 3769 493 decretis

2192 522 2301 576 suis
2326 523 2568 578 instituit.
2598 523 2920 595 Micrologus
2949 525 3023 580 De
3049 525 3241 581 eccles.
3269 527 3564 592 observat.,
3593 543 3645 582 c.
3681 529 3767 593 l8,

2192 613 2451 670 Radutl‘us
2470 614 2819 683 Tungrcnsis,
2850 615 2926 670 De
2954 631 3218 671 canonum
3246 618 3485 683 observ.,
3508 620 3768 689 proposit.

2194 703 2324 770 ult.;
2361 704 2582 758 Gemma
2615 705 2835 769 animm,
2866 706 2961 760 lib.‘
2995 722 3033 770 ι,
3083 706 3155 761 De
3180 707 3402 777 antiquo
3446 708 3552 762 ritu
3593 708 3766 772 miss..

2194 809 2244 850 c.
2275 794 2343 850 90
2366 797 2440 850 Dc
2462 811 2691 860 canone,
2719 805 2774 851 et
2800 812 2854 853 c:
2882 798 2949 852 62
2977 799 3052 853 De
3076 814 3206 867 pace
3248 799 3489 865 Domini;
3534 798 3771 859 Joannes

2193 888 2448 944 Belcthus
2485 890 2538 943 in
2590 904 2686 944 sua
2714 889 3015 945 divinorum
3058 891 3357 946 ciliciorum
3391 891 3770 961 explicatione,

2172 998 2244 1063 lc.
2272 982 2370 1048 48;
2423 981 2488 1036 G.
2524 983 2805 1037 Duraudus
2836 982 3167 1041 Mimatensis
3215 986 3516 1056 cpiscopus,
3550 987 3641 1042 lib.
3698 1003 3769 1057 iv,

2195 1069 2412 1126 Ration.
2463 1071 2571 1126 div.
2625 1069 2787 1138 ollic.,
2840 1088 2890 1127 c.
2936 1072 3005 1127 55
3060 1075 3136 1129 De
3186 1075 3336 1144 pacis
3382 1076 3585 1130 osculo.
3641 1075 3773 1131 ltem

2194 1163 2428 1218 Joannes
2471 1165 2776 1233 Stephanus
2807 1165 3099 1234 Durantus,
3153 1168 3228 1223 De
3285 1168 3475 1223 ritibus
3522 1169 3776 1225 Eetlcsia:

2195 1254 2496 1319 Catholictc,
2528 1256 2621 1311 lib.
2663 1273 2723 1321 ιι,
2763 1272 2814 1312 c.
2858 1257 2926 1310 54
2966 1258 3041 1315 De
3070 1260 3253 1316 osculo
3293 1260 3410 1330 pati
3443 1300 3462 1328 ,
3510 1263 3778 1329 expositio

2196 1345 2373 1400 missae
2408 1362 2474 1401 ex
2510 1355 2719 1401 vetusto
2750 1347 2969 1415 codice;
3000 1357 3055 1404 et
3089 1348 3205 1406 OJo
3228 1349 3637 1406 Camenarensis
3664 1353 3779 1421 epi-

2196 1450 2389 1505 scopus
2417 1436 2468 1489 in
2500 1435 2846 1505 Expositione
2868 1437 3093 1493 canonis
3119 1456 3131 1492 :
3157 1437 3309 1493 Finis
3330 1448 3377 1493 et
3398 1444 3778 1495 consummatio

2194 1523 2443 1590 sacriﬁcii
2461 1518 2610 1591 ﬁt'dc
2635 1542 2782 1594 pace,
2817 1534 2871 1579 ut
2900 1543 3201 1583 maneamus
3220 1529 3274 1582 in
3303 1545 3461 1597 pace;
3485 1531 3621 1583 unde
3646 1538 3698 1584 et
3725 1532 3782 1586 in

2196 1613 2638 1667 consummatione
2657 1615 2904 1681 sacriﬁcii
2934 1615 3167 1669 osculum
3193 1618 3339 1686 pacis
3364 1619 3642 1686 sumimus,
3677 1636 3782 1690 quo

2200 1712 2247 1756 et
2277 1713 2510 1757 nostrum
2536 1706 2590 1759 in
2629 1704 2891 1773 sacriﬁcio
2919 1723 3187 1762 assensum
3216 1709 3613 1779 participatione
3647 1712 3780 1780 offe-

2199 1793 2383 1857 rimus,
2399 1805 2447 1848 et
2468 1796 2607 1865 quod
2629 1782 2907 1851 debeamus
2933 1798 2987 1851 in
3009 1815 3135 1867 pace
3154 1816 3383 1862 manere,
3400 1801 3781 1870 signiﬁcamus.

2198 1883 2402 1951 Quibus
2423 1892 2724 1940 consonant
2746 1886 3094 1942 Ordinarium
3118 1888 3509 1961 Rotomagense
3533 1908 3636 1947 ms.
3664 1893 3785 1963 plu-

2197 1981 2348 2036 ribus
2377 1982 2431 2036 in
2466 1981 2619 2050 locis,
2652 1982 2866 2039 Missale
2912 1983 3220 2040 Parisiense
3270 2000 3372 2041 ms.
3428 1986 3534 2040 300
3563 1987 3784 2043 circiter

2198 2088 2485 2140 annorum,
2519 2074 2573 2128 in
2598 2076 2749 2145 cujus
2773 2091 2997 2142 canone,
3030 2086 3153 2146 post
3191 2077 3369 2148 Agnus
3397 2077 3517 2143 Dei,
3542 2079 3624 2134 sic
3647 2079 3784 2151 legi-

2199 2172 2312 2219 tur:
2329 2163 2447 2220 Pax
2470 2167 2580 2233 tibi,
2608 2167 2793 2236 frater,
2819 2176 2867 2221 et
2894 2169 3131 2223 omnibus
3171 2168 3629 2237 Citristiﬁdelibus.
3656 2171 3784 2227 Mis-

2197 2255 2330 2310 salia
2360 2255 2770 2326 Rotomagensis
2795 2256 3048 2313 Ecclesia:
3075 2257 3141 2312 A.
3167 2258 3228 2313 C.
3256 2257 3420 2322 l5lti,
3451 2259 3611 2324 1527,
3644 2260 3783 2316 l576

2196 2352 2251 2399 et
2282 2344 2433 2408 1604,
2458 2353 2513 2399 et
2541 2344 2754 2401 Rituale
2782 2345 3183 2419 Rotomagense
3215 2349 3316 2404 sub
3350 2350 3543 2404 Carolo
3567 2349 3778 2406 Borbo-

2198 2435 2288 2489 nio
2339 2451 2426 2489 an.
2476 2435 2615 2491 1586
2645 2437 2697 2491 in
2726 2452 2933 2493 canone
2961 2439 3140 2494 missa:
3165 2457 3178 2493 :
3209 2439 3314 2494 Hic
3341 2444 3511 2511 capiat
3536 2459 3716 2510 pacem
3736 2445 3782 2497 si

2197 2526 2313 2594 capi
2358 2525 2567 2590 debeat,
2609 2526 2827 2581 dicendo
2852 2542 2874 2582 :
2904 2526 3017 2582 Pax
3046 2528 3172 2593 tibi,
3205 2530 3402 2597 frater,
3444 2542 3499 2586 et
3523 2532 3783 2591 Ecclesiae

2197 2626 2398 2672 sanctae
2444 2618 2557 2671 Dei.
2616 2617 2831 2673 Missale
2870 2630 3049 2674 autem
3085 2621 3341 2677 Ecclesuc
3368 2622 3783 2683 Sarisberiensis

2197 2707 2250 2760 in
2278 2707 2473 2778 Anglia
2500 2722 2642 2761 anno
2671 2707 2808 2762 1555
2851 2709 3053 2764 editum
3105 2709 3160 2765 in
3216 2727 3422 2769 canone
3447 2714 3526 2769 sic
3571 2715 3777 2772 habet:

2198 2797 2300 2852 Hic
2327 2798 2661 2853 deosculatur
2702 2802 2943 2855 sacerdos
2983 2804 3275 2872 corporalia
3303 2805 3357 2859 in
3385 2806 3600 2861 dextera
3632 2817 3782 2877 parte

2195 2898 2242 2941 et
2272 2888 2620 2942 summitatem
2665 2888 2866 2956 colicis,
2897 2901 2942 2944 et
2985 2903 3163 2960 postea
3190 2895 3414 2949 diacono
3451 2896 3593 2950 dicat
3619 2911 3639 2950 :
3671 2895 3783 2950 Pax

2201 2980 2294 3034 tibi
2320 2989 2376 3034 et
2402 2980 2654 3036 Ecclesia:
2686 2981 2803 3036 Dei.
2834 2981 3116 3055 Responsio
3142 3000 3161 3039 :
3194 2987 3407 3043 Etcum
3440 2989 3633 3058 spiritu
3669 2999 3778 3046 tuo.

2122 3045 2170 3109 ο
2199 3068 2466 3124 Diaconus
2513 3087 2545 3123 a
2582 3071 2778 3125 dextris
2818 3045 3104 3131 sacerdotis
3149 3077 3213 3129 ab
3240 3094 3298 3130 eo
3326 3045 3506 3147 pacem
3536 3081 3780 3150 recipiat,

2197 3170 2243 3214 et
2264 3160 2583 3216 subdiacono
2606 3165 2875 3233 porrigat:
2898 3166 3085 3223 deinde
3112 3168 3183 3222 ad
3227 3171 3450 3238 gradum
3501 3172 3649 3226 chori
3675 3173 3784 3242 ipse

2196 3256 2450 3310 diaconus
2471 3273 2648 3325 pacem
2670 3269 2835 3327 portet
2864 3260 3146 3315 rectoribus
3175 3263 3340 3324 chori,
3374 3272 3421 3316 et
3458 3262 3559 3329 ipsi
3598 3280 3780 3331 pacem

2197 3348 2352 3400 choro
2386 3356 2590 3414 portent
2628 3357 2839 3415 uterque
2865 3365 2974 3403 suae
3001 3352 3173 3419 parti,
3208 3352 3458 3420 incipiens
3485 3366 3518 3403 a
3546 3351 3771 3421 majori-

2198 3436 2312 3491 bus.
2341 3432 2408 3491 In
2431 3438 2574 3506 festis
2598 3454 2714 3492 vero
2744 3448 2789 3492 et
2811 3439 2958 3509 feriis
2978 3442 3187 3510 quando
3208 3443 3395 3494 chorus
3419 3458 3523 3495 non
3549 3445 3773 3512 regitur,

2195 3543 2301 3597 pax
2327 3544 2359 3581 a
2380 3527 2604 3582 diacono
2624 3528 2781 3582 choro
2810 3539 3121 3599 apportatur
3143 3547 3234 3601 per
3260 3531 3393 3585 duos
3421 3540 3681 3586 extremos
3707 3535 3776 3587 de

2197 3621 2425 3675 secunda
2459 3620 2651 3688 (arma.
2681 3621 2894 3677 Rituale
2918 3636 3046 3678 vero
3072 3622 3467 3695 Rotomagense
3493 3640 3582 3680 an.
3614 3626 3776 3692 l65l,

2198 3726 2252 3781 ι).
2280 3726 2319 3777 t,
2348 3727 2466 3782 pag.
2492 3712 2598 3767 400
2624 3728 2638 3765 :
2670 3710 2936 3768 Praeterea
2958 3714 3139 3768 eadem
3171 3715 3481 3770 auctoritate
3516 3716 3779 3787 archiepi-

2199 3805 2396 3876 scopalt
2436 3816 2649 3859 cautum
2680 3816 2778 3873 est,
2803 3807 2933 3869 utin
2957 3806 3194 3861 omnibus
3216 3807 3385 3861 missis
3411 3807 3777 3880 (prteterqstam

2196 3914 2290 3967 pro
2318 3896 2598 3967 defunctis)
2634 3907 2750 3967 post
2795 3898 3087 3952 orationem
3113 3913 3132 3952 :
3160 3896 3390 3952 Domine
3413 3895 3538 3953 Jesu
3564 3897 3781 3956 Chris'e

2197 3988 2289 4057 qui
2318 3988 2520 4052 dixisti,
2543 3995 2672 4053 etc.,
2699 4004 2805 4058 pax
2821 3989 2994 4043 detur.
3023 3988 3087 4043 In
3108 4006 3169 4043 ea
3188 4005 3302 4043 sero
3322 3989 3499 4043 danda
3524 3989 3578 4042 in
3606 3990 3778 4044 missis

2198 4075 2512 4131 solemnibus
2552 4086 2783 4132 seruetur
2826 4079 2956 4131 ordo
2994 4093 3027 4131 a
3067 4088 3351 4132 memorato
3389 4078 3595 4133 Joanne
3617 4077 3681 4131 II
3723 4081 3778 4133 in

2198 4165 2354 4221 Libro
2387 4166 2568 4221 rituali
2598 4166 2766 4238 (quem
2799 4176 2919 4223 ante
2948 4184 3114 4223 annos
3143 4167 3247 4223 570
3286 4169 3394 4238 ipse
3435 4180 3545 4222 tum
3585 4170 3781 4225 Abrin-

2200 4256 2365 4311 censis
2392 4257 2659 4327 episcopus
2702 4257 2982 4312 venerabili
3027 4258 3279 4313 Maurilio
3317 4260 3703 4331 archiepiscOpo
3727 4270 3779 4316 et

518 4342 663 4397 enim
710 4343 955 4400 Romano
990 4344 1067 4400 De
1097 4344 1273 4404 cilicio
1312 4351 1492 4406 missa;
1520 4351 1637 4407 hac
1668 4352 1952 4424 leguntur;
1985 4355 2097 4410 Επ-
2126 4372 2178 4432 D
2203 4346 2462 4401 decessori
2488 4362 2583 4401 suo
2613 4346 2818 4417 obtulit)
2855 4348 2928 4402 ita
2963 4349 3298 4419 prtescripms
3321 4369 3339 4404 .-
3363 4349 3646 4417 Sacerdos,
3666 4362 3774 4408 etc.

518 4433 659 4504 pleta
687 4436 1040 4493 benedictione
1081 4437 1312 4511 (scilicet
1340 4443 1630 4515 episcopali
1660 4455 1783 4515 post
1820 4446 1902 4501 Da
1927 4450 2104 4520 propi-

520 4525 631 4580 tius
658 4528 860 4597 pacem)
890 4529 1093 4585 veniens
1125 4531 1388 4602 presbyter
1423 4536 1644 4605 accipiat
1678 4554 1857 4606 pacem
1898 4539 1962 4593 ab
1990 4541 2101 4610 epi-

514 4635 674 4689 πορθ
707 4623 940 4676 eamdem
979 4626 1179 4680 ueteris
1205 4625 1495 4681 oblaturus.
1536 4628 1669 4684 Item
1707 4630 1986 4698 Alcuinus,
2026 4634 2102 4688 De

515 4708 719 4764 divinis
753 4709 964 4778 oﬂiciis,
999 4714 1083 4767 tit.
1122 4714 1200 4770 De
1241 4715 1603 4772 celebratione
1647 4718 1864 4773 missae:
1899 4719 2103 4790 Impre—

514 4809 637 4851 cata
664 4799 824 4868 igitur
860 4817 987 4870 pace
1006 4802 1256 4872 incipiens
1298 4822 1330 4858 a
1374 4809 1639 4862 sacerdote
1668 4807 1757 4861 dat
1791 4808 1895 4862 sibi
1919 4819 2100 4865 mutuo

515 4888 689 4941 omnis
728 4886 967 4942 Ecclesia
1002 4890 1235 4944 osculum
1273 4893 1450 4960 pacis,
1483 4903 1536 4947 ut
1563 4895 1797 4949 omnibus
1836 4913 1953 4951 uera
1975 4915 2102 4966 pace

519 4974 681 5028 unitis
704 4975 798 5043 ﬁat
839 4977 894 5029 in
921 4977 993 5030 eis
1013 4976 1154 5032 locus
1182 4978 1310 5045 Dei;
1347 4987 1403 5034 et
1429 4980 1567 5037 libro
1596 4982 1670 5038 De
1708 4983 2111 5054 signiﬁcatione-

2203 4436 2333 4491 llem
2364 4435 2577 4491 Missale
2606 4436 2998 4509 Rotomageuse
3026 4453 3169 4494 anno
3211 4438 3368 4504 1668,
3399 4440 3474 4494 De
3496 4441 3601 4496 ritu
3631 4441 3773 4497 cele-

2202 4525 2393 4581 brandi
2426 4526 2664 4581 missam.
2717 4526 2887 4596 llujus
2930 4543 3145 4598 quoque
3195 4530 3403 4600 mystici
3433 4531 3582 4601 pacis
3607 4534 3775 4590 osculi

2202 4617 2567 4674 meminerunt
2620 4620 2781 4688 prisci
2830 4621 3055 4677 Patres:
3089 4623 3242 4692 ιιι
3289 4624 3491 4679 Auctor
3537 4624 3656 4680 libri
3703 4627 3776 4682 De

2201 4708 2581 4764 Ecclesiastica
2609 4710 2911 4764 hierarchia
2934 4727 3053 4781 cap.
3080 4713 3154 4767 De
3178 4716 3586 4778 communione;
3610 4715 3777 4772 Justi-

2202 4816 2302 4856 nus
2348 4810 2574 4871 martyr,
2617 4800 2842 4870 Apolog.
2876 4801 2929 4866 2,
2975 4804 3117 4858 circa
3152 4803 3337 4870 linem;
3389 4805 3557 4861 Tel-tu
3575 4804 3774 4873 lienus,

2200 4891 2292 4947 lib.
2322 4893 2398 4947 De
2423 4892 2611 4957 Orat.;
2646 4891 2703 4946 S.
2736 4891 3028 4963 Gregorius
3051 4892 3439 4961 Nazianzenus.
3474 4905 3620 4956 orat.
3641 4898 3678 4953 5
3702 4897 3776 4952 De

2201 4986 2465 5056 pace;S.
2519 4986 2969 5055 Chrysostomus,
3023 4987 3118 5042 lib.
3172 5003 3189 5044 ι
3249 4987 3324 5042 De
3361 4991 3775 5057 compunctione

517 5064 965 5120 vestimentorum
996 5084 1010 5121 :
1042 5058 1119 5120 Ab
1149 5068 1228 5121 his
1249 5071 1481 5134 personis
1504 5070 1698 5125 dantur
1717 5073 1895 5128 oscula
1917 5085 2097 5129 mutuo
2140 5106 2179 5144 ε,
2200 5078 2399 5141 cordis,
2449 5076 2634 5132 homil.
2659 5077 2719 5143 5;
2756 5078 2829 5134 De
2858 5078 3158 5148 proditione
3199 5077 3349 5133 luds:
3379 5079 3444 5131 ad
3476 5078 3668 5146 linem,
3721 5090 3777 5135 et

504 5152 573 5207 .in
598 5154 834 5219 ecclesia,
866 5171 982 5225 quae
1004 5157 1199 5211 nullius
1221 5159 1568 5215 titillationem
1596 5162 1885 5217 libidinosa!
1916 5181 2098 5235 sugge-

518 5243 700 5300 stionis
725 5255 911 5317 cogunt
935 5249 1179 5302 excitare.
1209 5249 1350 5303 ltlem
1381 5250 1535 5306 docet
1562 5252 1885 5318 Amalarius,
1916 5254 2008 5309 lib.
2038 5271 2093 5309 ιιι

520 5332 598 5386 De
620 5336 925 5386 ecclesiasl.
951 5336 1115 5386 nino..-
1144 5354 1257 5386 ('tm.
1276 5339 1346 5386 52
1370 5340 1444 5386 Ilo.
1466 5343 1648 5386 nentiln
1664 5345 1813 5386 navie
1832 5361 1841 5370 ·
1870 5344 2094 5386 Cnrnlnc

2200 5165 2386 5222 homil.
2407 5166 2471 5221 51
2504 5169 2570 5221 ad
2596 5168 2845 5238 populum
2868 5167 3293 5233 Antiochenum;
3327 5166 3383 5221 S.
3414 5167 3774 5239 Hieronymus

2199 5261 2266 5313 ad
2290 5258 2530 5329 Theoph.
2569 5260 3018 5319 Alexandrinum;
3049 5258 3106 5313 S.
3138 5258 3469 5320 Augustinus
3513 5259 3569 5311 in
3605 5274 3772 5314 scrin.

2202 5347 2275 5386 nn
2300 5349 2476 5386 viailin
2508 5349 2757 5386 D-scnhm'
2813 5349 2851 5386 ς.
2915 5348 3165 5386 Dnsslinnc
3200 5348 3433 5386 anamlc
3463 5348 3750 5386 pnicnnnsn
