4016 5386
260 280 322 335 81
1212 274 1418 333 ΝΟΤᾸΞ
1451 274 1543 331 AD
1577 269 1836 330 LIBRUM
1878 270 1965 324 DE
2005 271 2091 328 OF
2096 274 2221 331 FIC.
2268 276 2545 336 ECCLES.
3431 282 3521 339 εἴ

262 390 511 453 dandum,
559 394 616 441 ut
644 385 695 441 in
725 384 965 458 pluribus
989 388 1236 445 ecclesiis
1261 366 1659 461 parochialibns
1685 389 1823 444 ἀίω·
1849 361 1898 424 Α
1926 397 2047 442 tuor
2096 388 2427 459 Temporum,
2494 390 2833 464 Septembris,
2873 389 3136 447 Adventus
3165 402 3213 451 et
3250 390 3501 461 Quadra-

205 530 211 536 .
261 481 396 536 cesis
433 479 843 549 Rotomagensis
871 478 1227 536 observatur:
1262 497 1421 551 quem
1452 481 1615 536 ritum
1653 483 1705 536 in
1732 497 1824 537 ec-

210 556 231 579 l
260 571 419 628 clesia
475 570 774 625 cathedrali
826 571 1209 642 Rotomagensi
1273 573 1586 628 inusitatum
1642 580 1828 643 utpote

240 661 532 761 iantiquum
562 670 615 715 et
642 659 962 715 laudabilem
992 664 1143 718 multi
1195 665 1260 719 de
1301 664 1536 735 capitulo
1584 664 1826 720 revocari

242 752 311 817 jin
337 752 476 807 votis
499 752 823 817 habuerunt,
857 754 950 807 sed
983 755 1215 809 nondum
1243 757 1525 812 restitutus
1550 766 1651 812 est.

322 841 434 914 (82)
474 841 677 898 Chorus
698 844 888 913 psallat
914 844 1097 916 Agnus
1131 846 1221 901 Dei
1248 890 1262 913 ,
1292 848 1431 918 quod
1454 846 1665 918 Sergius
1693 864 1830 918 papa

257 943 479 1002 tempore
507 933 879 1002 confractionis
904 938 1141 1006 corporis
1168 936 1380 991 Domini
1406 947 1618 993 cantare
1637 954 1831 1007 praece-

254 1022 345 1092 pit.
383 1022 476 1077 Sic
504 1022 787 1088 Alcuinus,
815 1022 909 1079 lib.
956 1025 1031 1079 De
1059 1025 1227 1080 divin.
1259 1024 1399 1081 ollic.
1425 1037 1478 1081 et
1498 1026 1828 1092 Amalarius,

257 1111 291 1165 l.
322 1128 404 1179 ιιι,
433 1113 513 1167 De
534 1113 838 1168 ecclesiast.
866 1114 1077 1180 olliciis,
1105 1130 1156 1170 c.
1181 1115 1250 1170 55
1276 1117 1425 1171 hisce
1446 1116 1626 1171 verbis
1655 1130 1670 1169 :
1704 1115 1829 1170 Ser-

254 1207 364 1276 gius
408 1223 550 1277 papa
601 1209 865 1263 constituit
897 1221 951 1262 ut
1006 1209 1192 1281 Agnus
1220 1211 1314 1265 Dei
1345 1220 1666 1276 cantaretur,
1698 1212 1832 1264 sicut

255 1298 497 1366 scriptum
543 1308 621 1351 est
674 1298 729 1351 in
786 1296 956 1353 Gestis
1007 1300 1415 1369 pontificalibus.
1444 1299 1542 1354 Hic
1570 1302 1751 1355 statttit
1778 1310 1833 1354 ut

256 1393 475 1454 tempore
496 1387 872 1456 eonfractionis
919 1387 1185 1443 Dominici
1213 1389 1443 1458 corporis
1470 1389 1656 1457 Agnus
1684 1389 1778 1444 Dei
1801 1406 1832 1444 a

255 1476 386 1530 clero
416 1486 464 1530 et
501 1476 696 1547 populo
727 1477 1051 1533 decantetur.
1100 1479 1230 1534 Item
1276 1478 1607 1533 Walat‘ridus
1639 1479 1833 1534 Strabo

258 1568 328 1622 De
376 1569 543 1624 rebus
581 1569 889 1625 ecclesiast.
938 1587 989 1626 c.
1040 1572 1133 1637 25,
1161 1572 1483 1641 Micrologus
1525 1571 1602 1628 De
1635 1570 1831 1627 ecclcs.

256 1659 546 1722 obscrvat.,
581 1673 633 1712 c.
667 1659 757 1723 18,
787 1672 844 1714 et
878 1658 1104 1714 Gemma
1132 1646 1349 1725 animae,
1381 1660 1416 1714 l.
1445 1677 1484 1727 ι,
1514 1676 1563 1714 c.
1598 1660 1689 1716 90.

1928 479 2154 549 gesimaz.

2000 570 2110 638 (87)
2133 569 2315 625 Gloria
2344 572 2396 626 in
2420 574 2646 629 excelsis
2670 576 2724 630 in
2768 575 2937 646 festis,
2957 586 3168 646 excepto
3191 576 3429 633 Adventu
3452 587 3501 632 et

1930 660 2362 731 Quadrngesima:
2388 673 2633 735 tempore.
2673 666 2813 722 Olim
2845 668 2901 722 in
2942 668 3096 723 festis
3123 678 3362 737 tempore
3394 667 3507 725 Ad-

1929 759 2123 803 ventus
2143 771 2156 802 t
2178 760 2194 803 t
2215 749 2649 821 Quadragesimae
2663 752 2844 809 Gloria
2868 756 2921 808 in
2943 755 3157 811 excelsis
3179 770 3286 811 non
3304 755 3506 813 decan-

1931 840 2167 902 tabatur,
2198 850 2255 894 ιιι
2284 841 2408 895 hinc
2435 849 2600 910 patet,
2626 852 2682 898 et
2711 860 2778 899 ex
2805 844 3055 911 Alauiuo,
3088 845 3182 901 lib.
3220 847 3293 902 De
3332 845 3504 905 divin.

1929 928 2094 995 ollic.,
2148 932 2233 986 tit.
2270 932 2342 987 De
2368 930 2752 990 Puriticatione
2782 934 2841 991 S.
2879 936 3060 995 Maria:
3089 956 3103 991 :
3137 936 3264 1007 Ipsa
3292 938 3378 992 die
3403 955 3514 994 non

1931 1033 2179 1077 cantatur
2201 1023 2385 1078 Gloria
2420 1023 2472 1077 in
2508 1024 2740 1081 excelsis
2772 1026 2901 1093 Deo,
2928 1029 2973 1081 si
3000 1026 3143 1098 infra
3177 1028 3511 1098 Septuagesi-

1930 1128 2072 1165 mam
2126 1115 2382 1180 evenerit;
2434 1123 2490 1168 et
2520 1130 2588 1170 ex
2614 1114 2924 1172 Missalibus
2954 1119 3019 1171 ad
3052 1132 3209 1172 usum
3249 1117 3519 1175 Rotoma-

1928 1204 2110 1273 gensis
2138 1204 2392 1262 Ecclesia:
2419 1222 2506 1260 an.
2539 1207 2695 1271 1515,
2734 1208 2890 1272 1516,
2919 1208 3078 1272 1597,
3109 1208 3246 1263 1576
3268 1216 3323 1263 et
3349 1207 3525 1273 i604,

1933 1295 1986 1348 iu
2036 1296 2233 1364 quibus
2274 1297 2469 1367 legitur
2497 1298 2552 1351 in
2582 1296 2722 1353 festo
2758 1297 3200 1355 Purilicationis:
3233 1296 3421 1355 Gloria
3451 1299 3520 1355 in

1931 1384 2178 1447 excelsis,
2211 1386 2311 1439 nisi
2337 1385 2735 1457 Septuagesima
2763 1387 2945 1457 fuerit.
3296 1378 3301 1383 ’

2006 1498 2116 1570 (88)
2156 1497 2220 1551 Et
2235 1498 2310 1551 sic
2340 1498 2509 1553 altare
2538 1500 2878 1554 incensando.
2911 1498 3036 1554 Haec
3059 1498 3391 1561 thurilicatio
3407 1513 3517 1561 no,

1932 1600 2046 1649 stra
2076 1590 2255 1647 adhuc
2275 1599 2437 1646 aetate
2459 1592 2623 1646 liebat
2656 1607 2686 1645 a
2718 1591 2949 1648 diacono
2979 1590 3279 1665 genutlexo.
3310 1594 3409 1649 Pa.

2007 1682 2064 1737 In
2094 1691 2281 1737 nostra
2310 1683 2532 1738 dioecesi
2577 1682 2895 1742 incensatur
2941 1686 3113 1741 altare
3138 1686 3265 1741 dum
3296 1700 3326 1739 a
3349 1685 3531 1743 choro

321 1750 428 1821 (85)
468 1752 815 1847 Diaconussi
840 1752 1037 1847 casula—
1046 1754 1445 1847 uti—turpiterum
1462 1754 1668 1847 induat.
1687 1753 1833 1847 Idem
1865 1722 1911 1783 Β
1938 1780 2190 1827 caulam,-
2222 1770 2384 1843 Κίρ-ξε
2408 1771 2626 1842 deum,
2669 1776 2811 1847 quod
2843 1784 2995 1834 ηοωι
3017 1775 3182 1832 Cum.
3212 1774 3518 1842 paranda“

258 1839 468 1896 Gemma
504 1841 721 1907 animae,
758 1841 794 1896 ι.
835 1858 875 1908 ι,
903 1844 1069 1898 0351
1102 1844 1179 1900 De
1208 1844 1421 1899 diaconi
1445 1844 1630 1899 casula
1664 1863 1677 1898 :
1706 1844 1835 1899 Per-

257 1938 362 1982 acto
388 1930 690 1985 ministerio
708 1930 962 1987 diaconus
978 1931 1160 1986 casula
1187 1933 1444 1987 induitur.
1459 1933 1601 1990 Idem
1619 1932 1834 1990 Ritt'ale

256 2018 653 2094 Rotomagense
688 2037 835 2079 anno
876 2022 1009 2080 1051
1030 2024 1238 2081 editum
1284 2025 1507 2094 indicat,
1542 2042 1595 2096 p.
1632 2042 1675 2095 ι,
1706 2041 1831 2098 pag.

253 2109 368 2164 tce.
406 2184 409 2189 _
1008 2112 1019 2125 ·

318 2202 426 2271 (84)
465 2200 631 2257 Clero
677 2204 1016 2273 respondente
1049 2204 1161 2261 Deo
1189 2206 1394 2276 gratias
1417 2207 1637 2277 ofﬁcium
1656 2208 1830 2277 ﬁniat.

258 2291 384 2349 Ilinc
427 2294 732 2349 notandum
795 2295 849 2349 in
886 2296 992 2352 line
1034 2297 1219 2353 missa:
1268 2313 1369 2353 nec
1401 2298 1830 2354 benedictionem

257 2399 409 2455 super
450 2384 715 2455 populum
740 2386 885 2453 dari,
917 2403 1017 2443 nec
1068 2387 1417 2459 Evangelium
1454 2386 1676 2443 Joannis
1703 2388 1834 2444 olim

259 2474 351 2546 legi
370 2478 746 2544 consuevisse,
772 2478 913 2534 sicut
939 2494 1038 2535 nec
1058 2479 1219 2535 hodie
1241 2480 1380 2549 apud
1400 2480 1793 2537 Cartlzusianos
1817 2500 1831 2537 :

258 2570 391 2638 quod
409 2570 583 2625 etiam
611 2572 895 2641 sequentia
927 2572 1189 2628 iudicant.
1221 2572 1446 2629 Gemma
1473 2574 1686 2637 animm,
1719 2575 1755 2628 Ι.
1790 2592 1829 2638 ι,

259 2674 304 2713 c.
326 2660 376 2714 5.
404 2660 478 2716 Ite
518 2661 691 2716 missa
718 2670 823 2727 est,
856 2662 1097 2728 licentia;
1129 2663 1241 2718 Deo
1286 2664 1510 2735 gratias,
1540 2664 1833 2734 interjectio

259 2749 595 2817 gratulandi.
632 2749 734 2805 His
777 2753 963 2823 quippe
1015 2754 1239 2823 peractis
1267 2754 1489 2824 populus
1524 2766 1694 2824 grates
1724 2756 1832 2810 Deo

263 2841 439 2909 reddit,
469 2853 522 2897 et
574 2843 644 2896 ad
669 2844 856 2914 popria
900 2845 1051 2898 redit.
1084 2845 1141 2899 In
1181 2843 1487 2901 Missalibus
1513 2862 1641 2902 vero
1670 2846 1835 2903 Roto-

264 2934 523 3002 magensis
563 2933 824 2989 Ecclesia:
849 2949 939 2988 an.
972 2936 1132 3000 1510,
1172 2936 1308 2990 1527
1338 2944 1393 2990 et
1420 2934 1573 2998 1576,
1605 2934 1833 2991 habetur

263 3024 581 3091 benedictio,
613 3025 707 3079 sed
734 3039 841 3080 non
884 3025 1231 3094 Evangelinm
1261 3025 1505 3089 Joannis,
1538 3034 1593 3081 et
1627 3026 1677 3080 in
1709 3026 1833 3082 Mis-

264 3113 352 3168 sali
374 3114 690 3184 Rotomag.,
721 3128 812 3167 an.
844 3112 1002 3180 1601,
1035 3112 1136 3169 sub
1162 3113 1357 3169 Carolo
1379 3128 1409 3167 a
1445 3111 1717 3169 Borbonio
1740 3115 1834 3169 ha—

266 3206 408 3256 betur
436 3220 451 3257 :
496 3202 673 3258 Vertit
719 3218 773 3256 se
804 3202 873 3256 ad
913 3202 1185 3273 populum,
1219 3213 1268 3258 et
1297 3204 1346 3257 ei
1370 3202 1619 3258 benedicit
1651 3221 1834 3271 manu,

266 3289 457 3347 interim
485 3294 710 3348 exuitur
730 3292 913 3347 casula
939 3294 1160 3348 dicendo
1192 3308 1211 3346 :
1238 3292 1496 3349 Dominus
1532 3293 1833 3360 vobiscum,

265 3392 309 3436 et
322 3383 659 3454 Euangelium
671 3388 956 3439 secundum
972 3386 1246 3441 Joannem.
1269 3384 1325 3441 In
1347 3386 1503 3456 112
1527 3386 1723 3441 Missali
1749 3402 1838 3440 au-

270 3479 365 3526 tem
385 3473 678 3530 Parisiensi
701 3490 803 3530 ms.
826 3475 930 3529 500
943 3476 1069 3531 circi
1079 3485 1159 3532 ter
1171 3493 1455 3541 annorum,
1473 3477 1524 3531 in
1538 3478 1706 3531 veteri
1724 3477 1834 3532 Ro-

270 3576 416 3619 mano
441 3564 549 3620 200
588 3574 644 3620 et
684 3564 739 3619 in
763 3564 966 3621 Missali
995 3567 1249 3623 Ecclesiae
1298 3568 1717 3625 Sarisberiensis
1744 3586 1834 3626 an.

244 3651 411 3719 71555,
438 3671 543 3711 nec
574 3657 889 3711 benedictio
924 3673 1022 3713 nec
1048 3659 1397 3730 Evangelium
1424 3660 1711 3727 habentur,
1744 3665 1838 3716 sed

270 3751 482 3812 tantum,
541 3743 773 3800 Placeat
805 3747 919 3812 tibi,
951 3760 1132 3802 sancta
1159 3748 1413 3802 Trinitas.
1447 3748 1663 3805 Missale
1689 3751 1839 3805 Sari-

266 3833 530 3892 sberiense
594 3837 941 3907 praescribit:
972 3838 1191 3894 Placeat
1235 3840 1328 3896 tibi
1360 3848 1548 3895 sancta
1581 3840 1836 3908 Trinitas,

264 3940 357 3992 qua
381 3927 534 3995 ﬁnita
560 3930 734 3999 erigat
785 3946 840 3983 se
863 3930 1104 3985 sacerdos
1136 3932 1349 4001 signans
1393 3948 1447 3985 se
1478 3932 1532 3985 in
1557 3932 1694 4001 facie
1719 3949 1837 3998 sua,

265 4014 471 4072 dicens:
503 4018 565 4072 In
610 4019 832 4074 nomine
888 4019 1088 4085 Patris,
1142 4030 1249 4075 etc.
1280 4018 1349 4074 Et
1400 4022 1475 4075 sic
1504 4014 1843 4076 inclinatione

267 4104 419 4173 facta,
466 4125 529 4162 eo
578 4109 765 4163 ordine
808 4127 910 4180 quo
936 4112 1107 4181 prius
1133 4122 1461 4167 accesserunt
1500 4114 1569 4166 ad
1595 4112 1765 4167 altare
1787 4115 1843 4168 in

267 4197 512 4267 principio
540 4200 740 4265 missw,
770 4199 845 4253 sic
874 4200 1046 4256 induti
1073 4218 1193 4256 cum
1213 4202 1544 4272 ceroferariis
1567 4212 1614 4258 et
1641 4205 1843 4259 caeteris

268 4287 512 4345 ministris
543 4291 794 4357 redeant;
833 4302 881 4345 et
902 4295 1080 4347 statim
1106 4303 1220 4364 post
1251 4293 1363 4347 Deo
1385 4295 1591 4362 gratias
1617 4296 1843 4365 incipia-

269 4384 348 4430 tur
375 4381 429 4433 in
464 4382 629 4435 choro
656 4383 790 4435 hora
820 4398 983 4447 nona,
1011 4384 1222 4453 quando
1244 4393 1358 4452 post
1383 4385 1595 4438 missam
1618 4385 1844 4451 dicitur;
1871 4412 1925 4472 Β
1949 4380 2108 4445 ditor,
2136 4388 2195 4433 ut
2233 4388 2450 4435 notatur
2476 4379 2529 4434 in
2552 4379 2776 4448 antiquo
2806 4373 3436 4472 Dittt‘naI-inPACXOVlIellSI,
3464 4385 3545 4472 ,ει
3638 4419 3642 4423 .

269 4470 502 4524 sacerdos
533 4486 654 4525 vero
680 4470 735 4524 in
760 4469 1024 4525 redeundo
1047 4471 1188 4526 dicat
1207 4471 1549 4544 Evangelium
1577 4489 1597 4528 :
1619 4473 1675 4528 In
1697 4475 1846 4546 prin-

268 4559 419 4631 cipio.

333 4650 443 4721 (85)
486 4650 1063 4709 DiebusPentecostes.
1085 4651 1143 4707 Id
1171 4660 1276 4719 est,
1307 4663 1550 4724 tempore
1573 4654 1846 4726 paschalis

268 4740 761 4817 Quinquagesimaa.
821 4745 911 4803 Sic
957 4745 1288 4814 Amalarius,
1319 4745 1413 4802 lib.
1438 4764 1510 4815 tv,
1543 4763 1662 4819 cap.
1695 4748 1764 4804 ‘29
1791 4755 1847 4803 et

269 4832 355 4898 46,
376 4845 432 4890 et
465 4835 580 4890 alii.
608 4828 702 4891 Pa.

336 4926 446 4996 (86)
487 4927 762 4981 Diaconus
794 4937 841 4982 et
882 4929 1236 4984 subdiaconus
1283 4930 1577 4986 induantur
1629 4929 1842 4985 casulis.

271 5013 489 5070 Joannis
548 5026 797 5088 tempore
847 5018 1044 5073 casula}
1085 5020 1298 5075 diaconi
1332 5030 1387 5075 et
1420 5020 1741 5077 subdiaconi
1770 5020 1851 5075 vi-

272 5109 532 5162 denturin
563 5122 664 5162 usu
701 5108 870 5164 fuisse
898 5126 994 5182 per
1016 5110 1185 5166 ferias
1215 5112 1490 5171 Adventus
1521 5123 1576 5170 et
1606 5110 1849 5179 Quadra-

273 5198 503 5265 gesinue,
546 5213 695 5253 nunc
734 5207 913 5254 autem
961 5200 1013 5255 in
1040 5192 1334 5257 Dominicis
1366 5215 1574 5262 tantum
1604 5200 1859 5289 ejusdem,

274 5289 556 5357 temporis;
585 5289 714 5342 etin
737 5286 885 5343 feriis
910 5292 1132 5360 agendis
1176 5301 1532 5360 mortuorum,
1557 5304 1611 5348 et
1640 5286 1840 5348 Sabbaé

1936 1861 2157 1919 Ration.
2190 1862 2302 1916 div.
2336 1862 2504 1933 ollim,
2533 1866 2571 1920 I.
2596 1883 2671 1933 tv,
2702 1883 2753 1922 c.
2784 1867 2871 1922 10.
2922 1865 3052 1921 Post
3074 1867 3260 1922 datum
3283 1866 3522 1922 osculatus

1935 1956 2204 2026 episcopus
2229 1971 2321 2013 seu
2350 1959 2594 2019 sacerdos
2614 1959 2875 2029 accipiens
2902 1959 2968 2017 de
2985 1974 3145 2012 manu
3170 1958 3382 2012 diaconi
3401 1959 3527 2013 thu-

1918 2047 2166 2117 ⁸τὶιηιιιιιιι
2204 2067 2415 2106 sacrum
2436 2052 2668 2105 incensat
2695 2052 2884 2107 altare.
2940 2050 3075 2106 Item
3107 2049 3325 2107 Rituale
3350 2049 3519 2105 Roto—

1934 2157 2213 2214 magense,
2247 2158 2302 2213 p.
2335 2158 2378 2205 ι,
2401 2158 2525 2213 pag.
2554 2142 2679 2198 595.
2719 2142 2777 2198 In
2803 2142 3054 2201 omnibus
3075 2140 3231 2198 festis
3255 2141 3523 2214 (exceptis

1933 2232 2296 2303 simplicibus)
2319 2232 2374 2286 in
2401 2231 2645 2291 Ecclesia
2682 2231 3090 2315 Rotomagensi,
3121 2231 3249 2286 dum
3270 2239 3544 2287 cantatur-

1935 2322 2119 2379 Cloria
2150 2324 2205 2377 in
2224 2322 2460 2389 excelsis,
2489 2322 2559 2378 ab
2585 2322 2839 2394 acolytho
2869 2321 3450 2379 thuriﬁcaturchorus.

2008 2436 2165 2506 113
2192 2435 2305 2507 (89)
2330 2434 2503 2491 Credo
2518 2436 2572 2490 in
2596 2450 2761 2490 unum
2805 2435 3123 2501 cantabitur,
3145 2436 3338 2492 scilicet
3359 2439 3529 2492 omni-

1934 2527 2029 2580 bus
2049 2526 2233 2580 diebus
2271 2524 2581 2593 Dominicis,
2608 2534 2713 2581 etc.
2734 2524 2826 2581 Sic
2846 2524 2959 2580 fere
2988 2525 3336 2581 Ordinarium
3359 2528 3526 2583 Hoto-

1932 2631 2186 2683 magense
2212 2631 2241 2669 a
2260 2615 2367 2670 200
2390 2617 2607 2675 circiter
2639 2617 2798 2672 annis
2823 2617 3211 2686 conscriptum,
3238 2632 3306 2672 ex
3334 2616 3529 2673 biblio-

1933 2706 2087 2761 theca
2116 2704 2416 2776 Bigotiaua.

2003 2815 2118 2889 (90)
2165 2816 2322 2872 Nona
2367 2815 2498 2873 Itora
2536 2835 2633 2872 sua
2676 2818 2905 2872 dicatur.
2936 2816 3156 2873 Scilicet
3203 2818 3359 2873 tertia
3402 2824 3524 2890 post

1934 2908 2213 2964 meridiem
2241 2907 2398 2973 hora,
2421 2909 2562 2978 quod
2588 2910 2841 2964 observat
2862 2907 3088 2965 ecclesia
3115 2908 3526 2978 metropolitana

1937 2998 2374 3067 Rotomagensis,
2424 2998 2665 3069 exceptis
2707 2998 2894 3069 jejunii
2958 2992 3169 3065 diebus,
3219 2999 3273 3053 in
3333 2999 3529 3067 quibus

1939 3090 2054 3145 hrcc
2080 3089 2213 3144 hora
2253 3094 2314 3143 ut
2341 3089 2394 3142 in
2425 3089 2773 3145 monasteriis
2800 3097 2925 3144 ante
2950 3087 3231 3143 meridiem
3262 3087 3530 3159 anticipa-

1935 3190 2045 3235 tur.

2008 3291 2120 3363 (91)
2152 3291 2295 3358 Quos
2321 3290 2634 3362 capitulum,
2667 3291 2853 3346 dehinc
2882 3291 3106 3361 hymnus
3131 3299 3398 3360 sequatur.
3430 3286 3530 3343 Ilio

1936 3401 2044 3441 non
2074 3385 2132 3439 lit
2173 3385 2376 3440 mentio
2417 3386 2785 3455 responsorii:
2818 3383 2897 3438 Tu
2937 3399 3241 3453 exsurgens,
3285 3380 3527 3446 Domine,

1936 3475 2079 3545 quod
2113 3474 2329 3529 canitur
2371 3490 2468 3545 per
2499 3483 2672 3530 totum
2705 3474 3009 3547 Adventum
3054 3474 3108 3528 in
3142 3472 3438 3531 Dominicis
3473 3481 3532 3528 et

1939 3566 2113 3633 feriis,
2144 3577 2198 3620 et
2225 3567 2535 3638 assignatur
2560 3567 2613 3621 in
2653 3564 2940 3623 Ordinario
2978 3564 3361 3633 Rotomagensi
3402 3578 3529 3644 ms.,

1938 3674 1991 3728 p.
2024 3658 2080 3724 5,
2104 3661 2155 3713 in
2198 3658 2491 3714 Breviariis
2528 3659 2593 3713 ad
2622 3674 2777 3714 usum
2810 3655 3224 3727 Rotomagensis
3258 3656 3532 3717 Ecclesiae.

1940 3764 2030 3802 an.
2057 3749 2185 3803 1491
2221 3747 2276 3814 et
2322 3749 2462 3804 1578
2504 3748 2686 3813 editis,
2729 3759 2785 3803 et
2834 3747 2885 3801 in
2918 3745 3247 3801 novissimis.
3276 3743 3537 3800 Fortasse

1942 3847 2184 3909 tempore
2211 3838 2435 3893 Joannis
2462 3839 2514 3894 in
2547 3849 2735 3894 nostra
2776 3838 3050 3907 provincia
3089 3836 3326 3891 nondum
3354 3834 3532 3889 fuerat

1942 3928 2313 3994 decantalum;
2340 3943 2440 3983 nec
2468 3928 2668 3997 ubique
2696 3928 2778 3998 (ιιι
2805 3935 3035 3981 testatur
3061 3924 3374 3980 Amalarins
3398 3924 3539 3978 libro

1941 4016 2019 4071 De
2042 4016 2232 4071 ordine
2260 4016 2563 4086 antipbon.,
2592 4031 2641 4070 c.
2665 4016 2754 4085 80)
2777 4016 3190 4078 decantabatur,
3207 4014 3300 4068 sed
3326 4022 3549 4068 tantum.

1945 4100 1999 4161 in
2025 4106 2349 4176 quibusdam
2381 4105 2745 4176 peculiaribus
2773 4104 3037 4159 ecclesiis.

2018 4195 2130 4267 (92)
2166 4194 2398 4249 Feriales
2426 4196 2603 4265 hymni
2626 4209 2827 4264 semper
2854 4201 3148 4246 cantentur.
3174 4190 3327 4246 Nunc
3341 4197 3535 4244 canta-

1940 4268 2037 4343 tur
2064 4303 2162 4357 per
2184 4288 2348 4359 ferias
2374 4288 2650 4343 Adventus
2680 4286 2747 4341 ad
2790 4284 3057 4356 Vesperas
3099 4285 3330 4353 hymnus
3358 4301 3372 4337 :
3400 4280 3546 4337 ϐοη-

1952 4474 2005 4528 ἰιι
2029 4471 2323 4526 Breviariis
2353 4470 2661 4540 Rotomag.,
2694 4482 2785 4523 an.
2816 4467 2975 4533 1491,
3019 4465 3154 4521 1578
3177 4474 3230 4520 et
3258 4466 3312 4520 in
3356 4463 3544 4519 novis-

1952 4562 2125 4621 simis.

2024 4654 2135 4728 (95)
2165 4654 2328 4726 Kyrie
2350 4654 2551 4709 eleison
2593 4662 2640 4707 et
2672 4651 2906 4706 oratione
2934 4648 3234 4712 Dominica,
3264 4647 3414 4716 ﬂexis
3455 4664 3548 4717 ge.

1952 4748 2126 4811 uibus,
2168 4745 2402 4814 precibus
2443 4743 2651 4814 ﬁniant.
2698 4741 2844 4795 Idem
2897 4738 3126 4795 habetur
3161 4739 3213 4791 in
3253 4736 3555 4793 Breviariis

1954 4839 2261 4907 R0tomag.,
2289 4834 2556 4899 an.t»i9l,
2587 4831 2743 4895 1578,
2762 4840 2813 4885 et
2844 4830 2897 4885 in
2930 4826 3201 4900 psalteriis
3225 4841 3312 4880 an.
3332 4824 3469 4879 1507
3493 4836 3556 4882 et

1950 4929 2105 4992 1586,
2131 4928 2260 4982 etin
2296 4926 2588 4982 Breviariis
2609 4923 2901 4979 Parisiensi
2942 4937 2993 4975 a.
3046 4917 3204 4984 1557,
3249 4926 3304 4973 et
3348 4915 3556 4972 Abrin—

1949 5019 2097 5076 censi
2152 5018 2309 5081 1592,
2368 5016 2421 5072 in
2461 5018 2658 5087 quibus
2707 5014 2963 5069 dicuntur
2990 5024 3178 5082 preces
3228 5009 3280 5062 in
3319 5006 3559 5074 singulis

1948 5106 2100 5166 boris
2128 5123 2225 5178 per
2272 5104 2457 5170 ferias,
2499 5105 2591 5160 sed
2618 5108 2697 5159 et.
2738 5102 2792 5155 in
2821 5099 3115 5159 Ordinario
3162 5096 3560 5166 Rotomagensi

1951 5216 2078 5265 ms.,
2118 5212 2240 5267 pag.
2270 5195 2312 5250 .6
2357 5195 2557 5266 legitur
2587 5214 2599 5250 :
2632 5192 2795 5249 Fcria
2827 5189 3059 5248 secunda
3089 5187 3384 5258 (Adventus
3407 5184 3562 5238 scili-

1954 5290 2064 5360 cet)
2115 5286 2184 5339 ad
2222 5283 2462 5339 Primam
2513 5285 2737 5354 hymnus
2767 5295 2786 5333 :
2826 5278 2946 5336 Jam
3006 5275 3141 5330 lucis
3169 5292 3181 5326 :
3214 5273 3338 5360 Ant;
3368 5269 3557 5360 _V_eni.

2815 5370 2830 5386 Α
2891 5381 2899 5386 .
2948 5363 3127 5386 ns-..:..~
3153 5359 3243 5386 s2L=
3291 5356 3535 5386 Ψ-ἶηὲιη.ς

3703 5166 3729 5183 ο
