4016 5386
479 315 560 402 εδ
1544 342 1851 401 IOANNES
1890 343 2312 402 ARClllEPlSC.
2349 345 2702 403 uorousc.
3685 337 3755 392 ει

481 453 594 512 sint
615 454 889 527 prostrati.
922 453 1085 511 Pater
1129 467 1330 522 noster,
1369 465 1414 511 et
1446 456 1692 512 dicantur
1720 476 1916 524 vreces,
1960 469 2066 516 etc.
2099 453 2145 508 Α
2175 462 2319 519 tione
2342 463 2541 519 domini
2573 464 2636 516 de
2665 457 3088 531 Grigneuseville,
3115 456 3258 528 (licet
3303 451 3504 508 musica
3527 452 3578 505 in
3605 449 3756 504 luctu

483 542 558 601 Its
575 545 808 616 capitulo
832 548 966 601 sicut
1003 557 1344 618 praenotatur.

555 634 672 706 (94)
705 635 947 707 Hymnus
974 638 1039 691 de
1077 647 1256 691 sancto
1293 645 1551 704 cantetur,
1583 647 1688 692 etc.
1725 638 1877 694 Nunc
1903 639 1970 694 de
2011 655 2075 696 eo

483 721 547 777 tit
577 729 786 780 tantum
813 725 1251 782 commemoratio
1280 726 1334 780 in
1362 726 1553 796 primis
1583 727 1850 798 Vesperis,
1878 728 2076 784 Laudi-

482 813 585 869 bus
615 822 671 870 et
695 816 881 882 missa.

557 908 674 980 (95)
707 909 966 964 Memoria
997 909 1063 964 S.
1087 909 1300 977 Μαι-ἕω,
1347 911 1677 982 angelorum,
1713 911 1938 968 Joannis
1967 913 2072 966 Ba-

484 998 679 1070 ptistte,
709 1009 818 1056 etc.
847 999 940 1053 Ha:
958 1001 1232 1056 memoria:
1258 1016 1366 1056 non
1397 1003 1530 1057 liunt
1557 1003 1608 1056 in
1641 1002 1880 1058 Ecclesia
1909 1004 2073 1059 Rotoo

479 1106 531 1146 ιιι
544 1090 750 1160 agensi,
793 1090 885 1145 sed
914 1098 1121 1147 tantum
1148 1093 1216 1149 de
1245 1109 1422 1157 cruce,
1465 1095 1530 1150 de
1559 1103 1746 1150 sancta
1787 1095 1979 1163 Maria,
2004 1095 2074 1152 de

475 1187 730 1246 patrono,
762 1177 833 1233 de
855 1189 1044 1236 sancto
1070 1181 1316 1238 Romano
1337 1191 1392 1238 et
1417 1183 1483 1238 de
1510 1199 1664 1252 pace.

554 1266 666 1337 (96)
710 1266 779 1321 In
817 1270 976 1324 missa
1011 1287 1148 1336 vero,
1180 1282 1287 1328 etc.
1321 1273 1435 1329 Non
1468 1275 1706 1344 quinque
1745 1284 1805 1330 ιιι
1835 1276 1943 1342 hic,
1973 1277 2069 1332 sed

485 1363 599 1412 tres
640 1364 702 1412 ut
743 1357 1034 1426 plurimum
1063 1363 1338 1418 orationes
1388 1379 1529 1419 nunc
1589 1365 1972 1435 prmeipiuntur
2013 1365 2067 1420 in

485 1446 654 1502 missa
671 1447 738 1503 de
760 1448 914 1515 feria,
949 1449 1108 1522 114
1124 1453 1454 1523 totidemque
1483 1456 1534 1509 in
1569 1455 1731 1511 missa
1754 1471 1850 1525 pro
1881 1455 2070 1512 delun-

486 1539 613 1604 τῆς,
634 1553 740 1595 non
763 1550 1012 1612 quatuor,
1043 1555 1103 1598 ut
1123 1545 1211 1600 hic
1239 1556 1475 1603 notatur.

555 1629 671 1701 (97)
700 1629 896 1696 Quinta
921 1649 1016 1701 pro
1055 1637 1306 1706 principe.
1345 1638 1457 1694 Hoc
1483 1642 1707 1710 apostoli
1739 1653 2067 1714 prmeeptum

485 1715 554 1774 de
574 1721 1036 1779 obsecrationibus
1063 1734 1118 1780 et
1142 1728 1474 1784 orationibus
1497 1748 1596 1801 pro
1632 1734 1846 1804 regibus
1875 1735 2069 1790 facien-

487 1813 572 1867 dis
603 1815 1042 1873 constantissime
1065 1835 1176 1890 prae
1210 1823 1422 1877 caeteris
1447 1837 1664 1893 seraper
1692 1826 1863 1879 tenuit
1887 1827 2073 1881 Eccle-

486 1903 568 1958 sia
596 1902 1029 1977 Rotomagensis,
1059 1925 1244 1982 regum
1272 1913 1467 1968 laetata
1495 1915 1777 1980 uberibus,
1807 1925 1862 1969 et
1893 1930 2078 1985 regum

488 2002 683 2047 mater.
715 1994 851 2052 liii-ie
871 1996 1002 2053 illud
1029 1999 1266 2070 llugonis
1294 2003 1358 2058 lll
1383 2005 1772 2076 archiepiscopi
1805 2007 1872 2062 ad
1897 2008 2079 2064 Ludo-

489 2082 666 2137 vicum
680 2082 765 2138 Vll
781 2085 1024 2143 Francia:
1045 2095 1418 2164 regem,epist.
1440 2095 1564 2162 202,
1586 2097 1659 2150 De
1677 2099 1836 2154 rebus
1859 2099 2050 2155 Frane.
2064 2130 2080 2156 ν

487 2177 622 2228 tom.
653 2173 719 2228 IV
762 2178 950 2246 script.
985 2178 1127 2236 Hist.
1173 2183 1368 2242 Franc.
1405 2204 1418 2240 :
1450 2187 1606 2243 Novit
1652 2189 1814 2256 Deus,
1857 2191 1996 2261 quod
2026 2192 2082 2246 in

483 2262 725 2318 omnibus
758 2268 999 2335 synodis,
1048 2271 1384 2329 ecclesiarum
1417 2279 1918 2344 consecrationibus,
1951 2297 2078 2336 con-

481 2355 738 2423 ventibus,
764 2358 958 2428 missis,
988 2366 1292 2418 memoriam
1324 2369 1476 2422 vestri
1505 2369 1731 2440 facimus
1753 2372 1805 2424 in
1831 2373 2084 2427 orationi-

481 2443 579 2499 bus
627 2450 819 2504 nostris
850 2454 1097 2522 quoniam
1144 2471 1232 2510 vos
1277 2458 1564 2528 plurimum
1609 2461 1901 2532 diligimus.
1945 2464 2083 2519 Hinc

483 2535 778 2604 ltotrodus,
795 2539 1033 2610 [lagonis
1052 2559 1354 2615 successor,
1375 2551 1514 2620 apud
1540 2550 1756 2607 Petrum
1777 2554 2081 2610 Blesensem

481 2628 811 2685 canonicum
841 2633 1318 2707 Botomagensem,
1361 2641 1520 2710 epist.
1552 2642 1620 2696 28
1652 2644 1726 2698 De
1754 2647 1942 2700 eodem
1970 2646 2082 2701 Lu-

482 2718 698 2774 dovico.
727 2718 1050 2780 Recordetur
1071 2725 1293 2798 (inquit)
1315 2732 1560 2788 dominus
1606 2750 1697 2788 rem
1725 2733 2060 2791 Francorum

483 2811 914 2886 Rotomagensem
966 2817 1259 2877 Ecclesiam
1308 2842 1457 2879 suam
1507 2843 1634 2888 esse,
1683 2844 1801 2896 qua?
1849 2846 1943 2898 pro
1991 2828 2084 2882 illo

485 2905 720 2972 assidue,
748 2916 1000 2980 tanquam
1022 2929 1116 2980 pro
1141 2931 1257 2984 rege
1280 2933 1374 2970 suo
1400 2918 1574 2981 unico,
1600 2919 1896 2986 specialiter
1924 2922 2085 2973 inter-

484 2995 666 3062 pellat.
726 2997 861 3053 Hinc
912 3001 1076 3055 etiam
1110 3003 1162 3056 in
1211 3004 1498 3060 Ordinario
1547 3007 1786 3076 ejusdem
1831 3010 2082 3065 Ecclesiae

488 3085 786 3188 identidem
810 3091 1202 3188 praescribitur,
1227 3103 1286 3148 ut
1314 3096 1358 3150 si
1389 3097 1449 3149 D.
1479 3098 1918 3168 archiepiscopus
1945 3099 2082 3156 cele-
2109 3128 2152 3188 ρ

486 3175 627 3240 bret,
674 3176 770 3231 llat
797 3181 1058 3236 memoria
1089 3200 1240 3254 papa:
1279 3194 1334 3241 et
1378 3189 1539 3258 regis.
1570 3189 1704 3244 llinc
1747 3190 1980 3259 denique
2028 3192 2082 3245 in

488 3266 687 3323 eadem.
710 3269 874 3328 missa
913 3274 1359 3348 archiepiscopali
1389 3280 1646 3335 solemnis
1675 3281 1761 3334 illa
1792 3283 2083 3346 canonico-

489 3373 618 3412 ruma
637 3361 704 3416 ad
730 3373 968 3432 cantum,
1010 3365 1250 3422 Christus
1279 3370 1457 3435 vincit,
1491 3373 1828 3428 acclamatio.
1870 3373 1946 3429 N.
1978 3373 2084 3444 regi

489 3444 826 3506 Francorum
857 3472 982 3526 pax,
1014 3457 1158 3512 salus
1179 3468 1226 3513 et
1255 3461 1487 3516 victoria.
1523 3462 1623 3518 Pu.

562 3539 674 3611 (98)
704 3540 766 3596 Si
809 3543 862 3597 in
890 3545 1173 3601 Dominicis
1212 3547 1463 3616 festivitas
1488 3551 1520 3606 9
1550 3551 1829 3606 lectionum
1857 3553 2084 3623 alicujus

492 3631 673 3686 sancti
689 3635 928 3697 evenerit,
959 3643 1068 3691 etc.
1098 3637 1223 3694 Haec
1255 3639 1307 3694 in
1332 3648 1516 3694 nostra
1538 3640 1754 3696 dioecesi
1775 3657 1881 3696 non
1902 3643 2086 3698 obser-

492 3728 720 3786 vantur,
740 3720 842 3776 nisi
871 3721 942 3778 sit
967 3722 1161 3779 festmn
1193 3727 1383 3798 duplex
1412 3737 1505 3782 aut
1528 3728 1740 3798 triplex.

567 3811 681 3882 (99)
711 3813 752 3866 Α
782 3815 948 3882 capite
961 3814 1156 3886 jej’unii
1178 3835 1338 3889 usque
1356 3821 1423 3873 ad
1452 3818 1577 3874 Kal.
1597 3819 2003 3890 Novﬂ’espera!
2037 3833 2085 3876 et

503 3899 711 3972 Vigilia:
737 3916 1062 3960 mortuorum
1084 3920 1198 3977 post
1225 3908 1474 3980 Vesperas
1499 3913 1624 3977 diei,
1654 3922 1758 3967 etc.
1778 3913 1833 3966 ln
1859 3914 2084 3969 ecclesia

497 3996 795 4051 eatbedrali
845 4013 941 4069 per
997 3997 1474 4072 Quadragesimam
1497 4003 1706 4074 Vigiliae
1749 4013 2082 4060 mortuorum

504 4083 816 4143 immediate
869 4096 995 4146 ante
1053 4090 1473 4162 Complctorium
1512 4109 1616 4147 una
1667 4109 1788 4148 cum
1811 4094 2084 4150 Laudibus

498 4175 880 4250 persolvuntur
909 4179 1067 4234 tertia
1094 4189 1216 4249 post
1241 4182 1518 4237 meridiem
1550 4184 1704 4238 hora.

571 4266 721 4338 (100)
779 4265 911 4320 Cum
971 4284 1148 4323 novem
1192 4269 1498 4326 lectionibus
1545 4271 1726 4340 festive
1778 4273 2081 4329 celebretur.

468 4358 556 4413 .ln
586 4357 1005 4428 metropolitana
1038 4359 1266 4415 ecclesia
1308 4361 1541 4416 ollicium
1573 4362 1950 4418 defunctorum
1982 4367 2083 4420 sub

2174 549 2479 619 importuna
2527 553 2596 605 sit
2627 550 2895 614 narratio)
2940 563 3060 618 qua:
3089 545 3328 600 laudatio
3357 544 3498 597 facta
3539 552 3621 596 est
3655 555 3760 608 pro

2176 643 2428 698 Sabbatis
2486 643 2762 697 Adventus
2805 649 2860 696 et
2903 637 3376 707 Quadragesimze,
3442 632 3562 686 alits
3623 645 3758 685 vero

2175 735 2505 804 temporibus
2533 749 2631 803 pro
2661 732 2850 802 primis
2882 728 3132 785 Sabbatis
3160 725 3422 794 chusque
3461 720 3681 776 mensis.

2249 826 2396 898 (105)
2420 827 2462 878 Α
2490 825 2693 878 duobus
2719 822 3016 877 cantoribus
3046 818 3277 887 cappatis
3305 816 3491 868 chorus
3523 821 3758 882 regatur.

2170 915 2350 985 Cappa
2397 915 2540 969 enim
2595 924 2875 968 cantorum
2922 909 3196 980 proprium
3237 914 3319 960 est
3355 910 3757 964 ornamentum,

2169 1006 2315 1074 quod
2343 1003 2469 1058 olim
2511 1002 2747 1057 habebat
2778 1000 3052 1070 caputium
3101 1011 3208 1068 quo
3250 1001 3412 1064 caput
3463 1000 3757 1062 tegeretur,

2171 1095 2314 1151 sicut
2349 1093 2487 1160 apud
2520 1091 2840 1156 Honorium,
2872 1089 2909 1142 l.
2940 1104 2957 1143 ι
2987 1088 3142 1144 Gem.
3183 1085 3400 1147 aninue,
3422 1097 3473 1137 c.
3520 1080 3648 1143 227,
3693 1079 3764 1134 de

2169 1199 2341 1254 cappa
2381 1183 2576 1254 legitur
2619 1198 2632 1234 :
2686 1180 2862 1251 Cappa
2899 1180 3112 1250 propria
3152 1175 3306 1230 vestis
3345 1182 3422 1228 est
3462 1183 3761 1225 cantorum.

2170 1273 2277 1328 Per
2303 1275 2439 1328 hanc
2469 1283 2654 1327 vestem
2689 1281 2924 1326 sanctam
2954 1266 3272 1323 conversatio
3303 1273 3765 1334 pra’monstratur,

2169 1366 2286 1419 ideo
2328 1382 2360 1418 a
2391 1362 2612 1434 singulis
2645 1361 2912 1416 ordinibus
2953 1367 3237 1429 portatur:
3264 1355 3375 1408 ha'c
3419 1353 3475 1406 in
3517 1365 3766 1420 supremo

2168 1455 2319 1509 habet
2366 1455 2630 1524 caputium
2677 1452 2816 1523 quod
2863 1449 3096 1519 designat
3153 1459 3434 1515 supernum
3482 1439 3762 1511 gaudium.

2169 1547 2343 1602 Hodie
2365 1547 2506 1601 istud
2540 1545 2812 1615 caputium
2859 1543 2912 1596 in
2959 1541 3214 1595 humeros
3253 1533 3551 1598 descendit,
3582 1545 3682 1585 nec
3710 1528 3767 1583 in

2170 1639 2347 1708 capite
2376 1637 2636 1692 defertur.

2243 1729 2390 1799 (104)
2422 1729 2462 1779 Α
2500 1731 2688 1797 quibus
2739 1723 3123 1794 responsorium
3169 1717 3214 1772 Ο
3262 1715 3401 1771 Iuda
3435 1713 3767 1766 decantetur.

2179 1819 2319 1877 Olim
2373 1836 2406 1874 a
2460 1819 2668 1874 duobus
2722 1818 2824 1871 hoc
2885 1811 3291 1885 responsorium
3345 1802 3767 1861 decantabatur,

2181 1922 2367 1980 postea
2397 1910 2463 1963 ad
2504 1919 2611 1963 tres
2638 1921 2895 1961 numerus
2919 1902 3184 1967 excrevit,
3215 1907 3275 1953 ut
3309 1903 3527 1952 constat
3565 1906 3634 1946 ex
3663 1887 3768 1989 0r-

2183 2002 2394 2059 dinario
2424 1997 2804 2068 Rotomagensi
2843 2011 2968 2061 ms.,
2995 2009 3119 2066 pag.
3157 1992 3222 2046 16
3252 2008 3267 2044 :
3304 1987 3428 2041 Tres
3461 1985 3524 2038 de
3551 1985 3772 2050 majori-

2183 2093 2278 2147 bus
2320 2093 2374 2145 in
2423 2090 2620 2160 cappis.
2666 2087 2703 2156 ἢ
2727 2127 2739 2140 .
2772 2084 2816 2142 Ο
2843 2084 2977 2140 Juda
3017 2092 3072 2138 et
3109 2076 3429 2136 Jerusalem.
3472 2069 3772 2160 Antiplrona

2183 2201 2299 2238 cum
2323 2181 2464 2235 trina
2486 2157 2814 2249 repetitione.
2855 2174 3069 2245 Antiph.
3096 2172 3235 2227 Ecce
3255 2169 3367 2237 jam
3408 2162 3578 2218 venit.
3617 2157 3768 2249 ι”.ςιιιΤ

2181 2272 2488 2344 Magniﬁcat
2512 2246 2922 2338 psalmodizetur
2946 2265 3010 2318 de
3037 2271 3182 2318 sexto
3210 2260 3372 2330 (nunc
3396 2246 3771 2344 delita-mum)

2181 2375 2228 2420 et
2267 2336 2446 2433 quinto
2477 2336 2632 2414 tono:
2658 2358 2865 2412 interim
2891 2353 3083 2409 altaria
3112 2336 3775 2439 inccnsentur'a'duobus

2181 2425 2493 2527 presbyteris
2522 2452 2576 2505 in
2608 2449 2809 2518 cappis,
2856 2455 2905 2500 et
2952 2452 3128 2515 postea
3159 2457 3192 2494 a
3224 2436 3425 2492 duobus
3447 2429 3627 2528 pueris
3652 2425 3774 2528 cbo-

2183 2512 2294 2600 rus.
2326 2512 2594 2598 b‘umerus
2623 2547 2974 2608 cappatorum
3011 2532 3102 2602 qui
3153 2522 3556 2598 responsorium
3596 2512 3773 2615 inte-

2183 2639 2283 2693 stis
2327 2631 2628 2704 triplicibus
2673 2637 2873 2685 cammt
2910 2642 2941 2680 a
2977 2621 3219 2680 ternario
3255 2616 3321 2672 ad
3366 2618 3774 2683 quaternarium

2185 2738 2468 2781 numerum
2503 2720 2665 2776 hodie
2689 2716 3020 2771 extenditur.

2256 2814 2402 2887 (105)
2433 2812 2622 2866 Omnes
2649 2821 2917 2875 campana:
2946 2805 3114 2872 prium
3161 2798 3325 2852 noctis
3355 2785 3770 2887 vigilia-pulsent

2185 2881 2288 2959 tur.
2319 2881 2456 2959 Olim
2487 2913 2597 2954 tres
2625 2900 2674 2951 in
2704 2906 2864 2950 nocte
2888 2893 3102 2963 vigiliae,
3149 2899 3201 2942 ut
3232 2896 3461 2941 testatur
3502 2881 3774 2934 Honorius

2183 2989 2688 3065 Augustoduncnsis
2719 2989 2772 3040 in
2804 2985 2942 3039 libro
2971 2982 3126 3036 Gem.
3176 2979 3390 3038 aniune,
3438 2972 3513 3025 De
3549 2967 3772 3069 antiquo

2187 3062 2294 3142 ritu
2319 3086 2495 3148 miss.,
2525 3081 2615 3134 lib.
2647 3095 2707 3145 tt,
2736 3094 2785 3132 c.
2815 3077 2868 3143 1,
2891 3076 2948 3140 2,
2989 3073 3018 3126 Ἰ
3047 3082 3102 3126 et
3128 3071 3214 3124 11.
3248 3067 3425 3122 Prima
3456 3062 3602 3117 enim
3635 3062 3769 3125 vigi-

2187 3180 2257 3233 lia
2294 3175 2498 3231 dccima
2527 3171 2746 3227 circiter
2777 3171 2909 3225 hora
2940 3165 3176 3222 serotina
3208 3163 3489 3231 agebatur,
3537 3155 3771 3209 secunda

2187 3269 2360 3326 media
2402 3275 2578 3331 nocte,
2609 3264 2766 3318 tertia
2818 3277 2924 3316 una
2959 3259 3180 3314 circiter
3228 3256 3360 3308 bora
3396 3258 3521 3304 ante
3563 3248 3771 3302 dilucu-

2184 3363 2313 3416 lum.
2347 3359 2479 3412 Tres
2506 3356 2716 3426 vigilias
2755 3353 2833 3408 sic
2868 3352 3068 3406 indicat
3099 3348 3156 3402 S.
3187 3345 3544 3410 Hieronymus
3579 3340 3632 3393 in
3664 3339 3774 3407 epi-

2184 3450 2320 3506 stola
2347 3449 2412 3503 ad
2434 3445 2808 3508 Eustochium,
2834 3443 2901 3496 de
2929 3438 3175 3495 custodia
3207 3431 3558 3503 virginitatis:
3585 3428 3771 3480 Nocti-

2185 3541 2278 3595 bus
2309 3541 2384 3592 bis
2411 3549 2585 3607 terque
2608 3532 2960 3603 surgendum;
3005 3537 3060 3583 et
3101 3527 3164 3580 G.
3215 3522 3520 3584 Durandus,
3553 3518 3774 3573 [lation-

2183 3633 2291 3686 div.
2314 3629 2452 3685 ollic.
2476 3629 2569 3683 lib.
2593 3643 2648 3689 v,
2674 3639 2726 3679 e.
2766 3625 2820 3689 5,
2847 3623 2920 3676 De
2961 3619 3272 3680 Nocturnis,
3328 3614 3614 3684 perspicue
3659 3626 3774 3665 om-

2184 3721 2313 3775 nino
2343 3735 2437 3774 eas
2473 3718 2805 3772 demonstrat
2839 3712 3058 3767 disertis
3103 3709 3249 3763 hisce
3290 3705 3470 3760 verbis
3520 3720 3534 3756 :
3585 3702 3769 3757 Scien-

2184 3817 2309 3869 dum
2333 3812 2564 3883 estquod
2591 3811 2644 3864 in
2671 3809 2934 3879 primitiva
2981 3803 3218 3859 Ecclesia
3267 3800 3491 3853 ministri
3523 3797 3775 3852 Ecclesia:

2184 3919 2260 3961 ter
2288 3905 2352 3958 de
2379 3913 2526 3956 nocte
2561 3899 2931 3968 interpellatim
2970 3894 3249 3964 surgebant
3294 3892 3362 3945 ad
3397 3890 3629 3944 divinum
3669 3892 3776 3960 offic

2185 3999 2323 4051 cium
2355 3992 2738 4047 celebrandum.
2786 3987 3084 4057 Surgebant
3125 3985 3260 4038 enim
3303 3983 3471 4051 primo
3502 3981 3640 4034 circa
3666 3979 3777 4048 pri-

2183 4102 2324 4142 mum
2373 4097 2634 4143 somnum,
2685 4081 2894 4149 quando
2934 4077 3117 4145 vulgus
3163 4075 3291 4127 solet
3338 4074 3414 4126 ire
3454 4071 3772 4137 dormitum;

2183 4175 2410 4232 secundo
2440 4175 2578 4226 circa
2617 4172 2841 4223 mediam
2883 4179 3116 4232 noctem;
3154 4167 3304 4220 tertio
3341 4166 3615 4235 paululum
3654 4178 3776 4220 ante

2183 4269 2362 4322 diem:
2392 4264 2466 4318 sit:
2507 4262 2808 4316 ordinantes
2848 4260 3100 4328 officium,
3133 4268 3188 4311 ut
3219 4270 3485 4312 nocturnte
3527 4258 3693 4326 ﬁnita:
3728 4267 3775 4316 et

2182 4357 2424 4412 lectiones
2452 4370 2574 4408 cum.
2613 4353 2721 4406 suis
2751 4353 2910 4423 116
2955 4349 3296 4421 responsoriis
3329 4349 3568 4419 perlecta:
3605 4360 3775 4405 essent

500 4463 620 4504 una.
656 4458 860 4504 tantum
892 4457 1154 4504 nocturna
1187 4449 1514 4517 celebratur,
1541 4461 1896 4523 prmterquam
1922 4455 1976 4508 in
2000 4455 2085 4509 die
2113 4477 2161 4536 ι)
2187 4452 2489 4522 priusquam
2526 4447 2844 4510 lucesceret;
2886 4452 3166 4513 apparente
3206 4459 3324 4536 vero
3359 4459 3554 4496 aurora
3590 4443 3776 4512 pulsa-

500 4539 852 4610 depositiOnis
879 4540 1141 4608 defuncti,
1185 4550 1242 4597 ut
1268 4542 1322 4599 in
1353 4541 1551 4598 Rituali
1577 4543 1959 4616 Rotomagensi
1992 4562 2086 4601 no-

486 4636 669 4707 latnt.

571 4720 719 4791 (lOl)
757 4721 910 4791 Quod
951 4721 1123 4776 altero
1149 4725 1469 4791 praecedente
1503 4723 1735 4780 Sabbato
1788 4725 2086 4779 cantabitur

502 4811 925 4881 Responsorium
960 4809 1094 4866 Ecce
1132 4813 1242 4867 dies
1285 4813 1562 4868 Dominica
1598 4815 1935 4884 prteccdente
1973 4816 2084 4870 Ad-

503 4912 720 4960 ventum
752 4903 806 4956 in
833 4902 1060 4958 statione
1108 4903 1468 4972 processionis
1501 4915 1628 4959 ante
1653 4904 1967 4959 cruciﬁxum
1998 4921 2087 4959 ca-

502 4992 668 5055 nitur,
692 5005 800 5046 non
837 5001 1015 5046 autem
1059 4990 1296 5047 Sabbato
1319 4992 1639 5062 praecedenti
1687 4993 1754 5048 ad
1799 4993 2085 5062 \‘esperas,

504 5088 565 5134 ut.
595 5081 684 5136 hic
733 5081 1092 5147 describetur,
1121 5083 1219 5138 sed
1261 5082 1324 5140 in
1368 5082 1654 5140 Ordinario
1705 5083 2087 5154 Rotomagensi

504 5186 606 5226 ms.
637 5171 782 5227 nulla
816 5171 1114 5228 lltmentio.

576 5261 724 5300 llﬂO\
763 5262 1030 5300 Drnnaeu‘n
1058 5265 1125 5300 nrt
1161 5266 1472 5300 μεσπι-ζῶν...-
1512 5265 1658 5300 nulla
1707 5266 1796 5300 ﬁn!
1870 5264 2088 5300 Qnilinol

2191 4542 2256 4594 tis
2288 4539 2554 4608 campanis
2583 4534 2906 4589 cantabant:
2937 4532 3013 4588 Te
3053 4534 3219 4588 Deum
3250 4532 3550 4599 laudamus,
3581 4543 3630 4586 et
3662 4551 3777 4588 ma-

2191 4633 2388 4688 tutinas
2427 4629 2654 4683 Laudes.
2696 4627 2778 4680 Ad
2813 4627 3038 4696 primum
3086 4634 3398 4679 nocturnum
3447 4625 3682 4694 pontifex
3725 4635 3776 4681 et

2191 4720 2422 4778 ministri
2474 4718 2724 4774 Ecclesia:
2775 4715 3090 4787 surgebant,
3139 4730 3254 4782 qum
3309 4713 3421 4767 sine
3479 4714 3774 4768 invitatorio

2191 4813 2527 4876 cantabatur,
2554 4826 2648 4880 pro
2680 4825 2738 4862 eo
2767 4808 2891 4878 quia
2924 4805 3099 4858 nullus
3141 4804 3209 4856 ad
3258 4805 3392 4857 hanc
3435 4802 3772 4856 invitabatur.

2194 4903 2261 4958 Et
2293 4902 2575 4958 vocabatur
2605 4899 2802 4969 vigilia,
2828 4897 2951 4967 quia
2982 4895 3160 4948 habuit
3190 4893 3396 4946 initium
3425 4911 3456 4946 a
3482 4893 3774 4962 pastoribus

2194 4992 2393 5061 t-igilias
2424 4990 2586 5043 noctis
2613 5004 2768 5056 super
2791 5001 2967 5055 greges
2995 4999 3116 5038 suos
3147 4983 3492 5037 servantibus.
3539 4981 3607 5034 In
3637 4997 3775 5051 prue-

2195 5084 2358 5154 cipuis
2395 5093 2568 5135 tamen
2596 5078 3008 5135 solemnitatibus
3029 5074 3251 5146 populus
3286 5083 3394 5125 tota
3421 5082 3567 5127 nocte
3597 5075 3650 5126 in
3682 5073 3776 5126 Dei

2194 5173 2436 5227 laudibus
2467 5170 2802 5236 persistebat;
2849 5167 2941 5221 sed
2984 5165 3116 5218 illud
3155 5163 3414 5216 sublatum
3445 5172 3542 5225 cst,
3572 5173 3618 5214 et
3634 5163 3777 5231 jeju-

2155 5295 2166 5299 ._
2198 5263 2340 5300 nium
2384 5260 2495 5300 Inm
2553 5257 2694 5300 ὅΙΙὶηι
2749 5255 2938 5300 m’nilim
2991 5255 3308 5300 ordinatum.
3361 5250 3444 5300 Ad
3489 5256 3780 5300 secundum
