4016 5386
1011 234 1076 243 -..-

258 287 330 343 85
1019 239 1076 243 ὼ
1229 284 1435 343 NOTAE
1476 284 1568 340 AD
1603 281 1757 338 LIBR
1767 284 1800 338 ι·
1812 282 1854 336 Μ

2027 281 2244 341 OFFIC.
2281 281 2562 345 ECCLES.
3084 239 3091 243 ’
3452 271 3525 329 se

249 409 362 452 tam
392 397 621 453 ministri
667 397 916 453 Ecclesia:
950 415 1108 470 quam
1150 399 1372 470 papulas
1401 417 1612 471 surgere
1641 401 1710 454 ad
1741 419 1835 455 no-
1867 387 1912 444 Α
1944 417 2064 462 ante
2093 406 2257 461 altare
2280 423 2398 460 cum
2427 398 2756 460 candelabris
2785 407 2834 454 et
2868 395 3135 452 tlturibulo
3162 411 3182 452 :
3209 393 3288 451 Te
3328 393 3518 452 Deum.

253 501 500 544 cturnum
529 492 752 561 ofﬁcium
785 492 1120 562 pigritarent,
1158 503 1409 547 statutum
1451 505 1526 548 cst
1570 504 1624 547 ut
1668 510 1842 548 omnes

252 580 429 632 media
459 593 607 636 nocte
636 590 921 651 surgerent,
968 590 1014 636 et
1060 591 1224 636 totum
1271 586 1433 638 noctis
1461 587 1678 656 oﬁiciuin
1721 602 1844 638 con-

232 668 398 746 atinue
417 682 742 737 cantaretur,
767 682 814 724 et
835 671 1007 739 plures
1045 673 1216 726 adhuc
1236 673 1330 729 iila
1363 676 1492 728 liora
1521 685 1741 744 surgunt
1765 676 1846 746 (ut

238 729 318 824 ἕω
355 757 410 812 in
445 757 676 814 ecclesia
724 761 1020 817 cathedrali
1062 762 1378 830 Parisieusi,
1418 766 1558 819 etin
1596 729 1842 834 plurimis

254 851 646 922 monasteriis).
677 852 814 918 Quia
838 870 954 908 vero
978 854 1185 924 quidem
1208 857 1472 910 nocturnis
1498 855 1700 910 deliciis
1725 855 1842 925 plus

253 956 415 1009 quam
462 940 558 996 Dei
590 945 810 999 servitiis
855 955 1091 999 vacantes
1125 947 1500 1000 institutionem
1543 947 1845 1016 tmjusmodi

255 1045 362 1083 non
400 1033 702 1099 servabant,
752 1047 1118 1106 consequenter
1152 1047 1405 1091 statutum
1431 1047 1508 1093 est
1553 1048 1610 1092 ut
1661 1037 1845 1092 saltem

253 1129 488 1190 tempore
534 1123 708 1178 ultimi
744 1129 985 1181 nocturni
1020 1144 1198 1183 omnes
1254 1139 1493 1199 surgant.
1548 1128 1750 1182 Rursus
1792 1129 1844 1182 in

255 1213 565 1265 memoriam
594 1212 748 1268 dictat
777 1216 1060 1272 devotionis
1097 1220 1432 1289 antiquorum
1473 1229 1551 1273 ter
1597 1218 1651 1272 in
1698 1227 1846 1272 nocte

256 1302 582 1370 surgentium
609 1311 712 1358 tres
744 1315 1024 1360 nocturnos
1052 1309 1295 1370 dicimus,
1318 1309 1406 1378 qui
1431 1319 1479 1363 et
1511 1309 1630 1362 inde
1661 1324 1845 1361 nomen

254 1399 306 1444 et
345 1392 599 1460 originem
632 1394 947 1450 habuerunt.
995 1396 1054 1450 In
1105 1397 1332 1451 ecclesia
1381 1413 1509 1452 vero
1548 1396 1846 1452 cathedrali

257 1479 647 1552 Rotomagensi
675 1485 728 1540 in
753 1485 906 1542 festis
934 1488 1350 1544 solemnioribus
1374 1489 1606 1545 oﬂicium
1639 1499 1850 1543 noctur-

255 1587 387 1625 num
417 1587 546 1627 cum
579 1573 852 1631 Laudibus
888 1577 1021 1630 hora
1058 1586 1248 1647 quarta
1288 1579 1546 1632 matutina
1591 1593 1716 1633 cum
1763 1579 1847 1632 di-

256 1663 446 1728 midia,
496 1664 555 1718 in
601 1665 723 1721 aliis
762 1667 1063 1736 triplicibus
1100 1669 1320 1738 quinta,
1361 1669 1416 1724 in
1455 1669 1754 1743 duplicibus
1796 1681 1861 1724 et.

257 1754 699 1824 semiduplicibus
753 1759 938 1829 quinta
979 1774 1101 1813 cum
1145 1759 1389 1827 dimidia,
1429 1760 1484 1815 in
1515 1742 1845 1830 simplicibus
1878 1742 1918 1802 Β

254 1853 439 1899 autem
466 1855 526 1901 et
555 1845 706 1902 feriis
736 1857 888 1903 sexta
913 1848 1262 1918 persolvitur.

320 1936 478 2008 (106)
509 1937 884 2012 ιηυὶιαιονὶωη
920 1958 952 1994 a
987 1950 1214 2008 quatuor
1241 1941 1442 1996 clericis
1469 1950 1726 1996 cantetur.
1765 1939 1849 1995 ln-

246 2028 573 2083 vitatorium
597 2045 628 2083 a
655 2040 891 2100 quatuor
916 2031 1149 2097 clericis,
1181 2030 1388 2088 scilicet
1411 2032 1596 2102 cappis
1626 2031 1846 2096 indutis,

247 2119 494 2184 canitur,
528 2128 587 2175 ut
615 2119 780 2176 habet
819 2121 1166 2178 Ordinarium
1198 2120 1592 2191 Rotomageuse
1631 2137 1757 2183 ms.,
1790 2137 1843 2190 p.

249 2208 319 2262 17
346 2225 362 2262 :
391 2209 478 2262 Ad
509 2211 824 2265 matutinum
844 2212 1200 2266 invitatoriam
1227 2222 1454 2282 quatuor
1480 2214 1542 2265 de
1564 2211 1848 2281 majoribus

251 2300 308 2354 in
338 2303 564 2369 cappis:
587 2300 839 2358 Christus
858 2311 1019 2360 natus
1045 2313 1146 2358 est.
1186 2304 1330 2358 Psal.
1355 2303 1566 2358 Venite.

323 2392 479 2463 (107)
521 2391 774 2461 Tertium,
805 2404 1030 2460 sextum,
1063 2412 1254 2449 nonum
1284 2395 1460 2466 cappis
1490 2395 1681 2450 induti.
1714 2392 1850 2448 Ter-

256 2483 393 2538 tium
435 2492 492 2538 et
524 2493 736 2540 sextum
762 2501 1005 2557 respons.
1033 2502 1063 2540 a
1091 2488 1264 2542 tribus
1294 2490 1534 2558 cappatis
1563 2496 1849 2551 canuntur,

256 2590 463 2630 nouum
521 2586 700 2632 autem
750 2592 782 2632 a
838 2587 1070 2648 quatuor
1116 2579 1210 2648 qui
1265 2579 1603 2634 cantaverint
1660 2578 1854 2632 invita-

257 2669 483 2724 torium.

330 2757 481 2826 (108)
528 2758 596 2812 In
622 2760 883 2827 secundo,
931 2761 1112 2828 quinto
1161 2769 1209 2814 et
1255 2769 1456 2814 octavo.
1504 2759 1851 2816 Ordinarium

258 2847 521 2904 Ecclesia:
541 2849 594 2904 in
613 2851 828 2906 rubrica
851 2853 917 2906 de
939 2850 1215 2906 Matutinis
1236 2850 1496 2908 festorum
1523 2852 1808 2920 triplicium
1835 2867 1850 2906 :

259 2938 470 2992 Altaria
495 2939 828 2994 incensentur
869 2950 918 2994 et
960 2943 1149 2996 chorus
1177 2941 1247 2994 ad
1283 2941 1586 3006 secundam,
1623 2952 1669 2996 et
1704 2942 1856 3011 quin-

261 3036 400 3092 tam,
447 3038 495 3082 et
557 3039 793 3084 octavam
837 3030 1112 3097 lectiones,
1171 3041 1221 3086 et
1265 3031 1432 3087 altare
1481 3031 1551 3086 ad
1613 3031 1849 3101 Evange-

260 3116 414 3173 lium.
449 3118 544 3174 Pu.

338 3210 499 3279 117
531 3209 587 3265 ln
615 3211 849 3268 ecclesia
873 3211 1170 3268 cathedrali
1202 3221 1256 3267 et
1292 3213 1344 3268 in
1375 3211 1496 3268 aliis
1527 3210 1852 3282 parochiali-

264 3304 368 3356 bus
414 3301 663 3359 ecclesiis
700 3305 953 3360 dimcesis
986 3304 1418 3375 Rotomagensis,
1460 3305 1526 3359 ad
1572 3319 1860 3373 responso-

267 3392 349 3448 ria
381 3409 658 3463 nunquam
693 3395 1033 3450 thuriticatur
1057 3395 1256 3450 chorus
1291 3394 1344 3450 in
1377 3394 1679 3449 nocturnis.

340 3481 493 3553 (109)
535 3482 802 3539 Lectiones
830 3487 986 3554 primi
1018 3486 1274 3539 nocturni
1301 3485 1364 3539 de
1394 3486 1656 3556 prophetis
1684 3494 1857 3539 erunt.

265 3577 492 3632 Scilicet
519 3579 584 3632 de
614 3578 899 3647 prophetia
941 3577 1110 3642 Isaiae,
1155 3585 1214 3631 ut
1259 3577 1490 3634 habetur
1522 3577 1576 3632 in
1622 3578 1862 3646 antiquis

261 3667 564 3722 Breviariis
610 3669 675 3723 ad
731 3684 889 3723 usum
946 3668 1359 3739 Rotomagensis
1405 3667 1701 3732 Ecclesiaa,
1743 3683 1863 3736 quae

263 3762 570 3818 etiamnum
600 3762 854 3832 leguntur
881 3764 982 3819 hac
1026 3764 1079 3818 in
1112 3772 1269 3819 nocte
1311 3763 1428 3818 sine
1459 3763 1633 3819 titulo.
1668 3763 1865 3819 Notan-

265 3851 396 3906 dum
431 3860 612 3905 autem
638 3853 780 3921 quod
813 3853 867 3907 in
900 3853 1126 3908 ecclesia
1158 3852 1453 3908 rathedrali
1483 3852 1866 3924 Rotomagensi

267 3954 387 4000 toto
413 3945 544 3999 anni
577 3957 838 4015 tempore,
869 3946 1031 4000 etiam
1065 3945 1308 4009 zestivali,
1357 3944 1601 4000 defertur
1646 3945 1865 4000 lucerna

268 4035 472 4090 ardens
507 4051 536 4088 a
571 4050 740 4104 puero
764 4036 1104 4106 praecedente
1131 4036 1437 4106 acolytbum
1469 4029 1558 4106 qui
1586 4035 1758 4090 defert
1793 4036 1870 4090 le-

270 4122 604 4178 ctionarium
632 4141 646 4177 :
682 4125 826 4194 quod
853 4133 1142 4179 nocturnas
1166 4125 1374 4197 vigilias
1396 4125 1462 4181 de
1499 4134 1659 4202 nocte
1685 4125 1869 4181 dicen-

272 4213 372 4269 das
398 4214 762 4269 demonstrat.

346 4303 498 4374 (110)
538 4302 662 4358 Tria
687 4303 974 4374 Evangelia
999 4306 1053 4358 in
1083 4305 1282 4375 cappis,
1308 4305 1518 4361 incenso
1547 4317 1594 4360 et
1622 4306 1870 4362 candela-

2013 497 2160 568 (ll2)
2209 496 2391 551 Clerus
2435 504 2482 549 et
2544 490 2766 564 populus
2819 490 3048 544 lavatum
3102 495 3270 542 exeat.
3304 485 3382 542 De
3420 487 3523 542 ista

1943 590 2144 644 lotione
2175 587 2306 643 nihil
2339 586 2550 656 reperio
2578 585 2631 640 in
2663 582 2947 639 Ordinario
2977 590 3032 638 et
3063 580 3118 636 in
3147 579 3303 634 libris
3329 577 3527 634 olllcia-

1941 681 2082 735 libus
2130 695 2232 733 ms.
2293 676 2360 730 ad
2433 690 2588 730 usum
2636 672 3050 742 Rotomagensis
3099 669 3377 736 Ecclesiae,
3427 683 3528 726 nec

1944 769 2084 839 apud
2128 766 2422 823 omciorum
2482 764 2784 820 divinorum
2837 763 3181 832 interpretes.
3226 760 3328 816 llic
3385 759 3528 816 torte
3609 813 3612 820 ,

1944 857 2160 927 irrepsit
2187 856 2391 912 librarii
2420 869 2592 918 error,
2624 854 2713 921 qui
2742 853 2970 907 lavatum
2994 861 3165 918 exeat,
3197 866 3298 921 pro
3327 849 3530 906 saluta-

1944 962 2053 1003 tum
2081 958 2189 1014 eat,
2212 947 2520 1018 scripserit;
2553 945 2711 1014 hujus
2745 944 2886 999 enim
2918 942 3257 998 salutationis
3289 942 3357 998 ad
3393 957 3530 1012 prte-

1946 1053 2072 1108 sepe
2102 1039 2302 1092 mentio
2349 1038 2408 1091 lit
2453 1037 2508 1091 in
2539 1034 2854 1091 ollieialihus
2890 1034 3044 1088 libris
3074 1043 3124 1089 et
3152 1033 3206 1088 in
3244 1033 3530 1089 Ordinario

1946 1128 2332 1198 Rotomagensi
2360 1143 2463 1181 ms.
2490 1127 2541 1180 in
2566 1126 2710 1181 hunc
2739 1125 2952 1179 modum
2981 1139 2996 1178 :
3022 1123 3202 1180 Finito
3233 1123 3309 1180 Te
3338 1125 3530 1192 Deum,

1945 1228 2229 1288 peragatur
2278 1218 2500 1287 ofﬁcium
2555 1227 2827 1286 pastorum
2880 1216 2977 1270 hoc
3039 1217 3196 1270 modo
3245 1218 3532 1272 secundum

1949 1305 2380 1376 Rotomagensem
2408 1322 2580 1360 usum.
2619 1305 2861 1375 Pra'sepe
2903 1305 2970 1358 sit
3003 1316 3247 1374 paratum
3280 1317 3416 1360 retro
3457 1305 3536 1359 al-

1947 1407 2082 1461 tare,
2108 1404 2157 1449 et
2191 1397 2365 1465 imago
2391 1395 2586 1450 sancta:
2629 1393 2819 1449 Maria:
2845 1394 2910 1449 sit
2945 1394 3001 1448 in
3031 1411 3090 1448 eo
3114 1395 3301 1464 posita.
3328 1394 3394 1448 In
3421 1395 3534 1464 pri-

1948 1488 2045 1542 mis
2073 1488 2286 1558 quidam
2314 1504 2445 1558 puer
2483 1497 2603 1543 ante
2642 1489 2858 1544 chorum
2883 1488 2938 1542 in
2963 1486 3167 1542 excelso
3207 1487 3262 1541 in
3291 1485 3538 1541 similitu-

1949 1583 2070 1638 dine
2100 1582 2271 1653 angeli
2302 1581 2645 1637 Nativitatem
2685 1581 2893 1636 Domini
2916 1580 3168 1635 nuntians
3198 1581 3268 1634 ad
3310 1580 3540 1650 quinque

1951 1673 2229 1726 canonicos
2257 1672 2550 1742 quindecim
2585 1686 2882 1724 marcarum
2929 1679 2978 1724 et
3023 1669 3303 1736 librarum,
3356 1667 3430 1723 rel
3466 1667 3538 1721 ad

1948 1777 2127 1816 eorum
2157 1762 2375 1815 vicarios
2398 1761 2461 1815 de
2481 1760 2710 1814 secunda
2734 1761 2886 1826 sede;
2908 1769 3142 1831 pastores
3166 1761 3418 1814 intrantes
3447 1775 3541 1828 per

1949 1863 2194 1917 magnum
2225 1847 2414 1901 ostium
2441 1845 2605 1909 chori,
2630 1861 2723 1914 per
2749 1845 2977 1900 medium
3013 1844 3159 1899 chori
3189 1854 3539 1909 transeuntes,

1950 1941 2018 1993 ad
2048 1939 2218 1992 locum
2249 1938 2304 1992 in
2325 1955 2427 2008 quo
2455 1949 2698 2007 paratum
2737 1948 2810 1991 est
2843 1937 3004 2008 118
3030 1953 3259 2006 pra'sepe
3290 1935 3542 1990 accedant

1950 2043 2220 2086 cantantes
2248 2033 2386 2086 hunc
2425 2048 2628 2086 versum
2648 2031 2804 2087 :..Pax
2848 2031 2902 2086 in
2946 2033 3128 2100 terris,
3150 2040 3257 2086 etc.
3303 2029 3544 2085 Salutent

1949 2133 2179 2192 pastores
2210 2122 2541 2193 Virginem...
2570 2121 2716 2178 Tunc
2741 2122 2848 2177 viso
2875 2139 3035 2190 puero
3064 2132 3296 2192 pastores
3325 2121 3546 2174 adorent

1949 2233 2088 2270 eum.
2139 2213 2320 2270 Finita
2367 2217 2548 2282 missa,
2587 2215 2831 2270 sacerdos
2870 2216 2962 2287 qui
3009 2216 3223 2271 missam
3261 2215 3545 2270 cantavcrit

1951 2319 2113 2366 vertat
2152 2327 2205 2366 se
2252 2327 2430 2365 versus
2479 2319 2737 2381 pastores,
2785 2317 2834 2362 et
2885 2308 3068 2361 dicat:
3101 2305 3272 2376 Quem
3311 2306 3543 2370 vidistis,

1951 2400 2234 2470 pastores?
2274 2399 2476 2465 dicite,
2528 2397 2851 2452 annuntiate
2903 2395 3059 2451 nobis
3102 2395 3155 2450 in
3210 2395 3378 2451 terris
3423 2394 3552 2465 quis

1952 2492 2220 2563 apparuit.
2252 2489 2501 2546 Pastores
2526 2489 2870 2560 respondeant
2893 2503 2912 2541 :
2941 2487 3137 2543 Natum
3161 2488 3416 2554 vidimus,
3436 2496 3546 2544 etc.

2025 2583 2172 2653 (“3)
2203 2582 2418 2638 Missam
2455 2581 2728 2646 celebrent,
2771 2597 2929 2652 quam
2964 2581 3276 2634 secretarius
3316 2579 3546 2634 ecclesia:

1947 2672 2192 2737 celebret,
2213 2673 2728 2736 secundamcantor,
2775 2671 2984 2724 tertiam
3029 2669 3225 2740 praesul
3267 2679 3359 2724 aut
3388 2669 3544 2724 deca-

1955 2783 2074 2820 nus.
2108 2765 2198 2820 Sic
2229 2779 2444 2834 quoque
2471 2763 2818 2820 Ordinarium
2849 2762 3246 2833 Rotomagense
3292 2775 3397 2816 ms.
3443 2759 3543 2816 tri-

1954 2855 2054 2909 bus
2096 2855 2324 2909 diversis
2369 2851 2700 2925 presbyteris
2747 2861 2856 2907 tres
2906 2851 3101 2906 missas
3143 2850 3404 2921 assignat,
3439 2865 3546 2906 non

1955 2947 2128 3003 eidem
2153 2947 2236 3015 (ut
2260 2946 2418 3016 vulgo
2445 2946 2504 2998 lit
2529 2945 2582 2998 in
2611 2943 2864 2999 ecclesiis
2895 2941 3341 3012 parochialibus).
3367 2939 3552 2995 Domi-

1957 3055 2055 3092 nus
2099 3037 2520 3107 arrltiepiswpus
2554 3035 2599 3088 si
2639 3049 2866 3103 praesens
2896 3033 3055 3102 fuerit
3097 3041 3267 3086 cantet
3310 3032 3550 3099 missam.

1955 3137 2047 3181 aut
2100 3127 2350 3184 decanus.
2403 3125 2667 3192 Sequatur
2703 3123 2864 3177 missa
2909 3123 2974 3176 de
3020 3121 3133 3176 luce
3176 3136 3340 3191 quam
3379 3129 3551 3176 cantet

1956 3233 2092 3271 unus
2119 3216 2183 3269 de
2207 3216 2420 3270 sinistro
2455 3214 2681 3268 choro...
2728 3211 2880 3279 (Post
2910 3209 3335 3282 processionem)
3377 3209 3554 3284 archi-

1957 3310 2226 3379 episcopus
2257 3322 2390 3360 rum.
2409 3315 2600 3375 septem
2629 3304 2866 3357 diaconis
2893 3313 2948 3357 et
2973 3302 3186 3356 totidem
3215 3300 3553 3357 subdiaconis

1959 3409 2007 3454 et
2037 3399 2156 3452 aliis
2187 3397 2440 3452 ministris
2476 3406 2647 3450 cantet
2699 3397 2936 3449 missam.
2991 3392 3256 3448 Similiter
3301 3408 3332 3446 a
3383 3393 3555 3447 tribus

1959 3489 2190 3543 diversis
2238 3486 2571 3558 presbyteris
2630 3493 2740 3540 tres
2793 3484 2969 3538 missa:
3026 3483 3223 3537 debent
3275 3480 3555 3536 decantari

1963 3581 2104 3652 apud
2129 3579 2535 3642 Carthusianos,
2564 3591 2631 3632 ex
2667 3590 2785 3644 cap.
2818 3575 2851 3628 5
2879 3573 3080 3628 Statut.
3108 3572 3278 3641 antiq.

2036 3671 2183 3744 (111)
2244 3671 2573 3727 Secretarius
2621 3667 2871 3722 ecclesitt’.
2924 3665 3026 3732 Qui
3075 3673 3132 3720 et
3173 3673 3358 3719 custos
3414 3659 3556 3732 apud

1964 3763 2391 3829 Rotomagenses
2415 3767 2470 3813 et
2495 3758 2745 3821 sacrista,
2799 3770 2940 3809 nunc
2987 3763 3166 3809 autem
3199 3752 3471 3807 usitatiori
3499 3760 3557 3806 et

1965 3853 2034 3907 ab
2059 3851 2247 3907 lsidori
2280 3860 2516 3918 tempore
2547 3849 2599 3902 in
2626 3861 2777 3903 sacra
2803 3845 2916 3915 jam
2944 3845 3154 3900 adscito
3179 3845 3399 3898 nomine
3441 3842 3558 3897 the-

1967 3959 2059 3999 sau
2069 3942 2243 3996 rarius
2280 3941 2498 3996 dicitur.
2527 3939 2624 3993 Pa.

2039 4033 2186 4105 (115)
2212 4032 2410 4087 Cantor
2438 4029 2773 4098 autipltonam
2799 4042 2816 4081 :
2840 4025 2978 4080 Ecce
3013 4022 3282 4093 completa
3305 4029 3452 4090 sunt,
3485 4021 3564 4076 in-

1967 4122 2522 4198 cipiat.0rdinarium
2575 4120 2966 4187 Rolomagense
3018 4130 3118 4169 ms.
3172 4113 3559 4169 Benedicamus

1969 4226 2207 4270 cantetur
2257 4232 2290 4268 a
2331 4210 2650 4283 pastoribus,
2707 4208 2940 4262 Verbum
2986 4205 3168 4260 Patris
3212 4202 3400 4268 hodie;
3456 4217 3561 4266 quo

1970 4307 2119 4376 finito
2149 4314 2383 4375 pastores
2422 4310 2626 4355 cantent
2656 4299 2791 4352 lianc
2829 4296 3169 4368 antipltonam
3219 4293 3272 4347 in
3318 4290 3566 4363 pulpito:

276 4394 382 4447 bris
417 4393 832 4463 praecedentibus
858 4395 1281 4462 pronuntientur.
1313 4394 1443 4462 Qua:
1473 4397 1653 4451 omnia
1683 4396 1870 4451 obser-
1898 4438 1947 4498 ι)
1973 4397 2112 4452 Ecce
2169 4394 2469 4463 completa;
2521 4388 2966 4498 archiepiscopush
2993 4385 3072 4441 vel
3123 4383 3376 4498 sacerdos.
3421 4382 3574 4498 disab

275 4494 478 4539 vantur
501 4485 557 4540 in
589 4484 970 4556 Rotomagensi
996 4485 1257 4550 Ecclesia,
1288 4495 1344 4540 et
1368 4487 1679 4542 incensatur
1700 4485 1870 4542 altare
1898 4471 1947 4498 ν
1972 4502 2174 4543 versum
2199 4502 2218 4540 :
2247 4485 2377 4540 Post
2399 4492 2633 4553 partum.
2661 4479 2846 4534 Oratio
2874 4491 2892 4528 :
2926 4476 3066 4533 Deus
3095 4474 3185 4544 qui
3220 4473 3430 4529 salutis.
3467 4471 3568 4527 Be-

280 4585 571 4646 antequam
613 4575 843 4645 quisque
881 4574 1021 4644 legat
1060 4574 1430 4646 Evangelium,
1483 4585 1538 4631 ut
1571 4577 1874 4646 praescribit
1905 4639 1910 4642 _
1975 4579 2308 4643 nedicamus,
2349 4586 2454 4630 tres
2497 4573 2664 4645 pueri.
2697 4571 2822 4628 llaec
2851 4569 3212 4626 sublatasunt
3243 4567 3296 4622 in
3329 4562 3581 4620 Ecclesia

280 4665 629 4722 Ordinarium
657 4665 1052 4736 Rotomagense
1084 4681 1213 4731 ms.,
1240 4682 1360 4737 pag.
1393 4669 1499 4722 l7:
1533 4667 1764 4738 Septima
1795 4667 1871 4720 le-
1975 4668 2384 4740 Rotomagensi.
3315 4713 3325 4722 .

279 4758 399 4822 ctio,
431 4768 615 4812 octava
653 4766 700 4810 et
729 4773 870 4810 nona
905 4771 1022 4809 cum
1058 4756 1386 4814 candelabris
1423 4768 1470 4814 et
1503 4757 1792 4824 tlmribulo,
1827 4767 1875 4812 et
2049 4759 2196 4830 (116)
2227 4759 2513 4828 Incipiente
2540 4752 2774 4808 diluculo
2809 4752 2974 4806 altera
3017 4749 3174 4802 missa
3207 4747 3397 4802 eodem-
3419 4747 3579 4800 modo

281 4849 578 4903 incensetur
604 4849 780 4917 majus
805 4848 998 4903 altare.
1979 4852 2282 4908 celebretur.
2312 4848 2462 4905 Nunc
2494 4862 2625 4903 vero
2657 4858 2809 4902 more
2841 4842 3037 4914 duplici
3063 4839 3370 4895 celebratur
3399 4837 3455 4890 in
3489 4852 3586 4894 ec-

353 4942 498 5012 (111)
525 4940 705 5010 Major
725 4940 956 4994 ecclesia:
985 4943 1226 4995 sacerdos
1258 4942 1540 4998 dalmatica
1571 4941 1787 4997 indutus
1827 4949 1877 4995 et
1983 4943 2145 4998 clesia
2184 4939 2502 5005 cathedrali,
2530 4951 2672 5007 quae,
2705 4934 2977 4989 Laudibus
3003 4929 3261 5001 peractis,
3290 4927 3360 4983 ibi
3392 4928 3589 4982 statim

284 5032 481 5088 casula.
507 5031 694 5088 Eodie
713 5030 857 5086 sicut
878 5031 933 5084 in
963 5029 1287 5102 Epiphania,
1313 5049 1415 5088 non
1443 5032 1756 5099 dalmatica,
1782 5032 1878 5086 sed
1983 5037 2326 5099 decantatur,
2356 5032 2410 5088 in
2459 5028 2860 5105 parochialibus
2905 5039 3032 5080 vero
3078 5019 3325 5078 ecclesiis
3369 5017 3593 5074 oriente

285 5129 460 5183 casula
493 5135 709 5183 tantum
739 5124 980 5180 induitur
1016 5127 1286 5190 sacerdos,
1326 5129 1617 5184 comitante
1663 5126 1881 5180 subdia-
1983 5126 2120 5181 sole.
3277 5179 3283 5187 ,

285 5233 506 5272 cnnn-nt
529 5217 1041 5272 notatOrdinarium
1065 5220 1640 5272 Rotomaa.ms..n.i7
1664 5237 1675 5271 :
1699 5218 1881 5271 Finita
2059 5214 2206 5272 (H7)
2238 5211 2309 5269 In
2349 5209 2584 5272 Vesperis
2616 5208 2838 5272 hymnus
2875 5218 2893 5256 :
2931 5203 2976 5257 A
3007 5197 3148 5254 solis.
3183 5204 3361 5252 ortus.
3413 5192 3594 5250 Hodie
