4016 5386
437 234 511 295 87
1476 268 1481 271 <
1499 224 1801 292 JOANNES
1834 234 2059 292 ARCHH

2166 234 2260 294 SC.
2295 236 2652 296 ROTOMAG.
2698 248 2701 251 ’
3641 229 3713 290 88

440 364 560 403 rum
582 318 910 406 ritusl'usius
933 345 1166 421 explicat
1185 346 1533 405 Ordinarium
1559 348 1803 405 ecclesiae
1822 358 2022 405 metro-
2049 342 2097 398 A
2123 360 2338 420 pergant
2365 352 2434 404 ad
2463 352 2782 415 vestiarium,
2808 365 2913 420 qua
2937 349 3090 418 ﬁnita
3133 358 3319 404 exeant
3361 347 3425 402 de
3470 348 3714 403 vestiario

440 437 713 509 polilanae,
741 438 829 494 ubi
858 439 999 495 inter
1025 447 1220 494 caetera
1254 436 1306 491 in
1332 435 1474 491 festo
1500 433 1559 491 S.
1595 438 1855 509 Stephani
1889 455 2025 509 prte-

441 528 719 595 scribitur,
749 538 809 585 ut
839 530 891 585 in
928 529 1274 602 processione
1300 526 1369 598 (si
1420 527 1614 583 festum
1648 529 1702 583 in
1748 530 2025 584 Dominica

441 618 705 690 evenerit)
748 620 962 676 diaconi
998 620 1053 673 in
1092 619 1271 689 cappis
1316 619 1494 673 sericis
1537 619 1640 672 sint
1682 620 1738 673 in
1772 620 2027 690 superiori

440 714 587 780 parte
615 710 957 780 processionis
991 725 1164 763 versus
1205 716 1412 779 portam
1442 706 1502 763 S.
1534 707 1781 773 Romani,
1835 717 1883 763 et
1915 725 2029 763 om-

442 816 534 855 nes
560 800 724 871 119
745 800 840 854 alii
856 799 961 855 sint
984 799 1161 869 cappis
1188 798 1299 853 suis
1327 797 1489 868 nigris
1523 813 1700 851 versus
1723 795 1981 866 pulpitum
2010 809 2028 847 :

443 900 491 945 et
513 891 589 944 ita
614 889 709 959 [iat
730 906 762 944 a
792 889 1151 943 sacerdotibus
1176 896 1225 942 et
1249 887 1430 959 pueris
1457 888 1514 942 in
1541 886 1629 941 die
1653 884 1711 941 S.
1735 885 1962 941 Joannis
1984 894 2032 939 et

435 978 557 1046 ~SS.
581 978 965 1034 Innocentium.
996 978 1126 1036 Item
1157 988 1218 1034 ut
1261 978 1331 1033 ad
1369 978 1580 1034 missam
1619 994 1796 1034 omnes
1826 973 2036 1031 diaconi

443 1066 503 1123 in
529 1068 705 1137 cappis
731 1067 787 1121 in
811 1067 982 1125 medio
1008 1066 1155 1122 chori
1192 1067 1409 1122 chorum
1440 1076 1654 1137 regant;
1681 1074 1741 1121 ut
1782 1065 2036 1120 diaconus

445 1156 581 1227 legat
608 1155 883 1225 epistolam
904 1168 925 1208 :
953 1154 1259 1226 Stephanus
1290 1156 1502 1226 plenus,
1528 1165 1577 1210 et
1608 1156 1664 1209 in
1706 1154 1819 1209 loco
1847 1155 1936 1209 ubi
1958 1155 2039 1207 di-

450 1247 588 1300 citur
609 1259 628 1299 :
649 1244 916 1301 Clamavit
941 1261 1073 1303 voce
1096 1262 1289 1317 magna
1316 1245 1523 1311 dicens,
1551 1247 1659 1300 duo
1678 1232 1896 1301 diaconi.
1914 1236 2039 1301 can-

446 1344 553 1390 teut
574 1351 784 1406 prosam
807 1351 827 1390 :
853 1334 974 1390 Stat
1000 1343 1059 1390 ut
1080 1352 1251 1406 agnus
1273 1337 1414 1390 inter
1434 1337 1609 1406 lupos.
1636 1334 1761 1389 Tres
1783 1335 1992 1388 diaconi
2020 1346 2039 1385 :

449 1422 716 1481 Sederunt
763 1425 1055 1496 principes.
1109 1426 1144 1495 ᾗ
1207 1425 1416 1494 Adjuva
1462 1441 1568 1480 me.
1615 1423 1684 1479 Ut
1718 1441 1895 1480 omnes
1922 1424 2042 1478 dia-

448 1515 566 1569 coni
590 1524 799 1569 cantent
825 1529 844 1566 :
873 1515 1120 1571 Alleluia.
1162 1517 1195 1584 ir
1235 1516 1374 1572 Ecce
1425 1515 1584 1571 video
1609 1514 1795 1581 caelos,
1833 1515 1889 1569 in
1938 1529 2045 1568 me-

2112 456 2244 509 cum
2263 442 2424 495 cereis
2445 440 2748 495 ardentibus
2769 440 3030 495 cantando
3048 439 3084 507 ιῆ
3097 438 3142 495 0
3163 446 3460 509 martyrum
3475 451 3708 508 gemma,

2127 540 2175 583 et
2200 539 2321 584 ante
2358 530 2527 584 altare
2550 530 2619 583 ad
2649 528 2861 587 modum
2897 543 3104 582 corona:
3147 542 3264 580 cum
3292 542 3443 580 versu
3472 533 3525 578 et
3558 540 3715 593 prosa

2130 636 2161 673 a
2188 620 2356 675 tribus
2395 620 2702 674 diaconibus
2729 619 2950 687 ﬁniatur
2974 633 2993 672 :
3012 634 3116 687 quo
3134 616 3283 685 ﬁnito
3302 616 3593 684 incipiatur
3640 613 3718 668 Te

2131 710 2324 777 Deum,
2351 719 2482 776 etc.,
2510 718 2569 764 ιιι
2590 724 2773 789 supra.
2797 709 2856 764 ln
2878 708 3021 764 festo
3045 707 3104 762 S.
3121 706 3347 763 Joannis
3368 702 3719 775 evangelista:

2133 803 2350 857 eosdem
2412 803 2554 856 ritus
2587 800 3017 872 processionales
3072 798 3335 856 describit
3372 794 3720 852 Ordinarium

2134 893 2534 965 Rotomagense
2564 910 2668 949 ms.

2206 984 2357 1057 (120)
2407 984 2540 1039 Cum
2592 985 2880 1055 antiphona
2924 992 2981 1040 et
3021 982 3205 1039 Gloria
3253 980 3424 1044 Patri,
3470 975 3728 1033 memoria

2139 1074 2465 1130 Nativitatis.
2493 1075 2550 1130 In
2578 1075 2818 1131 Ecclesia
2846 1064 3229 1145 Rotoniagensi
3255 1071 3314 1126 lit
3337 1068 3597 1125 memoria
3620 1065 3726 1120 Na-

2141 1165 2367 1219 tivitatis
2395 1180 2516 1219 cum
2554 1164 2866 1230 antiphona,
2916 1178 3076 1220 versu
3123 1172 3179 1218 et
3215 1159 3487 1224 oratione,
3514 1155 3731 1212 sublato

2121 1267 2297 1308 .vet‘su
2325 1251 2510 1306 Gloria
2543 1252 2715 1308 Patri.

2214 1340 2362 1414 (121)
2391 1342 2642 1412 Deinceps
2687 1340 3080 1411 procedentibus
3119 1336 3499 1394 sacerdotibus.
3539 1332 3731 1403 Magna

2145 1428 2206 1487 S.
2254 1429 2478 1485 Joannis
2520 1430 2818 1499 antiquitus
2870 1428 3013 1498 apud
3064 1434 3338 1483 nostrates
3383 1422 3735 1494 presbyteros

2145 1523 2470 1577 veneratio:
2529 1522 2686 1591 cujus
2734 1522 2900 1576 varia:
2946 1521 3186 1577 rationes
3233 1518 3341 1590 peti
3388 1522 3620 1588 possunt
3667 1528 3735 1568 ex

450 1605 538 1660 dio
562 1608 708 1663 chori
748 1609 805 1665 in
839 1608 1051 1662 modum
1092 1623 1318 1672 coronte,
1350 1616 1495 1669 etc.;
1537 1606 1769 1676 denique
1811 1613 1871 1659 ut
1906 1603 2047 1658 lecto

2166 1613 2316 1668 rariis
2375 1612 2491 1681 ejus
2540 1612 2949 1683 praerogativis,
3003 1625 3125 1681 quas
3184 1607 3504 1667 sacerdotali
3556 1605 3737 1662 ordini

449 1694 741 1766 Evangelio
788 1696 1102 1771 pronuntiet
1166 1697 1379 1767 quidam
1436 1694 1689 1751 diaconus
1745 1695 1799 1749 in
1845 1704 2039 1749 cantu:

2166 1678 2432 1759 idmodum
2474 1678 2821 1759 conveniunt.
2863 1701 2970 1758 Sed
2995 1678 3114 1758 haec
3138 1701 3477 1771 potissimum
3506 1697 3737 1771 arridet,

449 1784 628 1842 Credo
662 1788 715 1842 ίη
742 1803 906 1843 unum
946 1788 1131 1842 υθυηι·
1164 1784 1263 1839 PB.
2145 1796 2287 1866 quod
2318 1796 2467 1851 solus
2497 1795 2641 1851 inter
2687 1795 2961 1864 apostolos
3005 1795 3238 1851 senioris
3266 1808 3462 1850 nomen
3491 1790 3740 1862 epistolis

520 1874 745 1931 Diaconi
769 1875 1049 1947 procedant
1071 1891 1188 1929 cum
1211 1876 1395 1929 cereis.
1426 1873 1647 1929 Scilicet
1672 1873 1740 1929 ad
1783 1873 1956 1929 altare
1984 1870 2043 1926 S.

2166 1886 2259 1939 suis
2292 1883 2603 1955 pnelixerit.
2643 1884 2717 1940 De
2742 1882 2906 1939 missa
2932 1884 3232 1947 matutinali
3274 1885 3329 1939 in
3360 1882 3646 1937 nativitate
3675 1878 3741 1935 S.

452 1965 734 2035 Stephani.
763 1978 821 2021 ut
853 1967 1083 2022 habetur
1111 1966 1165 2021 in
1189 1966 1479 2022 Ordinario
1507 1965 1889 2035 Rotomagcnsi
1918 1979 2044 2031 ms.,
2145 1975 2368 2032 Joannis
2395 1976 2650 2046 Bapﬁsm
2680 1976 2802 2030 vide
2844 1974 3181 2031 Αηηιπίυω
3224 1974 3302 2030 De
3345 1971 3535 2029 οωοίίε
3561 1969 3742 2026 cocto-

448 2070 505 2125 p.
557 2055 628 2110 20
660 2072 675 2125 ς
709 2054 902 2111 Finitis
954 2054 1214 2127 Vesperis,
1265 2073 1441 2111 omnes
1478 2056 1690 2111 diaconi
1738 2055 1966 2110 ecclesia:
1993 2055 2048 2108 in
2147 2067 2402 2133 siasucis,
2424 2066 2517 2121 lib,
2549 2082 2637 2131 ιιι⁹
2667 2080 2786 2136 cap.
2818 2065 2908 2121 :58.
2938 2066 3039 2120 Pa.

452 2146 771 2216 superliciis,
798 2156 1029 2202 tenentes
1048 2164 1221 2203 cereos
1243 2147 1483 2203 ardentes
1507 2148 1562 2203 in
1587 2149 1822 2202 manibus
1842 2147 2047 2202 ueniant
2218 2156 2345 2212 Hmc
2367 2165 2545 2214 autem
2568 2157 2732 2212 missa
2754 2155 3040 2225 peculiaris
3064 2162 3183 2210 (ει-ει
3203 2164 3259 2210 ει
3282 2153 3506 2211 omnino
3527 2152 3744 2208 diversa

448 2253 545 2304 per
582 2236 801 2297 chorum
843 2254 961 2291 cum
1007 2238 1336 2308 processione
1380 2237 1486 2291 bini
1532 2246 1581 2292 et
1620 2238 1729 2291 bini
1766 2252 1929 2307 usque
1979 2235 2049 2289 ad

2166 2248 2218 2304 ιι)
2258 2264 2320 2304 ea
2349 2264 2472 2318 quae
2510 2256 2633 2318 post
2678 2246 2917 2301 Tertiam
2965 2245 3290 2311 celebratur,
3323 2251 3386 2299 ut
3427 2257 3495 2297 ex
3538 2238 3744 2301 Missa]:

452 2324 622 2379 altare
651 2323 710 2381 S.
757 2323 1028 2396 Stephani,
1080 2326 1342 2380 cantando
1387 2326 1775 2398 responsorium
1805 2341 1823 2380 :
1853 2324 2052 2380 Sancte

2166 2338 2442 2393 Parisiensi
2482 2353 2585 2393 ms.
2621 2336 2727 2391 500
2756 2335 2973 2392 circiter
3014 2350 3280 2391 annorum
3307 2333 3526 2404 planum
3553 2341 3661 2396 est,
3689 2337 3745 2383 et

456 2416 553 2472 Dei
591 2417 849 2488 pretiose.
892 2416 1019 2473 Tres
1058 2417 1270 2472 diaconi
1308 2425 1523 2473 cantent
1562 2433 1764 2473 rersum
1791 2429 1811 2469 :
1836 2416 1908 2471 Ut
1941 2423 2051 2469 tuo.

2166 2444 2216 2483 ξι
2250 2429 2421 2484 veteri
2451 2427 2740 2484 Ordinario
2767 2442 2868 2482 ms.
2911 2426 3297 2485 canonicorum
3323 2421 3654 2493 regularium
3678 2418 3743 2475 S.

446 2506 578 2572 -ριιο
602 2507 753 2576 ﬁnito
781 2509 1065 2577 incipiatur
1106 2507 1392 2578 antiphona
1425 2523 1444 2561 :
1481 2507 1679 2563 Beatus
1719 2506 2057 2577 Stephanus,
2152 2518 2321 2574 Laudi
2351 2518 2783 2591 Rotomagensis,

458 2596 796 2652 levita.Tres
840 2597 1049 2652 diaconi
1075 2597 1341 2667 )Gloria,
1382 2606 1487 2653 etc.
1524 2596 1748 2652 Oratio:
1796 2596 2055 2666 Omnipo-

2226 2610 2374 2681 (122)
2427 2610 2737 2666 Sacerdotes
2782 2618 3002 2663 utantur
3041 2605 3257 2661 casulis.
3307 2604 3578 2671 Quantum
3631 2601 3753 2656 ista:

450 2700 580 2746 cens
598 2690 928 2759 sempiterna
956 2690 1118 2745 Deus.
1141 2689 1209 2746 In
1226 2692 1415 2757 reditu,
1438 2700 1547 2745 ant.
1577 2690 1835 2746 Nesciens
1858 2699 2055 2753 mater,

2166 2704 2352 2759 casulae
2390 2717 2421 2756 a
2458 2701 2660 2756 nostris
2687 2697 2965 2754 dilIerrent
2993 2697 3173 2769 colligi
3203 2704 3379 2767 potest
3423 2709 3490 2750 ex
3525 2693 3756 2748 Rabano

459 2777 541 2835 uel
568 2781 954 2851 responsorium
981 2781 1044 2835 de
1070 2781 1133 2837 S.
1164 2780 1346 2835 Maria
1369 2782 1438 2835 ad
1458 2780 1735 2850 placitum.
1761 2789 1808 2834 et
1838 2779 2059 2848 ﬁniatur

2166 2774 2197 2848 ί.
2226 2809 2241 2847 ι
2270 2793 2347 2848 De
2371 2792 2606 2846 institut.
2631 2790 2843 2853 cleric.,
2885 2803 2935 2843 c.
2962 2789 3055 2853 21,
3086 2788 3163 2842 De
3206 2785 3410 2842 casula.
3460 2783 3754 2853 Septimum

458 2874 518 2928 in
547 2874 723 2927 choro.
757 2871 876 2926 Duo
919 2872 1130 2926 diaconi
1172 2882 1381 2927 cantent
1428 2872 1462 2940 Ῡ
1519 2871 1648 2925 Poet
1695 2878 1936 2939 partum,
1982 2876 2059 2930 uel

2166 2881 2380 2953 (inquit)
2428 2877 2750 2934 sacerdotale
2795 2877 3154 2930 indumentum
3202 2871 3477 2944 est,quod
3513 2869 3754 2926 casulam

463 2962 742 3032 Speciosa.
791 2959 1045 3018 Oremus.
1094 2962 1235 3015 Deus
1285 2961 1377 3030 qui
1426 2959 1635 3014 salutis.
1667 2957 2059 3013 Beiiedicamus

2166 2981 2345 3026 vocant
2370 2983 2388 3022 :
2429 2970 2572 3023 dicta
2597 2978 2672 3023 est
2701 2977 2874 3033 autem
2903 2982 2993 3035 per
3021 2965 3420 3018 diminutionem
3456 2980 3488 3016 a
3514 2978 3662 3026 casa,
3692 2976 3757 3015 eo

463 3052 541 3106 ad
573 3053 844 3123 placitum.
894 3050 1066 3120 Hujus
1098 3050 1465 3119 processionis
1507 3063 1640 3106 usus
1695 3049 1943 3105 sublatus
1978 3056 2059 3103 est

2166 3059 2303 3131 quod
2329 3068 2490 3111 totum
2511 3057 2770 3110 hominem
2792 3033 2961 3125 tegat:
2983 3051 3153 3107 (ἓνωεί
3172 3052 3435 3121 planctum
3455 3050 3754 3106 nominant.

456 3144 521 3198 in
554 3142 931 3211 llotomagensi
966 3140 1247 3207 Ecclesia;
1286 3156 1405 3194 eam
1448 3149 1628 3195 tamen
1674 3140 1754 3195 sic
1804 3139 2067 3194 describit

465 3229 873 3287 Processionale
921 3229 1216 3298 Bajoceuse
1250 3244 1392 3285 anno
1422 3229 1558 3284 l624
1588 3230 1790 3284 editum
1818 3244 1835 3282 :
1868 3228 2062 3283 Finitis

474 3323 673 3378 ultimis
709 3320 941 3392 Vesperis
964 3320 1065 3375 diei
1082 3323 1232 3376 istius
1253 3322 1482 3391 (scilicet
1502 3322 1811 3377 Nativitalis
1831 3320 2066 3389 Domini)

468 3416 596 3486 petit
642 3417 902 3485 processio
948 3415 1116 3485 fontes
1159 3432 1250 3484 per
1297 3419 1613 3486 superiorem
1664 3417 1859 3469 exitum
1891 3412 2066 3479 chori;

471 3504 817 3560 subdiaconus
861 3513 1034 3558 autem
1080 3505 1262 3573 festive
1307 3505 1522 3559 indutus
1576 3505 1846 3563 brachium
1897 3504 2068 3558 sancti

475 3596 726 3666 Stephani
774 3612 890 3650 cum
943 3595 1160 3650 sindone
1202 3597 1421 3661 sericea,
1471 3594 1542 3650 et‘
1568 3612 1628 3650 ea
1673 3596 1856 3659 rubea,
1901 3594 2068 3663 defert

479 3699 827 3759 eantaturque
852 3687 1235 3759 responsorium
1264 3704 1517 3759 sequens:
1541 3687 1774 3757 Lapides
1791 3685 2066 3745 torrentis.

478 3788 583 3833 etc.
641 3776 769 3831 Haec
798 3787 1001 3831 tantum
1040 3777 1094 3831 in
1119 3775 1337 3830 ecclesia
1371 3777 1660 3831 cathedrali
1709 3777 2067 3831 observantur.

481 3866 689 3922 Prosa:
714 3868 892 3924 leos
916 3868 1066 3934 vidit,
1095 3880 1199 3923 etc.
1233 3868 1431 3923 Deinde
1469 3870 1649 3938 incipit
1688 3851 2071 3922 archichorisla

480 3958 822 4027 antiphonam
865 3969 1194 4028 sequentem:
1246 3956 1468 4013 lnfunde
1494 4002 1508 4024 ,
1551 3967 1700 4027 etc.;
1743 3956 2070 4029 postmodum

486 4044 816 4121 progreditur
866 4052 1125 4121 processio
1169 4051 1226 4105 in
1285 4050 1455 4104 navim
1502 4050 1753 4116 ecclesia,
1810 4049 2070 4103 cantando

484 4142 867 4210 responsorium
894 4155 913 4194 :
957 4139 1108 4195 Felix
1157 4153 1411 4209 namque,
1442 4156 1560 4192 cum
1595 4156 1741 4193 versu
1788 4147 1841 4192 et
1890 4138 2071 4193 Gloria

484 4232 656 4300 Patri,
694 4242 749 4288 et
785 4249 939 4303 prosa
966 4245 985 4284 :
1032 4231 1311 4286 lnviolata.
1363 4231 1429 4283 In
1475 4231 1643 4284 reditu
1688 4231 1723 4299 ri}
1789 4230 2073 4285 Descendit

488 4324 603 4377 sine
625 4339 792 4378 uersu.
827 4321 883 4375 ln
909 4320 1098 4377 eodem
1137 4318 1529 4373 Processionali
1552 4318 1833 4385 'Bajoccnsi
1864 4318 2071 4372 baben-

492 4422 578 4465 tur
599 4410 969 4481 processiones
1002 4412 1172 4465 tribus
1195 4409 1545 4478 sequentibus
1583 4391 1772 4464 diebds
1822 4415 1943 4478 post
1968 4408 2071 4461 Vc-

495 4516 681 4571 speras
734 4510 792 4555 ct
838 4500 1096 4555 Tertiam.
1150 4498 1209 4552 In
1257 4496 1431 4553 veteri
1482 4513 1608 4551 vero
1652 4496 1960 4561 Ordinario,
1984 4510 2079 4549 seu

492 4592 848 4649 Ceremoniali
887 4606 987 4647 ms.
1025 4590 1405 4646 cauonicorum
1455 4589 1780 4657 regularium
1825 4587 1882 4641 S.
1905 4585 2080 4646 Laudi

495 4679 910 4751 Rotomagensis
939 4680 1146 4735 ordinis
1175 4678 1235 4734 S.
1260 4677 1563 4749 Augustini,
1592 4685 1712 4747 post
1739 4674 1999 4746 Vesperas
2024 4687 2081 4731 ct

495 4768 730 4824 Laudes.

571 4860 720 4933 (H9)
769 4860 837 4915 In
888 4865 1158 4916 matutinis
1203 4870 1256 4914 ut
1288 4859 1597 4928 pra'cedenti
1642 4868 1787 4912 nocte
1814 4856 2084 4927 pulsentur

497 4966 784 5021 campana}.
806 4953 967 5022 120
979 4952 1190 5007 Festum
1215 4950 1273 5005 S.
1290 4950 1549 5019 Stephani
1573 4966 1712 5004 nunc
1729 4950 2082 5019 moreduplici

500 5040 841 5107 celebratur;
875 5041 1240 5097 invitatorium
1279 5056 1309 5094 a
1350 5041 1559 5095 duobus
1604 5040 1848 5109 cappatis
1873 5040 2085 5095 canitdr

499 5132 591 5204 qui
622 5133 846 5204 chorum
876 5142 1070 5204 regunt
1118 5132 1172 5187 in
1222 5132 1500 5188 nocturnis
1548 5142 1601 5186 ct
1646 5132 1934 5188 Laudibus.
1989 5130 2085 5185 Se—

501 5231 737 5293 quentes
758 5224 1077 5279 ceremoniae
1106 5222 1313 5278 scilicet
1341 5222 1392 5276 in
1426 5222 1576 5277 festis
1621 5221 1679 5276 S.
1709 5220 1989 5290 Stephani,
2023 5219 2082 5274 S.

503 5311 730 5370 Joannis
762 5313 1125 5382 evangelista},
1166 5321 1222 5367 et
1244 5323 1554 5367 sanctorum
1591 5312 1958 5366 Innocentium
1991 5325 2086 5378 pe-

2165 3150 2262 3207 Cui
2310 3157 2568 3204 consonat
2596 3146 2819 3203 Gemma
2863 3144 3080 3210 animae,
3124 3143 3202 3198 De
3229 3142 3403 3211 antiq.
3440 3141 3547 3195 ritu
3572 3139 3757 3205 miss.,

2167 3240 2202 3293 L
2229 3256 2267 3305 ι,
2291 3255 2340 3295 c.
2365 3239 2494 3303 207,
2511 3238 2585 3293 De
2607 3236 2808 3291 casula.
2835 3234 3042 3290 Casulae
3065 3233 3364 3303 antiquitus
3387 3239 3539 3286 erant
3573 3242 3762 3286 rotun-

2168 3332 2268 3393 dae,
2296 3337 2351 3382 et
2370 3328 2568 3382 limbus
2590 3342 2775 3381 earum
2802 3339 2965 3394 super
2983 3323 3203 3378 brachia
3227 3319 3566 3377 errabundus
3582 3329 3761 3377 totum

2168 3434 2366 3488 corpus
2421 3415 2763 3471 circumibat.
2826 3411 3140 3480 Hujusmodi
3194 3410 3312 3465 dua:
3365 3408 3420 3463 in
3505 3409 3758 3463 sacristia

2168 3508 2412 3565 ecclesiae
2440 3503 2765 3562 cathedralis
2788 3500 3198 3569 Rotomagensis
3219 3504 3568 3552 asservantur
3591 3512 3759 3552 casu-

2169 3597 2255 3663 lm,
2286 3598 2351 3651 de
2399 3595 2621 3650 materia
2662 3591 2877 3661 quidem
2908 3587 3144 3657 plicabili
3190 3588 3270 3657 (ut
3298 3584 3500 3640 indicat
3544 3584 3761 3640 Rituale

2172 3685 2588 3758 Rotomagcnse)
2620 3697 2850 3753 quarum
2879 3679 3048 3735 altera
3092 3677 3245 3747 121
3280 3691 3401 3747 qua:
3420 3684 3507 3732 est
3531 3675 3756 3732 violacei

2171 3777 2369 3834 coloris
2399 3776 2568 3829 utitur
2605 3772 2888 3827 celebrans
2930 3769 2982 3823 in
3030 3767 3268 3822 Sabbato
3298 3773 3486 3822 sancto
3513 3764 3758 3830 Pascbtr,

2170 3878 2225 3926 et
2248 3866 2429 3938 vigilia
2454 3865 2820 3924 Pentescotes,
2852 3861 2976 3913 dum
3009 3858 3257 3928 leguntur
3273 3856 3596 3927 prophetiae;
3628 3855 3761 3910 alte-

2174 3973 2289 4013 ram
2335 3970 2463 4009 vero
2513 3952 2711 4007 coloris
2762 3949 2869 4003 albi
2920 3949 3093 4001 induit
3142 3945 3393 4000 sacerdos
3444 3954 3761 4001 cantaturus

2172 4045 2540 4119 genealogiam
2573 4042 2623 4095 in
2653 4041 2802 4095 festis
2833 4036 3037 4092 Natalis
3068 4037 3276 4092 Domini
3326 4045 3382 4091 et
3425 4036 3758 4106 Epiphania},

2176 4148 2234 4193 ut
2262 4134 2584 4192 veneranda:
2634 4131 2793 4200 hujus
2838 4129 3176 4198 antiquitatis
3218 4143 3350 4183 usus
3391 4128 3614 4184 omnino
3652 4144 3760 4183 non

2174 4228 2446 4298 depereat.
2498 4223 2798 4293 Eapropter
2830 4219 3041 4273 llituale
3083 4217 3481 4289 Rotomagense
3517 4218 3765 4288 prmcipit

2174 4327 2233 4373 ut
2260 4330 2531 4371 sacrarum
2559 4313 2774 4367 vestium
2797 4327 2857 4365 ea
2883 4310 3054 4379 {arma
3076 4320 3329 4374 servetur,
3350 4325 3506 4379 quam
3536 4307 3764 4362 Patruus

2178 4400 2459 4473 institutio,
2490 4403 2881 4461 et’cathedralis
2917 4403 3147 4458 ecclesitv
3193 4403 3485 4457 veneranda
3519 4403 3764 4472 praescri-

2181 4500 2251 4555 bit
2280 4501 2584 4571 antiquitas,
2617 4497 2845 4553 videlicet
2871 4507 2924 4551 ut
2955 4494 3152 4551 casulis
3174 4512 3263 4549 seu
3298 4495 3521 4565 planetae
3557 4496 3612 4549 in
3645 4506 3765 4550 tan.

2181 4603 2289 4646 tam
2318 4591 2438 4645 hinc
2475 4591 2595 4644 inde
2642 4586 3035 4657 amplitudinem
3062 4586 3431 4651 extendantur,
3455 4594 3511 4639 ut
3549 4586 3764 4641 brachia

2177 4690 2284 4736 tota
2307 4680 2491 4737 saltem
2518 4679 2755 4748 ablegant
2779 4693 2794 4742 ;
2816 4677 3033 4746 ideoque
3063 4692 3127 4731 ex
3165 4677 3434 4731 commoda
3461 4686 3509 4731 et
3533 4676 3765 4747 plicabtli

2180 4771 2398 4825 materia
2417 4769 2567 4837 fiant,
2609 4778 2663 4821 ut
2691 4765 2845 4836 facile
2865 4781 2956 4835 per
2981 4764 3216 4833 ﬁmbrias
3241 4764 3400 4818 levari
3429 4764 3646 4834 possint,
3674 4780 3768 4820 nec

2182 4860 2521 4915 celebrantem
2553 4855 2858 4926 impediant.
2893 4869 2946 4923 p.
2974 4868 3015 4917 l,
3044 4868 3165 4923 pag.
3194 4853 3316 4907 586.
3349 4852 3475 4908 llaec
3517 4853 3771 4909 retulisse

2184 4951 2435 5014 subiciat,
2456 4958 2511 5002 ut
2536 4948 2660 5002 inde
2679 4946 2893 5001 discant
2915 4944 3004 5015 qui
3031 4944 3414 5001 ecclesiasticis
3434 4947 3770 5022 ornamentis

2182 5039 2467 5111 provident
2512 5037 2830 5091 hodicrmun
2871 5050 3027 5089 usum
3078 5050 3181 5089 non
3215 5044 3414 5099 tenere,
3445 5036 3537 5090 sed
3588 5038 3771 5105 potius

2184 5114 2565 5184 eCclesiasticis
2619 5126 2825 5197 legibus
2873 5112 3287 5193 obtemperare,
3317 5132 3373 5179 et
3416 5124 3483 5179 ad
3527 5133 3757 5180 veterea

2186 5220 2418 5278 formam
2451 5235 2513 5274 ea
2539 5220 2813 5274 reducere.
3767 5187 3791 5273 l.

2264 5311 2413 5380 (125)
2453 5308 2741 5379 Incipiente
2761 5309 2925 5378 ofﬁcio
2945 5306 3248 5374 'iufantttnt.
3275 5305 3330 5360 ltl
3352 5316 3433 5362 est
3453 5322 3766 5377 puerorum.
