4016 5386
251 281 321 336 89
1231 305 1438 364 nom:
1477 312 1566 365 an
1609 312 1862 374 unum
1901 319 1988 378 ne
2023 327 2241 389 omo.
2280 337 2555 406 seems.
3444 376 3514 430 90

251 397 401 430 ,ιιι-νη
439 399 782 430 Declina-2....
810 405 909 430 1---
939 410 1013 430 J2-
1075 411 1136 430 ,τι
1199 416 1211 430 ι
1382 420 1394 430 .
1611 424 1623 430 -
1874 416 1892 430 Α

248 397 404 466 plura
439 399 783 457 Onlinarium
810 405 910 462 hac
933 410 1038 476 die,
1071 411 1215 486 (Ριι.)
1253 420 1394 486 quod
1432 424 1830 490 post'observa-
1856 416 1909 476 Α

250 486 432 541 tiones
480 503 547 543 ex
596 492 784 546 eodem
824 495 1115 557 Ordinario
1155 486 1537 578 Itotomagensi
1589 530 1691 570 ms.
1737 519 1854 574 de-‘

245 575 565 632 scribimus.

317 648 472 735 (I24)
506 667 572 720 In
593 669 724 737 festo
756 672 813 726 S.
841 672 1079 732 Silvestri
1095 680 1127 734 6
1147 685 1332 751 prima:
1356 687 1598 744 lectiones
1619 693 1683 747 de
1703 712 1827 751 san-

241 765 347 816 cto,
375 765 484 809 tres
510 757 708 813 ultimae
745 762 805 815 de
834 763 1141 825 Nativitate.
1179 774 1320 828 Idem
1346 778 1572 834 habetur
1607 784 1658 837 in
1691 785 1824 841 Bre-

240 846 429 902 viariis
480 849 765 921 Rotomag.
801 871 853 910 a.
899 859 1126 949 1491ρι
1168 867 1323 934 1578,
1363 873 1557 940 quibus
1595 875 1825 935 Ordina-

238 935 382 991 rium
429 939 834 1013 Rotomagense
884 965 986 1005 ms.
1035 935 1326 1015 concordat
1376 964 1442 1018 de
1499 965 1823 1028 lectionibus

236 1028 445 1096 pariter
485 1041 539 1085 et
580 1033 778 1101 missis,
807 1048 860 1093 et
889 1039 1235 1103 Ordinarium
1272 1068 1373 1106 ms.
1435 1061 1819 1118 canonicorum

235 1117 572 1185 regularium
598 1122 656 1176 S.
681 1124 848 1181 Laudi
877 1130 1304 1206 Rotomagensis.
1325 1142 1477 1200 Nunc
1502 1156 1609 1204 tres
1629 1154 1817 1220 primae

235 1203 500 1264 lectiones
527 1212 595 1265 de
623 1213 861 1283 Epistola
889 1221 954 1274 ad
986 1222 1276 1293 Romanos,
1312 1241 1423 1287 tres
1455 1241 1673 1294 secundi
1716 1259 1816 1298 no-

233 1297 410 1350 cturni
442 1299 509 1353 de
538 1299 658 1356 Vita
684 1311 858 1360 sancti
886 1309 1152 1379 Silvestri,
1177 1327 1230 1370 et
1257 1328 1366 1376 tres
1394 1327 1537 1379 tertii
1566 1333 1812 1387 nocturni

231 1382 299 1437 de
325 1390 672 1455 expositione
707 1394 762 1450 in
808 1397 1154 1470 Evangelium
1182 1425 1195 1460 :
1223 1408 1338 1463 Sint
1363 1413 1559 1481 lumbi;
1603 1428 1656 1472 et
1697 1423 1814 1479 vice

228 1488 388 1530 versa
429 1481 594 1536 missa
638 1489 973 1546 matutinalis
1004 1495 1070 1548 de
1101 1496 1414 1568 Nativitate,
1448 1509 1620 1578 major
1643 1512 1710 1567 de
1749 1514 1806 1570 S.

231 1563 505 1623 Silvestro
529 1573 862 1631 celebratur.

296 1659 447 1730 (125)
487 1661 758 1722 Lectiones
781 1679 883 1725 tres
906 1689 1022 1727 cum
1045 1678 1210 1732 tribus
1241 1689 1603 1751 responsoriis.
1636 1691 1807 1752 Hodie

2007 446 2054 512 (1
2067 451 2156 520 5|)
2189 451 2308 510 Non
2330 464 2538 519 omnino
2564 471 2840 539 omittitur,
2863 480 2988 547 quin
3005 482 3060 534 in
3082 485 3262 540 ordine
3281 488 3511 556 psalmo-

1935 552 2050 592 rum
2080 546 2344 603 recitetur.
2373 552 2651 616 Consonat
2686 569 2829 632 quod
2865 570 3043 642 legere
3092 587 3176 630 est
3225 579 3366 647 apud
3399 581 3509 635 Du-

1932 633 2158 687 randum
2199 637 2316 694 loco
2348 660 2510 713 supra
2549 651 2752 708 citato:
2785 656 2926 714 Licet
2965 679 3086 733 ergo
3130 666 3227 720 hac
3269 669 3353 722 die
3402 687 3506 724 non

1929 721 2137 777 dicatur
2158 729 2535 803 invitatoriam,
2560 751 2732 798 tamen
2746 750 2976 818 psalmus
3000 756 3346 820 invitatorius,
3370 761 3507 814 scili-

1925 825 2002 865 cet
2029 830 2046 866 :
2075 819 2265 877 Venite
2297 830 2656 900 cxsultemus,
2691 841 2744 892 in
2773 846 2926 899 tertio
2962 857 3216 903 nocturno
3247 853 3315 904 ad
3343 854 3502 921 septi-

1927 920 2064 958 mam
2095 915 2436 979 antiplionam
2469 924 2685 983 dicitur.
2721 933 2774 986 In
2803 935 3079 1001 Breviario
3120 941 3500 1000 Dominicano-

1924 1008 2041 1048 rum
2072 1015 2084 1050 :
2113 999 2180 1054 In
2212 1010 2364 1062 tertio
2403 1026 2660 1072 nocturno
2700 1027 2986 1094 antiph‘ona
3021 1048 3040 1084 :
3073 1029 3265 1088 Venite
3317 1036 3503 1091 adore-

1921 1106 2062 1158 mus,
2085 1103 2190 1150 elc.
2223 1100 2463 1160 Psalmus
2487 1110 2706 1178 ipse-Et
2737 1118 2787 1170 in
2817 1116 3104 1179 Ordinario
3136 1142 3236 1182 ms.
3279 1131 3502 1184 canoni-

1919 1201 2106 1240 corum
2138 1189 2193 1244 S.
2224 1191 2392 1249 Laudi
2427 1198 2838 1274 Rotomagrusis
2883 1228 2896 1263 :
2941 1211 3006 1266 In
3061 1218 3210 1269 tertio
3246 1231 3498 1276 nocturno

1918 1277 2206 1346 antipltona
2235 1299 2254 1336 .'
2296 1286 2505 1356 Venite,
2559 1294 2793 1360 psalmus
2840 1299 2968 1369 ipse,
3005 1309 3191 1359 stando
3239 1309 3499 1364 osallatur

1915 1378 2077 1422 101118.

1988 1465 2136 1533 (152)
2178 1467 2438 1527 Sacerdos
2463 1477 2833 1535 dalmaticatus
2857 1495 2903 1537 et
2929 1487 3196 1541 casulatus
3226 1495 3491 1560 procedat.

1915 1551 2005 1609 Sic
2028 1556 2223 1626 legitur
2249 1561 2473 1633 123m
2498 1569 2773 1626 ordinario
2791 1573 3170 1648 Rotomagensi
3197 1597 3294 1636 ms.
3320 1599 3371 1653 p.
3395 1585 3491 1639 55:

1914 1644 2094 1703 Finito
2119 1670 2255 1708 nono
2284 1665 2608 1727 responsorio
2632 1669 2872 1722 sacerdos
2899 1674 3168 1728 rcrestitus
3193 1679 3498 1733 sacerdota-

227 1759 420 1801 novem
448 1749 504 1803 in
528 1751 811 1810 Breviario
841 1757 1222 1835 Rotomagmsi
1257 1739 1810 1839 l'eéuones'glin‘l'iai‘:
1841 1759 1885 1817 Β
1913 1739 2049 1793 libus
2076 1745 2301 1799 vestibus
2343 1760 2510 1804 cantet
2552 1754 2650 1808 hoc
2699 1755 3040 1828 Evangelium
3067 1775 3187 1817 ante
3213 1766 3401 1831 altare,
3444 1779 3495 1822 et

224 1834 345 1890 dem
370 1843 740 1909 responsoriis
765 1845 1036 1917 leguntur.

289 1926 442 1997 (126)
487 1929 618 1983 Cum
669 1931 946 2019 Laudibus
973 1952 1022 1995 et
1065 1951 1354 2014 sequentia.
1410 1953 1704 2026 Sequentia
1751 1974 1806 2021 et

217 2012 434 2073 Laudes
461 2035 528 2074 ex
561 2025 664 2078 bac
691 2027 854 2082 missa
876 2011 1020 2088 sunt
1051 2011 1262 2094 ablatae.

289 2109 447 2182 (127)
490 2112 679 2170 Sancti
721 2117 948 2178 Joannis
996 2139 1192 2183 octarte
1232 2143 1287 2186 ut
1321 2134 1511 2203 festum
1559 2147 1804 2211 apostoli.

215 2198 375 2257 Nunc
397 2213 460 2257 ut
482 2203 680 2263 festum
705 2211 1034 2274 Dominicale
1058 2223 1333 2291 recolitur,
1357 2230 1495 2286 sicut
1516 2243 1570 2288 et
1592 2198 1803 2295 octava:

211 2295 386 2349 sancti
419 2295 684 2368 Stephani
714 2313 769 2358 et
794 2319 1108 2367 sanctorum
1133 2315 1524 2381 Innocentium.

287 2386 446 2460 (128)
501 2391 627 2447 Dies
689 2398 1102 2460 circumcisionis
1166 2411 1450 2469 celebretur
1497 2429 1554 2472 ut
1606 2423 1798 2491 festum

208 2473 266 2529 S.
296 2475 548 2534 Joannis.
583 2482 729 2540 More
763 2487 918 2561 122
953 2495 1181 2564 triplicis
1208 2501 1243 2554 2
1271 2503 1461 2562 classis
1491 2473 1799 2572 celebratur

205 2567 258 2621 in
309 2569 557 2627 Ecclesia
608 2575 1013 2651 Rotomagensi.
1061 2590 1142 2644 Ad
1187 2591 1450 2663 Vesperas
1479 2600 1587 2656 duo
1612 2567 1797 2676 cappis

205 2658 382 2715 induti
435 2664 660 2722 chorum
707 2683 922 2741 regunt,
978 2685 1382 2750 responsorium
1411 2705 1441 2744 a
1471 2704 1706 2761 quatuor
1736 2699 1790 2754 in

207 2749 400 2820 cappis
426 2753 771 2825 decantatur,
816 2771 869 2814 et
900 2765 1006 2820 duo
1037 2769 1103 2823 de
1147 2773 1446 2842 majoribus
1475 2749 1792 2844 thurilicant

200 2837 395 2896 altare.
446 2841 714 2902 Similiter
759 2851 826 2904 ad
873 2852 1196 2915 Matutinum
1234 2837 1482 2933 quatuor
1520 2872 1571 2926 in
1600 2879 1788 2947 cappis

197 2927 577 2988 invitatorium
608 2948 818 2994 canunt
841 2951 896 2996 et
924 2960 1125 3002 nonum
1153 2960 1580 3027 responsorium,
1611 2927 1790 3036 etrper

199 3013 496 3036 Μ-ῲμω
584 3030 595 3036 Δ
653 3023 672 3036 _
788 3028 799 3036 _
957 3033 970 3036 _

195 3013 505 3073 Nocturnas
547 3030 602 3075 et
649 3023 864 3082 Laudes
923 3033 1148 3090 chorum
1194 3013 1509 3110 regunt.Ad
1559 3013 1782 3112 missam

191 3116 389 3161 cantor
427 3109 480 3162 in
519 3126 689 3182 cappa
736 3116 947 3174 intonat
995 3109 1298 3192 introitum.
1334 3134 1440 3190 duo
1467 3143 1678 3210 cappati
1710 3145 1777 3202 de

187 3200 432 3254 secunda
482 3204 611 3258 sede
662 3208 950 3278 graduale,
1007 3228 1242 3286 quatuor
1285 3226 1350 3280 de
1406 3200 1597 3299 majori
1649 3200 1776 3294 sede

183 3290 378 3356 cappis
431 3292 596 3349 induti
631 3297 865 3354 Alleluia
900 3318 1022 3360 cum
1054 3323 1213 3365 versu
1246 3290 1550 3374 succinunt.
1591 3323 1646 3378 In
1683 3342 1772 3381 se-

181 3380 379 3435 cundis
397 3382 656 3453 Vesperis
679 3391 860 3445 omnia
896 3403 953 3446 ut
978 3395 1030 3450 in
1063 3399 1274 3469 primis,
1301 3407 1396 3461 sed
1422 3410 1490 3464 ab
1523 3427 1630 3468 uno
1656 3425 1774 3473 tan-

181 3474 297 3521 tum
333 3472 648 3532 celebrante
673 3479 847 3537 altare
874 3485 1238 3547 tburiticatur.

250 3561 405 3632 (I29)
440 3564 563 3620 Dies
603 3567 922 3640 Epiphania:
959 3589 1015 3632 ut
1044 3582 1154 3638 dies
1182 3586 1494 3649 Nativitatis
1539 3600 1768 3658 celebre-

176 3660 284 3704 tur.
317 3654 569 3726 Excepto
597 3663 744 3730 quod
769 3663 820 3719 in
853 3672 1080 3738 septima
1107 3684 1312 3735 tantum
1342 3684 1573 3746 lectione
1599 3694 1769 3753 altare

177 3742 554 3802 tburilieatur.

242 3833 396 3946 (li’ﬁl)
452 3840 1036 3946 Absqueminvitatorio.
1090 3857 1233 3915 Idem
1280 3864 1437 3922 docet
1484 3871 1762 3946 Aleuinus,

169 3917 265 3973 lib.
317 3923 397 3979 De
453 3928 564 3981 div.
613 3930 778 3999 ollic.,
816 3937 894 3992 tit.
940 3941 1015 3996 De
1056 3917 1766 4022 Epipliania‘ivlnultbc'die

169 4009 392 4082 (inquit)
417 4033 582 4072 unum
604 4024 893 4082 omittimus
922 4048 986 4086 ex
1015 4037 1096 4090 his
1120 4056 1237 4109 quce
1257 4043 1309 4097 in
1334 4046 1625 4108 Nativitate
1648 4057 1760 4112 Do-

168 4104 298 4155 mini
345 4105 697 4178 celebramus,
746 4116 844 4170 hoc
891 4130 968 4174 est
1007 4125 1388 4188 invitatoriam.
1443 4138 1588 4196 Idem
1637 4162 1758 4204 cum

162 4191 720 4260 AtcuinoAmalarius
742 4206 835 4262 lib.
855 4227 907 4265 Iv
933 4211 1006 4269 De
1035 4217 1238 4276 Ecclcs.
1267 4226 1562 4299 observat.,
1587 4252 1638 4292 c.
1662 4239 1754 4308 55,

166 4297 212 4308 Α,
263 4287 400 4308 ,ει-Α
443 4289 507 4308 π
635 4296 666 4308 ..
897 4303 907 4308 -
956 4306 964 4308 ς

163 4297 218 4340 et
260 4287 408 4342 libro
441 4289 517 4345 De
549 4296 741 4352 ordine
796 4303 1101 4372 antiplion.,
1135 4327 1181 4366 c.
1213 4313 1302 4369 21.
1336 4317 1466 4374 Item
1505 4287 1756 4384 aliud;

163 4393 278 4444 gus,
307 4396 358 4434 c.
382 4381 457 4435 60
481 4398 496 4434 :
530 4385 594 4438 In
618 4385 922 4457 Epiphania
953 4400 1021 4451 ad
1046 4401 1350 4461 Nocturnus
1373 4412 1533 4481 juxta
1558 4381 1753 4476 Roma-

1373 4461 1531 4481 ,--_....
1558 4461 1751 4476 -........i

161 4484 284 4522 num
327 4471 583 4528 Ordinem
625 4479 987 4540 invitatoriam
1037 4495 1345 4564 reticemus,
1391 4515 1445 4558 ut
1489 4525 1522 4560 (ι
1565 4511 1748 4568 dolosa
1784 4461 1831 4518 D

159 4557 467 4617 invitatione
519 4566 752 4626 Ilerodis
801 4574 1170 4647 discrepemus.
1229 4588 1308 4641 ΕΟ
1358 4592 1444 4647 die
1487 4597 1747 4656 invitato-

1910 1831 2266 1888 subdiaconus
2314 1854 2429 1890 cum
2469 1858 2550 1906 eo,
2574 1845 2708 1899 sicut
2737 1858 2952 1901 notatur
2976 1851 3029 1904 in
3065 1852 3352 1910 Natiritate
3386 1857 3496 1912 Do-

1910 1921 2038 1973 mini
2066 1937 2083 1974 :
2109 1922 2334 1980 Factum
2371 1939 2453 1982 est
2482 1947 2602 1985 cum
2646 1934 3033 2005 baptizaretur.
3080 1941 3260 2020 Finito
3308 1945 3491 2003 Evan-

1906 2013 2040 2080 gelia
2084 2016 2299 2084 incipiat
2342 2023 2782 2097 archiepiscopus,
2817 2032 2894 2084 vel
2919 2017 3166 2090 sacerdos
3201 2038 3490 2095 hebdoma-

1905 2105 2088 2161 darius
2112 2121 2232 2164 ante
2258 2113 2426 2168 altare
2467 2132 2584 2170 cum
2624 2123 2955 2181 candelabris
2981 2137 3028 2180 et
3051 2130 3316 2186 thuribulo
3350 2135 3484 2191 osal.

1903 2195 1980 2250 'I‘e
2009 2197 2200 2254 Deum.

1973 2289 2121 2360 (155)
2150 2293 2330 2350 Stella:
2359 2300 2581 2368 oﬁ'icium
2609 2304 2842 2374 incipiat-
2860 2307 2964 2362 Per
2985 2310 3216 2366 ofﬁcium
3248 2314 3488 2386 intelligo

1899 2383 2298 2450 spectaculum,
2331 2403 2423 2441 seu
2455 2393 2534 2462 (ut
2566 2395 2851 2466 vocabant)
2895 2403 3232 2470 mysterium,
3259 2421 3366 2474 quo
3391 2423 3485 2476 ap-

1897 2470 2185 2537 paritionis
2215 2476 2385 2531 stellae
2433 2490 2488 2534 et
2541 2485 2874 2543 adorationis
2925 2507 3202 2562 magorum
3249 2497 3482 2573 pistoria

1896 2563 2094 2630 populo
2123 2568 2502 2625 exhibebatur.
2537 2573 2734 2630 Eodem
2791 2595 2949 2635 sensu
2999 2585 3371 2655 accipiendum
3397 2597 3483 2645 est

1894 2651 2126 2709 cilicium
2157 2661 2410 2728 sepulcri,
2443 2665 2508 2718 de
2538 2682 2644 2734 quo
2678 2669 2904 2725 inferius
2931 2672 2983 2725 in
3006 2676 3195 2731 ordine
3232 2671 3475 2735 Pascha.

1891 2741 2019 2797 Haec
2063 2754 2116 2798 et
2157 2747 2261 2802 alia
2311 2753 2624 2820 sequiorem
2679 2767 2978 2828 temporum
3039 2764 3256 2819 inventa
3287 2808 3302 2832 ,
3355 2785 3477 2838 qua:

1892 2835 2094 2892 diutius
2145 2841 2286 2909 apud
2336 2845 2570 2914 majores
2623 2859 2844 2906 nostros
2889 2869 3271 2923 perseverasse
3314 2859 3476 2916 docet

1889 2923 2259 2995 Ordinarium,
2290 2936 2608 3003 castigatior
2634 2948 2764 2994 mtas
2783 2933 2907 3011 jure
2933 2953 3120 3012 postea
3168 2947 3470 3018 abrogavit,

1889 3032 1957 3071 nc
1979 3019 2121 3074 sacri
2153 3021 2289 3079 ritus
2319 3025 2372 3079 in
2422 3026 2576 3084 ludos
2615 3033 2860 3089 scenicos
2911 3045 2968 3091 et
3014 3037 3246 3109 ineptias
3272 3042 3471 3099 deﬂue-

1808 3111 1852 3170 C
1885 3119 2025 3164 rent.
2049 3109 2146 3167 Pn.

1950 3202 2008 3256 In
2041 3204 2327 3265 Ordinario
2364 3211 2746 3286 Rotomagensi
2796 3235 2899 3275 ms.
2961 3232 3189 3279 vocatur
3241 3228 3465 3298 officium

1880 3295 2038 3348 trium
2077 3313 2291 3368 regum;
2322 3317 2443 3372 post
2469 3306 2709 3364 Tertiam
2736 3312 2865 3366 olim
2896 3313 3012 3368 ﬁeri
3040 3315 3292 3385 solitum;
3331 3319 3464 3375 illud

1875 3386 2253 3460 subjungimus
2273 3393 2448 3451 oﬂicio
2472 3399 2763 3460 infantum.

1947 3481 2098 3553 (154)
2129 3484 2333 3556 Absque
2363 3487 2438 3542 Te
2480 3491 2644 3548 Deum
2672 3495 2956 3552 laudamus
2985 3508 3040 3554 et
3067 3499 3247 3556 Gloria
3274 3501 3327 3556 in
3359 3516 3459 3557 ex-

1873 3572 2054 3629 celsis.
2109 3575 2280 3633 Hodie
2327 3582 2580 3639 dicuntur
2638 3588 2692 3641 in
2749 3588 2972 3646 dioecesi
3021 3591 3457 3666 Rotomagensis,

1869 3667 2010 3722 sicut
2037 3669 2153 3724 ﬁeri
2184 3672 2320 3727 solet
2354 3676 2489 3730 intra
2521 3690 2758 3737 octavas.

1942 3760 2090 3829 (I55)
2120 3761 2516 3823 Introeuntibus
2556 3773 2772 3828 chorum
2815 3786 3002 3831 cantor
3031 3791 3138 3833 ant.
3168 3791 3259 3834 aut
3298 3782 3335 3853 ἡ
3372 3783 3454 3835 in-

1868 3849 2028 3917 cipiat
2053 3851 2116 3904 de
2144 3864 2326 3908 sancto
2352 3858 2502 3926 cujus
2527 3873 2601 3915 est
2643 3866 2879 3922 ecclesia.
2914 3867 3006 3922 llis
3029 3869 3323 3929 Dominicis
3355 3892 3449 3930 va-

1867 3942 2116 3996 cantibus
2145 3945 2211 3997 ad
2241 3945 2522 4004 introitum
2577 3954 2729 4009 chori
2769 3958 2966 4012 dicitur
3009 3961 3044 4018 ti)
3094 3959 3162 4014 Te
3199 3963 3442 4033 laudant,

1865 4031 1949 4086 vel
1978 4032 2360 4100 Conﬁrmatum
2382 4051 2478 4103 est,
2514 4052 2605 4095 aut
2636 4044 2886 4100 Nesciens
2915 4059 3111 4115 mater,
3148 4061 3206 4106 ut
3227 4065 3448 4112 notatur

1863 4123 1917 4176 in
1946 4121 2235 4181 Ordinario
2263 4131 2487 4194 ms.,vel
2532 4134 2694 4187 etiam
2739 4135 2805 4191 de
2855 4149 3043 4196 sancto
3081 4151 3332 4212 patrono,
3383 4157 3443 4201 ut

1859 4214 2092 4288 habetur
2118 4218 2171 4272 in
2197 4217 2591 4278 Processionali
2647 4225 3055 4300 Rotomagensi,
3107 4243 3202 4289 aut
3253 4237 3439 4307 aliqua

1858 4311 2148 4381 antiphona
2176 4313 2242 4368 de
2270 4315 2426 4371 beata
2452 4320 2658 4390 virgine
2683 4321 2869 4379 Maria.

1930 4399 2076 4471 (I56)
2095 4399 2280 4472 Vigilia
2304 4423 2417 4460 vero
2440 4406 2768 4480 Epipltaniw.
2798 4413 2947 4470 Hanc
2973 4415 3039 4470 de
3068 4417 3264 4489 vigilia:
3294 4409 3454 4476 illius;

1849 4487 2056 4556 jejunio
2082 4491 2307 4549 Joannis
2332 4501 2654 4553 sententiam
2698 4499 2824 4556 olim
2851 4506 2989 4574 apud
3024 4522 3122 4562 nos
3173 4511 3447 4575 tenuisse,

1851 4599 2104 4652 processu
2131 4604 2258 4643 vero
2299 4596 2553 4662 temporis
2579 4596 2898 4664 religiosum.
2914 4616 3118 4656 morem
3140 4603 3334 4668 abusu,
3361 4619 3438 4659 an:

158 4651 298 4705 rium
336 4670 446 4708 non
481 4661 680 4726 legitur
712 4666 858 4732 apud
893 4667 1184 4728 Ilouorium
1219 4677 1372 4735 Gem.
1407 4687 1619 4755 animm,
1648 4710 1746 4750 nec

1899 4678 2205 4748 idulgentia,
2236 4683 2560 4754 exolevisse,
2603 4687 2684 4742 Vel
2738 4690 2874 4754 inde.
2903 4701 3136 4756 constat,
3171 4695 3313 4764 quod
3337 4712 3428 4751 ea.

155 4746 293 4812 apud
337 4748 642 4818 Brlelbum,
677 4754 774 4809 lib.
810 4757 885 4813 De
917 4761 1027 4817 div.
1059 4766 1199 4821 ollic.
1232 4785 1283 4825 c.
1324 4774 1416 4840 57,
1462 4795 1560 4835 nec
1601 4746 1740 4852 apud

1848 4768 1965 4821 dum
2012 4768 2128 4830 fere
2170 4770 2346 4844 legere
2393 4776 2464 4829 sit
2514 4777 2564 4830 in
2595 4777 2906 4845 Ordinario,
2937 4799 3061 4837 cum
3086 4787 3320 4852 quodam
3352 4796 3439 4840 ta«

2221 4831 2250 4844 ν
2301 4833 2304 4837 ,
2679 4831 2685 4832 ,
2942 4831 3060 4837 __---
3089 4831 3320 4852 1_-..-....

152 4831 499 4905 Dltmndum;
550 4841 689 4898 libro
735 4846 880 4912 enim
915 4862 1088 4920 sexto,
1113 4869 1162 4910 c.
1196 4859 1281 4924 16,
1321 4831 1739 4942 Derceti)
1847 4877 1968 4916 men
2023 4872 2489 4932 temperamento:
2537 4871 2625 4942 [In
2679 4876 2928 4940 crastino,
2973 4877 3147 4945 vigilia
3198 4875 3438 4949 Epipha-

152 4923 358 4949 ...ΚΑ-2..
397 4929 466 4949 -2.
552 4931 570 4949 I
651 4935 682 4949 ο-
734 4946 742 4949 .
821 4937 831 4949 ο
1017 4944 1026 4949 .

150 4923 362 4992 phaniaa
393 4929 470 4984 ait
497 4949 509 4983 ε
543 4931 920 4990 Invitatorium
959 4944 1114 4999 etiam
1146 4964 1253 5002 non
1300 4954 1494 5012 dicitur
1523 4923 1736 5031 prop'ter

149 5028 374 5082 quatuor
414 5027 669 5080 rationes.
719 5026 790 5080 Et
820 5029 871 5082 in
908 5031 1185 5094 Breviario
1215 5026 1686 5106 Dominicanorum
1719 5074 1732 5109 :

148 5104 212 5158 In
253 5105 554 5174 Epiphania
591 5116 664 5168 ad
699 5115 1019 5174 Matutinum
1075 5143 1178 5174 mm
1226 5133 1438 5174 dim...
1485 5142 1612 5174 ευμεν

1563 5152 1704 5174 ull-la

1841 5132 2008 5174 datur.
2045 5134 2182 5174 nulla
2213 5138 2348 5174 οηῖηι
2390 5152 2539 5174 Inul—
2605 5145 2902 5174 ..ΑΙλιηυὶοηη

1846 4953 1948 5004 πίω
1972 4970 2127 5021 quam
2154 4957 2325 5023 plebes
2351 4958 2553 5017 diverse
2579 4963 2777 5029 colunt,
2798 4965 2951 5019 alteri
2970 4967 3255 5036 prandent,
3281 4969 3436 5022 alteri

1835 5041 2100 5109 jejunant.
2131 5049 2276 5100 nobis
2307 5060 2486 5106 autem
2501 5054 2796 5125 jejunando
2833 5058 3008 5112 colore
3031 5072 3323 5125 congruum
3370 5059 3441 5110 vi-

2949 5146 3098 5174 --A“:n
3154 5148 3341 5174 ηις-ἶ..λο
3385 5146 3417 5174 :-
