4016 5386
581 331 644 387 91
1649 333 1953 391 JOANNES
1995 332 2421 392 ARCHIEPISC.
2459 329 2811 391 ROTOMAG.
3635 329 3642 334 ’
3765 335 3840 389 99.

577 452 725 506 tum;
767 441 920 510 cujus
949 450 1050 498 etsi
1091 443 1374 516 vestigium
1404 442 1590 499 nullibi
1619 443 1762 512 apud
1802 444 2142 512 expositores
2180 435 2230 494 Α
2257 444 2350 500 lib.
2376 461 2417 510 ι,
2441 459 2561 513 cap.
2616 445 2670 510 1,
2714 444 2770 506 2,
2799 443 2833 496 3
2863 448 2918 496 et
2956 441 3029 506 4;
3075 439 3360 497 Rabanum
3412 440 3656 497 Maurum
3683 483 3702 510 ,
3757 443 3834 498 De

577 532 883 586 divinorum
909 533 1206 589 olliciorum
1256 532 1792 602 deprehenderimus,
1838 548 1939 588 nec
1967 532 2019 587 in
2048 531 2151 588 Or-

575 620 804 677 dinariis
852 625 1058 679 nostris
1105 633 1158 679 et
1192 621 1509 679 olllcialibus
1537 621 1694 677 libris
1742 637 1899 687 mss.,
1949 621 2151 692 legitur

577 720 756 766 tamen
791 711 842 766 in
884 712 1083 768 Missali
1127 712 1424 768 Parisiensi
1469 727 1576 768 ms.
1624 711 1729 766 500
1773 726 2065 776 annorum,
2095 720 2150 768 et

571 800 629 854 in
663 803 829 856 veteri
858 801 1136 857 Breviario
1159 801 1367 858 ordinis
1410 800 1922 857 Fontebraldensis:
1956 799 2149 870 Vigilia

573 891 970 962 Puriﬁcationis
984 909 1004 959 ;
1032 895 1174 963 quod
1200 894 1268 949 ad
1291 892 1556 962 jejunium
1581 892 1828 963 proxime
1858 891 2091 946 accedit.

648 982 796 1054 (1:58)
823 983 904 1035 Ad
928 1000 1042 1037 eam
1072 984 1242 1040 clerus
1269 995 1316 1038 et
1343 983 1567 1054 papulas
1618 992 1854 1053 pergant.
1882 981 2052 1039 Hodie
2079 981 2148 1038 ad

571 1069 730 1123 aliam
763 1071 1048 1126 ecclesiam
1081 1086 1188 1127 non
1219 1072 1394 1143 pergit
1420 1072 1618 1137 clerus,
1649 1071 1744 1126 sed
1765 1072 1820 1126 in
1847 1081 1994 1126 motu
2021 1085 2148 1141 pro-

568 1160 829 1214 cessionis
855 1161 1071 1216 canitur
1098 1163 1215 1217 haec
1241 1163 1538 1232 antipbona
1571 1180 1585 1216 :
1611 1163 1736 1228 Ave,
1763 1163 1935 1233 gratia
1963 1162 2140 1232 plena.

639 1249 787 1321 (l59)
818 1249 1012 1306 Versus
1033 1263 1283 1323 sequatur
1307 1271 1340 1308 a
1372 1254 1576 1308 duobus
1600 1253 1800 1308 clericis
1823 1263 2090 1309 cantatus.

563 1337 716 1395 Nune
751 1358 780 1394 a
814 1352 1044 1410 quatuor
1075 1344 1128 1399 in
1159 1344 1365 1414 pulpito
1411 1346 1665 1413 canitur;
1702 1346 1846 1416 quod
1877 1346 1930 1400 in
1961 1345 2140 1400 omni-

560 1425 663 1480 bus
686 1424 842 1480 l'estis
865 1427 1166 1496 triplicibus
1193 1430 1534 1485 observatur.

637 1516 786 1586 (140)
822 1516 1155 1572 Prwcedente
1184 1519 1416 1574 Sabbato
1447 1520 1516 1573 ad
1554 1517 1804 1589 Vesperas
1829 1520 1934 1574 vice
1961 1520 2141 1590 hymni

559 1619 799 1662 cantetur
822 1611 1089 1681 sequentia
1113 1625 1132 1664 :
1159 1611 1456 1668 Cantemus
1483 1613 1663 1668 cuncti
1695 1613 1985 1668 melodum.
2013 1612 2140 1681 Ejus

557 1697 678 1754 loco
701 1699 754 1753 in
785 1697 1036 1754 Sabbatis
1056 1701 1253 1756 dicitur
1305 1703 1534 1773 hymnus
1560 1721 1573 1756 :
1622 1702 1666 1756 0
1695 1701 1809 1768 lux,
1839 1702 1990 1756 beata
2020 1701 2140 1756 Tri-

2249 535 2480 590 institut.
2503 535 2658 599 cler.,
2705 534 2800 590 lib.
2840 549 2900 599 ll,
2937 549 3058 604 cap.
3090 533 3197 599 Si;
3233 533 3513 602 Hugonem
3551 535 3620 590 de
3645 534 3712 592 S.
3747 535 3834 589 Vi-

2249 634 2420 691 ctore,
2480 624 2556 680 De
2600 625 2822 695 special.
2872 626 3026 680 miss.
3079 624 3376 690 observat.,
3427 623 3520 679 lib.
3578 638 3666 691 ut,
3704 640 3829 694 cap.

2249 715 2467 876 milli?)
2493 803 2622 872 Ipsa
2652 806 2736 860 die
2759 805 2812 859 in
2826 805 3170 876 processiane,
3189 802 3326 858 Ecce
3355 802 3684 858 charissimi.
3715 781 3830 860 Hoc

2247 897 2647 967 responsorium
2679 897 2733 951 in
2768 896 3012 966 pluribus
3054 895 3314 951 Ecclesiis
3341 895 3409 949 ob
3438 895 3829 964 longitudinem

2246 985 2543 1055 respuitur,
2570 986 2698 1041 licet
2729 984 3198 1041 inProcessionali
3243 983 3632 1053 Rotomagensi
3679 992 3832 1038 note

2246 1085 2357 1142 tur,
2385 1085 2441 1132 et
2469 1078 2523 1132 in
2550 1076 2840 1132 Ordinario
2871 1093 2996 1142 ms.,
3035 1091 3088 1146 p.
3130 1075 3200 1129 47
3220 1115 3234 1139 ,
3289 1075 3342 1128 in
3391 1075 3536 1129 hunc
3561 1074 3783 1130 modum
3812 1093 3826 1129 :

2243 1165 2493 1236 Sequitur
2542 1170 2802 1239 processio
2848 1170 2883 1237 ιῆ
2923 1167 3022 1224 Ubi
3071 1175 3158 1223 est.
3195 1166 3373 1232 Abel,
3411 1183 3528 1221 cum
3584 1183 3735 1220 versu
3779 1176 3840 1220 et.

2243 1275 2503 1328 regressu.
2532 1258 2600 1312 In
2622 1259 2866 1313 statione.
2898 1259 3060 1322 Ecce,
3099 1256 3430 1320 cltarissimi,
3455 1257 3591 1311 dies.
3635 1253 3829 1308 Versus

2242 1351 2296 1403 in
2325 1349 2558 1420 pulpito:
2592 1350 2731 1404 Ecce
2756 1358 2932 1404 mater
2963 1355 3168 1403 nostra.
3214 1347 3284 1403 Ut
3312 1346 3560 1402 videatis.
3607 1345 3693 1400 Ad
3735 1346 3828 1398 in-

2241 1441 2456 1495 troitum
2504 1444 2650 1496 chori
2686 1443 2720 1512 ιῆ
2765 1443 2931 1512 Igitur
2965 1441 3189 1513 perfecti
3236 1451 3383 1506 sunt,
3437 1457 3554 1494 cum
3601 1456 3754 1495 uersu
3777 1450 3828 1495 et

2241 1548 2478 1602 regressu
2526 1533 2602 1602 (in
2629 1534 2924 1589 cathedrali
2970 1534 3157 1588 linitur
3185 1533 3237 1586 in
3274 1533 3395 1586 navi
3426 1531 3694 1599 ecclesiae,
3723 1545 3830 1586 nec

2241 1619 2412 1673 intrat
2441 1621 2492 1674 in
2525 1623 2751 1677 chorum
2777 1622 2996 1690 clerus).
3028 1622 3229 1686 Quibus
3270 1621 3436 1689 [initis
3463 1621 3710 1676 dominus
3737 1637 3830 1675 ar-

2238 1711 2593 1782 chiepiscOpus
2649 1713 2808 1779 faciat
2858 1730 3145 1768 sermonem
3191 1713 3260 1766 ad
3316 1713 3586 1782 populum,
3615 1723 3666 1768 et
3707 1722 3827 1784 post

557 1789 718 1854 nitas,
743 1789 795 1844 in
823 1789 1093 1860 Vcsperis,
1127 1807 1298 1860 usque
1332 1793 1400 1846 ad
1440 1791 1738 1848 Sabbatum
1788 1800 1916 1846 ante
1954 1791 2132 1846 Domi—
2160 1787 2208 1850 Β
2233 1811 2472 1856 cantetur
2494 1800 2667 1858 Tertia

555 1878 731 1933 nicam
763 1879 990 1948 primam
1027 1879 1499 1952 Quadragesimm,
1525 1882 1668 1952 quod
1698 1882 1861 1936 etiam
1891 1881 2136 1952 praescri-

553 1965 634 2021 bit
668 1965 1012 2022 Ordinarium
1043 1968 1325 2041 Rotomag.
1361 1986 1486 2035 ms.,
1519 1986 1569 2040 p.
1601 1970 1691 2025 46.

623 2055 771 2126 (141)
796 2056 1166 2111 Invitatorium
1191 2058 1591 2113 alleluiaticum.
1615 2059 1988 2113 lnvitatorium
2017 2058 2134 2113 sine

551 2147 779 2201 Alleluia
807 2149 1042 2216 canitur,
1091 2160 1266 2204 cessat
1305 2151 1448 2205 enim
1495 2150 1548 2204 in
1604 2147 1858 2219 Vesperis
1911 2149 2133 2205 Sabbati

548 2239 924 2307 praecedentis.

620 2328 768 2399 (142)
811 2327 877 2383 1η
930 2331 1098 2398 primo
1148 2340 1402 2385 nocturno
1447 2331 1763 2400 heptatirum
1821 2331 2128 2400 incipiatur.

546 2416 895 2474 Ordinarium
923 2436 1022 2474 ms.
1057 2420 1311 2476 Ecclesia:
1340 2420 1753 2490 Rotomagensis
1779 2438 1792 2472 :
1821 2419 1884 2473 In
1908 2419 2129 2490 Septua-

544 2511 740 2581 gesima
782 2513 1064 2580 incipiatur
1110 2512 1241 2566 liber
1283 2511 1521 2575 Genesis,
1569 2523 1614 2566 et
1657 2511 1863 2580 legatur
1890 2522 1996 2564 tam
2020 2513 2131 2582 ipse

543 2617 700 2670 quam
725 2604 900 2656 ca'teri
921 2602 1039 2656 libri
1065 2602 1256 2673 legales
1295 2618 1454 2668 usque
1475 2603 1543 2656 ad
1568 2604 1861 2673 passionem
1895 2603 2128 2670 Domini;

543 2693 736 2746 scilicet
768 2693 896 2747 liber
918 2690 1112 2758 Exodi,
1140 2692 1270 2748 liber
1297 2693 1536 2754 Leritici,
1565 2693 1694 2746 liber
1723 2691 1967 2757 Numeri,
1997 2693 2128 2748 liber

540 2782 958 2848 Deuteronomii,
987 2784 1116 2839 liber
1139 2783 1325 2851 Iosue,
1349 2784 1479 2838 liber
1497 2783 1774 2848 Iudicum,
1803 2785 1932 2838 liber
1962 2785 2121 2851 Ruth,

539 2890 634 2944 per
662 2874 1043 2928 hebdomadam
1071 2886 1174 2929 tres
1195 2875 1480 2930 lectiones:
1513 2876 1568 2927 in
1611 2874 1838 2927 secundo
1869 2885 2124 2928 nocturno

538 2973 642 3017 tres
671 2963 916 3017 lectiones
946 2964 1010 3017 de
1031 2980 1299 3029 sermone,-
1330 2964 1385 3018 in
1420 2965 1571 3016 tertio
1620 2974 1875 3015 nocturno
1920 2973 2023 3016 tres
2049 2963 2124 3015 le-

539 3056 736 3108 ctiones
763 3055 827 3107 de
875 3055 1303 3122 expositionibus.
1357 3053 1695 3108 Breviarimn
1728 3053 2123 3123 Rotomagcnse

2308 1893 2457 1963 (148)
2493 1893 2732 1958 Quatuor
2751 1893 2861 1948 dies
2900 1913 2933 1947 a
2959 1895 3151 1948 sanctis
3178 1892 3428 1948 Patribus
3471 1905 3592 1948 sunt
3627 1893 3828 1948 additi.

2237 1981 2308 2039 Ut
2339 1993 2608 2038 testantur
2635 1983 2960 2047 Amalarius,
3006 1984 3042 2038 1.
3083 1999 3100 2039 t
3145 1984 3220 2038 De
3259 1983 3558 2039 ceclesiast.
3602 1984 3822 2049 olliciis,

2233 2089 2284 2129 c.
2309 2074 2366 2139 7,
2391 2074 2465 2129 De
2501 2072 2731 2142 jejunio,
2762 2084 2817 2128 et
2846 2074 3006 2130 Guill.
3042 2074 3328 2130 Durandus
3376 2073 3594 2128 Ration.
3645 2074 3820 2128 divin.

2233 2163 2397 2230 olIic.,
2432 2163 2469 2218 1.
2501 2179 2578 2231 v1,
2609 2179 2658 2218 c.
2683 2164 2776 2220 28.

2305 2256 2452 2328 (149)
2493 2256 2760 2328 Legantur
2797 2274 3059 2315 sermones
3100 2256 3344 2312 Patrum.
3397 2255 3502 2312 Seu
3554 2256 3823 2324 homilite,

2231 2345 2315 2401 vel
2341 2347 2704 2417 expositiones
2737 2347 2957 2402 Patrum
3001 2349 3056 2403 in
3096 2346 3386 2418 Evangelia
3413 2360 3535 2416 qua:
3559 2345 3818 2417 leguntur

2229 2451 2328 2506 per
2355 2435 2528 2492 ferias
2558 2437 3020 2510 Quadragesimm.

2301 2527 2447 2600 (150)
2478 2527 2685 2584 Laudes
2712 2540 3036 2583 mortuorum
3062 2538 3265 2582 tantum
3295 2527 3640 2581 celebrentur.
3668 2525 3818 2581 Idem

2229 2617 2408 2689 legere
2437 2626 2520 2672 est
2547 2620 2688 2688 apud
2709 2617 3000 2672 Radulfum
3028 2617 3399 2688 Tungrensem
3445 2617 3583 2670 libro
3612 2615 3691 2672 De
3719 2630 3818 2670 ca-

2228 2726 2430 2766 nonum
2457 2712 2828 2776 observantia,
2857 2711 3115 2782 pr0posit.
3153 2711 3252 2764 20:
3290 2707 3561 2764 Generalis
3589 2709 3816 2781 (inquit)

2226 2800 2458 2871 plurium
2493 2817 2590 2854 usu
2613 2809 2712 2865 est,
2747 2811 2804 2853 ut
2846 2799 3081 2868 Vespera:
3127 2809 3175 2853 et
3209 2798 3400 2868 vigilite
3441 2799 3692 2851 dicantur
3729 2798 3817 2851 die

2226 2889 2558 2957 prwcedenti,
2589 2899 2636 2940 et
2678 2887 2884 2944 Laudes
2929 2887 3014 2941 die
3045 2888 3275 2957 sequenti
3322 2897 3435 2958 post
3489 2885 3811 2942 Matutinus.

2227 2982 2334 3036 Sed
2367 2991 2489 3050 post
2535 2990 2859 3035 nocturnum
2903 2995 3002 3050 pro
3047 2980 3358 3047 defunctis,
3424 2981 3683 3036 dicuntur
3712 2994 3813 3050 pro

2226 3072 2419 3126 iisdem
2450 3071 2662 3126 Laudes
2694 3071 2748 3126 in
2784 3071 3013 3126 ecclesia
3057 3071 3355 3126 catliedrali
3383 3080 3510 3150 ante
3561 3069 3814 3140 Comple-

539 3160 630 3198 an.
660 3144 818 3208 1491,
841 3159 896 3214 p.
926 3159 942 3197 ι
971 3161 984 3196 :
1026 3143 1070 3194 A
1095 3143 1352 3211 principio
1397 3141 1804 3212 Septuagesimce
1850 3159 2010 3212 usque
2051 3144 2120 3196 ad
2150 3127 2191 3188 (ἶ
2227 3161 2446 3215 torium.

535 3233 831 3304 passionem
859 3231 1072 3286 Domini
1099 3231 1288 3302 legitur
1320 3233 1384 3286 de
1411 3231 1557 3286 libris
1587 3231 1782 3302 Moysi,
1809 3231 1995 3299 Josue,
2017 3232 2122 3287 Ju-

537 3326 738 3391 dicum,
762 3336 808 3380 et
835 3324 996 3390 Ruth,
1022 3342 1115 3396 per
1141 3325 1302 3394 ferias
1349 3335 1452 3379 tres
1477 3326 1743 3379 lectiones.
1775 3323 1832 3379 In
1863 3325 2124 3381 Rotoma-

536 3420 689 3489 gcnsi
719 3418 938 3474 dioecesi
965 3433 1109 3472 nunc
1132 3418 1326 3488 legitur
1353 3418 1418 3472 de
1448 3417 1584 3471 libro
1612 3415 1840 3471 Genesis
1860 3432 2032 3487 usque
2056 3417 2123 3471 ad

535 3509 795 3573 Cineres;
852 3524 949 3578 per
1002 3516 1169 3564 totam
1206 3508 1688 3577 Quadragesimam
1729 3507 1982 3577 leguntur
2028 3522 2122 3561 ex-

536 3602 834 3670 positiones
864 3601 1084 3654 Patrum
1110 3600 1163 3654 in
1195 3599 1486 3669 Evangelia
1519 3616 1534 3652 :
1577 3599 1630 3652 in
1670 3599 1966 3654 Dominicis
1989 3615 2121 3654 vero

535 3691 734 3759 legitur
771 3691 824 3746 in
851 3691 1024 3761 primo
1052 3699 1318 3746 nocturno
1344 3691 1412 3747 de
1456 3690 1596 3747 libro
1637 3690 1862 3746 Genesis
1888 3700 1941 3745 ct
1966 3691 2030 3746 de
2056 3691 2124 3746 li-

534 3782 636 3838 bro
661 3782 852 3838 Exodi.

608 3875 756 3946 (145)
789 3875 1064 3930 Hatutina:
1085 3874 1267 3930 laudes
1294 3891 1410 3929 cum
1438 3873 1772 3928 alleluiaticis
1797 3875 2115 3944 nntipltonis.

539 3964 710 4020 llodie
731 3981 761 4019 a
787 3965 1041 4036 Vesperis
1068 3965 1290 4021 Sabbati
1319 3974 1445 4019 ante
1486 3964 1953 4034 Septuagesimum
1990 3979 2118 4018 can-

537 4066 648 4112 tato
671 4056 862 4111 ultimo
885 4055 1262 4112 Benedicamus
1285 4057 1534 4122 Domino,
1561 4067 1616 4113 et
1642 4058 1752 4111 Deo
1771 4058 1969 4128 gratias
1991 4073 2115 4112 cum

537 4147 739 4218 duplici
798 4147 1066 4210 Alleluia,
1107 4147 1160 4201 in
1214 4161 1538 4217 quocunque
1600 4145 1775 4200 ollicio
1824 4160 1994 4214 usque
2048 4147 2115 4199 ad

533 4236 744 4292 Pascha
776 4238 1002 4291 Alleluia
1030 4236 1362 4302 dimittitur;
1407 4235 1477 4289 Te
1507 4235 1698 4300 Deum,
1723 4232 1906 4289 Gloria
1941 4236 1995 4288 in
2021 4252 2116 4289 ea:-

531 4326 708 4391 celsis,
740 4336 794 4381 et
827 4327 908 4380 Ite
931 4325 1091 4380 missa
1121 4336 1194 4379 est
1226 4340 1330 4381 non
1376 4325 1658 4389 dicuntur,
1711 4324 1813 4378 nisi
1869 4325 1921 4378 in
1964 4325 2116 4379 festis

2295 3251 2441 3324 (151)
2473 3249 2676 3321 Septem
2703 3251 2893 3322 psalmi
2921 3269 3036 3306 cum
3061 3253 3268 3306 litania.
3289 3250 3405 3306 Non
3435 3251 3692 3306 dicuntur
3709 3249 3811 3305 hac

2224 3339 2314 3395 die
2337 3349 2462 3410 post
2510 3339 2725 3396 Laudes
2759 3351 2961 3410 septem
3009 3341 3198 3410 psalmi
3246 3341 3670 3410 pmnitentiales,
3714 3341 3806 3395 sed

2220 3443 2344 3506 post
2373 3431 2578 3488 Nonam
2606 3433 2723 3488 sine
2743 3433 2950 3487 litania.
2982 3433 3038 3486 in
3068 3432 3489 3501 Quadragcsima
3519 3447 3649 3486 vero
3676 3446 3809 3501 qua-

2221 3524 2354 3579 libet
2384 3522 2518 3578 ieria
2548 3533 2742 3592 quarta
2772 3523 3027 3577 dicuntur
3058 3523 3217 3592 126
3254 3520 3562 3590 quindecim
3611 3522 3807 3592 psalmi

2221 3615 2510 3688 graduales
2544 3614 2819 3670 Laudibus
2847 3615 3104 3683 peractis,
3131 3613 3266 3668 feria
3285 3622 3438 3668 sexta
3469 3613 3667 3684 psalmi
3695 3631 3807 3686 pm-

2219 3705 2532 3760 nitentiales
2580 3712 2786 3772 septem
2837 3718 2961 3757 cum
3011 3702 3198 3756 litania
3229 3712 3284 3756 et
3312 3702 3594 3772 precibus,
3644 3704 3804 3758 dum-

2221 3793 2382 3848 modo
2406 3792 2639 3847 otlicium
2663 3793 2732 3847 sit
2758 3792 2824 3846 de
2851 3791 3003 3846 feria.
3191 3780 3193 3782 ’

2289 3887 2439 3957 (152)
2481 3884 2665 3938 Prima
2713 3894 2826 3956 post
2878 3884 3003 3939 solis
3057 3895 3228 3938 ortum
3290 3895 3545 3940 cantetur.
3600 3885 3802 3942 Horam

2217 3976 2420 4032 indicat
2443 3976 2714 4047 hymnus:
2747 3975 2871 4029 lam
2897 3976 3026 4029 lucis
3074 3986 3187 4029 orto
3227 3977 3415 4041 sidere,
3453 3987 3582 4042 etc.,
3613 3980 3710 4034 sed
3749 3981 3801 4034 in

2217 4066 2446 4123 ecclesia
2495 4065 2794 4120 cathedrali
2841 4067 2974 4120 hora
3023 4075 3213 4122 octava
3264 4068 3523 4124 Matutina
3569 4086 3694 4126 cum
3719 4071 3803 4126 di-

2217 4156 2380 4210 midia
2418 4153 2655 4209 canitur.

2291 4247 2439 4318 (155)
2471 4245 2630 4301 Sexta
2655 4247 2794 4300 dicta
2827 4265 3042 4318 parvum
3073 4249 3402 4304 intervallum
3453 4251 3569 4318 ﬁat.
3601 4251 3802 4308 Diebus

2214 4338 2407 4407 jejunii
2441 4347 2496 4393 et
2521 4338 2956 4408 Quadragesimae
2986 4342 3190 4396 nullum
3221 4342 3279 4397 lit
3305 4343 3675 4410 intervallum,
3708 4347 3802 4400 sed

534 4433 632 4486 per
653 4417 1154 4486 Quadragesitnam.
1212 4417 1358 4471 idem
1408 4415 1712 4486 prmscribit
1761 4413 2111 4470 Ordinarium
2146 4479 2190 4505 ἢ
2216 4430 2396 4483 suum
2425 4430 2624 4483 dicitur
2648 4429 2822 4494 Νοιια,
2845 4446 2966 4500 qua,
2995 4447 3090 4485 sua
3141 4433 3274 4486 hora
3324 4433 3552 4488 dicenda
3580 4444 3666 4489 εει
3718 4437 3800 4505 (ιη

533 4525 636 4565 ms.

603 4599 920 4672 1250“)
939 4598 1003 4653 In
1027 4597 1328 4654 Matutinis.
1353 4597 1572 4656 Scilicet
1595 4596 2117 4653 LaudibuszLaudes

533 4695 681 4749 enim
707 4692 1027 4747 Matutinum
1056 4692 1414 4756 vocabantur,
1449 4700 1508 4744 ut
1540 4691 1711 4759 liquet
1734 4706 1802 4744 ex
1830 4705 2111 4744 sacrorum

538 4783 744 4840 rituum
767 4781 1172 4852 expositoribus
1201 4799 1216 4847 ;
1249 4796 1350 4836 nos
1391 4796 1522 4835 vero
1544 4780 1853 4834 Nocturnas
1880 4788 1934 4833 et
1975 4781 2115 4834 Lau-

531 4876 628 4931 dcs
655 4876 780 4946 quia
809 4874 1109 4944 conjunctae
1139 4871 1361 4927 fuerunt
1386 4887 1492 4927 uno
1528 4872 1748 4927 nomine
1789 4870 2110 4926 Matutinum

527 4981 803 5022 vocamus.

806 5056 845 5070 ἰ
916 5066 924 5072 α
997 5057 1036 5074 n
1073 5057 1226 5080 “-12-

1234 5073 1383 5083 -..κα
1435 5074 1544 5088 ...α-
1606 5056 1824 5094 Αηηιηῖσι
1903 5056 1958 5098 Ιιι
1997 5057 2108 5100 ἰηςει

2139 4479 2190 4538 D

2222 4530 2373 4575 notat
2402 4520 2636 4576 Joannes
2656 4521 3050 4595 Abrincensis).
3083 4524 3212 4592 Qua:
3237 4533 3418 4581 autem
3441 4527 3512 4582 sit
3538 4529 3671 4583 liora
3696 4545 3800 4598 qua

2223 4613 2374 4668 Nona
2405 4613 2632 4669 dicenda
2660 4615 2752 4682 sit,
2777 4617 2867 4670 vix
2904 4617 3046 4672 ullus
3073 4617 3408 4687 antiquarius
3436 4621 3650 4690 ignorat
3677 4639 3692 4675 :
3719 4631 3802 4678 est

2221 4707 2363 4760 enim
2395 4706 2551 4760 tertia
2580 4707 2952 4775 pomeridiana
2981 4726 2994 4760 :
3022 4708 3134 4778 ipsa
3159 4709 3292 4762 hora
3322 4709 3520 4764 dicitur
3556 4709 3710 4766 Nona
3736 4713 3788 4766 in

2219 4795 2449 4851 ecclesia
2479 4795 2801 4861 cathedrali,
2831 4797 2925 4851 sed
2955 4797 3144 4853 diebus
3166 4797 3357 4866 jejunii
3386 4809 3622 4870 quatuor
3652 4802 3800 4857 horis

2218 4886 2564 4955 anticipatur,
2598 4885 2808 4940 scilicet
2846 4901 2951 4941 una
2979 4889 3426 4943 antemeridiana.
3471 4889 3526 4943 In
3559 4891 3799 4958 Quadra-

2218 4977 2417 5046 gesima
2447 4977 2657 5045 expleta
2687 4975 2837 5030 Nona
2861 4993 2979 5047 qua:
3008 4979 3164 5032 tertia
3203 4987 3324 5046 post
3352 4980 3634 5035 meridiem
3669 4983 3797 5037 hora

2221 5065 2544 5100 nnnln'sninr
2596 5074 2784 5100 nnclon
2820 5067 2986 5100 micon
3043 5077 3092 5100 nl
3126 5066 3376 5100 Vncnnnm
3405 5069 3775 5100 nonI'A'\ﬁn.-.-
