4016 5386
230 363 296 419 93
1216 359 1422 419 ΝΟΤίΕ
1450 363 1545 419 AD
1573 363 1792 420 LIBRL'I

1896 365 1949 421 iE
1986 365 2202 422 OFFIC.
2239 365 2519 421 ECCLES.
3405 363 3473 420 91

229 476 287 532 C.
311 474 475 541 l072,
505 475 835 546 prasidente
859 472 1068 530 Joanne
1090 472 1154 540 II,
1177 489 1382 531 canone
1403 475 1472 530 20
1498 476 1636 532 idem
1668 491 1806 546 pra:-
1830 463 1877 522 Α
1904 480 2072 550 prima
2100 479 2286 548 legitur
2313 477 2612 547 psalterium
2637 475 2732 528 hoc
2757 476 2930 530 modo.
2962 475 3176 544 Recepta
3208 483 3471 545 cumpro-

187 567 388 636 -,cipit:
419 566 639 620 Statum
665 577 737 621 est
784 576 840 619 ut
879 564 1053 620 nullus
1099 567 1154 620 in
1194 566 1607 638 Quadragesima
1647 586 1804 637 pran-

226 658 336 707 deat
364 669 656 726 antequam
685 657 810 709 hora
840 673 976 710 nona
1001 666 1210 726 peracta
1250 659 1534 726 vespertina
1565 658 1803 726 incipiat,

226 761 322 797 non
349 747 492 798 enim
514 746 728 815 jejunat
756 746 845 815 qui
879 757 1001 800 ante
1039 747 1340 801 manducet.
1367 748 1480 802 Iloc
1511 748 1576 802 de
1598 747 1804 818 jejunio

223 833 504 888 decretura
538 835 944 902 religiosissime
987 845 1207 890 servant
1263 838 1514 892 monachi
1579 837 1806 892 Benedi-

223 923 348 976 ctini
406 924 646 978 abbatis:
693 923 754 978 S.
803 924 1058 996 Cyranni,
1115 925 1275 981 unica
1324 925 1620 982 refectione
1679 942 1804 981 cono

223 1013 352 1066 tenti
387 1013 460 1067 ab
497 1013 842 1068 Estnltatione
891 1014 949 1068 S.
993 1015 1183 1070 Crucis
1207 1032 1377 1085 usque
1400 1017 1464 1071 ad
1493 1017 1802 1087 Quadrage-

220 1100 410 1154 simam
443 1100 579 1154 hora
611 1117 778 1166 nona,
801 1101 1011 1158 scilicet
1055 1104 1216 1158 tertia
1242 1114 1360 1174 post
1397 1106 1710 1168 meridiem;
1745 1107 1799 1161 in

219 1186 653 1257 Quadragesitna
697 1205 826 1245 vero
879 1200 1001 1262 post
1051 1191 1347 1263 Vesperas,
1398 1194 1604 1249 scilicet
1647 1203 1798 1250 sexta

217 1279 549 1347 vespertinae.

284 1366 437 1436 (15-1)
472 1368 592 1434 Qua
620 1369 774 1437 ﬁnita
800 1367 1036 1439 Vespera:
1061 1383 1382 1427 mortuorum
1395 1374 1658 1439 dicantur,
1689 1383 1795 1430 etc.

217 1453 304 1509 Sic
329 1472 554 1526 quoque
585 1457 935 1514 Ordinarium
973 1463 1371 1533 Rotomagense
1405 1480 1506 1519 ms.
1546 1463 1609 1517 In
1641 1479 1798 1533 agen-

215 1547 294 1599 dis
332 1557 672 1600 mortuorum
699 1549 771 1601 ita
799 1550 893 1617 [iat
919 1551 1139 1620 singulis
1177 1554 1358 1608 diebus
1379 1567 1398 1605 :
1432 1557 1564 1608 Ante
1611 1553 1802 1626 Vespe-

211 1651 296 1688 ras
334 1637 557 1690 dicatur
583 1657 602 1695 :
634 1638 883 1705 I’lacebo,
916 1643 1138 1711 exceptis
1177 1643 1422 1700 Sabbatis
1444 1657 1492 1699 et
1536 1647 1680 1717 festis
1705 1650 1800 1701 tri-

206 1727 458 1794 plicibus.
510 1728 663 1785 Ilanc
730 1735 1173 1790 consuetudinem
1230 1751 1448 1807 semper
1500 1739 1801 1794 retinuerat

1903 568 2153 620 stratione
2176 567 2343 629 uenia,
2367 567 2544 636 incipit
2564 565 2804 619 sacerdos
2827 581 2846 618 :
2869 567 3010 620 Deus
3033 567 3085 620 in
3110 564 3466 633 adjutorium;

1903 650 2085 711 Cloria
2111 673 2125 720 ;
2155 656 2296 709 Laus
2323 657 2458 720 tibi;
2504 656 2689 709 deinde
2726 657 2955 725 quotidie
2997 656 3243 721 leguntur
3291 657 3468 709 decens

1902 746 2090 815 psalmi
2119 747 2181 800 de
2207 745 2456 815 psalterio
2481 745 2606 809 bini,
2639 755 2685 798 et
2717 745 2822 798 bini
2851 746 2944 798 sub
2979 763 3082 800 uno
3112 745 3328 808 Gloria;
3354 753 3470 812 post

1903 836 2166 900 ultimum,
2215 837 2356 889 Laus
2403 835 2530 899 tibi;
2569 852 2765 899 versus,
2813 835 3021 900 Intret;
3057 836 3243 888 deinde
3282 834 3470 888 litania

1902 934 2176 991 tota:qua
2217 923 2358 976 dicta
2400 922 2639 975 omnibus
2689 923 2963 991 prostratis
3005 923 3254 976 dicuntur
3294 937 3469 989 preces

1901 1014 2126 1082 majores
2141 1031 2255 1066 cum
2273 1023 2462 1082 septem
2485 1011 2697 1082 psalmis
2717 1025 2763 1067 et
2785 1014 3106 1069 orationibus
3126 1013 3466 1083 supradictis,

1899 1115 1945 1158 et
1973 1104 2040 1156 ad
2069 1104 2172 1158 Per
2198 1103 2479 1158 Dominum
2510 1113 2726 1172 surgant
2752 1119 2948 1158 omnes.

1971 1193 2120 1264 (159)
2161 1192 2384 1246 Dicatur
2428 1208 2521 1260 pro
2574 1194 2797 1261 peccatis
2851 1194 2906 1246 in
2955 1191 3228 1247 Matutinis
3266 1205 3287 1243 :
3333 1190 3469 1247 Vivo

1899 1297 2020 1354 ego,
2046 1291 2152 1336 etc.
2188 1282 2310 1336 "th
2355 1283 2514 1352 128
2552 1282 2759 1336 sublata
2796 1289 2922 1337 sunt
2976 1283 3028 1337 in
3072 1281 3313 1336 Ecclesia
3361 1280 3471 1335 Ro-

1901 1373 2197 1442 tomagensi
2227 1412 2242 1438 ,
2285 1382 2394 1427 tam
2443 1373 2496 1426 in
2545 1371 2817 1429 Laudibus
2865 1373 3147 1428 matutinis
3196 1387 3360 1442 quam
3411 1371 3468 1426 in

1901 1462 2174 1529 Vcsperis.

1972 1554 2118 1623 (I60)
2158 1553 2224 1606 In
2264 1552 2500 1617 Vesperis
2527 1553 2765 1622 Sabbati,
2790 1563 2920 1618 elc.,
2943 1565 3243 1608 sanctorum
3265 1554 3469 1624 agenda

1901 1654 1976 1698 est
2019 1647 2293 1698 memoria.
2347 1645 2499 1698 Nulla
2554 1645 2680 1699 olim
2734 1656 2972 1715 tempore
3020 1644 3468 1716 quadragesimali

1899 1733 2182 1799 festivitas,
2221 1737 2314 1789 sed
2346 1737 2398 1790 in
2429 1736 2682 1806 Vesperis
2723 1737 2944 1792 Sabbati
2981 1747 3037 1792 et
3073 1736 3348 1791 Dominica
3379 1736 3469 1789 die

207 1818 445 1873 ecclesia
475 1822 805 1877 cathedralis
832 1823 1248 1896 Rotomagensis
1293 1842 1464 1898 usque
1492 1831 1559 1884 ad
1597 1845 1794 1886 annum
1825 1826 1872 1884 Β
1899 1835 2210 1877 sanctorum
2257 1825 2518 1893 agebatur
2567 1826 2826 1878 memoria
2862 1831 3090 1894 quorum
3124 1829 3259 1881 festa
3288 1825 3472 1880 eveni-

203 1910 577 1978 praeteritum,
624 1927 733 1981 quo
766 1913 1033 1984 Vesperas
1069 1916 1174 1970 diei
1211 1919 1519 1988 anteposuit
1546 1920 1798 1991 Vesperis

206 1999 619 2068 defunctorum,
649 2018 771 2072 qua:
803 2005 1108 2062 immutatio
1152 2008 1294 2062 facta
1318 2018 1404 2064 est
1427 2024 1525 2078 pro
1559 2011 1796 2079 quadra-

205 2089 458 2157 gesimali
492 2099 705 2146 tantum
755 2103 993 2166 tempore
1039 2106 1261 2170 prepter
1308 2099 1642 2155 nimietatem
1677 2100 1796 2157 olli-

205 2199 446 2238 CIOI’IIm.

277 2273 432 2344 (I55)
499 2274 690 2347 Vigilia
735 2286 1058 2332 mortuorum
1111 2289 1317 2350 agatur.
1366 2279 1464 2334 IIic
1503 2280 1798 2335 concordat

209 2361 562 2420 Ordinarimn
606 2384 735 2432 ms.,
786 2369 840 2422 in
887 2386 994 2439 quo
1047 2370 1125 2424 sic
1180 2371 1380 2440 legitur
1425 2388 1479 2442 p.
1513 2372 1622 2426 53:
1668 2371 1792 2427 Post

209 2456 498 2523 prandium
520 2460 758 2524 sequius?
783 2459 956 2529 vigilia
986 2469 1331 2514 mortuorum.

281 2543 445 2613 127
478 2544 626 2614 (156)
681 2544 859 2600 Lectio
913 2546 1207 2602 collationis
1255 2549 1517 2602 recitetur.
1568 2549 1794 2606 Collatio

210 2633 311 2686 ista
366 2649 470 2702 per
520 2645 690 2690 totam
746 2636 1224 2708 Quadragesimam
1287 2638 1618 2693 recitabatur
1668 2649 1794 2693 ante

206 2721 656 2792 Cotnpletori'um,
690 2737 751 2782 ut
780 2727 972 2798 legitur
1002 2729 1054 2782 in
1083 2727 1371 2784 Ordinario
1399 2746 1524 2794 ms.,
1567 2747 1687 2800 pag.
1723 2730 1792 2784 53

207 2821 260 2863 et
286 2812 380 2866 56.
406 2812 474 2866 In
505 2814 584 2868 his
609 2826 841 2884 quatuor
869 2817 1050 2870 diebus
1079 2817 1308 2888 (scilicet
1338 2835 1367 2872 a
1397 2820 1576 2889 capite
1598 2818 1790 2890 jejunii

207 2917 381 2970 nSque
417 2904 485 2956 ad
510 2903 843 2960 Dominicam
873 2908 1378 2979 lQuadragesimte)
1404 2908 1555 2963 lectio
1586 2910 1792 2979 legatur

207 3000 326 3043 ante
358 2989 772 3061 Completorinm
806 2995 880 3051 De
907 2998 1116 3069 dialogo
1153 2997 1410 3069 Gregorii,
1449 3009 1554 3053 etc.
1597 2999 1685 3052 Sic
1711 3008 1787 3053 te-

209 3097 330 3135 neas
379 3099 543 3154 usque
580 3085 650 3138 ad
694 3084 906 3142 Caenum
953 3089 1183 3144 Domini.
1225 3091 1357 3145 Item
1405 3090 1541 3145 feria
1580 3091 1612 3144 2
1650 3089 1792 3156 Qua-

1898 1919 2017 1965 rent
2044 1911 2095 1963 in
2124 1911 2484 1976 hebdomada,
2529 1913 2671 1966 sicut
2705 1922 2979 1967 statuerat
3017 1914 3304 1968 concilium
3334 1912 3473 1968 Lao-

1897 2003 2174 2068 dicenum,
2199 2019 2248 2058 c.
2278 2003 2347 2058 49
2378 2023 2391 2058 :
2420 2001 2542 2057 Non
2572 2014 2770 2074 oportet
2800 2006 2854 2058 in
2885 2004 3297 2074 Quadragesima
3328 2013 3473 2056 nata-

1897 2093 2011 2146 litia
2045 2105 2334 2165 martyrum
2377 2094 2658 2159 celebrare,
2701 2096 2791 2148 sed
2823 2112 3003 2150 eorum
3037 2096 3091 2150 in
3135 2094 3368 2151 Sabbato
3413 2103 3464 2150 et

1896 2183 2172 2238 Dominica
2205 2194 2405 2237 tantum
2435 2185 2740 2238 memoriam
2761 2186 2898 2253 ﬁeri.

1967 2276 2116 2346 (161)
2182 2275 2474 2346 Incipiente
2511 2277 2750 2345 episcopo
2797 2278 3135 2346 antiphonam
3162 2291 3180 2329 :
3210 2276 3470 2331 Immitte-

1894 2383 2035 2421 mur.
2066 2367 2196 2421 Eam
2238 2376 2432 2422 cantor
2474 2366 2635 2422 hodie
2664 2367 2884 2422 inchoat
2908 2383 3070 2437 quam
3111 2367 3308 2422 chorus
3346 2381 3469 2436 pro-

1893 2459 2162 2528 sequitur.

1965 2548 2114 2618 (162)
2151 2546 2387 2602 Cinerem
2420 2564 2537 2602 cum
2575 2565 2711 2616 aqua
2753 2549 3021 2603 benedicta
3059 2549 3277 2602 tribuat.
3323 2545 3468 2600 Idem

1891 2638 2196 2707 praescribit
2245 2647 2398 2693 vetus
2443 2637 2786 2693 Ordinarium
2823 2655 2923 2693 ms.
2975 2639 3355 2693 canonicorum
3384 2651 3470 2690 re-

1889 2728 2154 2796 gularium
2167 2729 2340 2783 sancti
2367 2727 2535 2782 Laudi
2561 2728 2998 2798 Rotomagensis,
3028 2730 3081 2783 in
3112 2729 3245 2782 feria
3273 2734 3468 2796 quarta

1889 2819 2166 2873 Cinerum.
2217 2819 2332 2872 Non
2365 2818 2670 2889 aspergitur
2702 2819 2863 2874 hodie
2903 2835 3042 2888 aqua
3093 2818 3372 2872 benedicta
3404 2816 3459 2870 in

1889 2912 2136 2964 cinerum
2189 2912 2558 2980 impositione.
2605 2911 2832 2966 Cineres
2871 2911 3142 2966 benedicti
3173 2910 3468 2980 insignum

1889 3002 2222 3072 ptenitentia:
2269 3002 2640 3072 imponuntur,
2671 3001 2798 3070 quia
2837 3001 2966 3054 olim
2995 3001 3048 3054 in
3089 3001 3272 3055 cinere
3301 3008 3357 3053 et
3385 2998 3467 3052 ci-

1891 3092 2018 3148 licio
2065 3093 2381 3163 ptenitcntia
2439 3093 2700 3161 agebatur
2742 3091 2831 3162 (de
2876 3093 3071 3160 quibus
3121 3089 3468 3145 instruendus

206 3172 550 3242 dragesimaa,
579 3187 699 3231 ante
727 3175 1131 3248 Completorinm
1163 3196 1323 3251 usque
1357 3181 1426 3235 ad
1457 3180 1651 3235 Ramos
1671 3182 1784 3250 pal-
1808 3187 1857 3249 (ζ
1887 3181 2585 3252 estapastoribuspopulus)
2610 3181 2661 3235 in
2687 3180 3214 3249 cujustestimonium
3229 3178 3467 3234 Ecclesia

206 3280 417 3316 marum
466 3265 710 3336 legantur
733 3271 1079 3339 expositiones
1107 3288 1201 3342 per
1223 3271 1417 3340 ferias;
1457 3273 1585 3328 etin
1611 3271 1790 3326 Domi-

207 3357 349 3411 nicis
391 3355 831 3429 Quadragesima:
857 3378 871 3414 :
898 3360 1102 3431 legatur
1135 3361 1285 3416 lectio
1313 3365 1376 3418 de
1403 3365 1611 3419 residuo
1641 3381 1790 3435 expo-

203 3447 421 3500 sitionis
451 3448 682 3517 ejusdem
707 3451 831 3505 diei.
859 3451 982 3508 Haec
1006 3454 1299 3523 spiritualis
1325 3455 1540 3510 collatio
1565 3456 1616 3510 in
1644 3457 1790 3512 clero

199 3546 256 3589 et
285 3537 485 3606 populo
511 3550 697 3608 postea
725 3541 780 3596 in
810 3520 1147 3612 corporalem
1180 3543 1521 3600 collationem
1547 3545 1658 3600 sive
1681 3562 1789 3600 cte-

199 3626 392 3679 nulam
443 3635 804 3684 transmutata
852 3641 956 3697 est,
999 3633 1064 3686 de
1096 3647 1201 3701 qua
1233 3634 1354 3688 vide
1380 3635 1784 3698 Francolinum,

198 3715 278 3771 De
307 3727 555 3787 tempore
585 3720 842 3774 horarum
876 3723 1282 3788 canonicarum,
1311 3739 1359 3778 c.
1391 3725 1481 3790 38,
1516 3742 1570 3778 η.
1601 3725 1687 3778 10.

273 3806 428 3876 (157)
471 3806 538 3861 In
574 3810 812 3864 omnibus
848 3812 1099 3865 horarum
1128 3812 1370 3882 precibus
1405 3830 1606 3884 semper
1629 3813 1788 3868 Mise-

198 3913 326 3954 rere
377 3899 484 3954 mei
529 3901 690 3957 Deus.
741 3902 886 3958 Idem
933 3913 1114 3959 exstat
1143 3905 1196 3959 in
1226 3905 1516 3960 Breviariis
1552 3905 1617 3958 Α.
1649 3904 1782 3960 1491

202 3999 254 4044 et
282 3989 437 4056 I578,
469 3989 524 4044 in
551 3991 828 4047 Psalteriis
853 3995 917 4047 A.
954 3994 1090 4048 1507
1115 3995 1364 4062 ct1586;
1422 3997 1621 4066 quibus
1654 3997 1788 4050 asti-

201 4081 424 4150 pulatur
449 4081 758 4150 Durandus,
801 4085 1016 4140 Ration.
1055 4086 1225 4141 divin.
1258 4087 1424 4154 olIic.,
1470 4089 1506 4142 l.
1539 4104 1613 4157 vt,
1639 4103 1688 4142 c.
1717 4088 1787 4142 32

205 4173 280 4227 De
312 4174 643 4230 Dominical
674 4175 1110 4249 Quadragesimze
1140 4197 1152 4232 :
1191 4178 1304 4234 Iioc
1339 4190 1566 4251 tempore
1593 4181 1788 4234 dicitur

205 4265 522 4332 regulariter
551 4266 711 4320 octies
748 4267 803 4320 in
842 4269 1104 4322 canonicis
1140 4269 1284 4324 horis
1309 4287 1540 4339 psatmus
1566 4270 1654 4324 ille
1677 4287 1784 4340 pa:-

208 4357 514 4422 nitentialis,
562 4357 823 4412 Miserere
867 4359 993 4425 mei,
1037 4359 1198 4414 Deus.
1236 4359 1294 4413 In
1323 4360 1563 4416 Ecclesia
1603 4369 1784 4414 autem

207 4449 598 4519 Rotomagensi
644 4449 733 4503 ille
767 4451 1007 4520 psalmus
1034 4452 1234 4506 dicitur
1262 4460 1466 4507 tantum
1505 4453 1555 4506 in
1586 4453 1786 4522 Vespe-

1893 3274 1994 3328 hac
2036 3274 2124 3329 die
2169 3274 2315 3327 canit
2355 3274 2755 3342 antiphonamg
2799 3272 3148 3326 Immutemur
3188 3270 3371 3324 habitu
3411 3267 3470 3320 in

1891 3369 2063 3422 cinere
2115 3379 2163 3421 et
2211 3368 2426 3432 cilicio;
2482 3376 2537 3422 et
2590 3367 2644 3421 in
2699 3367 3032 3429 cathedrali,
3082 3361 3467 3432 ltotomagensi

1891 3463 2124 3517 ecclesia
2157 3463 2210 3516 in
2238 3461 2504 3530 ejectione
2532 3461 2744 3532 publice
2773 3460 3154 3531 paenitentiam
3177 3474 3206 3511 a
3233 3457 3466 3511 diacono

1890 3553 2073 3608 hastili
2117 3569 2411 3623 appensum
2457 3563 2704 3624 portatur
2736 3553 2993 3617 cilicium,
3019 3551 3174 3618 juxta
3205 3548 3332 3602 illud
3363 3548 3469 3600 Du-

1891 3644 2042 3697 randi
2095 3643 2336 3708 Ration.,
2381 3643 2476 3697 lib.
2531 3658 2629 3707 vn,
2677 3658 2796 3711 cap.
2842 3641 2950 3696 55:
2985 3641 3130 3695 Cinis
3153 3649 3200 3693 et
3233 3638 3466 3692 cilicium

1887 3751 2037 3787 arma
2070 3745 2190 3788 sunt
2220 3735 2595 3804 panitentium.
2630 3733 2707 3788 De
2735 3733 3053 3802 expulsione
3083 3727 3466 3801 paenitentiam

1887 3823 2155 3876 videndus
2203 3837 2382 3876 sermo
2430 3821 2682 3892 egregius
2726 3821 2902 3875 Ivonis
2947 3816 3300 3875 Carnotensis
3347 3815 3467 3886 epi-

1887 3913 2060 3981 scapi,
2114 3912 2188 3966 De
2235 3913 2414 3981 capite
2453 3911 2667 3982 jejunii,
2721 3912 2866 3966 inter
2919 3911 3090 3980 ipsius
3135 3923 3302 3979 opera
3351 3905 3465 3976 iam

1887 4002 2084 4056 editus.

1956 4090 2103 4160 (165)
2143 4091 2275 4145 Ante
2304 4091 2704 4160 processionem.
2738 4087 2870 4153 Qua:
2914 4087 3155 4155 expulsis
3194 4087 3466 4157 pceniten-

1888 4186 2031 4242 tibns
2060 4187 2117 4240 lit
2145 4187 2210 4240 ad
2233 4185 2406 4242 altare
2455 4185 2513 4240 S.
2571 4183 2832 4254 Stephani
2876 4183 2930 4237 in
2975 4182 3164 4237 eadem
3191 4179 3457 4242 'ecclesia,

1885 4275 2156 4330 cantando
2192 4275 2630 4344 responsorium;
2657 4289 2782 4328 cum
2814 4281 2995 4327 autem
3023 4270 3302 4342 processio
3334 4283 3462 4339 per-

1884 4367 2096 4421 venerit
2136 4367 2202 4420 ad
2243 4367 2506 4437 capellam
2559 4365 2619 4422 S.
2665 4365 2949 4435 Stephani,
2995 4365 3249 4420 omnibus
3299 4377 3465 4434 genu—

1885 4456 2036 4512 llexis
2063 4457 2212 4528 (olim
2266 4460 2428 4514 etiam
2461 4457 2776 4529 prostratis,
2809 4467 2869 4511 ut
2900 4472 2965 4512 ex
2997 4456 3169 4512 veteri
3211 4453 3466 4510 Ceremo-

208 4542 280 4595 ris
308 4541 569 4596 feriarum
616 4541 918 4608 Adventus,
958 4543 1417 4614 Quadragesimae,
1445 4553 1501 4598 et
1529 4541 1594 4598 ι’]
1623 4541 1782 4597 Tem-
1810 4529 1861 4588 Ι)
1887 4547 2017 4602 niali
2065 4563 2166 4604 ms.
2191 4551 2450 4617 constat),
2499 4549 2756 4605 dicuntur
2787 4563 2978 4619 preces
3005 4555 3060 4601 ct
3083 4545 3377 4610 orationes,
3405 4550 3467 4598 ut

205 4649 413 4704 porum,
442 4650 544 4689 nec
577 4633 832 4688 dicuntur
853 4635 1038 4702 psalmi
1063 4635 1172 4690 illic
1199 4635 1453 4705 assignati
1476 4649 1571 4705 per
1597 4634 1778 4698 horas,

204 4726 298 4780 sed
351 4725 497 4781 dicto
539 4725 779 4796 capitulo
835 4727 1084 4782 dicuntur
1119 4741 1310 4796 preces
1339 4734 1397 4780 ut
1425 4727 1476 4782 in
1507 4725 1783 4781 Breviario

203 4815 615 4887 Rotomagensi,
657 4816 855 4884 quibus
891 4819 1063 4873 oratio
1088 4817 1195 4872 diei
1225 4831 1348 4870 cum
1375 4832 1531 4873 versu
1559 4815 1785 4871 Benedi-

201 4925 386 4962 camus
415 4908 643 4961 Dontmo
675 4908 730 4961 in
761 4906 866 4960 line
896 4909 1259 4980 subjungilur.

271 5002 423 5069 (158)
465 5000 646 5054 Unum
692 4998 999 5068 psalterium
1041 5003 1365 5073 psalmorum
1409 5001 1782 5072 subjungatur.

212 5089 308 5142 llic
346 5090 636 5158 quemdam
681 5085 1008 5156 psalmorum
1049 5105 1334 5146 numerum
1370 5090 1633 5164 intellige,
1678 5103 1784 5142 non

205 5181 472 5248 integrum
518 5177 870 5249 psalterium,
912 5181 1050 5249 quod
1087 5182 1290 5235 indicat
1325 5179 1587 5239 Radull‘us
1637 5178 1786 5233 Tun-

203 5270 411 5340 grensis
457 5269 600 5324 libro
644 5267 724 5321 De
771 5280 1031 5327 canonum
1083 5273 1323 5336 observ.,
1351 5287 1566 5347 prepos.
1602 5270 1695 5336 21,
1733 5269 1787 5322 in

203 5361 345 5386 ‘..-nn
376 5359 588 5386 mn.‘--m
613 5375 626 5386 ο
657 5355 721 5386 Pl
750 5355 867 5386 n|1:n
894 5360 944 5386 ἶ...
971 5373 1144 5386 -._---n_
1173 5360 1423 5386 n.._J..___
1490 5371 1500 5380 ο
1541 5381 1592 5386 -_
1624 5355 1791 5386 -.ι-..Αιὲ

1890 4636 1943 4691 in
1977 4637 2109 4691 feria
2141 4641 2374 4694 secunda
2400 4638 2759 4710 Rogationum
2791 4655 2804 4692 :
2835 4637 3032 4707 quibus
3066 4635 3234 4690 ﬁnitis
3265 4633 3467 4688 litanias

1887 4727 2083 4782 breves
2125 4729 2335 4802 integre
2359 4745 2389 4782 a
2415 4730 2623 4786 duobus
2651 4730 2716 4784 de
2746 4730 2981 4784 secunda
3021 4727 3147 4782 sede
3175 4733 3468 4782 cantantur

1889 4817 2057 4871 choro
2085 4819 2465 4888 respondente,
2493 4822 2586 4891 qui
2614 4819 2748 4874 ordo
2785 4818 2818 4871 4
2855 4828 2909 4873 et
2935 4819 2968 4872 6
3001 4817 3148 4871 feriis
3187 4830 3358 4886 usque
3398 4812 3466 4868 ad

1890 4905 2113 4960 feriam.
2136 4921 2344 4963 sextam
2403 4910 2456 4961 in
2516 4923 2811 4980 paraseeve
2859 4908 3134 4963 exclusive
3182 4914 3463 4966 servatur,

1889 5005 2084 5068 quarta
2120 4998 2255 5056 feria
2293 5000 2360 5054 ad
2389 4999 2559 5057 altare
2589 4999 2648 5057 S.
2687 4998 2974 5069 Stephani,
3021 5005 3172 5054 sexta
3200 4996 3267 5049 ad
3298 4994 3468 5049 altare

1891 5089 1947 5144 S.
1977 5088 2226 5148 Joannis.

1960 5178 2110 5250 (164)
2152 5181 2470 5239 Paenitentes
2511 5183 2814 5252 ejiciantur.
2848 5179 2974 5236 Hac
3011 5176 3320 5236 Durandus,
3365 5173 3466 5226 ἢδη

1893 5271 2048 5334 ιίοη.,
2093 5271 2186 5329 lib.
2241 5291 2320 5338 vt,
2368 5287 2419 5326 c.
2449 5275 2520 5332 9.8
2552 5293 2565 5328 :
2602 5272 2914 5328 Paenitentes
2963 5281 3184 5337 namque
3237 5275 3360 5317 tunc
3407 5263 3472 5315 ab

1900 5359 2129 5386 P--l--.‘_
2193 5383 2245 5386 __.
2275 5383 2300 5386 ._
2359 5381 2438 5386 μ--.
2501 5367 2684 5386 ,,-ε,,,-
2727 5372 2766 5386 ,ι
2814 5378 2954 5384 μμ---
3014 5360 3288 5384 -:.'..:....s....
3351 5364 3394 5384 ιο
3418 5359 3472 5384 ἔκ
