4016 5386
536 292 608 357 95

1590 286 1895 344 JOANNES
1921 283 2347 342 ARCHIEPISC.
2374 277 2737 357 .RO'I‘OMAG.

3707 258 3788 317 .96

608 411 759 483 (16⁵)
805 409 1002 480 Hymni
1049 408 1105 461 in
1160 404 1434 475 l’esperts:
1479 403 1561 458 Ea:
1599 420 1739 458 more
1767 403 1906 458 docti
1932 404 2111 473 mysti-
2136 388 2190 446 Α
2289 398 2436 467 (I72)
2479 395 2670 450 Omnes
2700 389 2968 462 pulsentur
3013 399 3299 483 campana”:
3439 374 3669 483 ecclesia
3698 387 3792 428 ca-

539 517 621 567 co,
647 510 764 556 'etc.
808 499 972 554 Iidem
1013 495 1200 567 hymni
1238 495 1509 548 habentur
1548 493 1600 547 in
1631 493 1926 547 Breviariis
1953 493 2116 547 lioto-

2223 466 2450 543 thedrali
2486 499 2635 539 more
2672 477 3029 549 semiduplici,
3058 485 3118 530 ut
3166 475 3217 529 in
3264 468 3518 527 Sabbatis
3538 466 3795 535 Vespera

539 557 710 663 πώς..
745 605 837 646 an.
884 557 1237 652 ustfasrs,
1279 593 1335 639 et
1376 586 1430 638 in
1461 584 1743 639 Psalteriis
1774 599 1862 638 an.
1899 583 2036 638 1507
2063 592 2119 638 et

2258 579 2579 636 elebrantur,
2628 588 2727 628 nec
2747 582 2937 624 omnes
2974 580 3250 635 campanae
3293 568 3513 625 sonant,
3553 557 3648 612 sed
3682 564 3796 609 tres

541 682 712 749 £586;
760 680 855 736 sed
892 678 1136 749 quotidie
1183 677 1236 731 in
1275 675 1527 744 Vesperis
1575 690 1745 744 usque
1789 675 1856 729 ad
1915 675 2118 743 primas

551 777 819 845 Vesperas
841 772 1133 828 Dominica:
1156 768 1453 832 Passionis,
1488 768 1733 836 exceptis
1764 766 1940 831 festis,
1981 767 2119 821 dici-

545 876 636 922 tur
671 867 941 936 hymnus:
978 862 1142 926 Audi,
1164 861 1380 931 benigne
1417 859 1675 923 conditor,
1715 867 1772 914 et
1801 859 1868 912 ad
1900 859 2118 913 Matuti-

546 971 676 1017 num
719 957 988 1026 hymnus:
1027 950 1113 1006 Ex
1141 968 1284 1005 more
1330 950 1512 1017 docti;
1567 951 1636 1006 ad
1689 950 1902 1006 Laudes
1956 964 2118 1006 vero:

546 1044 671 1098 lam
698 1041 905 1097 Christe
925 1040 1007 1096 sol
1024 1040 1273 1110 justitiae.

619 1133 765 1204 (I66)
821 1132 929 1188 Per
972 1131 1323 1201 adjectionem
1376 1129 1534 1183 unius
1588 1128 1821 1183 lectionis
1871 1138 1918 1181 et
1969 1128 2125 1181 unius

550 1227 887 1296 responsorii.
927 1225 1033 1280 Per
1074 1221 1478 1291 responsorium
1529 1219 1799 1289 intelligas
1844 1218 2124 1289 graduale,

548 1327 612 1371 ut
650 1316 763 1386 jam
791 1315 1047 1370 diximus.
1081 1312 1225 1368 Idem
1256 1312 1384 1381 legit
1413 1311 1740 1372 Amalarius,
1770 1309 1803 1362 l.
1840 1326 1878 1373 ι,
1931 1309 2003 1365 De
2033 1324 2127 1364 ec-

551 1407 676 1461 cles.
716 1403 879 1467 olIic.,
900 1418 951 1457 c.
980 1401 1035 1464 8.
1066 1402 1141 1455 De
1167 1400 1403 1456 secunda
1428 1399 1692 1453 varietate
1716 1399 1750 1451 4
1781 1397 2132 1453 bebdomada:

486 1486 492 1497 ’
543 1494 979 1565 quadragesimae
1015 1508 1029 1546 :
1081 1491 1149 1546 In
1185 1500 1377 1563 quarta
1419 1489 1553 1559 feria
1591 1499 1794 1560 quarta:
1827 1488 2134 1558 septimana:

553 1586 779 1641 varietas
810 1594 884 1638 est
921 1600 1012 1651 per
1040 1583 1390 1652 adjectionem
1422 1581 1582 1634 unius
1622 1579 1856 1634 lectionis
1894 1589 1941 1632 et
1978 1578 2133 1632 unius

547 1677 893 1747 responsorii.
951 1676 1151 1729 Eadem
1199 1674 1285 1727 die
1335 1673 1511 1743 agitur
1559 1672 1873 1726 scrutinium
1925 1669 2134 1723 tertium

2222 675 2536 731 tantum,ut
2562 664 2615 718 in
2668 659 3002 723 Dominicis;
3055 667 3109 713 et
3156 656 3262 710 duo
3309 652 3524 722 cappati
3569 647 3797 702 chorum

2224 767 2446 828 regunt,
2482 756 2623 809 sicut
2669 754 2722 808 in
2769 750 3099 821 duplicibus;
3153 747 3204 800 in
3255 745 3450 814 quibus
3494 737 3795 797 concordat

2223 848 2569 904 Ordinarium
2611 861 2736 910 ms.,
2777 858 2830 912 p.
2863 842 2931 896 74
2961 860 2973 894 :
3007 840 3089 894 Ad
3133 838 3381 909 Vesperas
3412 850 3515 889 non
3547 832 3797 886 dicatur:

2223 943 2479 1005 Placho,
2511 940 2600 996 sed
2646 939 2827 1008 festive
2868 934 3107 1005 pulsetur
3153 932 3286 986 sicut
3331 928 3387 983 in
3434 925 3711 980 Dominica
3738 919 3803 974 ob

2224 1031 2562 1086 reverendam
2598 1027 2889 1082 Dominica:
2927 1022 3116 1086 (Imma,
3154 1030 3200 1075 et
3242 1018 3420 1089 festiue
3465 1022 3704 1071 cantetur
3755 1016 3808 1063 et

2226 1123 2529 1192 antipltonte
2554 1136 2711 1189 super
2737 1117 2968 1189 psalmos
3004 1130 3123 1168 cum
3151 1092 3339 1167 ncuma
3365 1108 3645 1178 ﬁniantur.
3677 1103 3806 1155 Ant.

2229 1213 2427 1266 Beatus
2464 1212 2569 1264 vir.
2608 1207 2756 1262 Psal.
2799 1205 2912 1261 Nisi
2961 1203 3221 1259 Dominus
3265 1193 3638 1259 :editlcaverit,
3674 1199 3807 1253 etc...

2230 1302 2519 1358 secundum
2550 1299 2813 1362 ordinem,
2842 1306 2889 1350 et
2929 1295 3034 1349 duo
3054 1294 3121 1347 de
3147 1287 3377 1344 secunda
3399 1284 3519 1340 sede
3544 1283 3600 1336 in
3628 1279 3812 1349 cappis

2231 1393 2393 1462 nigris
2437 1391 2501 1444 de
2545 1388 2711 1443 serico
2766 1394 2945 1456 regant
2996 1388 3250 1443 chorum;
3303 1376 3472 1448 (nunc
3518 1380 3702 1427 autem
3753 1367 3810 1421 in

2233 1460 2418 1551 caippis
2449 1479 2673 1534 violacei
2704 1475 2923 1542 coloris)
2972 1474 3076 1528 duo
3106 1471 3174 1526 de
3206 1466 3397 1535 majori
3431 1463 3560 1520 sede
3590 1460 3648 1514 in
3680 1470 3814 1551 cap—

2234 1550 2347 1642 pis.
2400 1572 2435 1640 (ἢ
2482 1567 2989 1629 Citcumdederunt,
3045 1571 3101 1617 et
3157 1561 3225 1615 ad
3280 1554 3587 1627 Magniﬁcat
3641 1550 3818 1605 altare

2238 1677 2292 1722 et
2322 1668 2522 1721 chorus
2552 1662 2954 1719 tburilicantnr.
2988 1654 3371 1711 Benedicamus
3415 1648 3489 1715 ab
3514 1658 3648 1700 uno
3672 1650 3732 1696 ut
3762 1642 3817 1695 in

557 1768 697 1840 quod
722 1767 1009 1822 maximum
1033 1776 1107 1821 est
1135 1767 1273 1819 inter
1302 1773 1496 1834 septem
1529 1763 1900 1817 serutinia.....
1932 1758 2134 1814 Eadem
2169 1734 2210 1793 Β
2239 1754 2687 1826 semiduplicibus
2737 1749 2971 1806 canitur.
3027 1746 3160 1800 Item
3217 1742 3270 1797 in
3328 1736 3522 1837 veteri.
3556 1734 3698 1840 libro
3740 1728 3823 1784 oi-

546 1857 643 1911 die
664 1857 1001 1912 instruuntur
1027 1855 1092 1911 de
1119 1854 1419 1909 auctoribus
1449 1863 1497 1907 et
1518 1853 1683 1907 initiis
1709 1862 1937 1924 quatuor
1961 1850 2140 1906 Evan-

561 1948 836 2019 geliorum.

639 2039 784 2111 (167)
828 2039 1082 2094 Traditur
1118 2039 1192 2093 eis
1238 2039 1408 2093 oratio
1442 2038 1721 2093 Dominica
1750 2048 1795 2093 et
1827 2037 2140 2109 symbolum,

566 2131 727 2201 quod,
760 2140 865 2186 etc.
895 2131 1205 2186 Amalarius
1230 2132 1431 2186 ibidem
1458 2150 1472 2186 :
1508 2130 1708 2185 Eadem
1740 2132 1825 2186 die
1850 2131 2144 2201 percipiunt

564 2222 865 2277 orationem
906 2221 1237 2277 Dominicam
1283 2231 1329 2275 et
1370 2222 1664 2292 symbolum
1707 2222 1776 2275 ad
1823 2222 2146 2277 reddendum

567 2314 623 2367 in
691 2312 916 2368 Sabbato
973 2324 1153 2368 sancto
1218 2312 1455 2369 Pascitur.
1520 2314 1665 2369 Idem
1735 2315 1928 2379 docet,
1981 2312 2145 2368 Guill.

572 2405 878 2469 Durandus,
910 2404 1130 2459 Ration.
1187 2405 1353 2459 divin.
1402 2405 1568 2469 ollic.,
1622 2404 1660 2459 1.
1711 2391 1890 2472 νι,ὀ.
1940 2404 2030 2469 46,
2073 2404 2150 2459 De

571 2506 766 2568 quarta
795 2498 930 2553 feria
956 2503 1163 2567 quarta:
1192 2497 1567 2552 hebdomadas.

650 2586 798 2657 (168)
846 2584 913 2640 In
977 2583 1207 2640 Sabbato
1256 2585 1396 2655 quod
1450 2584 1656 2653 palmas
1702 2586 1949 2656 praecedit
1996 2585 2151 2654 pedes

568 2692 865 2745 pauperum
900 2674 1077 2730 lauare
1106 2673 1488 2729 ecclesiasticus
1531 2673 1678 2728 Ordo
1721 2675 1986 2744 priet-epit.
2017 2673 2155 2728 Hinc

574 2766 634 2819 in
689 2765 1130 2821 Sacramentario
1175 2773 1232 2819 et
1274 2764 1673 2834 Antiphonario
1727 2773 1884 2818 vetns
1922 2763 2027 2817 diei
2075 2764 2159 2816 in-

573 2855 809 2926 scriptio
849 2870 867 2909 :
922 2855 1157 2912 Sabbato
1210 2864 1384 2917 uacat,
1436 2855 1680 2909 dominus
1710 2870 1847 2923 papa
1879 2853 2160 2921 elemosy-

572 2962 705 2999 nam
730 2945 844 2999 dat.
872 2945 989 3011 Qua
1015 2945 1081 2998 de
1116 2959 1177 2998 re
1216 2942 1438 2998 consule
1481 2941 1840 3003 Anialarinm,
1874 2940 1911 2991 l.
1940 2955 1981 3004 ι,
2017 2954 2067 2993 c.
2100 2940 2156 3004 9,

572 3043 639 3089 et
660 3034 957 3103 Rupertum
981 3034 1229 3088 abbatem
1253 3031 1605 3096 Tuitiensem,
1632 3030 1706 3085 De
1727 3030 1837 3084 div.
1855 3028 2020 3093 oliic.,
2044 3028 2081 3083 l.
2104 3043 2160 3095 γ,

585 3142 637 3182 c.
669 3125 722 3180 6.
752 3125 850 3180 Ρη.

658 3213 757 3270 llis
789 3214 1079 3271 subscribit
1132 3211 1452 3277 Durandus,
1511 3209 1730 3267 Ration.
1781 3209 1946 3265 divin.
1997 3208 2163 3274 odio...

587 3302 629 3356 l.
663 3319 738 3368 vr,
775 3319 827 3359 c.
854 3303 942 3367 66,
977 3305 1052 3359 De
1082 3302 1323 3359 Sabbato
1354 3312 1479 3356 ante
1508 3300 1723 3356 Palmas
1751 3315 1766 3355 :
1804 3299 1873 3355 In
1906 3300 2004 3354 hoc
2029 3300 2185 3385 enim

593 3393 823 3449 Sabbato
866 3393 1131 3449 intendere
1153 3392 1417 3446 consueuit
1454 3390 1697 3445 dominus
1743 3406 1882 3459 papa
1925 3388 2170 3458 pauperi-

594 3485 688 3539 bus
725 3482 920 3538 Christi
947 3483 1124 3538 dando
1154 3483 1554 3552 eleemosynam,
1601 3489 1649 3535 et
1694 3479 2005 3534 mandatum
2035 3476 2170 3532 cele—

592 3574 813 3629 brando.
845 3573 977 3629 Item
1007 3573 1233 3628 Gemma
1264 3571 1482 3636 animae,
1514 3570 1551 3624 l.
1584 3584 1668 3637 nt,
1702 3584 1753 3624 c.
1783 3570 1873 3624 71.

666 3666 815 3738 (169)
861 3665 984 3721 Post
1029 3665 1282 3732 Tertiam,
1317 3664 1497 3720 clerici
1541 3681 1658 3718 cum
1686 3664 1847 3718 ramis
1873 3661 2172 3733 palmarum

596 3758 665 3812 ad
710 3758 1088 3828 processionem
1133 3766 1371 3828 pergant.
1421 3755 1521 3811 llic
1564 3755 1733 3810 altum
1784 3754 2060 3810 silentium
2106 3754 2172 3809 de

596 3848 948 3918 processione
994 3847 1060 3902 ad
1108 3847 1165 3902 S.
1214 3846 1556 3912 Gildardum,
1607 3846 1660 3899 in
1702 3859 1809 3914 qua
1856 3844 2100 3899 defertur
2141 3857 2173 3897 a

598 3938 806 3993 duobus
855 3938 1189 4010 presbyteris
1235 3952 1434 4007 corpus
1476 3934 1682 3992 Christi
1729 3936 1783 3989 in
1836 3934 2041 3990 feretro
2088 3948 2178 3988 re-

596 4027 920 4083 conditum:
968 4026 1121 4095 cujus
1169 4026 1530 4083 institutionis
1576 4025 1706 4080 licet
1752 4022 1919 4079 lirium
1963 4032 2175 4092 tempus

596 4119 767 4175 statui
810 4134 916 4177 non
944 4120 1143 4190 possit,
1174 4119 1365 4173 saltem
1412 4118 1612 4188 legitur
1641 4118 1781 4170 idem
1811 4115 1946 4170 ritus
1980 4115 2035 4168 in
2069 4115 2175 4169 De-

570 4256 575 4260 .
599 4212 767 4268 cretis
792 4210 855 4265 Β.
886 4209 1180 4267 Lanfranci
1210 4208 1491 4273 Ordinar.,
1518 4223 1569 4262 c.
1604 4209 1655 4273 1,
1681 4213 1815 4262 sect.
1844 4205 1899 4271 4,
1924 4213 1979 4258 et
2002 4205 2056 4259 in
2085 4220 2178 4258 ve-

603 4302 705 4358 teri
725 4300 1026 4356 'Ordinario
1057 4315 1158 4354 ms.
1189 4298 1575 4353 canonicorum
1621 4295 1678 4350 S.
1722 4295 1890 4350 Laudi
1922 4294 2179 4349 Rotoma-

603 4391 808 4461 gensis.
836 4388 1011 4458 Hujus
1037 4387 1403 4458 processionis
1426 4387 1588 4442 ritum
1614 4396 1736 4456 post
1765 4384 2178 4441 observationes

602 4497 672 4539 ex
707 4478 997 4536 Ordinario
1022 4478 1405 4548 Rotomagensi
1437 4492 1540 4533 ms.
1563 4475 1949 4532 describimus.

677 4571 838 4642 130
886 4570 1032 4643 (170)
1071 4571 1324 4625 Dominus
1364 4570 1625 4625 vobiscum
1659 4570 1890 4623 dicatur.
1923 4565 2002 4623 Ita
2030 4565 2180 4622 ordi-

603 4666 760 4721 naria
785 4680 940 4728 mss.,
970 4663 1092 4719 libri
1116 4661 1374 4718 olliciales
1401 4677 1533 4716 mss.
1557 4670 1612 4715 et
1636 4658 1875 4715 Missalia
1899 4658 2175 4727 quaedam;

599 4760 714 4830 jam
743 4772 886 4831 vero
916 4754 1059 4810 nulla
1091 4754 1180 4810 die
1214 4754 1293 4815 ad
1328 4752 1637 4824 passionem
1676 4749 1879 4805 dicitur
1922 4747 2181 4802 Dominus

604 4849 889 4906 uobiscum.

681 4938 828 5009 (171)
865 4936 1081 4992 (Jortina
1110 4944 1232 4988 ante
1272 4933 1445 4987 altare
1489 4931 1809 5001 deponatur.
1851 4928 1995 4984 Idem
2041 4940 2182 4996 pras-

606 5031 800 5088 scribit
831 5027 1176 5083 Ordinarium
1225 5040 1324 5078 ms.
1366 5024 1754 5078 canonicorutn
1787 5021 1846 5076 S.
1879 5019 2048 5074 Laudi
2078 5018 2185 5071 Ro-

611 5132 813 5192 tomag.
850 5119 929 5173 Ita
962 5131 1180 5188 quoque
1195 5114 1540 5171 Ordinarium
1570 5129 1696 5175 ms.,
1722 5127 1777 5181 p.
1807 5112 1875 5166 74
1912 5128 1926 5164 :
1961 5097 2040 5162 Ad
2066 5124 2190 5177 pas-

607 5216 810 5271 sionem
849 5210 1064 5271 Domini
1103 5208 1306 5263 cortina
1339 5207 1567 5269 pendens
1613 5206 1750 5258 inter
1776 5203 1995 5258 chorum
2031 5210 2078 5255 et
2107 5198 2189 5253 al-

609 5316 725 5363 tare
771 5318 877 5357 non
924 5308 1192 5357 moveatur
1246 5313 1412 5367 usque
1464 5296 1533 5351 ad
1578 5308 1596 5347 :
1658 5294 1722 5347 Et
1768 5292 1947 5347 velum
2003 5288 2187 5361 templi

2241 1844 2401 1902 ﬁciali
2430 1821 2531 1899 ms.
2563 1842 2630 1897 ad
2673 1856 2829 1896 usum
2855 1835 3112 1894 Ecclesia:
3141 1825 3558 1899 llotumagensis
3586 1821 3819 1893 legitur:

2241 1935 2310 1990 In
2348 1934 2586 2004 Vesperis
2621 1947 2798 1986 omnes
2838 1908 3108 1997 campana:
3138 1932 3193 1977 ut
3220 1922 3275 1976 in
3305 1934 3482 1973 novem
3511 1906 3825 1980 lectionibus

2240 2002 2515 2098 pulsentur
2564 2023 2626 2077 ob
2681 2019 3026 2075 reuerentiam
3082 2011 3375 2070 Dominica:
3426 2006 3617 2062 Corace.
3674 2002 3826 2056 Idem

2244 2091 2552 2186 praescribit
2594 2110 2938 2167 Ordinarium
2987 2122 3090 2161 ms.
3133 2102 3519 2160 canonicorum
3560 2095 3620 2151 S.
3652 2091 3830 2148 Laudi

2246 2204 2681 2276 Rotomagensis.

2320 2295 2468 2369 (175)
2485 2272 2700 2365 νοτηηβε
2728 2291 2887 2346 simul
2925 2287 3220 2359 pulsentur.
3249 2282 3414 2337 Liber
3441 2274 3684 2369 ollicialis
3719 2272 3833 2369 110-

2252 2365 2582 2455 tomagensis
2608 2398 2713 2437 ms.
2746 2396 2813 2435 ex
2844 2378 3173 2434 bibliotheca
3195 2371 3475 2451 Bigitiana
3502 2383 3517 2421 :
3554 2365 3622 2420 In
3645 2365 3833 2433 quinta

2253 2474 2407 2544 feria,
2430 2475 2489 2528 in
2528 2483 2783 2526 nocturno
2811 2468 3055 2539 primitus
3094 2476 3364 2533 campana:
3389 2455 3686 2530 sigillatim,
3712 2460 3835 2543 post

2254 2538 2428 2620 omnes
2449 2562 2606 2618 simul
2624 2538 2917 2633 pulsentur.
2944 2558 3089 2613 Idem
3115 2554 3259 2625 quod
3287 2566 3471 2622 supra.
3712 2538 3717 2543 “

2327 2656 2477 2727 (174)
2518 2654 2586 2708 In
2629 2653 2781 2707 tertio
2819 2647 3093 2719 Evangelii
3144 2644 3421 2714 expositio.
3472 2635 3836 2727 Nongle‘gitur

2257 2746 2324 2802 de
2337 2722 2684 2814 expositione
2711 2738 3012 2809 Evangelii,
3040 2735 3137 2791 sed
3161 2735 3229 2790 de
3252 2728 3493 2804 Epistola
3533 2726 3556 2782 I
3593 2725 3655 2779 Β.
3679 2722 3835 2779 Pauli

2260 2835 2328 2889 ad
2353 2834 2624 2895 Corintb.,
2653 2846 2706 2886 c.
2731 2846 2808 2885 ιι.

2333 2923 2480 2995 (175)
2539 2922 2670 2988 Qua:
2718 2920 2833 2975 sola
2880 2917 3126 2974 remansit
3179 2914 3400 2972 candela
3452 2911 3837 2981 exstinguatur.

2250 3016 2339 3071 .lta
2389 3015 2737 3071 Ordinarium
2784 3028 2913 3079 ms.,
2964 3027 3021 3080 ι).
3060 3009 3148 3064 75.
3202 3006 3471 3071 Psalmus,
3515 3000 3841 3058 Benedictus

2188 3086 2236 3149 (ἶ
2266 3107 2447 3176 festive
2498 3116 2761 3172 cantetur,
2812 3112 2859 3159 et
2910 3100 3133 3156 candela
3180 3114 3298 3169 qua:
3349 3096 3465 3151 sola
3519 3097 3843 3148 remanserat

2266 3199 2649 3266 exstinguatur.
2678 3194 2822 3248 Idem
2845 3191 3005 3247 Liber
3033 3188 3279 3245 ofﬁcialis
3295 3179 3708 3254 Rotomagensis
3736 3192 3841 3232 ms.

2268 3295 2323 3342 et
2349 3286 2535 3341 addit:
2568 3283 2655 3338 Ex
2679 3300 2780 3356 quo
2812 3297 2930 3337 uero
2970 3280 3157 3333 ultima
3187 3274 3404 3332 candela
3428 3273 3498 3328 ad
3520 3269 3846 3326 Benedictus

2269 3376 2642 3447 exstinguitur,
2666 3374 2843 3427 lumen
2874 3372 2931 3424 in
2959 3368 3176 3423 ecclesia
3203 3382 3364 3436 usque
3390 3373 3503 3435 post
3536 3361 3671 3432 ignis
3701 3359 3850 3413 bene-

2262 3465 2549 3520 dictionem
2590 3480 2694 3518 non
2727 3460 3066 3515 accendatur.
3097 3457 3194 3511 llis
3225 3465 3407 3510 tamen
3440 3450 3631 3506 diebus
3658 3450 3714 3503 in
3747 3447 3851 3502 Ec-

2271 3557 2438 3613 clesia
2463 3554 2839 3624 [totomagensi
2870 3553 2922 3606 in
2954 3566 3079 3604 arca
3108 3554 3422 3603 reservatur
3446 3551 3505 3597 ut
3534 3548 3724 3612 postea
3759 3555 3849 3594 re-

2270 3644 2501 3710 veletur,
2517 3642 2964 3713 quemadmodum
2987 3638 3140 3708 131
3164 3635 3303 3707 apud
3322 3630 3632 3688 Durandum
3651 3628 3853 3698 legitur

2274 3736 2494 3790 Ration.
2524 3734 2633 3788 div.
2663 3730 2802 3787 ollic.
2842 3730 2878 3784 1.
2910 3745 2987 3796 v1,
3034 3744 3084 3783 c.
3128 3725 3218 3782 72.
3256 3720 3489 3779 Candela
3532 3728 3707 3773 autem
3733 3734 3853 3788 qua:

2273 3827 2329 3881 in
2369 3826 2539 3880 medio
2580 3832 2654 3878 est
2707 3837 2810 3875 non
2859 3818 3234 3887 exstinguitur,
3284 3813 3374 3867 sed
3410 3813 3464 3865 in
3500 3809 3731 3879 fenestra
3772 3805 3854 3861 uel

2275 3936 2400 3973 arca
2428 3932 2646 3970 accensa
2682 3921 2920 3967 servatur
2956 3907 3177 3971 occulte,
3212 3915 3266 3958 ut
3295 3913 3473 3973 postea
3498 3898 3773 3963 reveletur,
3802 3907 3853 3951 et

2275 4009 2547 4064 ecclesiam
2598 4005 2877 4058 illuminet.
2924 4001 2983 4054 In
3015 3997 3303 4053 breviariis
3356 4007 3485 4049 vero
3541 3992 3851 4058 Rotomag.,

2277 4116 2369 4154 an.
2414 4098 2635 4152 1491υι
2668 4093 2826 4149 1573.
2867 4091 2936 4145 Ει
2977 4087 3198 4143 candela
3239 4101 3355 4157 qua:
3385 4089 3708 4139 remanserat
3733 4079 3855 4132 abs-

2278 4189 2554 4244 condatur.
3150 4188 3158 4195 ’

2351 4281 2500 4353 (176)
2559 4278 2681 4331 Alta
2736 4291 2856 4331 voce
2905 4281 3199 4327 cantentur.
3248 4267 3403 4323 Nunc
3442 4266 3694 4336 Vespera:
3722 4276 3858 4317 voce

2282 4351 2542 4430 mediocri
2587 4367 2806 4424 recitari
2858 4364 3056 4431 solent,
3117 4377 3182 4415 ex
3230 4358 3422 4414 ordine
3459 4354 3627 4410 divini
3669 4351 3855 4418 oﬂicii,

2283 4464 2425 4520 sicut
2452 4462 2602 4516 horae
2650 4457 2943 4519 canonica‘,
2974 4446 3517 4522 cxceptisNocturnis
3560 4452 3617 4502 et
3659 4442 3859 4500 Laudi-

2279 4557 2403 4612 bus.

2357 4643 2505 4715 (I77)
2541 4641 2694 4695 Dicto
2731 4653 2882 4693 versu
2912 4637 2976 4688 ab
3001 4633 3177 4704 aliqua
3200 4646 3382 4702 puero.
3410 4628 3611 4685 Versus
3637 4623 3861 4715 subjun-

2283 4713 2431 4807 gitur
2458 4713 2492 4788 ad
2522 4733 2716 4795 choro,
2765 4741 2866 4782 nec
2894 4724 3090 4778 dicitur
3114 4737 3142 4774 a
3168 4734 3335 4793 puero
3364 4717 3465 4773 nisi
3497 4724 3623 4787 post
3649 4713 3861 4769 Laudes

2286 4803 2342 4883 in
2373 4828 2480 4879 line
2513 4832 2810 4890 troporum.
2857 4812 3277 4883 Responsorium
3324 4815 3504 4863 autem
3545 4814 3666 4876 post
3713 4803 3859 4874 psal-

2286 4933 2427 4981 mos,
2458 4916 2525 4969 de
2573 4926 2679 4982 quo
2728 4908 2867 4978 apud
2895 4904 3155 4959 Joannem
3197 4902 3256 4954 lit
3292 4897 3515 4962 mentio,
3570 4894 3768 4965 legitur
3806 4892 3860 4946 in

2287 4980 2728 5062 Ordinario‘ms.
2772 4992 3155 5051 canonicorum
3208 4986 3534 5059 regularium
3584 4983 3645 5038 S.
3695 4980 3862 5037 Laudi

2288 5091 2721 5162 Rotomagensis.

2362 5183 2510 5257 (178)
2551 5181 2864 5236 Convocafto
2910 5171 3284 5246 paenitentiam.
3323 5165 3573 5221 Veterem
3627 5163 3769 5217 banc
3811 5168 3865 5215 et

2290 5252 2579 5332 salutarem
2604 5267 3034 5326 observationem
3051 5258 3288 5315 Ecclesia
3309 5253 3721 5323 Rotomagensis
3742 5252 3864 5306 hae-

2514 5361 2935 5386 __--.__..:....:.....
2972 5354 3140 5386 ιηηηιί
3209 5350 3475 5386 nmini-nm
3507 5354 3699 5386 nnlnrn
3738 5343 3865 5386 libet

2756 5361 2935 5386 Ξηιιζ.ιιη
2972 5354 3140 5386 1ηηηῖί
