4016 5386
233 230 247 283 l
504 217 524 231 ’
968 263 981 271 —
1179 235 1386 312 nom:
1426 239 1518 295 so
1545 237 1800 297 manus:
1839 239 1922 294 ora
1959 237 2181 295 omo.
2210 238 2491 298 ECCLES.
3376 248 3449 305 es

229 352 559 407 areiliationi
593 360 647 407 et
670 353 906 408 sermoni
959 353 1408 423 subjungebatur.
1466 356 1541 410 De
1569 371 1769 411 convo-
1794 335 1843 395 Α
1872 367 1975 406 ms.
2005 361 2061 406 et
2120 353 2173 407 in
2214 353 2518 411 Missalibus
2564 355 2632 409 ad
2686 370 2842 409 nsum
2893 356 3149 414 Ecclesia
3191 357 3449 416 Rotoma-
3492 362 3501 369 ’

227 443 407 498 itione
432 455 487 497 et
531 443 870 498 absolutione
920 446 1299 514 paenitentiam
1351 445 1471 500 vide
1509 444 1766 500 Ordinem

228 532 968 597 emannm,Alcuinum,lib.
1013 533 1088 589 De
1117 534 1225 587 div.
1280 535 1446 598 oﬂic.,
1478 535 1555 589 De
1600 535 1767 590 Cinna

232 620 429 697 imini,
455 620 815 686 Amalarium,
859 621 950 674 lib.
986 637 1021 685 ι,
1047 637 1097 675 c.
1127 620 1194 675 l2
1224 632 1278 676 et
1303 622 1625 691 Rupe-rium,
1671 623 1765 678 lib.

238 724 317 765 ‘c.
352 711 440 766 19.
468 710 566 764 Pa.

244 801 407 872 (179)
448 799 582 854 Tam
604 801 777 854 clerus
821 817 978 871 quam
1008 802 1231 871 populus
1280 805 1528 872 prostrati
1550 804 1765 858 absolu-

246 886 378 947 hcm
407 891 687 961 accipiant.
723 892 928 960 Duplex
959 893 1061 947 hac
1100 893 1186 947 die
1218 892 1481 948 absolutio
1519 909 1583 949 ex
1609 892 1767 950 Ordio

250 983 339 1041 rio
367 999 467 1037 ms.
503 983 735 1039 habetur
763 1001 776 1037 :
810 985 982 1054 prima
1024 984 1153 1039 cleri
1179 992 1234 1040 et
1261 985 1441 1055 pepuli
1484 995 1606 1054 post
1628 986 1767 1041 Lau-

251 1076 295 1138 s,
334 1073 507 1128 altera
561 1074 778 1145 publice
822 1076 1199 1146 ptenitenlium
1243 1086 1365 1146 post
1404 1075 1631 1141 Nonam,
1684 1079 1766 1133 sic

247 1162 327 1219 im
357 1165 571 1234 legitur,
595 1181 650 1235 p.
677 1166 747 1220 76
775 1182 790 1221 :
817 1166 961 1221 Puer
981 1183 1117 1221 unus
1138 1166 1247 1221 alta
1270 1183 1390 1221 voce
1410 1168 1549 1221 dicat
1573 1185 1591 1222 :
1623 1168 1766 1223 Mor-

236 1270 289 1313 m
313 1264 498 1308 autem
528 1255 732 1309 crucis.
766 1253 911 1309 Tunc
941 1257 1131 1309 chorus
1161 1272 1278 1309 cum
1318 1256 1526 1311 silentio
1575 1258 1712 1311 dicat
1741 1273 1762 1313 :

234 1354 347 1399 iter
374 1354 581 1399 noster.
609 1343 718 1399 Sed
746 1344 938 1400 libera.
969 1346 1164 1401 Amen.
1212 1344 1460 1400 Psalmus
1502 1346 1763 1403 Miserere

235 1434 306 1498 ii,
358 1434 521 1489 Deus.
572 1433 758 1489 Oratio
787 1451 807 1490 :
857 1435 1108 1506 Respice,
1143 1450 1472 1508 quaesumus,
1512 1437 1759 1503 Domine,

243 1524 390 1581 ilibet
412 1542 507 1595 per
534 1541 590 1579 se
623 1525 796 1581 Amen
832 1536 1065 1581 tantum.
1102 1526 1248 1582 Tunc
1277 1529 1547 1597 aperiatur
1587 1528 1762 1583 lucer-

170 1634 264 1671 na.
300 1615 418 1670 Hoc
436 1617 593 1684 ﬁnito
623 1627 816 1685 septem
851 1617 1041 1688 psalmi
1088 1619 1464 1689 plenitentiales
1491 1619 1752 1674 dicantur.

169 1708 508 1776 Antiphone:
526 1705 606 1762 Ne
629 1707 1018 1765 reminiscaris.
1036 1707 1314 1764 Psalmus:
1340 1709 1584 1775 Domine,
1608 1727 1676 1769 ne
1701 1711 1758 1767 in

171 1797 379 1863 furore,
409 1809 460 1852 et
490 1801 670 1853 creteri
694 1801 904 1866 psalmi.
939 1800 1103 1871 Kyrie
1131 1801 1361 1868 eleison,
1390 1802 1607 1858 Christe
1634 1803 1761 1859 elei-

169 1901 293 1942 son.
328 1888 498 1959 Kyrie
524 1889 750 1945 eleison.
777 1889 940 1945 Pater
960 1899 1164 1945 noster.
1188 1891 1256 1946 Et
1284 1906 1352 1945 ne
1380 1906 1499 1947 nos.
1529 1893 1563 1961 Ῡ
1609 1893 1761 1951 Mitte

168 1978 271 2044 eis,
330 1979 581 2034 Domine.
610 1980 644 2047 Ῡ
676 1980 1037 2048 Convertere,
1082 1981 1330 2037 Domine.
1361 1984 1396 2052 ᾖ
1427 1982 1549 2038 Fiat
1590 1986 1755 2042 mise-

167 2068 429 2124 ricordia.
485 2069 520 2136 ᾖ
576 2068 806 2124 Domine
865 2070 1008 2127 Deus
1061 2071 1344 2127 virtutum.
1416 2073 1449 2141 Ῡ
1508 2075 1755 2142 Domine,

166 2158 391 2213 exaudi.
440 2159 475 2226 Ῡ
505 2159 764 2214 Dominus
790 2159 1090 2216 vobiscum.
1133 2161 1317 2216 Oratio
1351 2175 1371 2215 :
1398 2163 1622 2231 Adesto,
1652 2166 1756 2220 Do-

172 2250 347 2315 mine,
402 2250 905 2320 supplicationibus.
953 2251 1175 2308 Oratio:
1222 2255 1364 2310 Deus
1391 2256 1483 2326 qni
1512 2258 1754 2314 humani.

169 2340 289 2394 Alia
314 2343 489 2396 oratio
515 2356 534 2394 :
564 2342 817 2410 Domine,
867 2353 1057 2401 sancte
1078 2344 1259 2402 Pater.
1295 2344 1489 2403 Postea
1513 2350 1756 2408 dominus

169 2430 617 2501 archiepiscopus,
647 2432 727 2486 vel
767 2433 880 2502 ejus
909 2435 1137 2489 vicarius
1189 2435 1441 2504 populum
1469 2435 1703 2490 absolvat
1734 2451 1754 2491 :

166 2520 517 2575 Ahsolvimus
547 2536 642 2577 vos
694 2522 815 2579 vice
862 2525 1005 2580 beati
1034 2525 1202 2582 Petri.
1248 2526 1443 2582 Postea
1484 2543 1572 2582 eos
1598 2527 1753 2582 bene-

168 2608 335 2662 dicat.
370 2608 677 2665 Secundam
715 2612 1107 2669 absolutionem
1129 2631 1250 2685 quae
1274 2626 1356 2670 est
1376 2616 1752 2685 pmnitcntium

172 2699 333 2769 132
362 2714 433 2756 ex
456 2701 646 2758 eodem
670 2701 960 2761 Ordinario
997 2721 1099 2762 ms.
1149 2708 1469 2763 exhibemus
1513 2717 1637 2780 post
1659 2709 1754 2765 ob-

168 2791 511 2846 servationes
539 2800 758 2849 nostras
785 2809 889 2850 una
936 2809 1059 2850 cum
1085 2811 1335 2853 sermone
1387 2799 1751 2854 archidiaconi

170 2881 241 2935 ad
264 2884 738 2956 archiepiscopum
785 2886 1263 2959 Rotomagensem,
1295 2905 1393 2959 pro
1442 2891 1756 2947 reconcilia-

170 2970 319 3026 tione
343 2972 560 3042 publice
601 2976 976 3044 paenitendum
1004 2980 1436 3047 nondum.edito,
1486 2995 1553 3035 ex
1580 2981 1751 3036 veteri

1870 443 2049 513 gensis
2088 457 2177 496 an.
2222 442 2569 510 1513,1516,
2602 446 2763 511 1527,
2810 447 2968 510 1558.
3002 448 3140 504 1576
3180 460 3237 506 et
3285 450 3446 507 1004.

1868 532 2072 586 Deinde
2092 534 2339 587 dicantur
2384 533 2618 606 Vespera:
2640 539 2867 594 demissa
2906 556 3045 605 voce,
3075 542 3344 612 presbyter
3371 554 3447 598 te-

1869 637 1996 675 nens
2040 622 2254 677 calicem
2305 626 2358 677 in
2383 627 2622 680 manibus
2651 628 2862 697 incipiat
2891 630 3027 683 hanc
3057 630 3399 700 antiphanam
3424 645 3445 684 :

1868 709 2121 774 Calicem,
2174 723 2279 768 czc.
2322 713 2491 768 Hodie
2537 716 2606 770 ab
2648 732 2805 772 unoe
2835 717 3129 786 majoribus
3176 722 3332 776 chori
3364 722 3442 775 in-

1866 799 2115 854 cboatur.

1937 889 2083 961 (184)
2124 889 2260 946 Loco
2287 908 2471 948 earum
2520 897 2881 964 percutiuntur
2907 898 3119 955 tabulte.
3150 899 3226 955 Ita
3256 902 3442 957 Alcuiv

1864 992 1966 1031 nus
1995 977 2047 1032 in
2079 978 2218 1035 libro
2262 982 2337 1037 De
2388 984 2495 1037 div.
2524 984 2684 1048 olIic.,
2722 986 2806 1039 tit.
2861 986 2937 1041 De
2962 987 3131 1043 Cinna
3182 990 3439 1046 Domini:

1869 1064 2134 1122 Reticetur
2176 1086 2335 1125 sonus
2382 1074 2650 1143 signorum
2698 1086 2853 1146 atque
2895 1092 3301 1148 campanarum,
3346 1098 3441 1152 pro

1863 1160 1962 1215 lroc
1987 1164 2127 1215 enim
2149 1165 2401 1219 humilior
2439 1184 2598 1223 sonus
2621 1168 2882 1239 lignorum
2919 1172 2991 1225 ad
3020 1175 3442 1244 congregandum

1861 1251 2110 1319 populum
2134 1256 2439 1311 assumitur.
2478 1258 2608 1312 Item
2637 1259 2945 1317 Amalarius
2969 1261 3045 1318 De
3067 1261 3232 1319 Coena
3253 1264 3441 1320 Domi-

1862 1340 1918 1395 ni
1940 1359 1953 1395 :
1985 1342 2097 1396 Nec
2128 1359 2230 1397 non
2255 1347 2413 1398 etiam
2433 1345 2660 1402 altitudo
2681 1349 2946 1417 signorum
2959 1366 3076 1419 quae
3099 1352 3255 1420 ﬁebat
3283 1354 3441 1408 etiam

1859 1445 1954 1499 per
1974 1447 2096 1485 vasa
2118 1448 2256 1486 terea
2283 1434 2586 1503 deponitur,
2608 1438 2675 1491 et.
2703 1437 2965 1508 lignorum
2989 1457 3119 1496 usus
3147 1456 3443 1514 usquequua-

1859 1538 1958 1591 que
1988 1522 2240 1577 humilior
2265 1525 2388 1579 teris
2426 1542 2556 1581 sono
2593 1532 2886 1584 necessario
2929 1530 3175 1600 pulsatur
3214 1541 3273 1586 ut
3310 1549 3441 1588 conc

1862 1617 2032 1670 veniat
2082 1618 2306 1688 populus
2337 1621 2420 1673 -ad
2465 1621 2755 1676 ecclesiam.
2808 1623 2940 1677 Item
2989 1624 3281 1695 Rupertus,
3314 1625 3437 1680 Div.

1792 1689 1832 1746 Β
1861 1702 2028 1772 oﬂic.,
2051 1704 2087 1757 1.
2118 1719 2174 1771 v,
2201 1721 2251 1760 c.
2274 1706 2346 1762 29
2371 1725 2384 1761 :
2414 1708 2610 1777 Lignea
2636 1708 2878 1764 malleolo
2897 1712 2953 1765 in
2988 1689 3170 1767 tabula
3192 1689 3441 1783 suspensa

1861 1802 1909 1847 et
1954 1804 2285 1860 personante,
2339 1796 2691 1867 populumque
2746 1799 2817 1853 ad
2865 1799 3136 1855 ecclesiam
3186 1798 3439 1857 invitante

1864 1881 2021 1951 133
2051 1882 2434 1951 signiﬁcamus.
2473 1885 2605 1940 Item
2645 1885 2881 1943 Joannes
2905 1888 3180 1958 Belethus,
3206 1890 3282 1947 De
3306 1893 3447 1948 divi-

1858 1971 1944 2022 nis
1969 1967 2244 2035 ciliciis,c.
2275 1971 2377 2026 100
2401 1990 2415 2028 :
2444 1975 2526 2028 Ad
2546 1976 2769 2045 ofﬁcium
2796 1976 3148 2034 Tenebrarum
3175 1998 3279 2037 non
3297 1998 3443 2036 cam-

1857 2060 2010 2128 panis
2033 2059 2354 2129 pulsandum
2385 2074 2485 2131 est,
2536 2066 2629 2119 sed
2675 2066 2861 2137 ligneis
2906 2069 3100 2125 tabulis
3128 2088 3147 2136 ,'
3176 2081 3231 2128 et
3273 2072 3439 2129 Guill.

1859 2145 2168 2214 Dnrandus,
2197 2148 2416 2207 Ration.
2448 2153 2557 2208 div.
2606 2153 2830 2221 olllc.,l.
2859 2172 2934 2224 vt,
2977 2174 3026 2214 c.
3067 2160 3131 2217 71
3165 2178 3180 2214 :
3221 2160 3292 2216 Et
3334 2178 3439 2220 non

1856 2239 2078 2293 ulterius
2100 2240 2314 2309 pulsant
2342 2240 2633 2313 campanis,
2690 2248 2751 2315 ﬁt
2777 2257 2948 2303 tamen
2986 2250 3191 2320 signum
3212 2267 3331 2307 cum
3356 2264 3439 2308 ta-

1856 2327 2155 2394 bula,
2194 2332 2324 2403 ligni
2343 2336 2551 2404 quidem
2575 2348 2699 2392 usus
2737 2339 2988 2394 humilior
3011 2344 3132 2396 teris
3183 2360 3311 2399 sono
3340 2347 3440 2401 hoc

1857 2423 2100 2487 ostendit,
2131 2433 2179 2477 et
2202 2426 2321 2479 inde
2353 2426 2589 2482 Ecclesia
2616 2427 2900 2486 Orientalis
2926 2448 3076 2487 usum
3097 2435 3271 2490 adhuc
3300 2446 3438 2491 tenet

1855 2509 2139 2581 lignorum,
2168 2522 2215 2567 et
2258 2525 2315 2567 ut
2362 2516 2585 2585 populus
2632 2520 2884 2573 humilior
2928 2524 3197 2578 reddatur.
3228 2524 3438 2592 Quibus

1856 2604 2152 2658 concordat
2176 2602 2398 2659 Missale
2419 2605 2721 2661 Romanum
2746 2608 2855 2664 200
2899 2611 3117 2666 circiter
3146 2629 3433 2682 annorum,

1853 2702 1911 2748 et
1933 2694 2069 2748 1658
2101 2696 2153 2748 in
2181 2696 2268 2750 die
2297 2693 2478 2753 Cinna:
2506 2714 2521 2751 :
2550 2695 2722 2753 Facta
2751 2700 2900 2770 signa
2942 2695 3060 2757 cum
3098 2705 3279 2759 tabula
3306 2722 3433 2761 con-

1853 2785 2085 2839 ueniunt.
3048 2844 3049 2847 η

1924 2874 2071 2945 (185)
2112 2873 2220 2930 Sex
2246 2876 2455 2945 psalmi.
2491 2875 2663 2934 Hodie
2710 2888 2981 2936 canuntur
3021 2890 3227 2939 tantum
3276 2887 3433 2957 quin-

1852 2976 1980 3033 que,
2009 2971 2064 3019 et
2087 2965 2527 3033 praetermittitur
2559 2966 2914 3034 Benedictus;
2940 2970 3034 3026 sed
3083 2970 3334 3043 Vespera:
3356 2974 3434 3029 aI-

169 3076 273 3115 ωε,
298 3063 491 3118 codice
528 3064 871 3122 δίωίοιιιεετρ
919 3068 1248 3125 cathedraris
1296 3069 1539 3125 ecclesia,
1592 3069 1757 3126 Rom.
1781 3054 1826 3115 C
1861 3063 1978 3110 tera
2000 3057 2247 3111 oratione
2278 3070 2308 3111 a
2354 3058 2734 3115 communione
2777 3060 2990 3117 diversa
3018 3063 3431 3121 concluduntur.

166 3150 449 3220 magensis
470 3150 575 3206 700
591 3167 882 3208 annorum.

240 3242 395 3313 (180)
437 3242 591 3309 Quod
635 3245 692 3299 in
744 3246 827 3301 his
874 3247 1039 3303 tribus
1088 3249 1269 3304 diebus
1298 3266 1461 3305 novus
1504 3251 1641 3321 ignis
1666 3266 1754 3305 ac-

166 3335 437 3391 cenditur.
490 3335 569 3390 De
623 3336 872 3393 triduano
932 3338 1068 3411 ignis
1126 3342 1450 3397 accendendi
1510 3343 1615 3399 ritu
1671 3343 1752 3398 le-

164 3427 382 3495 gendus
412 3426 558 3482 Ordo
609 3426 910 3496 Romanus,
960 3442 1017 3487 et
1052 3430 1345 3501 Rupertus,
1394 3433 1489 3488 lib.
1543 3449 1600 3500 ν,
1627 3448 1748 3504 cap.

167 3516 261 3572 28.
298 3516 402 3571 Pa.

241 3605 391 3676 Ignis
412 3606 504 3661 ille
526 3607 846 3665 benedictus
883 3609 939 3664 in
972 3610 1200 3666 ecclesia
1252 3610 1571 3677 cathedrali,
1595 3618 1650 3666 et
1696 3611 1750 3666 in

169 3700 502 3771 quibusdam
530 3701 814 3769 parochiis
843 3702 1081 3758 Sabbato
1109 3712 1297 3757 sancto
1326 3703 1522 3772 populo
1572 3703 1753 3757 distri-

167 3791 378 3853 buitur,
409 3799 471 3843 ut
497 3805 566 3845 ex
591 3804 657 3844 eo
692 3791 830 3860 ignis
855 3791 907 3845 in
943 3790 1370 3847 Christianorum
1397 3793 1644 3847 domibus
1663 3807 1754 3846 ac-

166 3884 460 3940 cendatur.
492 3884 571 3939 De
592 3899 700 3953 quo
720 3885 841 3939 vide
861 3883 1205 3941 Ordinarium
1230 3901 1331 3939 ms.
1364 3887 1749 3941 canonicorum

168 3971 230 4027 S.
259 3958 435 4028 Laudi
458 3971 899 4042 Rotomagensis.

240 4062 391 4133 (181)
431 4059 490 4116 Si
519 4062 793 4132 episcOpus
835 4062 1014 4132 fuerit,
1044 4062 1228 4119 Gloria
1256 4063 1309 4117 in
1353 4062 1584 4118 excelsis
1621 4079 1750 4117 can-

169 4165 349 4219 tetur;
388 4154 472 4207 sin
521 4162 699 4207 autem
739 4170 862 4208 non.
896 4152 1039 4210 Idem
1090 4154 1248 4208 docet
1284 4153 1590 4218 Durandus,
1645 4151 1755 4207 Ras

171 4245 307 4299 tion.
337 4245 449 4301 div.
475 4242 641 4309 ollim,
672 4243 711 4297 l.
738 4259 813 4308 vi,
842 4258 891 4298 c.
921 4243 1008 4309 75,
1037 4243 1113 4298 De
1140 4242 1315 4300 ollicio
1359 4245 1540 4299 missa:
1585 4245 1753 4314 ipsius

170 4335 375 4405 quinta:
405 4315 592 4389 'leriaz.
643 4333 777 4388 Item
825 4333 1168 4389 Ordinarium
1206 4333 1603 4405 Rotomagense
1649 4350 1748 4389 us.

170 4423 281 4478 Ista
312 4424 401 4478 die
429 4424 485 4477 in
507 4422 802 4493 parochiali
827 4423 1065 4478 ecclesia.
1108 4405 1294 4478 Cloria
1324 4423 1375 4477 in
1397 4425 1624 4479 excelsis
1647 4440 1751 4479 non

168 4515 404 4569 dicatur.
441 4514 615 4570 Hodie
647 4524 827 4569 tamen
875 4514 1074 4570 dicitur
1114 4516 1166 4569 in
1217 4514 1464 4571 omnibus
1506 4515 1751 4572 ecclesiis

166 4605 571 4678 parochialibus
598 4606 852 4662 dioecesis
876 4606 1301 4676 Rotomagensis.
1324 4605 1378 4659 In
1404 4608 1633 4664 ecclesia
1662 4622 1751 4662 ca-

173 4697 413 4753 thedrali
462 4697 523 4751 lit
566 4698 627 4751 in
660 4697 822 4751 missa
853 4699 1190 4753 consecratio
1229 4698 1558 4762 chrismatis.
1599 4697 1752 4765 cujus

171 4792 334 4845 ritum
365 4798 422 4844 el
441 4788 799 4845 caeremonias
824 4789 1179 4844 describimus
1205 4804 1266 4842 ex
1294 4786 1598 4846 Ordinariis
1619 4805 1748 4845 mss.

171 4877 417 4933 ecclesia:
442 4876 783 4933 cathedralis
809 4876 1089 4950 Rotomag.
1118 4888 1172 4933 et
1192 4877 1368 4949 Bigot.
1396 4892 1514 4952 post
1537 4894 1753 4952 proces-

171 4956 351 5022 siones
369 4966 664 5022 solemnes.

237 5058 390 5128 (I82)
432 5056 609 5129 Usque
656 5055 870 5113 missam
908 5064 1068 5115 noctis
1100 5059 1560 5119 DominicmImc
1608 5059 1753 5114 enim

173 5149 333 5203 inissa
358 5163 478 5219 qua:
508 5147 758 5203 Sabhato
802 5158 986 5204 sancto
1034 5152 1250 5214 dicitur,
1276 5148 1427 5217 juxta
1471 5164 1751 5210 sacrorum

172 5254 437 5294 canonum
461 5248 517 5294 et
554 5238 787 5293 Patrum
815 5238 1026 5294 decreta
1068 5243 1119 5295 in
1145 5250 1306 5295 narte
1331 5243 1555 5297 dicenda
1594 5241 1753 5302 foret,

1856 3145 2155 3202 Inecclesia
2207 3149 2503 3206 cathedrali
2534 3151 2731 3207 chorus
2767 3154 2973 3224 regitur
3018 3169 3049 3208 a
3080 3156 3290 3214 duobus
3307 3173 3439 3215 cano

1860 3241 2068 3295 toribus
2117 3242 2185 3297 de
2225 3242 2461 3296 secunda
2493 3243 2622 3298 sede
2650 3244 2703 3297 in
2734 3246 2919 3315 cappis
2946 3246 3170 3302 violacei
3213 3247 3437 3315 coloris,

1854 3341 1912 3387 et
1933 3331 1997 3386 ad
2036 3331 2345 3402 Magni/ient
2375 3334 2544 3390 altare
2594 3335 2933 3391 lhuriﬁcatnr
2957 3339 3152 3408 triplici
3195 3341 3357 3396 ductu
3404 3358 3459 3395 a'

1857 3423 2164 3479 celebrante
2193 3439 2361 3495 cappa
2414 3426 2624 3494 induto,
2654 3426 2748 3498 qui
2790 3436 2846 3482 et
2873 3426 3138 3500 Vesperas
3188 3431 3438 3487 oratione

1860 3516 2115 3586 complet.

1930 3606 2079 3677 (l86)
2128 3607 2255 3677 Ipsa
2305 3610 2390 3664 die
2423 3610 2593 3665 clerus
2636 3620 2686 3665 et
2735 3628 2960 3682 populus
3004 3604 3437 3670 communicetur.

1855 3694 2003 3750 Idem
2052 3697 2104 3750 in
2133 3696 2423 3753 Ordinario
2459 3716 2560 3754 ms.
2612 3709 2667 3754 et
2708 3703 2760 3755 in
2792 3701 2994 3755 Rituali
3028 3702 3435 3775 Rotomagensi,

1855 3799 1945 3838 an.
1979 3784 2141 3852 1651,
2167 3802 2222 3856 p.
2249 3803 2287 3853 ι,
2320 3804 2442 3859 pag.
2468 3788 2597 3854 400,
2635 3791 2946 3859 praecipitur
2976 3800 3035 3845 ut
3075 3792 3211 3860 feria
3252 3794 3437 3863 quinta

1852 3874 1911 3928 in
1948 3872 2107 3928 (frena
2140 3875 2354 3930 Domini
2403 3879 2572 3930 omnis
2621 3878 2810 3941 clerus,
2842 3879 2998 3930 etiam
3045 3879 3329 3949 presbyteri
3371 3882 3440 3935 de

1846 3978 2018 4017 manu
2080 3965 2407 4029 pra'sidentis
2455 3982 2546 4020 seu
2600 3966 2866 4036 praepositi
2906 3968 2961 4020 in
3005 3968 3167 4021 missa
3215 3968 3436 4024 solemni

1855 4054 2267 4107 communionem
2299 4056 2579 4124 accipiant,
2611 4071 2863 4109 memores
2906 4055 3246 4112 institutionis
3269 4072 3440 4113 sacra:

1855 4164 2067 4213 mensw,
2100 4149 2154 4200 in
2178 4163 2281 4218 qua
2304 4146 2562 4203 Dominus
2587 4148 2869 4218 discipulos
2910 4165 3068 4204 manu
3092 4153 3306 4221 propria
3352 4154 3437 4205 sui

1855 4238 2086 4308 corporis
2114 4248 2374 4308 compotes
2423 4237 2592 4307 fecit;
2634 4249 2689 4293 et
2731 4240 2785 4294 in
2832 4238 3033 4295 Missali
3063 4239 3310 4297 Romano
3329 4240 3444 4295 θοι)

1857 4343 2125 4383 annorum
2167 4346 2179 4381 :
2213 4317 2414 4383 Deinde
2462 4330 2654 4399 fratres
2694 4330 2990 4386 immediate
3028 4324 3441 4397 communicant,

1784 4398 1828 4456 ί)
1854 4425 1903 4472 et
1930 4398 2109 4487 pbstea
2131 4416 2420 4488 completur
2439 4398 2619 4473 missa.

1928 4510 2077 4584 (l87)
2118 4510 2376 4566 Medietas
2406 4511 2702 4565 hostiarum
2729 4514 2922 4581 absque
2952 4512 3070 4568 vino
3117 4514 3169 4566 in
3207 4512 3444 4567 crastino

1858 4616 2162 4661 reservetur.
2191 4603 2337 4659 Ordo
2363 4604 2672 4659 Romanus:
2709 4604 2876 4659 Missa
2905 4605 3451 4674 expleta,communi--

1856 4706 1968 4751 cent
2007 4694 2189 4748 ordine
2216 4695 2518 4758 constituto,
2549 4703 2599 4749 et
2632 4707 2833 4749 servent
2862 4698 2927 4750 de
2967 4703 3154 4749 sancta
3198 4711 3362 4767 usque
3387 4695 3455 4748 in-

1857 4790 2171 4844 crastinum.
2205 4786 2487 4853 Alcuinus,
2522 4787 2600 4843 De
2637 4786 2806 4844 Cmna
2844 4786 3081 4845 Domini.
3135 4786 3217 4840 De
3265 4786 3456 4841 eadem.

1855 4895 1976 4935 vero
1998 4877 2081 4931 die
2111 4875 2303 4945 legitur
2354 4874 2412 4928 in
2453 4876 2763 4945 Ordinibus,
2792 4880 2934 4947 quod
2981 4875 3351 4929 reservandum
3379 4873 3449 4925 sit

1856 4969 1921 5023 de
1944 4981 2159 5037 corpore
2181 4964 2395 5019 Domini
2428 4967 2499 5020 ad
2527 4968 3027 5024 communicandum
3053 4965 3106 5018 in
3132 4966 3448 5018 crastinum.

1857 5058 2172 5115 Consonant
2199 5069 2317 5124 qua:
2339 5054 2520 5127 legere
2546 5065 2629 5114 est
2650 5057 2791 5130 apud
2823 5066 3138 5125 utrumque,
3163 5053 3231 5107 ad
3257 5051 3456 5106 feriam

1860 5149 1895 5203 6
1930 5148 2272 5207 Parasccves,
2331 5159 2521 5203 omnes
2574 5149 2783 5205 scilicet
2833 5163 2897 5205 ea
2935 5147 3024 5204 die
3052 5141 3463 5196 communicare-

1862 5256 1984 5297 cum
2016 5238 2255 5294 silenlio.
2284 5237 2594 5297 Amalarius
2640 5252 2841 5305 tamen,
2892 5243 2988 5298 lib.
3039 5251 3081 5299 l.
3128 5248 3248 5302 caP-
3292 5233 3358 5286 ‘3
3382 5245 3464 5290 εἴ

168 5345 287 5386 cum
336 5331 404 5386 ad
453 5339 681 5386 noctem
736 5327 1058 5386 Dominicae.
1109 5334 1525 5386 resurrectionis
1586 5329 1759 5386 oerti-
1864 5330 2216 5386 resuonsione
2267 5327 2495 5386 Romani
2527 5334 2919 5386 archidiaconi.
2947 5331 3216 5386 observat
3248 5336 3465 5386 adima-
