4016 5386
542 338 612 396 ,ο
910 359 919 367 .
1073 352 1078 356 -
1294 314 1297 317 ‘
1625 323 1930 385 JOANNES
1970 318 2401 378 sncummsc.
2437 321 2798 383 nomnen.

3697 309 3807 374 100

548 490 557 495 ‹
612 450 765 522 (188)
805 448 1003 506 Iterum
1043 445 1517 503 communicentur.
1563 440 1890 499 Obtinuerat
1917 438 1963 493 is
1996 451 2126 492 usus

2247 447 2395 513 illim,
2427 447 2466 503 l.
2490 461 2542 513 ν,
2568 462 2618 501 c.
2642 446 2735 500 22.
2767 447 2847 500 De
2874 441 3128 499 mandato
3154 454 3474 513 pauperum,
3503 447 3563 495 et
3590 438 3807 502 inMiso

545 552 672 597 ante
715 540 1009 607 Joannem,
1062 552 1186 592 nam
1230 546 1287 590 et
1332 531 1664 589 Theodull'us
1714 526 2126 584 Aurelianensis

544 634 864 703 episcopus:
898 630 965 684 In
994 627 1151 683 Coena
1178 625 1387 681 Domini
1410 620 1629 695 (inquit)
1658 630 1707 675 et
1736 621 1791 675 in
1820 619 2127 681 Parasceve,

534 708 601 780 'in
635 725 815 794 uigilia
860 720 1104 783 Pascha',
1148 717 1281 772 etin
1332 716 1419 769 die
1468 711 1863 768 resurrectionis
1893 707 2126 773 Domini,

546 815 754 887 penitus
780 814 844 867 ab
864 809 1102 866 omnibus
1125 804 1637 861 communicandum.
1662 798 1919 870 Capitul.,
1947 813 1998 852 c.
2026 796 2124 861 41;

545 905 822 973 viguitque
874 908 996 971 post
1030 914 1174 961 eum,
1223 912 1348 950 nam
1389 893 1624 949 Joannes
1674 888 1833 962 134
1876 888 2128 942 Beletbus

550 993 692 1048 libro
719 993 795 1047 De
846 991 957 1045 div.
992 989 1158 1051 ollic.,
1187 1002 1240 1041 c.
1288 984 1381 1050 99,
1409 983 1540 1037 dicit
1580 981 1648 1034 ab
1697 978 1947 1035 omnibus
1997 975 2127 1030 reli-

547 1081 735 1153 giosis,
793 1078 993 1150 quibus
1048 1075 1341 1130 necessitas
1396 1080 1501 1135 est,
1531 1067 1942 1125 communicari.
1973 1065 2128 1121 Ordi-

548 1171 762 1226 narium
816 1178 999 1224 autem
1058 1181 1160 1220 ms.
1194 1163 1579 1219 canonicorum
1626 1159 1797 1230 regul.
1841 1157 1899 1213 S.
1958 1155 2127 1210 Laudi

547 1259 1006 1329 Rotomagensis:
1050 1254 1150 1310 llis
1201 1263 1434 1325 quatuor
1478 1252 1662 1306 diebus
1704 1248 1881 1303 nullus
1916 1263 1993 1311 se,
2023 1244 2126 1299 nisi

547 1348 854 1405 rationabili
872 1363 1060 1411 causa,
1084 1363 1115 1400 a
1137 1343 1498 1399 communione
1523 1341 1667 1394 debet
1693 1336 2018 1393 subtrahere.

617 1438 1081 1511 (189)1Vudantes
1133 1435 1352 1491 altaria.
1402 1435 1479 1489 De
1508 1431 1818 1506 nudatione
1870 1425 2126 1482 altarium

547 1544 720 1600 usque
771 1528 840 1583 ad
887 1513 1184 1583 Sabbatuin
1236 1531 1482 1580 sanctum
1536 1522 1795 1594 legendus
1823 1517 1971 1576 Ordo
2020 1516 2128 1572 Ro-

519 1633 742 1676 ~manus
766 1619 842 1673 De
883 1616 1049 1673 Coena
1081 1615 1292 1670 Domini
1325 1632 1340 1680 ;
1389 1612 1714 1673 Amalarius,
1746 1609 1784 1662 1.
1833 1626 1873 1673 ι,
1919 1607 1996 1663 De
2038 1620 2131 1661 ec-

548 1710 791 1767 clesiast.
813 1707 980 1773 ellic.,
1009 1722 1062 1762 c.
1091 1708 1168 1761 De
1202 1706 1365 1761 Coena
1394 1703 1605 1759 Domini
1638 1718 1653 1767 ;
1684 1700 1907 1755 Gemma
1935 1697 2127 1752 animm

2230 541 2329 597 sali
2366 540 2612 595 Romano
2637 537 2742 592 200
2769 549 3072 591 annorum:
3111 531 3238 588 Post
3281 531 3628 588 nudotiouesn
3664 530 3808 585 alta-

2230 632 2389 696 rium,
2429 630 2563 683 hora
2593 627 2899 697 competenti
2924 624 3063 694 facta
3085 624 3233 694 signa
3263 638 3381 676 cum
3412 620 3598 681 tabula
3622 635 3810 674 conse-

2230 723 2378 777 niunt
2444 720 2636 789 fratres
2697 717 2766 771 ad
2833 715 3132 786 faciendum
3180 713 3513 777 mandatum,
3570 709 3808 779 majores

2229 811 2445 866 abluunt
2484 808 2639 879 pedes
2680 807 2987 869 minoribus,
3028 812 3233 874 tergunt
3274 810 3321 856 et
3362 801 3696 855 osculantur.
3726 796 3807 851 De

2228 901 2485 957 mandato
2515 912 2810 969 pauperum
2839 905 2893 952 et
2920 895 3238 951 clericorum
3268 891 3327 946 lit
3351 890 3556 946 mentio
3580 889 3634 944 in
3666 887 3807 942 Pro-

2228 990 2518 1049 cessionali
2546 987 2924 1058 Rotomagensi
2954 986 3081 1040 anni
3112 984 3248 1040 1588
3275 983 3327 1037 in
3359 983 3507 1038 hunc
3534 979 3759 1035 modum
3787 994 3805 1031 ι

2228 1081 2357 1136 Post
2385 1079 2665 1147 prandium
2691 1077 2999 1130 mandatum
3026 1089 3314 1145 pauperum
3350 1071 3462 1139 ﬁat,
3496 1078 3545 1124 et
3580 1067 3808 1133 manda-

2227 1182 2336 1226 tum
2367 1170 2675 1225 clericorum
2702 1168 2779 1221 ita
2803 1165 3108 1220 celebretur.
3138 1162 3397 1218 Sacerdos
3432 1160 3651 1214 indutus
3682 1157 3809 1211 alba

2226 1281 2347 1319 cum
2377 1264 2599 1317 diacono
2628 1269 2675 1315 et
2723 1259 3045 1313 subdiacono
3075 1256 3350 1310 Dominico
3387 1251 3622 1321 exemplo
3655 1267 3810 1305 inan-

2227 1356 2410 1410 datum
2433 1362 2625 1418 servat,
2664 1360 2713 1405 et
2744 1360 2998 1418 quantum
3038 1348 3294 1418 placuerit
3330 1346 3396 1400 de
3423 1342 3722 1414 majoribus
3752 1342 3809 1397 in

2228 1448 2361 1504 albis
2402 1446 2555 1519 pedes
2595 1453 2902 1498 cteterorum
2948 1440 3139 1495 lavent.
3173 1438 3463 1506 Perspicue
3490 1434 3720 1489 omnino
3754 1440 3814 1488 et

2229 1538 2350 1594 fuse
2394 1538 2461 1592 dc
2500 1534 2699 1605 duplici
2730 1532 2988 1589 mandato
3021 1531 3238 1586 disserit
3262 1529 3608 1585 Ordinarium
3641 1541 3815 1581 cano-

2229 1631 2473 1686 nicorum
2515 1623 2689 1682 sancti
2727 1622 2896 1678 Laudi
2943 1619 3394 1692 Rotomagensis,
3435 1616 3571 1672 feria
3618 1614 3812 1686 quinta

2230 1725 2283 1779 in
2310 1723 2475 1778 Coena
2507 1719 2741 1775 Domini.

549 1799 817 1869 Deantiq.
848 1770 975 1853 ritur
1003 1797 1180 1861 miss.,
1218 1795 1255 1849 l.
1288 1811 1371 1859 Ill,
1403 1810 1454 1849 ρ.
1496 1795 1588 1857 86,
1634 1800 1739 1845 etc.
1789 1789 2126 1857 Quapropter

2300 1770 2868 1886 (inin—esthora’,
2890 1806 3115 1876 exceptis
3140 1800 3433 1858 matutinis.
3458 1797 3811 1855 Ordinarium

550 1890 641 1961 qui
670 1890 756 1945 his
786 1886 975 1944 diebus
1012 1886 1251 1956 privatas
1276 1884 1472 1939 missas
1503 1881 1779 1938 celebrant
1804 1874 2125 1948 presbyteri,

549 1981 773 2037 videant
794 1993 955 2048 quam
983 1992 1172 2048 parum
1201 1975 1372 2032 veteri
1400 1973 1647 2030 instituto
1672 1979 1728 2025 et
1751 1966 2129 2025 ecclesiasticae

551 2071 657 2126 hoc
674 2076 934 2140 congruat
966 2066 1281 2135 disciplinae.
1302 2102 1316 2109 -

624 2160 772 2234 (190)
813 2158 940 2214 Sola
991 2174 1132 2227 aqua
1158 2156 1384 2227 parietes
1409 2163 1459 2209 et
1485 2155 1802 2223 pavimenta.
1857 2146 2009 2215 Quod
2040 2161 2133 2218 pa-

553 2251 720 2307 rietes
761 2258 817 2305 et
858 2247 1223 2319 pavimentum
1281 2260 1420 2315 aqua
1482 2240 1653 2296 lavari
1702 2238 1934 2294 debeant
1973 2237 2133 2291 docet

553 2340 834 2407 Alcuinus,
874 2337 968 2392 lib.
1001 2335 1206 2391 Dediv.
1236 2332 1398 2396 ollim,
1424 2332 1479 2386 in
1523 2331 1690 2386 Cinna
1738 2326 1950 2384 Domini
1985 2324 2134 2380 τεο-

553 2431 674 2486 dem
701 2430 785 2484 die
819 2428 1015 2483 altaria
1039 2424 1214 2495 templi
1244 2435 1293 2478 et
1338 2424 1563 2494 parietes
1591 2420 1696 2474 sive
1727 2418 2022 2489 pauimenta
2051 2431 2135 2468 ec-

553 2519 728 2574 clesitr
750 2519 1013 2573 locantur.
1041 2515 1267 2570 Alcuino
1308 2511 1669 2581 astipulantur
1720 2507 1954 2562 Joannes
1983 2504 2136 2560 Bele-

557 2612 685 2665 tlius
708 2610 780 2664 De
802 2610 912 2664 div.
944 2605 1109 2669 ollim,
1132 2620 1182 2660 c.
1218 2603 1345 2668 105,
1393 2611 1451 2657 et
1473 2600 1539 2656 G.
1575 2597 1884 2661 Durandus,
1914 2596 1951 2650 l.
1978 2610 2055 2660 vr,
2079 2608 2130 2649 c.

555 2699 646 2754 76.
680 2698 738 2753 ln
786 2697 1023 2753 Ecalesia
1082 2709 1210 2750 vero
1259 2691 1640 2761 Rotomagcusi
1686 2687 1879 2743 altaria
1922 2693 2131 2740 tantum

556 2793 685 2847 vino
708 2800 761 2846 et
787 2805 929 2859 aqua
954 2789 1229 2843 lavantur.

627 2881 775 2951 (191-)
812 2879 882 2934 In
916 2879 1144 2949 quadam
1197 2877 1352 2929 domo
1400 2872 1730 2936 conveniant,
1764 2877 1812 2924 et
1860 2865 2131 2921 Dominico

557 2969 795 3038 exemplo
825 2969 1134 3021 mandatum
1166 2966 1387 3035 faciant.
1422 2963 1481 3016 ln
1531 2962 1655 3016 navi
1699 2957 1947 3015 ecclesia:
1984 2971 2136 3010 man-

561 3061 745 3113 datum
778 3058 838 3112 lit
859 3071 1174 3127 pauperum,
1210 3069 1310 3108 nec
1329 3052 1487 3107 hodie
1511 3050 1849 3106 clericorum.
1881 3047 1957 3100 De
1990 3059 2136 3099 man,-

560 3151 688 3204 dato
714 3164 1011 3219 pauperum
1034 3147 1114 3203 sic
1138 3144 1382 3215 praecipit
1414 3142 1651 3214 synodus
1684 3136 2012 3194 autumnalis
2041 3150 2132 3194 an.

562 3240 725 3305 1641,
760 3250 865 3294 art.
906 3239 942 3292 4
971 3256 985 3292 :
1015 3237 1083 3292 Ut
1106 3237 1240 3307 feria
1267 3235 1451 3306 quinta
1476 3235 1530 3286 in
1560 3232 1719 3287 Cinna
1746 3229 1958 3283 Domini
1995 3243 2138 3283 man-

561 3332 746 3385 datum
794 3330 1132 3385 Dominicum
1162 3329 1216 3382 in
1254 3326 1475 3395 singulis
1507 3325 1574 3393 (si
1600 3324 1719 3392 ﬁeri
1751 3321 1944 3392 potest)
1975 3318 2135 3373 eccle-

561 3424 681 3487 siis,
710 3422 937 3476 maxime
970 3436 1086 3475 tero
1115 3419 1171 3472 in
1220 3413 1706 3487 eongregation‘bus
1754 3411 2059 3466 clericorum
2090 3418 2137 3460 et

567 3511 965 3574 monachorum,
1021 3507 1263 3578 religiose
1308 3512 1613 3575 peragatur,
1659 3516 1946 3572 pauperum
1984 3498 2139 3567 pedes

563 3602 813 3667 lavando,
850 3600 1122 3670 tergendo,
1166 3595 1541 3660 deosculando,
1586 3594 1762 3663 eisque
1793 3588 2141 3644 ministrando

562 3710 682 3747 cum
709 3693 853 3750 omni
892 3689 1208 3754 humilitate,
1253 3688 1384 3742 sicut
1416 3688 1471 3740 in
1515 3686 1613 3738 hac
1641 3693 1823 3737 sancta
1847 3679 2143 3749 metrOpoli-

566 3795 695 3840 tana
713 3782 957 3845 ecclesia,
990 3780 1222 3834 omnium
1254 3787 1446 3830 nostra:
1487 3773 1770 3845 provinciae
1804 3769 2142 3825 ecclesiarum

568 3886 814 3932 matreac
841 3867 1471 3943 magistra,laudabiliter
1497 3866 1820 3919 observatur.
1850 3860 2145 3915 Advertant

564 3976 748 4023 autem
774 3964 1087 4021 sacerdotes
1133 3961 1276 4015 lianc
1306 3959 1502 4029 pedum
1541 3955 1797 4010 lotionem
1840 3967 1945 4006 non
1987 3964 2146 4020 posse

562 4055 741 4111 omitti
772 4069 897 4109 cum
927 4050 1243 4106 mandatum
1267 4048 1338 4101 sit
1367 4044 1727 4109 Dominicum,
1753 4050 1807 4098 et
1837 4056 1868 4094 a
1910 4038 2140 4095 Domino

480 4175 486 4181 -
566 4147 896 4208 institutum,
946 4141 1174 4210 ideoque
1221 4139 1291 4191 ab
1336 4136 1611 4199 omnibus,
1654 4131 1921 4202 praecipue
1968 4137 2148 4199 pasto-

565 4239 758 4301 ribus,
810 4230 1060 4301 exemplo
1118 4228 1404 4285 Dominico
1462 4226 1694 4281 ﬁdeliter
1757 4232 1840 4277 est
1890 4236 2148 4294 peragen-

565 4329 716 4383 dum.

637 4414 790 4488 (192)
827 4415 897 4471 In
946 4412 1275 4484 refectorium
1298 4421 1535 4481 pergant.
1567 4409 1711 4466 Idem
1748 4406 1945 4477 legitur
1975 4403 2027 4456 in
2052 4402 2145 4458 0r-

567 4509 780 4566 dinario
802 4523 906 4562 ms.
936 4507 1325 4563 canonicorum
1357 4502 1415 4558 S.
1447 4501 1635 4556 Laudi.
1663 4498 1862 4555 Verum
1913 4510 2034 4550 cum
2054 4493 2146 4547 bo-

567 4602 657 4658 die
681 4601 736 4656 in
767 4598 1003 4656 ecclesia
1054 4595 1350 4654 catbedrali
1401 4605 1691 4650 commune
1737 4604 1844 4644 non
1883 4584 2150 4640 habeatur

568 4691 942 4756 relectorium,
998 4690 1072 4745 in-
1092 4686 1391 4758 capitulum
1435 4691 1688 4755 pergunt,
1743 4687 1803 4732 ut
1846 4673 2150 4746 praescribit

569 4782 921 4840 Ordinarium
961 4795 1068 4836 ms.
1097 4787 1153 4834 et
1193 4773 1605 4833 Processionale
1649 4770 2064 4835 Rotomagensc,
2094 4771 2149 4817 et

572 4873 646 4929 ibi
676 4872 873 4944 legitur
898 4868 1250 4938 Evangelium
1277 4864 1503 4922 Joannis
1539 4876 1572 4916 a
1603 4856 1869 4930 principio
1900 4868 2020 4925 cap.
2050 4865 2148 4906 xm

570 4979 745 5037 usque
773 4962 840 5018 ad
858 4964 1018 5018 linem
1047 4976 1158 5016 xw.
1702 5010 1705 5011 ν

643 5034 793 5129 (195)
833 5052 1124 5122 Unicuique
1166 5050 1391 5118 fratrum
1434 5045 1706 5116 episcopus
1761 5035 1994 5108 phialam
2046 5034 2150 5088 vini

568 5125 829 5201 exhibeat.
856 5143 993 5199 Vide
1044 5139 1201 5211 135
1230 5145 1352 5208 post
1393 5131 1798 5190 observationes
1826 5143 1888 5183 ea
1914 5140 2033 5194 qua:
2084 5125 2150 5178 dc

571 5235 830 5291 mandato
875 5229 1233 5303 praescribunt
1261 5224 1545 5283 Ordinaria
1600 5236 1728 5303 mss.
1761 5215 2016 5274 Ecclesiae
2043 5213 2152 5269 Ro-

572 5334 777 5386 tomag.
805 5331 863 5379 et
879 5320 1262 5378 canonicorum
1289 5315 1348 5371 S.
1376 5312 1566 5370 Laudi.
1616 5298 1621 5303 “

2160 3103 2207 3168 C

2229 1901 2945 1972 ecclesiaainetropolitanae:
2970 1898 3130 1953 Hora:
3152 1896 3310 1966 hujus
3329 1894 3435 1947 diei
3458 1907 3578 1946 cum
3599 1889 3812 1943 silentio

2230 2002 2285 2055 in
2307 2007 2537 2070 quatuor
2551 1992 2758 2066 angulis
2778 1992 2923 2047 chori
2949 1990 3194 2046 dicantur
3218 2003 3360 2042 more
3384 1986 3417 2040 .1
3425 1985 3728 2050 admorunt,
3750 1982 3815 2035 de

2230 2100 2396 2146 morte
2424 2087 2638 2142 Domini
2664 2084 2939 2140 consilium
2970 2080 3306 2153 capientium.
3362 2076 3464 2132 Pu.

2303 2187 2398 2244 Sic
2425 2185 2588 2241 Liber
2611 2180 2857 2239 oﬂicialis
2883 2175 3299 2248 liotomagensis
3326 2189 3431 2229 ms.

2303 2278 2452 2351 (196)
2492 2275 2811 2331 Psalterium
2842 2287 2959 2326 cum
2998 2269 3185 2323 (itania
3220 2263 3569 2321 communiter
3606 2261 3815 2315 dicunt.

2235 2348 2339 2429 Per
2373 2348 2687 2441 psalterium
2728 2364 2821 2419 bic
2849 2359 3073 2430 intelligi
3114 2362 3342 2428 possunt
3377 2362 3588 2423 septem
3618 2348 3816 2421 psalmi

2234 2459 2635 2535 poenitentiales
2674 2471 2796 2512 cum
2828 2453 3040 2517 litania,
3081 2450 3173 2520 qui
3215 2448 3452 2518 qualibet
3488 2454 3645 2501 sexta
3679 2442 3819 2497 t‘cria

2234 2534 2334 2629 per
2380 2550 2859 2625 Quadragesimam
2905 2555 3029 2617 post
3068 2541 3282 2598 Laudes
3331 2537 3554 2594 recitari
3612 2534 3820 2598 solent,

2235 2651 2317 2706 vel
2370 2650 2552 2704 forsan
2601 2640 2919 2714 psalterium
2968 2635 3322 2706 psalmorum,
3370 2629 3439 2684 de
3488 2642 3598 2697 quo
3655 2639 3825 2714 supra

2236 2743 2466 2813 egimus.
2522 2712 2684 2790 Forte
2730 2731 2903 2786 satius
2947 2725 3250 2782 dixerimus
3303 2721 3577 2788 integrum
3615 2712 3827 2786 psalte-

2238 2808 2397 2896 rium,
2428 2831 2505 2886 sic
2539 2828 2682 2883 enim
2717 2820 3023 2893 praescribit
3048 2814 3394 2873 Ordinarium
3423 2808 3825 2865 canonicorum

2239 2927 2299 2982 S.
2327 2923 2497 2981 Laudi
2537 2913 2953 2986 Rotomagensis
2992 2928 3007 2965 :
3036 2910 3163 2978 Ipsa
3206 2907 3291 2961 die
3323 2901 3519 2973 singuli
3549 2899 3718 2955 simul
3747 2907 3830 2951 too

2240 3029 2348 3074 tum
2389 3032 2453 3070 ex
2480 3012 2662 3066 ordine
2691 3007 2995 3078 psalterium
3022 3004 3076 3056 in
3105 3000 3336 3054 claustro
3360 2996 3561 3050 dicant.

2309 3106 2456 3177 (197)
2495 3104 2539 3158 Α
2569 3101 2786 3156 lectione
2816 3097 2938 3152 libri
2979 3094 3153 3149 Exodi
3178 3090 3473 3146 inchoetur.
3498 3082 3662 3139 Nunc
3688 3079 3825 3137 inci-

2238 3200 2319 3270 pit
2348 3214 2375 3251 a
2408 3195 2639 3251 lectione
2668 3191 2828 3247 Osee.

2312 3287 2460 3360 (198)
2499 3285 2619 3339 Duo
2646 3280 2853 3335 diaconi
2882 3277 3077 3331 nudent
3105 3274 3273 3328 altare
3302 3265 3638 3324 sindonibus.
3664 3262 3833 3320 Ordi-

2241 3353 2452 3436 narium
2498 3374 2891 3441 Rotomagense
2920 3377 2974 3421 et
3012 3366 3176 3421 Liber
3214 3359 3464 3417 ollicialis
3496 3370 3630 3411 mss.
3661 3372 3677 3408 :
3711 3353 3833 3407 Duo

2241 3472 2414 3528 clerici
2443 3467 2638 3524 nudent
2669 3463 2836 3517 altare
2870 3458 3200 3520 sindonibns,
3227 3463 3282 3508 et
3310 3449 3668 3508 Ordinarium
3692 3460 3831 3501 mss.

2242 3560 2303 3616 S.
2346 3557 2511 3613 Laudi
2548 3554 2834 3621 Rotomag.
2865 3548 3011 3603 Ordo
3046 3543 3359 3599 Romanus:
3404 3540 3526 3593 Duo
3569 3535 3832 3605 acolythi.

2245 3650 2481 3707 Missalia
2541 3643 2798 3701 Ecclesiae
2852 3635 3264 3706 Botomagensis
3307 3648 3396 3687 an.
3451 3629 3612 3692 1516,
3663 3627 3834 3689 1527,

2243 3744 2382 3800 1538
2408 3751 2462 3798 et
2489 3739 2646 3796 1576.
2679 3735 2782 3791 Hic
2817 3732 3194 3788 subtrahantur
3227 3727 3348 3780 dum
3385 3737 3592 3792 mappa:
3623 3738 3659 3774 a
3697 3721 3839 3773 dua-

2245 3836 2339 3890 bus
2371 3832 2608 3906 partibus
2652 3826 2838 3881 altaris
2886 3824 3105 3891 desuper
3137 3816 3341 3889 positae.
3378 3813 3553 3870 Hodie
3582 3825 3697 3865 non
3747 3826 3839 3866 ex-

2247 3927 2536 3982 trahuntur
2566 3921 2620 3975 in
2651 3916 2868 3972 ditesesi
2899 3907 3304 3980 Rotomagensi.

2320 4018 2479 4089 136
2525 4011 2672 4083 (199)
2715 4009 2948 4078 Excepta
2988 4021 3107 4060 voce
3147 4000 3361 4056 Domini
3402 4014 3521 4089 qua:
3545 3998 3565 4017 ‘
3604 3997 3665 4050 in
3711 3993 3838 4049 aliis

2244 4087 2474 4165 duntur.
2529 4100 2918 4159 Restituendus
2962 4097 3053 4152 bic
3103 4094 3254 4149 locus
3304 4107 3373 4147 ex
3427 4087 3732 4146 Ordinario
3782 4095 3840 4141 et

2246 4201 2456 4256 duobus
2501 4195 2657 4251 libris
2698 4190 3016 4248 ollicialibus
3061 4203 3196 4243 mss.
3241 4187 3308 4240 ad
3356 4198 3518 4239 usum
3568 4180 3842 4236 Ecclesia:

2246 4287 2680 4360 Rotomagensis,
2721 4285 2773 4338 in
2814 4283 3011 4352 quibus
3035 4279 3270 4348 legitur:
3319 4274 3591 4329 Diaconus
3624 4273 3685 4325 in
3713 4271 3841 4325 alba

2248 4396 2367 4437 ante
2405 4381 2573 4435 altare
2615 4377 2749 4448 legat
2791 4374 3096 4428 Passioncm
3142 4385 3284 4424 more
3316 4367 3579 4430 lectionis,
3616 4376 3843 4435 excepta

2250 4489 2369 4527 voce
2399 4468 2609 4526 Domini
2634 4482 2752 4538 qua:
2782 4478 2933 4519 more
2957 4459 3231 4529 Evangelii
3262 4459 3487 4529 legatur.

2321 4561 2467 4632 (200)
2509 4558 2625 4613 Duo
2665 4556 2959 4611 sacerdotes
3003 4552 3197 4608 casulis
3237 4551 3430 4615 induti,
3472 4558 3580 4604 etc.
3618 4548 3755 4605 Haec
3785 4555 3846 4606 et

2246 4652 2528 4721 sequentia
2573 4648 2763 4703 eodem
2806 4654 2994 4700 tenore
3042 4643 3393 4698 continentur
3426 4642 3481 4694 in
3531 4638 3844 4697 Ordinario

2248 4739 2629 4810 Rotomagensi
2668 4745 2787 4808 post
2811 4734 3225 4791 observationes
3256 4741 3496 4787 nostras.

2318 4834 2466 4905 (201)
2517 4829 2938 4901 Uniuscujusque
2981 4836 3154 4883 venter
3198 4827 3251 4880 in
3289 4836 3432 4879 terra
3471 4825 3699 4877 luerent.
3744 4823 3839 4879 Si'c

2247 4929 2504 4984 Alcuinus
2524 4926 2616 4980 lib.
2643 4925 2719 4979 De
2748 4924 2913 4978 divin.
2957 4921 3121 4985 olIic.,
3146 4920 3232 4975 tit.
3263 4920 3338 4973 De
3364 4918 3499 4972 feria
3526 4927 3689 4973 sexta
3714 4929 3844 4987 qua

2249 5030 2301 5076 et
2325 5019 2663 5073 Parasceve:
2699 5014 2922 5078 Quando
2949 5010 3083 5063 hanc
3109 5024 3315 5062 crucem
3346 5007 3643 5061 adoramus
3681 5023 3842 5062 omne

2251 5128 2436 5180 corpus
2462 5116 2699 5162 nostrum
2737 5105 2933 5158 hcereat
2965 5110 3259 5164 terrw,.....
3297 5098 3692 5167 prosternimur
3713 5115 3840 5153 cor-

2248 5219 2372 5270 pore
2399 5212 2518 5254 ante
2545 5213 2750 5252 crucem
2781 5205 2948 5250 mente
2982 5203 3102 5247 ante
3142 5191 3447 5245 Dominum.
3479 5190 3619 5244 ltcm
3668 5190 3845 5245 Ama-

2252 5294 2433 5357 larius,
2468 5293 2544 5349 De
2572 5290 2874 5348 ecclesiast.
2910 5285 3131 5349 olliciis,
3171 5285 3208 5339 l.
3239 5299 3277 5343 ι,
3311 5299 3364 5337 c.
3399 5283 3489 5337 14.
3520 5284 3602 5339 De
3637 5286 3846 5340 adora-
