4016 5386
217 396 312 454 illi

1133 394 1341 452 NOTAE
1376 391 1470 448 AD
1509 388 1767 446 LIBRUM
1806 387 1894 443 DE
1931 385 2150 443 OFFIC.
2193 388 2468 444 ECCLES.

3360 383 3467 442 101

213 513 354 566 rium
384 524 486 565 ms.
519 507 905 564 canonicorum
950 509 1278 579 regmarium
1319 506 1378 563 S.
1406 503 1578 560 Laudi
1624 503 1790 558 Κοιο-
1815 500 1864 559 Λ
1963 499 2109 554 ldem
2137 500 2294 554 docet
2324 500 2640 566 Durandus,
2681 498 2909 556 Ration‘.
2949 496 3094 552 divin
3115 539 3130 554 .
3176 496 3331 555 ofﬁc.
3360 499 3460 556 lib.

211 600 485 670 magensis
511 599 564 652 in
586 600 772 654 eadem
802 599 937 653 feria
963 608 1138 655 sexta.

279 688 432 758 (202)
479 687 614 741 Vino
653 699 700 741 et
728 705 867 757 aqua
897 687 1119 742 lavetur.
1151 684 1318 754 llujus
1344 682 1565 739 lotionis
1587 681 1790 736 mentio

213 780 272 835 ﬁt
297 779 351 834 in
381 779 673 836 Ordinario
698 788 755 833 et
800 779 853 835 in
902 778 1041 834 libro
1083 777 1296 832 olliciali
1339 776 1622 844 Rotomag.
1656 789 1784 828 mss.

210 868 552 925 bibliotheca
577 867 892 938 Bigotianas,
940 869 992 922 in
1039 869 1237 938 quibus
1262 867 1343 921 sic
1381 864 1612 934 legitur:
1644 862 1783 916 Cho-

213 973 301 1010 rus
328 956 485 1024 ﬁniat
523 956 899 1024 antiphonam,
927 973 1028 1026 qua
1066 965 1280 1009 cantata
1316 970 1446 1007 crux
1487 951 1706 1023 parvula
1735 954 1788 1006 in

212 1045 702 1100 commemoratione
738 1047 1008 1116 sanguinis
1035 1055 1082 1098 et
1108 1060 1260 1114 aqua:
1284 1045 1494 1112 ﬂuentis
1531 1041 1594 1094 de
1629 1040 1790 1094 latere

211 1134 568 1204 Redemptoris
599 1153 739 1205 aqua
779 1146 826 1188 et
867 1135 1241 1198 uino-lavetur,
1279 1133 1343 1186 de
1383 1149 1483 1203 quo
1509 1141 1623 1201 post
1647 1146 1789 1184 com-

211 1227 506 1281 munionem
533 1241 744 1280 sacram
765 1223 936 1279 clerus
959 1225 1101 1278 bibat
1125 1234 1172 1278 et
1206 1222 1453 1293 papulas,
1479 1232 1526 1276 et
1559 1223 1628 1275 ad
1661 1237 1788 1290 opus

209 1316 538 1384 inﬁrmorum
588 1326 897 1379 reservetur,
931 1324 987 1370 et
1014 1315 1066 1369 in
1099 1312 1498 1371 Processionali
1528 1313 1788 1366 Rotoma-

213 1409 356 1479 gensi
395 1425 491 1464 an.
527 1409 667 1465 1588
693 1427 708 1463 :
738 1408 906 1465 Cruce
925 1409 1149 1463 adorata
1180 1426 1211 1462 a
1237 1407 1374 1461 clero
1401 1415 1447 1461 et
1477 1406 1686 1476 populo,
1709 1406 1790 1459 la-

211 1511 348 1554 vetur
383 1502 507 1554 vino
539 1510 589 1554 et
628 1517 793 1572 aqua,
822 1509 871 1553 et
907 1497 1133 1552 tollatur
1154 1500 1208 1551 in
1248 1498 1434 1560 altum,
1472 1508 1520 1550 et
1551 1507 1790 1550 cantetur

214 1591 316 1643 ἠως
335 1589 630 1658 antiphona
667 1605 883 1659 sequens
905 1602 925 1640 :
950 1588 1125 1657 Super
1154 1589 1360 1651 omnia,
1388 1599 1498 1641 etc.

278 1678 421 1749 (203)
473 1679 559 1733 De
599 1695 712 1749 quo-
748 1690 862 1749 post
911 1695 1119 1734 sacram
1157 1678 1570 1731 communionem
1619 1677 1788 1730 clerus

216 1769 341 1822 bibat
373 1778 422 1822 et
448 1769 702 1840 populus.
740 1768 911 1825 Secus
945 1769 1089 1839 apud
1137 1768 1276 1824 alios
1308 1777 1445 1822 teste
1472 1766 1782 1837 Micrologo,

1887 603 1962 651 vr,
2013 603 2070 641 c.
2126 587 2222 641 78.
2255 588 2451 642 Verum
2503 587 2653 659 lingu
2686 603 2716 642 a
2747 588 2818 644 S.
2857 591 3099 651 Victore,
3131 586 3206 642 De
3237 589 3465 658 speciali

1885 677 2038 730 miss.
2066 677 2363 740 observat.,
2383 675 2419 730 ι.
2444 691 2524 742 ιιι,
2540 692 2589 732 c.
2611 679 2702 742 21,
2723 678 3026 735 hodiernus
3045 690 3245 731 morem
3269 678 3469 746 impro-

1885 766 1997 820 bat.
2047 764 2178 819 Vere
2221 765 2460 836 (inquit)
2515 767 2714 838 antiqui
2750 771 2866 840 jam
2898 771 3006 838 fere
3057 776 3328 824 transacto
3383 768 3469 820 die

1888 854 2110 909 Sabbati
2145 855 2367 924 officium
2420 857 2517 909 Itoc
2555 857 2901 924 celebrabant,
2949 861 3039 914 sed
3084 857 3464 916 ntodt‘rttorum

1887 945 2130 997 debilitas
2161 945 2228 997 ad
2251 944 2433 1016 epulas
2463 946 2718 1014 festinans
2757 958 2954 1019 tempus
2983 954 3230 1020 prtevenit
3266 947 3468 1008 canidi-

1887 1048 2077 1093 tutum.

1957 1128 2129 1200 (208)
2177 1128 2450 1184 Percussis
2496 1130 2711 1186 tabulis.
2749 1129 2952 1199 Quibus
2993 1141 3218 1189 utuntur
3262 1135 3317 1189 in
3349 1133 3462 1205 ple-

1888 1218 2070 1288 risque
2096 1220 2498 1289 parochialibus
2526 1221 2790 1287 ecclesiis,
2815 1224 2907 1278 sed
2937 1224 2990 1277 in
3019 1224 3314 1280 cathedrali
3334 1239 3460 1296 por-

1889 1315 1957 1362 ta:
1991 1308 2234 1363 ecclesim
2265 1309 2458 1364 malleo
2483 1311 2659 1381 ligneo
2681 1313 3073 1382 percutiuntur.

1958 1397 2126 1468 (209)
2151 1396 2409 1453 Cantante
2434 1399 2571 1452 clero
2600 1417 2618 1455 :
2646 1399 2923 1454 Dominus.
2966 1401 3064 1468 Qui
3089 1403 3330 1470 sequitur
3352 1402 3460 1456 hia-

1887 1494 1974 1540 tus
2001 1486 2238 1556 suppleri
2271 1496 2446 1556 potest
2475 1503 2541 1542 ex
2570 1489 2848 1544 ordinario
2883 1490 3125 1545 ecclesia:
3151 1492 3460 1562 metropoli-

1891 1585 2064 1640 tanta,
2101 1576 2155 1629 in
2180 1592 2287 1645 quo
2317 1577 2419 1632 hac
2466 1578 2554 1632 die
2593 1579 2756 1632 multa
2793 1589 2980 1633 notatn
3021 1581 3176 1650 digna
3207 1584 3457 1651 praescri-

1888 1667 2113 1720 buntur.
2146 1667 2202 1720 In
2233 1668 2335 1731 his,
2355 1677 2414 1722 ut
2444 1669 2736 1723 benedictus
2769 1671 2905 1740 ignis
2933 1689 3035 1725 non
3063 1675 3457 1744 exstinguatur,

1887 1757 2048 1811 donec
2078 1758 2374 1812 benedictus
2407 1775 2584 1813 cereus
2606 1776 2666 1813 eo
2690 1761 2850 1830 138
2875 1762 3189 1815 accendatur
3209 1777 3227 1814 :
3250 1766 3314 1816 sit
3341 1781 3458 1819 vero

215 1861 298 1930 qui
343 1869 499 1916 “om
522 1839 525 1840 ν
548 1876 616 1915 εχ
667 1861 886 1917 ordinis
931 1860 1160 1916 Romani
1209 1859 1525 1928 ρτωεοιυίριο
1574 1859 1626 1912 in
1677 1858 1780 1912 pa-
1813 1839 1857 1898 B
1879 1846 2035 1914 juxta
2051 1846 2345 1900 Romanum
2371 1847 2618 1902 Ordinem
2641 1847 2777 1901 alius
2805 1865 3005 1916 cereus,
3029 1850 3117 1919 qui
3145 1868 3174 1903 α
3199 1851 3461 1907 benedicta

215 1964 424 2005 rasceve
477 1950 670 2004 vinum
723 1966 832 2004 non
882 1958 1264 2005 consecratum
1326 1963 1448 2002 cum
1503 1947 1782 2002 Dominica

216 2037 447 2094 oratione
467 2047 526 2092 et
550 2038 818 2094 Dominici
845 2039 1096 2108 corporis
1119 2037 1452 2092 immissione
1475 2036 1784 2092 consecrari

217 2125 428 2192 (rectius
453 2128 687 2183 dixisset
710 2127 1066 2197 sanctiﬁcari}
1095 2136 1152 2180 ut
1181 2125 1409 2196 populus
1436 2125 1593 2195 plene
1615 2127 1786 2195 possit

215 2216 540 2270 communica
551 2231 628 2270 re.
672 2215 768 2270 Pu.

279 2305 420 2376 (204)
461 2306 706 2360 Ministri
752 2308 923 2362 crucis
970 2306 1166 2361 casulis
1195 2307 1386 2370 induti,
1420 2315 1529 2362 etc.
1562 2305 1686 2360 llam
1730 2316 1786 2360 et

215 2399 482 2467 sequentia
527 2399 586 2452 in
617 2399 783 2454 Libro
825 2398 1038 2454 olliciali
1069 2399 1351 2468 Rotomag.
1383 2413 1485 2451 ms.
1520 2398 1787 2452 habentur

229 2488 388 2543 isdem
420 2489 584 2560 plane
610 2489 812 2545 verbis.
848 2490 983 2545 Vide
1026 2497 1150 2559 post
1178 2489 1587 2544 observationes
1630 2487 1786 2542 Ordi-

219 2582 412 2635 narium
440 2583 508 2636 de
536 2580 730 2636 Ollicio
759 2582 918 2652 hujus
947 2581 1073 2635 diei.

279 2669 420 2740 (205)
461 2669 506 2722 Α
541 2670 747 2739 majore
791 2670 860 2723 ad
902 2671 1156 2722 minorem
1199 2684 1376 2721 omnes
1407 2667 1789 2720 communicen-

221 2771 312 2815 tur.
355 2762 409 2816 ln
452 2761 751 2816 Ordinario
797 2776 898 2815 ms.
939 2768 996 2814 et
1041 2761 1093 2812 in
1143 2758 1450 2813 hlissalibus
1499 2757 1782 2827 Rotomag.

220 2849 365 2915 1515,
390 2850 547 2912 l5l6,
579 2849 741 2912 I527,
775 2849 938 2913 1558,
965 2847 1102 2902 1576
1123 2856 1178 2901 et
1203 2847 1338 2901 1604
1363 2848 1476 2901 lucc
1502 2845 1780 2915 leguntur:

219 2939 635 2994 Communicetur
672 2940 760 3010 qui
788 2938 1006 2992 voluerit
1044 2937 1200 3009 137
1235 2938 1367 2990 sicut
1411 2937 1650 2990 hesterna
1680 2936 1782 2988 die.

222 3026 270 3081 ln
315 3027 508 3084 Ordine
568 3027 857 3082 Romano:
906 3025 1296 3080 Communicent
1348 3040 1522 3077 omnes
1559 3041 1676 3077 cum
1714 3025 1788 3076 si-

217 3115 378 3172 lentio.
408 3119 459 3173 in
482 3117 659 3173 Libro
699 3115 909 3173 olliciali
937 3115 1222 3185 Rotomag.
1253 3129 1355 3168 ms.
1382 3131 1395 3167 :
1430 3114 1784 3168 Communicet

1883 1954 2028 1991 cereo
2050 1936 2398 2004 illuminatus,
2419 1939 2487 1991 ad
2509 1938 2674 2007 fontes
2700 1955 2791 2008 per
2814 1950 3003 2008 septem
3032 1941 3140 1994 dies
3170 1941 3458 2009 deferatur,

1887 2037 1936 2080 et
1973 2027 2085 2080 loco
2116 2029 2353 2080 instituto
2382 2028 2436 2080 in
2485 2028 2652 2096 fontes
2700 2029 2956 2082 mittatur.
3012 2029 3174 2084 Addit
3219 2029 3455 2086 Ordina-

1889 2119 2027 2171 rium
2073 2132 2091 2169 :
2132 2116 2238 2172 Per
2263 2133 2468 2172 cereum
2522 2116 2717 2172 Christi
2754 2118 3059 2187 designatur
3102 2121 3407 2176 humanitas
3435 2135 3456 2173 :

1885 2205 2061 2261 lumen
2087 2208 2140 2261 in
2169 2223 2307 2271 cera,
2356 2207 2602 2261 divinitas
2638 2207 2868 2278 virginea
2900 2225 3057 2263 carne
3098 2210 3405 2265 obumbrata
3435 2227 3457 2265 :

1885 2297 2018 2365 ignis
2050 2298 2103 2348 in
2132 2311 2276 2349 cereo
2309 2313 2466 2350 novus
2495 2297 2705 2362 ardens,
2745 2314 2874 2350 nova
2903 2298 3144 2352 doctrina
3174 2317 3207 2352 α
3247 2299 3455 2354 Christo

1885 2388 1938 2441 in
1985 2389 2267 2457 apostolos,
2314 2389 2378 2442 ab
2423 2389 2673 2458 apostolis
2724 2391 2778 2442 in
2822 2390 3057 2443 mundun
3106 2391 3454 2459 resplendens.

1885 2477 2018 2530 ltcm
2051 2486 2110 2530 ut
2138 2478 2263 2529 dum
2296 2477 2542 2552 lectiones
2599 2489 2645 2532 et
2677 2478 2860 2533 litania
2903 2481 3284 2546 conlabantur,
3335 2498 3458 2551 pre~

1884 2567 2074 2637 sbg.‘ert
2104 2568 2420 2623 catechizent
2442 2570 2688 2638 infantes.
2741 2570 2870 2624 ltem
2907 2573 3028 2626 utsi
3061 2574 3235 2626 nullus
3279 2573 3456 2641 infans

1886 2657 2043 2726 fuerit
2072 2659 2140 2710 ad
2172 2658 2572 2727 baptizandum,
2597 2675 2700 2712 non
2727 2661 2967 2714 mittatur
2994 2663 3058 2715 de
3086 2663 3364 2717 chrismate
3406 2673 3457 2718 et

1886 2750 1997 2804 oleo
2021 2751 2073 2802 in
2097 2748 2295 2818 fontes;
2321 2752 2367 2803 si
2393 2764 2566 2803 autent
2605 2752 2788 2819 fuerit,
2825 2761 2945 2806 tunc
2974 2755 3228 2808 mittatur.
3258 2753 3354 2808 Pn.

1955 2841 2156 2895 Eadem
2193 2841 2415 2895 omnino
2442 2840 2692 2910 leguntur
2738 2842 2793 2896 in
2820 2841 2981 2897 Libro
3005 2843 3215 2898 oiliciali
3245 2859 3346 2899 ms.
3387 2845 3455 2899 ad

1885 2944 2041 2985 usum
2079 2931 2333 2986 Ecclesia:
2379 2931 2794 3004 Rotomagensis
2827 2949 2895 2989 ex
2939 2935 3264 2992 bibliotheca
3296 2936 3458 3007 Bigo-

1887 3024 2054 3077 tiana.

1959 3092 2058 3154 llic
2107 3101 2402 3155 notandum
2432 3102 2672 3156 occurrit
2705 3103 2847 3170 quod
2888 3118 3059 3157 annus
3100 3105 3167 3158 ab
3205 3103 3456 3158 Incarna-

222 3215 263 3258 ιι
297 3223 460 3262 omne,
489 3207 694 3278 [ναιτεε
727 3207 840 3260 sine
883 3204 1064 3260 οεευιο
1092 3204 1256 3274 pacis,
1289 3204 1344 3257 ιιι
1373 3202 1662 3258 ordinario
1690 3220 1781 3258 ca-
1810 3189 1854 3249 C
1888 3191 2033 3245 tione
2063 3190 2277 3245 Domini
2319 3192 2372 3244 in
2406 3206 2564 3246 cereo
2588 3193 2827 3262 paschali
2854 3194 3075 3248 inscribi
3105 3195 3279 3259 debet,
3305 3194 3457 3263 cujus

223 3299 517 3354 nonicorum
577 3297 635 3353 S.
666 3297 836 3352 Laudi
883 3295 1335 3366 Rotomagensis:
1373 3292 1440 3348 Se
1487 3306 1534 3348 et
1568 3305 1781 3348 cteteras

219 3400 324 3441 cum
347 3388 560 3442 silentia
599 3387 962 3442 communicet.

285 3477 435 3550 (206)
476 3479 573 3533 Ad
601 3478 928 3548 refectionem
956 3477 1109 3547 panis
1141 3485 1188 3531 et
1217 3493 1366 3546 aqua
1385 3485 1622 3547 pergant.
1658 3475 1784 3532 Haec

224 3567 391 3637 ieiunii
419 3584 615 3626 severa
647 3569 974 3632 observatio,
1002 3583 1119 3638 quae
1144 3569 1195 3622 in
1222 3565 1508 3623 Ordinario
1529 3577 1583 3622 et
1617 3567 1779 3622 Libro

227 3660 415 3716 olliciali
447 3662 736 3731 Rotomag.
777 3676 908 3716 mss.
951 3661 1208 3727 habetur,
1245 3677 1352 3716 non
1397 3669 1602 3715 tantum
1640 3662 1782 3730 apud

228 3761 474 3807 nostrates
514 3753 722 3823 viguit,
763 3767 950 3808 verum
986 3752 1149 3807 etiam
1188 3752 1242 3806 in
1285 3751 1406 3806 aliis
1441 3751 1781 3819 regionibus,

227 3851 280 3895 ut
303 3856 363 3897 ex
395 3843 597 3899 Ordine
623 3841 900 3910 Romano,
931 3852 986 3897 et
1006 3843 1236 3897 Alcuino
1262 3849 1506 3903 constat;
1537 3841 1616 3895 sic
1639 3841 1782 3894 enim

229 3931 318 3988 lib.
349 3933 422 3990 De
448 3936 557 3990 div.
585 3933 765 3999 ollic.,
788 3935 871 3988 tit.
903 3937 981 3989 De
1007 3934 1173 3988 C(ena
1204 3931 1416 3988 Domini
1455 3931 1682 3986 scribit:
1706 3931 1782 3984 Ab

230 4022 316 4076 hac
342 4036 481 4080 nocte
509 4041 685 4096 usque
714 4026 793 4078 Ad
817 4023 1103 4079 Sabbatum
1133 4023 1370 4078 nonnulli
1394 4023 1526 4076 servi
1550 4022 1646 4076 Dei
1667 4023 1786 4075 imi-

230 4121 377 4168 tantes
416 4115 683 4182 apostolos
712 4115 884 4185 jejuni
927 4123 1263 4182 permanent;
1305 4107 1470 4180 aliqui
1508 4127 1625 4165 vero
1654 4126 1782 4163 con-

233 4206 345 4258 tenti
366 4216 483 4259 sunt
506 4221 643 4276 pane
671 4214 874 4258 tantum
901 4215 949 4259 et
978 4204 1180 4268 herbis;
1219 4211 1373 4272 atque
1399 4201 1745 4271 leguminibus
1765 4241 1781 4267 ,

235 4308 312 4347 seu
337 4295 526 4349 sicera.
567 4298 715 4351 Idem
755 4295 1038 4351 conﬁrmat
1067 4295 1370 4357 Durandus,
1406 4293 1630 4347 Ration.
1662 4293 1781 4348 div.

233 4382 386 4450 ollic.,
419 4386 492 4440 lib
508 4402 582 4440 γι.
604 4425 620 4451 ,
650 4400 780 4455 cap.
818 4384 882 4439 77
904 4424 920 4440 .
964 4386 1038 4441 De
1074 4385 1404 4447 Parasccve,
1440 4383 1527 4437 ubi
1571 4384 1685 4437 ait:
1717 4382 1783 4437 In

237 4469 502 4530 Parasceve
529 4493 636 4529 uno
678 4476 791 4530 solo
826 4476 937 4530 cibo
976 4476 1251 4529 vescimur.
1288 4472 1629 4528 Ordinarium
1659 4486 1785 4528 vero

238 4577 336 4618 ms.
385 4567 770 4621 canonicorum
829 4565 1156 4637 regularium
1196 4563 1261 4619 S.
1311 4562 1478 4617 Laudi
1522 4563 1780 4618 Rotoma-

239 4653 405 4721 geusis
433 4671 448 4707 :
479 4654 545 4707 In
582 4671 765 4710 mensa
801 4655 1010 4709 nonnisi
1043 4654 1195 4724 panis
1221 4662 1268 4706 et
1312 4669 1478 4722 aqtta,
1514 4663 1563 4706 et
1610 4652 1783 4706 herbae

236 4743 395 4797 cruda:
422 4756 774 4815 opponantur.
801 4744 931 4800 Post
958 4745 1248 4816 prandium
1280 4751 1460 4798 autem
1489 4759 1595 4798 non
1633 4743 1783 4814 sigil-

235 4831 370 4889 latim
391 4836 834 4908 Completorium,
854 4839 950 4894 sed
982 4838 1034 4891 in
1059 4834 1332 4892 communi
1363 4834 1617 4891 mediocri
1654 4848 1784 4890 voce

239 4931 498 4992 cantatur,
529 4927 671 4983 sicut
695 4936 750 4984 et
788 4929 839 4982 in
870 4929 956 4984 die
988 4926 1167 4983 Ccenae
1196 4924 1428 4980 Domini.

298 5015 456 5088 (207)
488 5016 647 5072 Nona
683 5019 814 5073 hora
861 5019 986 5073 diei.
1035 5016 1333 5073 Concilium
1383 5015 1783 5084 Rotomagense

239 5103 327 5159 sub
350 5103 553 5162 Joanne
584 5118 770 5163 nostro
808 5108 1138 5164 celebratum
1176 5108 1250 5160 Α.
1289 5104 1364 5161 C.
1400 5105 1580 5177 (juxta
1612 5104 1785 5160 Orde-

240 5190 329 5246 rici
353 5194 642 5259 calculum)
664 5197 821 5252 l072.
855 5214 954 5253 can
975 5239 987 5252 .
1020 5199 1080 5252 21
1113 5213 1126 5249 :
1161 5193 1292 5248 Item
1335 5205 1588 5253 statutum
1623 5205 1698 5248 est
1727 5202 1784 5246 ut

243 5278 448 5339 Sabbato
478 5285 698 5342 Pascha:
725 5290 943 5359 ofﬁcium
965 5299 1083 5344 ante
1108 5285 1319 5340 Nonum
1349 5304 1450 5343 non
1478 5288 1783 5358 incipiatur.

1888 3281 2275 3350 inscriptionis,
2309 3283 2623 3346 meminere,
2667 3282 2936 3352 Rupertus
2983 3283 3305 3346 Tuitiensis,
3357 3283 3453 3338 lib.

1889 3385 1942 3423 vt
1972 3371 2046 3425 De
2073 3371 2238 3424 divin.
2262 3368 2426 3434 ollic.,
2458 3387 2578 3440 cap.
2612 3371 2712 3437 29;
2747 3372 3030 3434 Honorius.
3058 3373 3209 3428 Gem.
3239 3375 3452 3436 animm,

1887 3460 1963 3515 De
1989 3461 2157 3530 antiq.
2195 3462 2276 3514 tit.
2321 3461 2491 3525 miss.,
2539 3462 2630 3516 lib.
2670 3479 2753 3525 ιιι.
2795 3479 2894 3532 cap
2937 3463 3070 3529 102;
3099 3464 3155 3518 Β.
3190 3464 3454 3520 Lanlran-

1885 3564 1982 3602 cus
2030 3549 2082 3602 in
2134 3550 2375 3604 Decretis
2418 3566 2538 3621 pag.
2590 3551 2726 3617 266;
2775 3551 3088 3608 Guillelmus
3140 3555 3454 3620 Durandus,

1885 3637 2124 3703 Ration.,
2176 3639 2214 3692 l.
2242 3653 2318 3706 Vl,
2348 3655 2394 3694 c.
2426 3640 2517 3704 80,
2538 3649 2593 3696 et
2625 3639 2858 3696 Joannes
2897 3642 3170 3707 Beletbus,
3207 3644 3342 3699 libro
3383 3647 3457 3700 De

1886 3731 1995 3784 div.
2027 3729 2190 3796 oilic.,
2228 3747 2277 3786 c.
2323 3732 2451 3797 l08,
2492 3732 2546 3786 in
2590 3748 2736 3800 cum,
2776 3734 2867 3804 qui
2896 3735 3160 3804 sequitur,
3190 3739 3405 3791 modum
3436 3755 3451 3791 :

1884 3819 2183 3872 Annotatur
2208 3821 2415 3890 quidem
2461 3823 2516 3874 in
2542 3839 2684 3876 cerea
2714 3824 2948 3892 paschali
2977 3842 3144 3879 annus
3171 3826 3236 3879 ab
3267 3826 3458 3880 Incor-

1886 3909 2096 3961 natione
2134 3907 2369 3976 Domini,
2409 3910 2766 3964 inscribuntur
2797 3929 3001 3983 quoque
3046 3930 3190 3968 cerea
3218 3915 3454 3983 paschali

1883 3998 2122 4062 indictio,
2158 3997 2234 4052 vel
2265 4014 2397 4063 tera,
2435 4009 2589 4069 atque
2619 4011 2826 4069 epacta.
2857 4001 2982 4057 Haec
3022 4005 3074 4056 in
3105 4003 3330 4058 ecclesia
3363 4019 3456 4059 ca-

1887 4086 2117 4141 tbedrali
2151 4089 2523 4142 tantummodo
2572 4098 2876 4156 serventur,
2917 4091 2969 4145 in
3001 4107 3105 4161 qua
3127 4093 3330 4159 _tabula
3360 4109 3456 4162 pa-
3535 4106 3541 4112 '

1885 4178 2108 4234 schalia
2158 4178 2482 4234 cancellario
2527 4179 2867 4250 inscribitur,
2912 4190 2966 4236 et
3011 4197 3168 4238 cereo
3214 4186 3454 4255 paschali

1887 4270 2136 4342 adigitur,
2168 4285 2330 4341 quam
2364 4286 2462 4326 suo
2488 4271 2607 4327 loco
2641 4271 2886 4327 dabimus
2913 4288 3009 4343 pro
3039 4289 3180 4328 anno
3199 4276 3456 4345 prmsenti

1887 4362 2023 4417 1678
2053 4378 2116 4418 ex
2146 4363 2337 4418 eodem
2379 4375 2537 4418 cereo
2566 4363 2891 4419 cathedralis
2920 4364 3161 4420 ecclesia:
3204 4367 3455 4437 deprom-

1883 4464 2056 4524 ptam.

1817 4529 1864 4588 D
1960 4547 2118 4619 (sic)
2145 4545 2308 4602 Alba
2344 4546 2460 4601 licet
2509 4548 2787 4616 baptizatis
2812 4547 2909 4602 uti.
2941 4546 3034 4602 Sic
3066 4547 3358 4614 Alcuinus,
3396 4549 3452 4603 in

1887 4638 2115 4708 epistola
2167 4638 2235 4692 ad
2297 4635 2566 4692 Oduinum
2619 4639 3030 4708 presbyterum,
3086 4647 3142 4692 et
3197 4639 3454 4695 Rabanns

1888 4729 2126 4793 Maurus,
2171 4727 2264 4782 lib.
2318 4731 2350 4782 ι’
2391 4728 2467 4785 De
2509 4728 2738 4782 instituta
2793 4729 2988 4795 cleric;
3037 4743 3157 4798 cap.
3200 4730 3290 4784 29.
3324 4730 3456 4785 Item

1887 4818 2115 4874 Gemma
2147 4819 2365 4882 aninne,
2389 4817 2486 4873 lib.
2511 4828 2546 4883 ι,
2578 4832 2625 4878 c,
2657 4817 2763 4870 245
2792 4834 2805 4870 :
2834 4817 3100 4888 Baptizati
3125 4827 3298 4872 autem
3341 4817 3460 4872 ideo

1886 4923 2044 4968 vestes
2065 4912 2209 4965 albas
2228 4919 2459 4982 portant,
2480 4911 2602 4978 quia
2623 4910 2867 4963 amissam
2893 4910 3238 4965 innocentiam
3259 4923 3464 4965 serece-

1887 5006 2024 5077 pisse
2049 5005 2342 5057 insinuant.

1963 5092 2128 5164 (ΞΗ)
2174 5089 2327 5158 Quod
2359 5108 2453 5160 per
2477 5102 2665 5163 septem
2693 5091 2802 5144 dies
2828 5093 2962 5148 albte
2983 5099 3141 5146 uestes
3165 5097 3461 5158 portantur.

1889 5186 2170 5251 Alcninus,
2196 5185 2331 5238 libro
2357 5183 2434 5241 De
2457 5185 2620 5240 divin.
2640 5182 2802 5247 ollic.,
2825 5184 2910 5238 tit.
2939 5185 3013 5238 De
3037 5180 3272 5238 Subhan
3291 5175 3466 5234 sancti

1888 5277 2111 5332 Pascha:
2143 5291 2157 5330 :
2201 5273 2358 5330 Omni
2387 5287 2560 5330 autem
2590 5275 2672 5328 die
2703 5290 2865 5343 usque
2902 5277 2956 5329 in
2992 5280 3198 5327 octavas
3246 5270 3314 5322 ad
3340 5267 3467 5320 mis-

2925 5367 2962 5386 Ιὶ
2979 5365 3176 5386 -ιιιι-ι-ιι.
3237 5361 3248 5386 Ι
3305 5375 3341 5386 nl
3391 5356 3466 5386 ni:
