4016 5386
471 287 575 345 {03

1498 291 1804 352 JOANNES
1853 291 2280 348 AllClllEPlSC.
2319 293 2674 352 ROTOMAG.

3629 298 3729 356 104

471 402 761 470 claritatis,
807 406 999 461 sanctis
1051 406 1290 461 assistere
1344 406 1618 475 sacriﬁciis
1664 405 1860 459 solent.
1901 404 2048 460 Idem
2077 410 2125 467 Ἀ
2154 405 2408 461 Ecclesia:
2447 422 2537 461 an.
2596 406 2754 473 1516,
2802 407 2960 475 1527,
2999 408 3133 491 1558
3165 416 3219 464 et
3248 408 3403 465 l576.
3433 409 3741 465 Communi-

474 498 721 569 praecipit
745 497 1032 553 concilium
1064 496 1458 565 Rotomagense
1491 497 1591 550 sub
1620 494 1880 564 Malgerto
1904 510 2050 549 anno

474 588 616 643 1050
630 589 984 651 celebratum,
1001 586 1160 657 139
1185 602 1306 640 can.
1327 586 1417 640 l9:
1438 585 1504 639 Ut
1524 585 1772 654 baptizati
1788 587 1841 639 in
1871 586 2051 639 eadem

476 676 698 731 ecclesia
722 678 777 731 in
793 693 895 747 qua
911 675 1310 746 regenerationis
1329 676 1555 745 gratiam
1569 665 1897 745 acceperunt,
1923 685 1969 729 et
1997 676 2053 729 in

475 785 582 838 qua
615 769 924 839 parochiani
942 769 1170 821 existunt
1207 783 1299 836 per
1327 776 1534 820 octavos
1563 766 1673 819 dies
1717 767 1773 818 in
1800 765 1947 819 Albis
1975 780 2055 819 re-

477 872 842 932 presententur
866 876 984 915 cum
1016 862 1179 917 cereis
1206 860 1532 915 ardentibus.

550 953 697 1023 (212)
731 951 831 1005 Per
851 963 1086 1006 octavam
1133 969 1237 1022 qua
1270 961 1429 1006 vestes
1465 953 1814 1021 deponuntur.
1847 950 1938 1007 Sic
1966 951 2057 1005 Al-

477 1045 692 1109 cuinus,
744 1044 818 1098 De
872 1043 1112 1100 Sabbato
1142 1026 1194 1099 in
1223 1043 1373 1098 Albis
1403 1061 1416 1096 :
1452 1042 1623 1097 Hodie
1673 1042 1836 1096 albati
1871 1044 1961 1113 qui
2003 1043 2058 1097 in

479 1134 710 1190 Sabbato
764 1145 945 1190 sancto
1001 1134 1251 1204 baptizati
1320 1134 1571 1201 fuerunt,
1646 1133 1868 1188 vestibus
1928 1131 2058 1188 albis

477 1237 757 1282 exuuntur.
784 1227 1107 1289 Amalarius,
1154 1227 1229 1281 De
1255 1225 1492 1280 Sabbato
1525 1226 1579 1280 in
1605 1225 1776 1288 Albis,
1800 1241 1920 1295 cap.
1949 1224 2055 1279 51-:

479 1316 587 1383 Qui
609 1319 666 1371 in
713 1316 919 1371 Christo
943 1316 1192 1385 baptizati
1234 1325 1354 1370 sunt
1381 1325 1430 1369 et
1477 1324 1595 1369 sunt
1627 1315 1750 1385 agni
1780 1313 1988 1381 novelli,
2012 1322 2060 1368 et

478 1407 634 1461 hodie
664 1414 990 1462 revertuntur
1017 1405 1086 1458 ad
1114 1406 1280 1474 fontes
1304 1415 1361 1459 ut
1388 1416 1585 1459 exuant
1615 1421 1670 1460 se
1707 1405 1861 1459 albis.

553 1495 702 1568 (213)
741 1494 957 1548 Duobus
994 1494 1113 1548 aliis
1159 1496 1366 1549 tertiam
1398 1495 1638 1549 litaniam
1678 1495 2060 1563 incipientibus.

482 1586 655 1642 llodie
684 1588 802 1643 haec
847 1585 1034 1640 litania
1067 1602 1096 1640 a
1131 1588 1303 1642 tribus
1350 1586 1595 1656 cappatis
1624 1588 1690 1642 de
1720 1587 1907 1654 majori
1938 1588 2066 1642 sede

483 1677 699 1732 canitur
728 1676 781 1730 in
818 1675 985 1731 choro
1024 1676 1278 1741 ﬁnienda,
1308 1684 1368 1730 ut
1412 1693 1475 1733 ex
1510 1676 1800 1734 Ordinario
1827 1686 1881 1732 et
1911 1676 2063 1732 libris

2152 502 2281 555 catis
2318 503 2503 571 quibus
2548 501 2826 570 placuerit,
2867 500 3104 572 Vespera:
3125 502 3199 557 sic
3224 503 3566 572 incipiantur,
3598 515 3701 558 etc.

2225 590 2371 661 (217)
2411 591 2717 661 Magnificat
2743 602 2954 645 cantato
3001 602 3050 646 et
3077 592 3239 646 altari
3264 592 3551 645 incensato.
3593 592 3736 647 Idem

2153 678 2454 734 babeturin
2485 679 2649 734 Libro
2674 679 2884 735 oﬂiciali
2916 679 3298 749 Rotomagensi
3331 695 3432 734 ms.
3462 679 3557 734 sed
3585 681 3742 735 hodie

2153 785 2257 826 nec
2279 770 2449 824 altare
2486 786 2587 825 nec
2641 771 2841 826 chorus
2873 770 3232 835 tburillcatur,
3282 776 3343 823 ut
3385 770 3551 824 etiam
3603 785 3739 839 pra:-

2154 860 2345 915 scribit
2395 860 2613 916 Missale
2661 856 2917 916 Ecclesiae
2966 861 3385 919 Sarisbericnsis
3427 862 3482 915 in
3527 861 3741 932 Anglia,

2156 965 2245 1004 an.
2283 950 2439 1005 1555.
2472 949 2593 1005 Non
2623 953 2953 1020 thuri/icetur
2979 952 3147 1006 altare
3177 968 3340 1022 neque
3367 952 3579 1006 chorus.

2230 1042 2377 1113 (2l8)
2420 1041 2536 1096 Hoc
2578 1053 2786 1112 peracto
2818 1043 3082 1113 quaddam
3132 1042 3519 1113 responsorium
3566 1050 3745 1096 caute-

2158 1141 2265 1185 tur.
2313 1131 2527 1185 Nullum
2581 1130 2983 1201 responsuriu'm
3053 1131 3288 1196 canitur,
3338 1131 3433 1186 sed
3464 1131 3611 1185 dicto
3638 1129 3745 1185 Deo

2159 1220 2375 1288 gratias,
2409 1221 2639 1290 quisque
2660 1220 2876 1274 domum
2908 1220 3218 1285 revertitur,
3256 1227 3314 1273 ut
3339 1228 3492 1274 notat
3514 1218 3746 1275 Ordina-

2162 1309 2299 1363 rium
2330 1308 2728 1379 Rotomagense
2763 1324 2865 1363 ms.
2898 1308 2976 1363 lte
3007 1309 3171 1364 missa
3201 1315 3285 1364 est
3305 1308 3484 1377 festive
3514 1308 3748 1374 dicatur,

2161 1409 2209 1455 ct
2233 1400 2586 1453 benedictione
2628 1408 2840 1469 accepta
2869 1402 3143 1465 recedant;
3188 1408 3243 1453 et
3265 1397 3614 1455 Ordinarium
3644 1414 3746 1453 ms.

2163 1492 2545 1546 canonicorum
2596 1490 2653 1545 S.
2713 1490 2883 1545 Laudi
2936 1491 3357 1562 Rotomagensis‘
3405 1507 3423 1546 :
3474 1491 3631 1545 Dicto
3674 1491 3752 1547 Ite

2165 1581 2331 1635 missa
2370 1589 2454 1635 est
2496 1597 2537 1633 α
2577 1581 2820 1646 diacono,
2877 1582 3039 1636 missa
3068 1593 3138 1635 'et
3176 1579 3414 1651 Vespera
3457 1582 3659 1652 pariter
3685 1581 3754 1650 ﬁ-

2167 1673 2403 1724 niantur.

485 1766 802 1823 olﬁcialibus
828 1768 1113 1837 Rotomag.
1145 1783 1274 1823 mss.
1319 1767 1594 1837 colligitur
1626 1787 1640 1822 :
1673 1769 1847 1837 prima
1878 1782 2009 1823 vero
2035 1782 2068 1822 a
2097 1759 2143 1819 Β
2241 1761 2389 1831 (219)
2456 1760 2583 1816 Post
2639 1762 2938 1831 prandium.
2991 1760 3286 1817 Prandium
3359 1760 3593 1832 appellat
3646 1774 3755 1817 non

486 1870 693 1930 septem
726 1860 931 1930 pueris,
971 1860 1206 1915 secunda
1258 1875 1287 1914 a
1333 1860 1572 1929 quinque
1625 1860 1838 1915 clericis
1874 1860 1941 1914 de
1984 1874 2073 1913 se-

483 1953 661 2008 cunda
718 1953 846 2008 sede
894 1953 945 2006 in
975 1951 1408 2022 superpelliceis;
1434 1996 1437 1997 ν
1459 1967 1578 2020 quae
1609 1958 1718 2006 tres
1746 1950 1949 2005 litania'
1973 1950 2071 2005 de-

484 2042 798 2098 scribuntur
825 2042 878 2095 in
900 2040 1101 2097 Ordine
1132 2040 1377 2096 Romano
1398 2050 1449 2094 et
1493 2055 1521 2093 a
1552 2055 1833 2094 sacrorum
1870 2039 2070 2093 rituum

484 2132 908 2202 expositoribus.

557 2221 704 2294 (2H)
745 2221 873 2276 Post
919 2221 1102 2277 Gloria
1159 2220 1216 2277 in
1261 2220 1513 2285 excelsis,
1553 2221 1719 2277 altare
1748 2222 2067 2276 incensetur.

484 2311 831 2368 Ordinarium
867 2328 881 2367 :
914 2311 1128 2365 Interim
1205 2312 1644 2381 archiepiscopus,
1703 2310 1780 2365 uel
1828 2310 2071 2364 sacerdos

486 2419 608 2457 cum
648 2405 871 2458 diacono
896 2412 944 2457 et
991 2402 1335 2466 subdiacono,
1365 2400 1692 2454 candelabris
1719 2410 1767 2453 et
1795 2398 2072 2453 thuribulis

478 2495 676 2558 ueniat,
731 2504 778 2548 et
827 2492 1150 2562 confessione
1196 2491 1463 2545 humiliter
1508 2491 1650 2545 dicta
1672 2490 1777 2544 alte
1816 2490 2073 2559 incipiat:

482 2587 675 2644 Gloria
706 2587 759 2642 in
784 2586 1014 2642 excelsis
1045 2586 1177 2652 Deo,
1207 2586 1399 2656 absque
1445 2584 1607 2656 tropis
1639 2600 1657 2649 ;
1687 2593 1737 2637 et
1776 2590 2070 2654 prosternat

489 2692 546 2730 se
566 2678 734 2730 omnis
754 2678 964 2731 chorus.
1036 2708 1039 2709 ν

560 2765 630 2820 Ει
656 2766 849 2821 addit:
887 2764 953 2819 Et
1007 2752 1215 2821 interim
1247 2781 1423 2820 omnes
1464 2778 1733 2831 campana!
1781 2762 2072 2833 pulsentur,

491 2864 541 2910 et
577 2857 763 2910 dehinc
791 2873 883 2922 per
927 2873 1102 2911 omnes
1137 2856 1377 2910 abbatias
1417 2865 1464 2909 et
1501 2855 1777 2925 parochias
1810 2852 1972 2906 totius
2003 2851 2077 2904 ci-

492 2945 688 2999 uitatis.
740 2944 911 3000 Secus
952 2944 1094 3013 apud
1150 2959 1272 3007 nos,
1321 2960 1447 2998 nam
1499 2945 1578 3013 (ut
1630 2958 1789 3011 supra
1820 2940 2074 3011 diximus)

495 3033 669 3089 altare
699 3035 1040 3090 thurilicatur
1065 3036 1191 3089 dum
1226 3032 1390 3103 Kyrie
1413 3032 1606 3087 eleison
1644 3048 1674 3085 a
1703 3032 1870 3086 choro
1890 3041 2078 3085 canta-

2171 1853 2525 1908 meridianam
2579 1854 2985 1920 comestionem,
3016 1853 3110 1908 sed
3162 1853 3397 1907 unicam.
3426 1851 3628 1907 Primis
3655 1851 3757 1906 Ec-

2148 1942 2349 1997 clesia:
2376 1942 2705 2011 temporibus
2731 1942 2854 1997 huic
2884 1941 3183 1997 celebritati
3214 1949 3325 1996 tota
3348 1955 3456 1995 nox
3477 1941 3757 2010 impende-

2171 2033 2351 2087 batur.
2385 2031 2744 2086 Decrescente
2781 2034 2964 2099 postea
3014 2028 3461 2099 baptizandorum
3504 2026 3754 2082 multitu-

2173 2121 2319 2187 dine,
2351 2119 2581 2176 cilicium
2606 2119 2845 2173 etnoctis
2875 2118 3084 2172 initium
3124 2114 3371 2172 contrahi
3402 2116 3592 2186 (cepit,
3613 2116 3759 2185 quod

2172 2206 2442 2278 Vcsperae,
2469 2205 2778 2277 prandium,
2807 2213 2862 2259 et
2904 2204 3323 2275 Completorium
3347 2203 3757 2273 subsequeban-

2174 2305 2277 2353 tur.
2315 2295 2500 2351 Romaa
2547 2295 2718 2351 serior
2762 2292 2864 2349 fuit
2911 2294 3270 2363 Vesperarum
3316 2308 3478 2362 quam
3545 2293 3758 2362 prandii

2171 2387 2518 2443 introductio.
2548 2384 2682 2440 Nam
2704 2399 3006 2455 anonymus
3029 2383 3258 2438 Romani
3285 2382 3504 2440 Ordinis
3524 2384 3759 2454 scriptor

2175 2482 2443 2556 (quisquis
2484 2481 2572 2536 ille
2610 2480 2732 2552 fuit)
2776 2481 3030 2535 observat
3057 2493 3155 2534 sua
3183 2487 3363 2544 aetate,
3390 2479 3442 2533 in
3470 2479 3576 2535 hac
3603 2489 3761 2534 nocte

2174 2575 2241 2629 de
2264 2572 2611 2643 vespertinali
2664 2573 2855 2642 synaxi
2898 2572 3036 2641 apud
3066 2570 3343 2627 Romanos
3365 2569 3521 2623 'nibil
3552 2578 3755 2632 actum,

2173 2681 2349 2735 neque
2378 2677 2503 2720 ante
2552 2664 2793 2729 missam,
2842 2677 3015 2733 neque
3053 2671 3173 2732 post
3223 2661 3475 2725 missam;
3513 2669 3570 2716 et
3601 2660 3759 2730 paulo

2174 2766 2297 2826 post
2321 2756 2522 2820 subdit,
2574 2754 2764 2811 eodem
2808 2754 2896 2810 die
2940 2757 3197 2810 domuum
3224 2769 3418 2825 papam
3446 2762 3503 2807 et
3530 2764 3759 2808 cmteros

2176 2844 2452 2899 Romanos
2478 2860 2579 2898 ova
2632 2844 2977 2911 manducare,
3017 2852 3073 2900 et
3121 2842 3491 2909 formaticum,
3551 2842 3609 2898 id
3678 2851 3761 2897 est

2176 2950 2414 2991 caseum.
2489 2936 2588 2990 PR.

2250 3028 2399 3099 (220)
2440 3022 2654 3083 Decima
2697 3029 2828 3083 hora
2860 3029 3055 3093 noctis,
3086 3038 3191 3085 etc.
3219 3026 3355 3083 lllud
3378 3023 3652 3083 sublatum
3680 3031 3763 3080 est

499 3133 700 3190 tur;et
739 3126 959 3187 chorus,
1001 3125 1127 3179 dum
1156 3095 1342 3179 Gloria
1395 3124 1449 3177 in
1497 3122 1714 3177 excelsis
1758 3121 1976 3187 dicitur,
2013 3121 2081 3175 ab
2106 3095 2153 3157 ί)
2183 3118 2238 3172 in
2260 3095 2516 3175 Ecclesia
2546 3119 2947 3189 Rotomagensi.

495 3213 748 3284 acolytbo
768 3212 1103 3269 incensatur.

570 3304 719 3376 (215)
758 3303 877 3358 Duo
908 3306 1114 3375 cappati
1144 3305 1198 3358 in
1220 3304 1421 3374 pulpito
1460 3304 1708 3371 Alleluia,
1741 3302 2081 3358 Conﬁtemini

494 3394 693 3450 celebre
728 3379 961 3449 cantent.
1007 3394 1199 3449 Joanni
1230 3405 1496 3450 consonat
1524 3393 1684 3448 Liber
1704 3392 1948 3447 ollicialis
1977 3407 2080 3446 ms.

501 3484 570 3539 ad
608 3500 765 3539 usum
802 3482 1058 3538 Ecclesiae
1108 3482 1544 3551 Rotomagensts.
1594 3482 1702 3538 Sed
1755 3483 1808 3536 in
1853 3479 2082 3536 ecclesia

498 3572 803 3629 catltedrali
857 3571 1086 3626 Alleluia
1137 3587 1260 3627 cum
1300 3587 1463 3626 versu
1509 3588 1539 3625 a
1570 3572 1779 3626 duobus
1809 3569 2084 3624 canonicis

500 3663 819 3719 cantoribus
864 3662 957 3732 qui
987 3663 1328 3718 cantaverint
1356 3661 1602 3716 litaniam
1631 3662 1685 3715 in
1716 3660 1901 3729 cappis
1932 3658 2086 3714 cani-

504 3765 595 3809 tur
623 3755 675 3809 in
703 3754 933 3825 pulpito,
964 3752 1054 3809 alii
1085 3753 1192 3809 duo
1241 3752 1490 3808 canonici
1521 3752 1587 3807 de
1635 3750 1824 3819 majori
1874 3765 2086 3819 quoque

504 3849 633 3904 sede
655 3849 839 3919 cappis
868 3846 1040 3901 induti
1065 3854 1294 3901 tractum
1325 3854 1451 3899 ante
1488 3844 1662 3898 altare
1698 3842 2002 3907 succinunt,
2034 3850 2087 3896 ct

505 3939 648 3995 lecto
677 3939 969 4010 Evangelio
994 3939 1046 3994 in
1078 3937 1385 3993 sacristiam
1416 3936 1695 3991 recedunt.

579 4031 727 4104 (2l6)
768 4030 1161 4086 Communicato
1192 4031 1329 4085 clero
1378 4040 1426 4084 et
1461 4029 1675 4100 papula.
1699 4027 2043 4085 Ordinarium
2072 4046 2085 4081 :

509 4120 916 4177 Communicatis
970 4122 1279 4193 presbyteris
1329 4132 1375 4176 ct
1422 4121 1542 4175 aliis
1583 4121 1769 4192 quibus
1812 4120 2085 4190 placuerit,

515 4215 756 4286 Vespera:
800 4215 873 4267 sic
926 4214 1277 4281 incipiantur;
1299 4221 1350 4267 et
1380 4210 1542 4267 Liber
1570 4211 1758 4268 ollicial
1781 4228 1806 4266 s
1832 4211 2088 4266 Rotoma-

509 4303 693 4374 gensis
740 4318 841 4357 ms.
872 4320 884 4356 :
913 4300 1309 4357 Communicato
1337 4302 1474 4357 clero
1496 4312 1544 4356 et
1566 4302 1773 4373 papula,
1797 4311 1901 4357 etc.
1934 4301 2093 4355 Mira-

2252 3209 2400 3281 (221)
2438 3209 2707 3264 Diaconus
2753 3211 3124 3265 dalmaticatus
3179 3208 3531 3280 evangelicum
3585 3209 3763 3264 lectio-

2186 3321 2302 3358 nem
2360 3307 2680 3374 pronuntiet.
2734 3305 2888 3361 Nunc
2940 3316 3220 3376 cappatus,
3276 3306 3556 3361 incensato
3587 3306 3761 3371 altari,

2182 3396 2526 3452 candelabris
2579 3405 2633 3452 et
2679 3396 2950 3453 tburibulo
2977 3397 3422 3468 praecedentibus,
3449 3397 3762 3466 pronuntiat

2184 3485 2552 3554 Evangelium.

2258 3576 2407 3648 (222)
2448 3576 2860 3649 Unumquodque
2911 3578 3291 3647 responsorium
3338 3595 3372 3631 a
3404 3577 3541 3631 binis
3561 3577 3763 3631 clericis

2185 3667 2386 3721 indutis
2445 3678 2702 3721 cantetur.
2756 3667 2913 3739 14],
2964 3667 3022 3721 ln
3074 3666 3315 3722 Ecclesia
3380 3666 3765 3737 llotomagensi

2186 3755 2347 3814 hodie
2392 3756 2625 3828 primum
2682 3766 2737 3812 et
2781 3758 3074 3813 secundum
3122 3771 3368 3825 respons.
3424 3772 3456 3810 a
3507 3757 3685 3810 tribus
3714 3756 3765 3809 in

2187 3850 2374 3920 cappis
2416 3859 2699 3913 canuntur,
2730 3849 2946 3903 tertium
2968 3862 3098 3902 vero
3145 3863 3175 3901 a
3204 3856 3438 3917 quatuor
3459 3847 3553 3916 qui
3586 3856 3771 3902 canta-

2188 3945 2368 3998 verint
2404 3942 2788 4007 invitatoriam,
2832 3943 2975 4012 quod
3027 3942 3078 3996 in
3128 3940 3281 3997 festis
3308 3942 3615 4012 triplicibus
3642 3954 3771 3998 tem-

2189 4036 2334 4105 poris
2363 4035 2628 4103 paschalis
2667 4030 3006 4088 Observatur.

2262 4124 2408 4195 (225)
2455 4124 2577 4178 Post
2618 4127 2826 4178 tertium
2856 4126 3237 4195 responsorium
3283 4125 3505 4196 oﬂicium
3548 4127 3774 4197 sepulcri

2192 4216 2495 4269 celebretur.
2524 4215 2598 4269 De
2630 4213 2805 4270 cilicio
2850 4216 3079 4286 sepulcri
3136 4216 3255 4271 fuse
3283 4217 3501 4272 disserit
3534 4217 3773 4275 Joannes

2192 4304 2464 4369 Belethus,
2490 4304 2580 4358 lib.
2608 4305 2681 4359 De
2700 4305 2805 4359 div.
2822 4304 2941 4361 ollic
2971 4346 2986 4372 ,
3003 4323 3054 4361 c.
3081 4306 3203 4372 “‘5,
3219 4306 3446 4362 etGuill.
3466 4308 3772 4374 Durandus,

510 4408 636 4447 mur
672 4391 956 4447 nonnullos
995 4392 1327 4447 recentiores
1359 4407 1388 4445 a
1416 4392 1635 4445 Patrum
1666 4391 1926 4445 institutis
1958 4389 2090 4444 adeo
2123 4424 2167 4480 ο
2196 4394 2286 4449 lib.
2326 4410 2401 4460 vi,
2457 4410 2509 4449 c.
2567 4394 2673 4460 87;
2704 4402 2757 4448 et
2783 4397 3114 4451 concordant
3155 4413 3278 4452 cum
3319 4409 3509 4454 nostro
3540 4392 3774 4469 sepulcri

513 4483 833 4547 abhorrere.
910 4490 972 4536 ut
1058 4497 1268 4537 sacram
1350 4483 1783 4537 communionem
1871 4482 1924 4535 in
1991 4482 2092 4534 h.c
2192 4485 2389 4547 cilicio,
2423 4487 2565 4555 quod
2616 4487 2798 4542 videas
2826 4488 2878 4542 in
2936 4488 3043 4545 line
3091 4501 3215 4559 post
3265 4500 3478 4547 nostras
3514 4494 3777 4550 observa-

516 4572 704 4632 missa,
728 4572 871 4642 quod
911 4581 1173 4628 nocturna
1204 4574 1292 4639 sit,
1323 4574 1516 4644 papula
1544 4573 1660 4652 dari
1694 4589 1797 4628 non
1842 4573 2088 4642 probent.

511 4663 677 4721 Certe
710 4664 959 4734 religiosa
989 4665 1076 4720 illa
1101 4669 1452 4732 consuetudo,
1476 4667 1518 4721 si
1552 4666 1659 4721 alio
1688 4680 1921 4733 unquam
1953 4675 2092 4719 tem-

513 4768 671 4825 pore,
702 4755 806 4810 bac
843 4755 1178 4826 potissimum
1233 4767 1393 4812 nocte
1435 4757 1767 4812 observanda
1842 4755 2091 4820 videtur,

518 4862 625 4919 qua
651 4847 937 4917 mysticum
968 4847 1399 4903 Christianorum
1427 4846 1632 4902 Pascha
1677 4847 1893 4901 colitur.
1926 4845 2023 4900 Ps.

596 4939 756 5016 140
792 4938 944 5005 Quod
986 4936 1266 5004 Rabanus,
1300 4940 1377 4993 De
1407 4940 1634 4993 institut.
1669 4937 2012 5000 clericorum,
2060 4935 2095 4988 1.

518 5046 585 5093 ιι,
616 5046 664 5086 c.
714 5029 803 5093 58,
838 5043 943 5082 non
995 5028 1168 5082 solum
1225 5029 1476 5081 omnibus
1510 5027 1740 5090 licitum,
1791 5024 1884 5079 sed
1932 5024 2097 5078 etiam

2195 4576 2390 4629 tiones.

2265 4661 2412 4733 (224)
2450 4660 2630 4716 Finita
2657 4666 2909 4720 oratione.
2940 4665 3040 4721 Hic
3092 4667 3375 4722 inserenda
3403 4668 3624 4724 videtur
3652 4684 3779 4740 pro-

2196 4752 2370 4805 cessio
2403 4752 2468 4805 ad
2493 4751 2831 4816 cruciﬁxum,
2864 4769 3022 4824 quam
3063 4756 3256 4810 mirum
3289 4757 3394 4811 hac
3416 4757 3505 4823 die
3539 4759 3625 4814 vel
3654 4770 3780 4815 tunc

2200 4842 2251 4896 in
2283 4859 2381 4897 usu
2438 4858 2544 4896 non
2574 4842 2760 4910 fuisse,
2794 4846 2878 4901 vel
2902 4857 3046 4903 certe
3079 4863 3109 4902 a
3137 4847 3366 4915 Joanne,
3396 4849 3487 4919 qui
3518 4852 3777 4907 similium

2199 4932 2266 4985 ad
2309 4941 2594 5000 sequentes
2624 4934 2738 4989 dies
2801 4937 3065 5004 meminit,
3153 4939 3596 5007 prmtermissam.
3650 4943 3778 4996 Eam

2201 5021 2459 5078 describit
2477 5023 2846 5096 Ordinarium,
2869 5029 3131 5099 docetque
3147 5031 3371 5086 solemni
3400 5032 3780 5091 benedictione
