  <div class='ocr_page' id='page_1' title='image "/cluster/home/n/w/nwhite01/storage/ocr_20150623/147/hvd.32044010574002/058.png"; bbox 0 0 4016 5386; ppageno 0'>
   <div class='ocr_carea' id='block_1_1' title="bbox 168 329 260 386">
    <p class='ocr_par' dir='ltr' id='par_1_1' title="bbox 168 329 260 386">
     <span class='ocr_line' id='line_1_1' title="bbox 168 329 260 386; baseline -0.043 0"><span class='ocrx_word' id='word_1_1' title='bbox 168 331 188 386; x_wconf 83' lang='lat' dir='ltr'><strong><em>l</em></strong></span> <span class='ocrx_word' id='word_1_2' title='bbox 201 329 260 383; x_wconf 71' lang='lat'><strong><em>05</em></strong></span> 
     </span>
    </p>
   </div>
   <div class='ocr_carea' id='block_1_2' title="bbox 1034 331 2354 392">
    <p class='ocr_par' dir='ltr' id='par_1_2' title="bbox 1034 331 2354 392">
     <span class='ocr_line' id='line_1_2' title="bbox 1034 331 2354 392; baseline 0.005 -8"><span class='ocrx_word' id='word_1_3' title='bbox 1034 331 1240 387; x_wconf 72' lang='grc' dir='ltr'><strong><em>ΝΟΤᾸΞ</em></strong></span> <span class='ocrx_word' id='word_1_4' title='bbox 1279 334 1368 387; x_wconf 72' lang='lat' dir='ltr'><strong><em>AD</em></strong></span> <span class='ocrx_word' id='word_1_5' title='bbox 1407 332 1661 387; x_wconf 66' lang='grc' dir='ltr'><strong><em>ιιιίηιῑκ</em></strong></span> <span class='ocrx_word' id='word_1_6' title='bbox 1706 331 1790 384; x_wconf 58' lang='lat' dir='ltr'><strong><em>Di&quot;.</em></strong></span> <span class='ocrx_word' id='word_1_7' title='bbox 1819 333 2033 389; x_wconf 70' lang='lat' dir='ltr'><strong><em>OFFlC.</em></strong></span> <span class='ocrx_word' id='word_1_8' title='bbox 2077 337 2354 392; x_wconf 72' lang='lat' dir='ltr'><strong><em>ECCLES.</em></strong></span> 
     </span>
    </p>
   </div>
   <div class='ocr_carea' id='block_1_3' title="bbox 3304 346 3403 399">
    <p class='ocr_par' dir='ltr' id='par_1_3' title="bbox 3304 346 3403 399">
     <span class='ocr_line' id='line_1_3' title="bbox 3304 346 3403 399; baseline 0.01 -1"><span class='ocrx_word' id='word_1_9' title='bbox 3304 346 3403 399; x_wconf 76' lang='grc'><strong><em>106</em></strong></span> 
     </span>
    </p>
   </div>
   <div class='ocr_carea' id='block_1_4' title="bbox 218 447 3406 535">
    <p class='ocr_par' dir='ltr' id='par_1_4' title="bbox 218 447 3406 535">
     <span class='ocr_line' id='line_1_4' title="bbox 218 447 3406 535; baseline 0.012 -58"><span class='ocrx_word' id='word_1_10' title='bbox 218 462 356 530; x_wconf 50' lang='lat'><strong><em>(2.23).)</em></strong></span> <span class='ocrx_word' id='word_1_11' title='bbox 399 459 529 515; x_wconf 61' lang='lat' dir='ltr'><strong><em>po“</em></strong></span> <span class='ocrx_word' id='word_1_12' title='bbox 575 461 880 531; x_wconf 44' lang='lat' dir='ltr'><strong><em>cam-“lum.</em></strong></span> <span class='ocrx_word' id='word_1_13' title='bbox 946 463 1037 518; x_wconf 64' lang='lat' dir='ltr'><strong><em>Sic</em></strong></span> <span class='ocrx_word' id='word_1_14' title='bbox 1096 480 1309 535; x_wconf 63' lang='lat' dir='ltr'><strong><em>quoque</em></strong></span> <span class='ocrx_word' id='word_1_15' title='bbox 1367 463 1713 521; x_wconf 60' lang='lat' dir='ltr'><strong><em>ordinarium</em></strong></span> <span class='ocrx_word' id='word_1_16' title='bbox 1747 450 1787 504; x_wconf 79' lang='grc' dir='ltr'><strong>Α</strong></span> <span class='ocrx_word' id='word_1_17' title='bbox 1821 448 1924 499; x_wconf 89' lang='lat' dir='ltr'><strong><em>ina</em></strong></span> <span class='ocrx_word' id='word_1_18' title='bbox 1952 447 2242 512; x_wconf 78' lang='lat' dir='ltr'><strong><em>’jntorium.</em></strong></span> <span class='ocrx_word' id='word_1_19' title='bbox 2267 453 2356 504; x_wconf 86' lang='lat' dir='ltr'><strong><em>sed</em></strong></span> <span class='ocrx_word' id='word_1_20' title='bbox 2378 453 2514 506; x_wconf 82' lang='lat' dir='ltr'><strong><em>dicto</em></strong></span> <span class='ocrx_word' id='word_1_21' title='bbox 2540 452 2700 508; x_wconf 81' lang='lat' dir='ltr'><strong><em>Pater</em></strong></span> <span class='ocrx_word' id='word_1_22' title='bbox 2724 462 2926 519; x_wconf 88' lang='lat' dir='ltr'><strong><em>noster,</em></strong></span> <span class='ocrx_word' id='word_1_23' title='bbox 2951 456 3024 509; x_wconf 93' lang='lat' dir='ltr'><strong><em>sic</em></strong></span> <span class='ocrx_word' id='word_1_24' title='bbox 3047 457 3406 528; x_wconf 75' lang='lat' dir='ltr'><strong><em>incipiantur:</em></strong></span> 
     </span>
    </p>
   </div>
   <div class='ocr_carea' id='block_1_5' title="bbox 156 551 1718 626">
    <p class='ocr_par' dir='ltr' id='par_1_5' title="bbox 156 551 1718 626">
     <span class='ocr_line' id='line_1_5' title="bbox 156 551 1718 626; baseline 0.002 -22"><span class='ocrx_word' id='word_1_25' title='bbox 156 552 543 620; x_wconf 66' lang='lat' dir='ltr'><strong><em>Rotomagense</em></strong></span> <span class='ocrx_word' id='word_1_26' title='bbox 591 567 691 605; x_wconf 80' lang='lat' dir='ltr'><strong><em>tus.</em></strong></span> <span class='ocrx_word' id='word_1_27' title='bbox 742 551 938 606; x_wconf 86' lang='lat' dir='ltr'><strong><em>Dehinc</em></strong></span> <span class='ocrx_word' id='word_1_28' title='bbox 980 555 1033 606; x_wconf 89' lang='lat' dir='ltr'><strong><em>in</em></strong></span> <span class='ocrx_word' id='word_1_29' title='bbox 1057 557 1305 624; x_wconf 88' lang='lat' dir='ltr'><strong><em>capitulo,</em></strong></span> <span class='ocrx_word' id='word_1_30' title='bbox 1336 569 1382 610; x_wconf 91' lang='lat' dir='ltr'><strong><em>et</em></strong></span> <span class='ocrx_word' id='word_1_31' title='bbox 1415 558 1489 610; x_wconf 84' lang='lat' dir='ltr'><strong><em>ibi</em></strong></span> <span class='ocrx_word' id='word_1_32' title='bbox 1515 556 1718 626; x_wconf 72' lang='lat' dir='ltr'><strong><em>legatur</em></strong></span> 
     </span>
    </p>
   </div>
   <div class='ocr_carea' id='block_1_6' title="bbox 155 639 1717 716">
    <p class='ocr_par' dir='ltr' id='par_1_6' title="bbox 155 639 1717 716">
     <span class='ocr_line' id='line_1_6' title="bbox 155 639 1717 716; baseline 0.004 -24"><span class='ocrx_word' id='word_1_33' title='bbox 155 642 290 694; x_wconf 86' lang='lat' dir='ltr'><strong><em>lectio</em></strong></span> <span class='ocrx_word' id='word_1_34' title='bbox 318 642 381 693; x_wconf 83' lang='lat' dir='ltr'><strong><em>de</em></strong></span> <span class='ocrx_word' id='word_1_35' title='bbox 412 639 794 710; x_wconf 70' lang='lat' dir='ltr'><strong><em>Hartyrologio</em></strong></span> <span class='ocrx_word' id='word_1_36' title='bbox 833 642 896 695; x_wconf 91' lang='lat' dir='ltr'><strong><em>ab</em></strong></span> <span class='ocrx_word' id='word_1_37' title='bbox 926 659 1027 696; x_wconf 89' lang='lat' dir='ltr'><strong><em>uno</em></strong></span> <span class='ocrx_word' id='word_1_38' title='bbox 1073 661 1254 712; x_wconf 90' lang='lat' dir='ltr'><strong><em>puero,</em></strong></span> <span class='ocrx_word' id='word_1_39' title='bbox 1311 657 1358 700; x_wconf 88' lang='lat' dir='ltr'><strong><em>et</em></strong></span> <span class='ocrx_word' id='word_1_40' title='bbox 1415 647 1717 716; x_wconf 52' lang='lat' dir='ltr'><strong><em>sequatur?</em></strong></span> 
     </span>
    </p>
   </div>
   <div class='ocr_carea' id='block_1_7' title="bbox 154 730 1718 801">
    <p class='ocr_par' dir='ltr' id='par_1_7' title="bbox 154 730 1718 801">
     <span class='ocr_line' id='line_1_7' title="bbox 154 730 1718 801; baseline 0.005 -18"><span class='ocrx_word' id='word_1_41' title='bbox 154 730 375 785; x_wconf 80' lang='lat' dir='ltr'><strong><em>Pretiosa</em></strong></span> <span class='ocrx_word' id='word_1_42' title='bbox 423 739 510 784; x_wconf 78' lang='lat' dir='ltr'><strong><em>est</em></strong></span> <span class='ocrx_word' id='word_1_43' title='bbox 557 731 609 785; x_wconf 93' lang='lat' dir='ltr'><strong><em>in</em></strong></span> <span class='ocrx_word' id='word_1_44' title='bbox 664 743 955 801; x_wconf 87' lang='lat' dir='ltr'><strong><em>conspectu</em></strong></span> <span class='ocrx_word' id='word_1_45' title='bbox 997 736 1229 792; x_wconf 85' lang='lat' dir='ltr'><strong><em>Domini.</em></strong></span> <span class='ocrx_word' id='word_1_46' title='bbox 1282 736 1464 792; x_wconf 92' lang='lat' dir='ltr'><strong><em>Oratio</em></strong></span> <span class='ocrx_word' id='word_1_47' title='bbox 1519 739 1718 792; x_wconf 88' lang='lat' dir='ltr'><strong><em>Sancta</em></strong></span> 
     </span>
    </p>
   </div>
   <div class='ocr_carea' id='block_1_8' title="bbox 156 821 1719 892">
    <p class='ocr_par' dir='ltr' id='par_1_8' title="bbox 156 821 1719 892">
     <span class='ocr_line' id='line_1_8' title="bbox 156 821 1719 892; baseline 0.004 -18"><span class='ocrx_word' id='word_1_48' title='bbox 156 822 326 886; x_wconf 76' lang='lat' dir='ltr'><strong><em>Maria,</em></strong></span> <span class='ocrx_word' id='word_1_49' title='bbox 378 821 465 876; x_wconf 88' lang='lat' dir='ltr'><strong><em>isti</em></strong></span> <span class='ocrx_word' id='word_1_50' title='bbox 504 823 699 888; x_wconf 88' lang='lat' dir='ltr'><strong><em>sancti,</em></strong></span> <span class='ocrx_word' id='word_1_51' title='bbox 755 834 808 878; x_wconf 90' lang='lat' dir='ltr'><strong><em>et</em></strong></span> <span class='ocrx_word' id='word_1_52' title='bbox 870 840 1060 881; x_wconf 86' lang='lat' dir='ltr'><strong><em>omnes</em></strong></span> <span class='ocrx_word' id='word_1_53' title='bbox 1102 827 1220 892; x_wconf 85' lang='lat' dir='ltr'><strong>alii,</strong></span> <span class='ocrx_word' id='word_1_54' title='bbox 1271 838 1370 882; x_wconf 86' lang='lat' dir='ltr'><strong><em>etc.</em></strong></span> <span class='ocrx_word' id='word_1_55' title='bbox 1407 829 1507 884; x_wconf 84' lang='lat' dir='ltr'><strong><em>Per</em></strong></span> <span class='ocrx_word' id='word_1_56' title='bbox 1537 828 1719 882; x_wconf 82' lang='lat' dir='ltr'><strong>omnia</strong></span> 
     </span>
    </p>
   </div>
   <div class='ocr_carea' id='block_1_9' title="bbox 155 913 1720 990">
    <p class='ocr_par' dir='ltr' id='par_1_9' title="bbox 155 913 1720 990">
     <span class='ocr_line' id='line_1_9' title="bbox 155 913 1720 990; baseline 0.002 -23"><span class='ocrx_word' id='word_1_57' title='bbox 155 913 330 967; x_wconf 66' lang='lat' dir='ltr'><strong><em>sucula</em></strong></span> <span class='ocrx_word' id='word_1_58' title='bbox 378 914 720 968; x_wconf 75' lang='lat' dir='ltr'><strong><em>szeculorum.</em></strong></span> <span class='ocrx_word' id='word_1_59' title='bbox 776 916 969 971; x_wconf 87' lang='lat' dir='ltr'><strong><em>Amen.</em></strong></span> <span class='ocrx_word' id='word_1_60' title='bbox 1021 916 1150 971; x_wconf 86' lang='lat' dir='ltr'><strong><em>Tum</em></strong></span> <span class='ocrx_word' id='word_1_61' title='bbox 1205 931 1382 988; x_wconf 85' lang='lat' dir='ltr'><strong><em>postea</em></strong></span> <span class='ocrx_word' id='word_1_62' title='bbox 1423 921 1628 990; x_wconf 86' lang='lat' dir='ltr'><strong><em>legatur</em></strong></span> <span class='ocrx_word' id='word_1_63' title='bbox 1655 918 1720 971; x_wconf 90' lang='lat' dir='ltr'><strong><em>ab</em></strong></span> 
     </span>
    </p>
   </div>
   <div class='ocr_carea' id='block_1_10' title="bbox 153 1004 1518 1081">
    <p class='ocr_par' dir='ltr' id='par_1_10' title="bbox 153 1004 1518 1081">
     <span class='ocr_line' id='line_1_10' title="bbox 153 1004 1518 1081; baseline 0.007 -26"><span class='ocrx_word' id='word_1_64' title='bbox 153 1020 244 1056; x_wconf 85' lang='lat' dir='ltr'><strong><em>uno</em></strong></span> <span class='ocrx_word' id='word_1_65' title='bbox 271 1004 520 1057; x_wconf 85' lang='lat' dir='ltr'><strong><em>canonico</em></strong></span> <span class='ocrx_word' id='word_1_66' title='bbox 549 1006 770 1060; x_wconf 80' lang='lat' dir='ltr'><strong><em>diacono</em></strong></span> <span class='ocrx_word' id='word_1_67' title='bbox 800 1007 864 1060; x_wconf 88' lang='lat' dir='ltr'><strong><em>de</em></strong></span> <span class='ocrx_word' id='word_1_68' title='bbox 905 1010 1220 1076; x_wconf 60' lang='lat' dir='ltr'><strong><em>expositione</em></strong></span> <span class='ocrx_word' id='word_1_69' title='bbox 1242 1007 1518 1081; x_wconf 75' lang='lat' dir='ltr'><strong><em>Evangelii</em></strong></span> 
     </span>
    </p>
   </div>
   <div class='ocr_carea' id='block_1_11' title="bbox 213 1092 1718 1167">
    <p class='ocr_par' dir='ltr' id='par_1_11' title="bbox 213 1092 1718 1167">
     <span class='ocr_line' id='line_1_11' title="bbox 213 1092 1718 1167; baseline 0.008 -21"><span class='ocrx_word' id='word_1_70' title='bbox 213 1093 350 1161; x_wconf 70' lang='lat'><strong><em>(226)</em></strong></span> <span class='ocrx_word' id='word_1_71' title='bbox 412 1092 590 1147; x_wconf 87' lang='lat' dir='ltr'><strong><em>Tertia</em></strong></span> <span class='ocrx_word' id='word_1_72' title='bbox 649 1105 865 1149; x_wconf 88' lang='lat' dir='ltr'><strong><em>cantata</em></strong></span> <span class='ocrx_word' id='word_1_73' title='bbox 934 1100 1196 1166; x_wconf 87' lang='lat' dir='ltr'><strong><em>processio</em></strong></span> <span class='ocrx_word' id='word_1_74' title='bbox 1259 1118 1352 1167; x_wconf 89' lang='lat' dir='ltr'><strong><em>per</em></strong></span> <span class='ocrx_word' id='word_1_75' title='bbox 1405 1101 1718 1158; x_wconf 72' lang='lat' dir='ltr'><strong><em>claustrum.</em></strong></span> 
     </span>
    </p>
   </div>
   <div class='ocr_carea' id='block_1_12' title="bbox 153 1180 1722 1264">
    <p class='ocr_par' dir='ltr' id='par_1_12' title="bbox 153 1180 1722 1264">
     <span class='ocr_line' id='line_1_12' title="bbox 153 1180 1722 1264; baseline 0.01 -30"><span class='ocrx_word' id='word_1_76' title='bbox 153 1180 548 1236; x_wconf 85' lang='lat' dir='ltr'><strong><em>Processionem</em></strong></span> <span class='ocrx_word' id='word_1_77' title='bbox 575 1185 654 1238; x_wconf 91' lang='lat' dir='ltr'><strong><em>sic</em></strong></span> <span class='ocrx_word' id='word_1_78' title='bbox 688 1185 924 1254; x_wconf 84' lang='lat' dir='ltr'><strong><em>disponit</em></strong></span> <span class='ocrx_word' id='word_1_79' title='bbox 954 1185 1301 1243; x_wconf 79' lang='lat' dir='ltr'><strong><em>Onlinarium</em></strong></span> <span class='ocrx_word' id='word_1_80' title='bbox 1327 1190 1722 1264; x_wconf 76' lang='lat' dir='ltr'><strong><em>Rotomagense</em></strong></span> 
     </span>
    </p>
   </div>
   <div class='ocr_carea' id='block_1_13' title="bbox 155 1273 1721 1350">
    <p class='ocr_par' dir='ltr' id='par_1_13' title="bbox 155 1273 1721 1350">
     <span class='ocr_line' id='line_1_13' title="bbox 155 1273 1721 1350; baseline 0.008 -24"><span class='ocrx_word' id='word_1_81' title='bbox 155 1288 244 1326; x_wconf 85' lang='lat' dir='ltr'><strong><em>ms.</em></strong></span> <span class='ocrx_word' id='word_1_82' title='bbox 273 1273 517 1342; x_wconf 72' lang='lat' dir='ltr'><strong><em>Sequitur</em></strong></span> <span class='ocrx_word' id='word_1_83' title='bbox 543 1278 806 1339; x_wconf 71' lang='lat' dir='ltr'><strong><em>processio</em></strong></span> <span class='ocrx_word' id='word_1_84' title='bbox 835 1294 928 1344; x_wconf 89' lang='lat' dir='ltr'><strong><em>per</em></strong></span> <span class='ocrx_word' id='word_1_85' title='bbox 949 1279 1141 1332; x_wconf 90' lang='lat' dir='ltr'><strong><em>atrium</em></strong></span> <span class='ocrx_word' id='word_1_86' title='bbox 1166 1280 1220 1334; x_wconf 85' lang='lat' dir='ltr'><strong><em>in</em></strong></span> <span class='ocrx_word' id='word_1_87' title='bbox 1254 1283 1451 1350; x_wconf 87' lang='lat' dir='ltr'><strong><em>cappis,</em></strong></span> <span class='ocrx_word' id='word_1_88' title='bbox 1476 1285 1721 1338; x_wconf 72' lang='lat' dir='ltr'><strong><em>sacerdos</em></strong></span> 
     </span>
    </p>
   </div>
   <div class='ocr_carea' id='block_1_14' title="bbox 153 1363 1720 1431">
    <p class='ocr_par' dir='ltr' id='par_1_14' title="bbox 153 1363 1720 1431">
     <span class='ocr_line' id='line_1_14' title="bbox 153 1363 1720 1431; baseline 0.008 -16"><span class='ocrx_word' id='word_1_89' title='bbox 153 1372 194 1416; x_wconf 89' lang='lat' dir='ltr'><strong><em>et</em></strong></span> <span class='ocrx_word' id='word_1_90' title='bbox 213 1363 448 1417; x_wconf 87' lang='lat' dir='ltr'><strong><em>diaconus</em></strong></span> <span class='ocrx_word' id='word_1_91' title='bbox 491 1365 548 1416; x_wconf 82' lang='lat' dir='ltr'><strong><em>in</em></strong></span> <span class='ocrx_word' id='word_1_92' title='bbox 611 1365 778 1431; x_wconf 81' lang='lat' dir='ltr'><strong><em>Albis,</em></strong></span> <span class='ocrx_word' id='word_1_93' title='bbox 824 1378 870 1420; x_wconf 90' lang='lat' dir='ltr'><strong><em>et</em></strong></span> <span class='ocrx_word' id='word_1_94' title='bbox 899 1368 1245 1423; x_wconf 72' lang='lat' dir='ltr'><strong><em>subdiaconus</em></strong></span> <span class='ocrx_word' id='word_1_95' title='bbox 1267 1373 1503 1426; x_wconf 77' lang='lat' dir='ltr'><strong><em>tunicam</em></strong></span> <span class='ocrx_word' id='word_1_96' title='bbox 1535 1375 1720 1428; x_wconf 81' lang='lat' dir='ltr'><strong><em>habeat</em></strong></span> 
     </span>
    </p>
   </div>
   <div class='ocr_carea' id='block_1_15' title="bbox 154 1457 1718 1534">
    <p class='ocr_par' dir='ltr' id='par_1_15' title="bbox 154 1457 1718 1534">
     <span class='ocr_line' id='line_1_15' title="bbox 154 1457 1718 1534; baseline 0.008 -27"><span class='ocrx_word' id='word_1_97' title='bbox 154 1470 254 1507; x_wconf 77' lang='lat' dir='ltr'><strong><em>cum</em></strong></span> <span class='ocrx_word' id='word_1_98' title='bbox 280 1469 446 1518; x_wconf 82' lang='lat' dir='ltr'><strong><em>cruce,</em></strong></span> <span class='ocrx_word' id='word_1_99' title='bbox 504 1457 836 1512; x_wconf 87' lang='lat' dir='ltr'><strong><em>candelabris</em></strong></span> <span class='ocrx_word' id='word_1_100' title='bbox 887 1469 934 1512; x_wconf 88' lang='lat' dir='ltr'><strong><em>et</em></strong></span> <span class='ocrx_word' id='word_1_101' title='bbox 986 1461 1168 1528; x_wconf 81' lang='lat' dir='ltr'><strong><em>signis.</em></strong></span> <span class='ocrx_word' id='word_1_102' title='bbox 1216 1459 1412 1516; x_wconf 75' lang='lat' dir='ltr'><strong><em>Cantor</em></strong></span> <span class='ocrx_word' id='word_1_103' title='bbox 1454 1466 1718 1534; x_wconf 75' lang='lat' dir='ltr'><strong><em>incipiat:</em></strong></span> 
     </span>
    </p>
   </div>
   <div class='ocr_carea' id='block_1_16' title="bbox 156 1543 1719 1626">
    <p class='ocr_par' dir='ltr' id='par_1_16' title="bbox 156 1543 1719 1626">
     <span class='ocr_line' id='line_1_16' title="bbox 156 1543 1719 1626; baseline 0.008 -28"><span class='ocrx_word' id='word_1_104' title='bbox 156 1543 299 1598; x_wconf 73' lang='lat' dir='ltr'><strong><em>Maria</em></strong></span> <span class='ocrx_word' id='word_1_105' title='bbox 328 1545 643 1617; x_wconf 75' lang='lat' dir='ltr'><strong><em>blagda&#39;ene</em></strong></span> <span class='ocrx_word' id='word_1_106' title='bbox 668 1589 683 1608; x_wconf 90' lang='lat'><strong><em>,</em></strong></span> <span class='ocrx_word' id='word_1_107' title='bbox 733 1567 850 1603; x_wconf 91' lang='lat' dir='ltr'><strong><em>cum</em></strong></span> <span class='ocrx_word' id='word_1_108' title='bbox 874 1566 1023 1603; x_wconf 79' lang='lat' dir='ltr'><strong><em>rersu</em></strong></span> <span class='ocrx_word' id='word_1_109' title='bbox 1060 1562 1106 1605; x_wconf 90' lang='lat' dir='ltr'><strong><em>et</em></strong></span> <span class='ocrx_word' id='word_1_110' title='bbox 1133 1568 1404 1622; x_wconf 86' lang='lat' dir='ltr'><strong><em>regressu;</em></strong></span> <span class='ocrx_word' id='word_1_111' title='bbox 1430 1572 1529 1626; x_wconf 83' lang='lat' dir='ltr'><strong><em>quo</em></strong></span> <span class='ocrx_word' id='word_1_112' title='bbox 1567 1556 1719 1624; x_wconf 88' lang='lat' dir='ltr'><strong><em>ﬁnito</em></strong></span> 
     </span>
    </p>
   </div>
   <div class='ocr_carea' id='block_1_17' title="bbox 154 1636 1721 1716">
    <p class='ocr_par' dir='ltr' id='par_1_17' title="bbox 154 1636 1721 1716">
     <span class='ocr_line' id='line_1_17' title="bbox 154 1636 1721 1716; baseline 0.01 -30"><span class='ocrx_word' id='word_1_113' title='bbox 154 1645 242 1689; x_wconf 87' lang='lat' dir='ltr'><strong><em>tres</em></strong></span> <span class='ocrx_word' id='word_1_114' title='bbox 273 1636 332 1688; x_wconf 89' lang='lat' dir='ltr'><strong><em>de</em></strong></span> <span class='ocrx_word' id='word_1_115' title='bbox 359 1637 554 1706; x_wconf 81' lang='lat' dir='ltr'><strong><em>majori</em></strong></span> <span class='ocrx_word' id='word_1_116' title='bbox 578 1638 699 1691; x_wconf 88' lang='lat' dir='ltr'><strong><em>sede</em></strong></span> <span class='ocrx_word' id='word_1_117' title='bbox 735 1649 940 1694; x_wconf 86' lang='lat' dir='ltr'><strong><em>cantent</em></strong></span> <span class='ocrx_word' id='word_1_118' title='bbox 965 1657 983 1693; x_wconf 90' lang='lat'><strong><em>:</em></strong></span> <span class='ocrx_word' id='word_1_119' title='bbox 1013 1640 1192 1706; x_wconf 76' lang='lat' dir='ltr'><strong><em>Salve,</em></strong></span> <span class='ocrx_word' id='word_1_120' title='bbox 1220 1643 1357 1698; x_wconf 81' lang='lat' dir='ltr'><strong><em>festa</em></strong></span> <span class='ocrx_word' id='word_1_121' title='bbox 1392 1645 1527 1710; x_wconf 87' lang='lat' dir='ltr'><strong><em>dies,</em></strong></span> <span class='ocrx_word' id='word_1_122' title='bbox 1560 1663 1721 1716; x_wconf 86' lang='lat' dir='ltr'><strong><em>usque</em></strong></span> 
     </span>
    </p>
   </div>
   <div class='ocr_carea' id='block_1_18' title="bbox 154 1727 1715 1806">
    <p class='ocr_par' dir='ltr' id='par_1_18' title="bbox 154 1727 1715 1806">
     <span class='ocr_line' id='line_1_18' title="bbox 154 1727 1715 1806; baseline 0.01 -27"><span class='ocrx_word' id='word_1_123' title='bbox 154 1727 512 1782; x_wconf 85' lang='lat' dir='ltr'><strong><em>adstationem.</em></strong></span> <span class='ocrx_word' id='word_1_124' title='bbox 556 1729 619 1783; x_wconf 90' lang='lat' dir='ltr'><strong><em>In</em></strong></span> <span class='ocrx_word' id='word_1_125' title='bbox 643 1732 864 1785; x_wconf 84' lang='lat' dir='ltr'><strong><em>statione</em></strong></span> <span class='ocrx_word' id='word_1_126' title='bbox 885 1743 1070 1787; x_wconf 89' lang='lat' dir='ltr'><strong><em>cantor</em></strong></span> <span class='ocrx_word' id='word_1_127' title='bbox 1120 1735 1333 1804; x_wconf 85' lang='lat' dir='ltr'><strong><em>incipiat</em></strong></span> <span class='ocrx_word' id='word_1_128' title='bbox 1357 1737 1394 1806; x_wconf 65' lang='grc' dir='ltr'><strong><em>ἡ</em></strong></span> <span class='ocrx_word' id='word_1_129' title='bbox 1426 1736 1577 1792; x_wconf 86' lang='lat' dir='ltr'><strong><em>Sedit</em></strong></span> <span class='ocrx_word' id='word_1_130' title='bbox 1615 1755 1715 1794; x_wconf 86' lang='lat' dir='ltr'><strong><em>au-</em></strong></span> 
     </span>
    </p>
   </div>
   <div class='ocr_carea' id='block_1_19' title="bbox 153 1817 1716 1897">
    <p class='ocr_par' dir='ltr' id='par_1_19' title="bbox 153 1817 1716 1897">
     <span class='ocr_line' id='line_1_19' title="bbox 153 1817 1716 1897; baseline 0.008 -27"><span class='ocrx_word' id='word_1_131' title='bbox 153 1817 298 1887; x_wconf 73' lang='lat' dir='ltr'><strong><em>gelus.</em></strong></span> <span class='ocrx_word' id='word_1_132' title='bbox 344 1817 466 1872; x_wconf 87' lang='lat' dir='ltr'><strong><em>Tres</em></strong></span> <span class='ocrx_word' id='word_1_133' title='bbox 517 1819 586 1873; x_wconf 90' lang='lat' dir='ltr'><strong><em>de</em></strong></span> <span class='ocrx_word' id='word_1_134' title='bbox 636 1821 923 1889; x_wconf 78' lang='lat' dir='ltr'><strong><em>majoribus</em></strong></span> <span class='ocrx_word' id='word_1_135' title='bbox 962 1823 1129 1893; x_wconf 88' lang='lat' dir='ltr'><strong><em>(nunc</em></strong></span> <span class='ocrx_word' id='word_1_136' title='bbox 1148 1829 1395 1896; x_wconf 82' lang='lat' dir='ltr'><strong><em>quatuor)</em></strong></span> <span class='ocrx_word' id='word_1_137' title='bbox 1437 1827 1490 1881; x_wconf 90' lang='lat' dir='ltr'><strong><em>in</em></strong></span> <span class='ocrx_word' id='word_1_138' title='bbox 1517 1829 1716 1897; x_wconf 88' lang='lat' dir='ltr'><strong><em>pulpito</em></strong></span> 
     </span>
    </p>
   </div>
   <div class='ocr_carea' id='block_1_20' title="bbox 154 1908 1719 1989">
    <p class='ocr_par' dir='ltr' id='par_1_20' title="bbox 154 1908 1719 1989">
     <span class='ocr_line' id='line_1_20' title="bbox 154 1908 1719 1989; baseline 0.01 -30"><span class='ocrx_word' id='word_1_139' title='bbox 154 1909 179 1973; x_wconf 58' lang='grc' dir='ltr'><strong>ᾖ</strong></span> <span class='ocrx_word' id='word_1_140' title='bbox 220 1908 531 1964; x_wconf 76' lang='lat' dir='ltr'><strong><em>Cruciﬁxum</em></strong></span> <span class='ocrx_word' id='word_1_141' title='bbox 593 1911 644 1964; x_wconf 89' lang='lat' dir='ltr'><strong><em>in</em></strong></span> <span class='ocrx_word' id='word_1_142' title='bbox 688 1928 850 1968; x_wconf 83' lang='lat' dir='ltr'><strong><em>cruce</em></strong></span> <span class='ocrx_word' id='word_1_143' title='bbox 879 1912 998 1984; x_wconf 79' lang='lat' dir='ltr'><strong><em>[al.,</em></strong></span> <span class='ocrx_word' id='word_1_144' title='bbox 1039 1917 1248 1989; x_wconf 81' lang='lat' dir='ltr'><strong><em>carne].</em></strong></span> <span class='ocrx_word' id='word_1_145' title='bbox 1287 1915 1482 1974; x_wconf 83' lang='lat' dir='ltr'><strong><em>Nolite.</em></strong></span> <span class='ocrx_word' id='word_1_146' title='bbox 1512 1919 1595 1974; x_wconf 83' lang='lat' dir='ltr'><strong><em>Ad</em></strong></span> <span class='ocrx_word' id='word_1_147' title='bbox 1637 1922 1719 1975; x_wconf 89' lang='lat' dir='ltr'><strong><em>in-</em></strong></span> 
     </span>
    </p>
   </div>
   <div class='ocr_carea' id='block_1_21' title="bbox 154 1998 1716 2081">
    <p class='ocr_par' dir='ltr' id='par_1_21' title="bbox 154 1998 1716 2081">
     <span class='ocr_line' id='line_1_21' title="bbox 154 1998 1716 2081; baseline 0.012 -32"><span class='ocrx_word' id='word_1_148' title='bbox 154 1998 335 2052; x_wconf 83' lang='lat' dir='ltr'><strong><em>troitum</em></strong></span> <span class='ocrx_word' id='word_1_149' title='bbox 373 2001 518 2053; x_wconf 86' lang='lat' dir='ltr'><strong><em>chori</em></strong></span> <span class='ocrx_word' id='word_1_150' title='bbox 541 2002 787 2056; x_wconf 86' lang='lat' dir='ltr'><strong><em>dominus</em></strong></span> <span class='ocrx_word' id='word_1_151' title='bbox 821 2005 1256 2076; x_wconf 88' lang='lat' dir='ltr'><strong><em>archiepiscopus,</em></strong></span> <span class='ocrx_word' id='word_1_152' title='bbox 1283 2009 1328 2063; x_wconf 91' lang='lat' dir='ltr'><strong><em>si</em></strong></span> <span class='ocrx_word' id='word_1_153' title='bbox 1355 2027 1582 2078; x_wconf 77' lang='lat' dir='ltr'><strong><em>prtesens</em></strong></span> <span class='ocrx_word' id='word_1_154' title='bbox 1602 2012 1716 2081; x_wconf 80' lang='lat' dir='ltr'><strong><em>[uc-</em></strong></span> 
     </span>
    </p>
   </div>
   <div class='ocr_carea' id='block_1_22' title="bbox 156 2088 1715 2171">
    <p class='ocr_par' dir='ltr' id='par_1_22' title="bbox 156 2088 1715 2171">
     <span class='ocr_line' id='line_1_22' title="bbox 156 2088 1715 2171; baseline 0.013 -34"><span class='ocrx_word' id='word_1_155' title='bbox 156 2088 228 2150; x_wconf 83' lang='lat' dir='ltr'><strong><em>rit,</em></strong></span> <span class='ocrx_word' id='word_1_156' title='bbox 249 2089 287 2139; x_wconf 81' lang='lat' dir='ltr'><strong><em>si</em></strong></span> <span class='ocrx_word' id='word_1_157' title='bbox 310 2105 428 2152; x_wconf 88' lang='lat' dir='ltr'><strong><em>non,</em></strong></span> <span class='ocrx_word' id='word_1_158' title='bbox 458 2101 670 2154; x_wconf 83' lang='lat' dir='ltr'><strong><em>cantor,</em></strong></span> <span class='ocrx_word' id='word_1_159' title='bbox 705 2093 920 2162; x_wconf 81' lang='lat' dir='ltr'><strong><em>incipiat</em></strong></span> <span class='ocrx_word' id='word_1_160' title='bbox 948 2107 967 2146; x_wconf 91' lang='lat'><strong><em>:</em></strong></span> <span class='ocrx_word' id='word_1_161' title='bbox 991 2095 1240 2153; x_wconf 81' lang='lat' dir='ltr'><strong><em>Christus</em></strong></span> <span class='ocrx_word' id='word_1_162' title='bbox 1269 2113 1575 2171; x_wconf 70' lang='lat' dir='ltr'><strong><em>resurgens,</em></strong></span> <span class='ocrx_word' id='word_1_163' title='bbox 1598 2119 1715 2157; x_wconf 86' lang='lat' dir='ltr'><strong><em>cum</em></strong></span> 
     </span>
    </p>
   </div>
   <div class='ocr_carea' id='block_1_23' title="bbox 157 2178 1718 2263">
    <p class='ocr_par' dir='ltr' id='par_1_23' title="bbox 157 2178 1718 2263">
     <span class='ocr_line' id='line_1_23' title="bbox 157 2178 1718 2263; baseline 0.011 -33"><span class='ocrx_word' id='word_1_164' title='bbox 157 2178 180 2244; x_wconf 55' lang='grc' dir='ltr'>ᾖ</span> <span class='ocrx_word' id='word_1_165' title='bbox 213 2178 268 2263; x_wconf 10' lang='grc' dir='ltr'><strong><em>γι)</em></strong></span> <span class='ocrx_word' id='word_1_166' title='bbox 290 2189 406 2233; x_wconf 88' lang='lat' dir='ltr'><strong><em>cant</em></strong></span> <span class='ocrx_word' id='word_1_167' title='bbox 431 2197 578 2236; x_wconf 92' lang='lat' dir='ltr'><strong><em>nunc</em></strong></span> <span class='ocrx_word' id='word_1_168' title='bbox 605 2180 811 2248; x_wconf 59' lang='lat' dir='ltr'><strong><em>Judaei;</em></strong></span> <span class='ocrx_word' id='word_1_169' title='bbox 860 2201 964 2255; x_wconf 86' lang='lat' dir='ltr'><strong><em>quo</em></strong></span> <span class='ocrx_word' id='word_1_170' title='bbox 1010 2187 1162 2255; x_wconf 82' lang='lat' dir='ltr'><strong><em>ﬁnito</em></strong></span> <span class='ocrx_word' id='word_1_171' title='bbox 1184 2189 1427 2246; x_wconf 87' lang='lat' dir='ltr'><strong><em>dominus</em></strong></span> <span class='ocrx_word' id='word_1_172' title='bbox 1459 2193 1718 2263; x_wconf 80' lang='lat' dir='ltr'><strong><em>archiepi-</em></strong></span> 
     </span>
    </p>
   </div>
   <div class='ocr_carea' id='block_1_24' title="bbox 155 2262 1716 2352">
    <p class='ocr_par' dir='ltr' id='par_1_24' title="bbox 155 2262 1716 2352">
     <span class='ocr_line' id='line_1_24' title="bbox 155 2262 1716 2352; baseline 0.012 -31"><span class='ocrx_word' id='word_1_173' title='bbox 155 2262 333 2337; x_wconf 84' lang='lat' dir='ltr'><strong><em>scopus,</em></strong></span> <span class='ocrx_word' id='word_1_174' title='bbox 350 2272 392 2326; x_wconf 97' lang='lat' dir='ltr'><strong><em>si</em></strong></span> <span class='ocrx_word' id='word_1_175' title='bbox 415 2290 650 2341; x_wconf 72' lang='lat' dir='ltr'><strong><em>prwsens</em></strong></span> <span class='ocrx_word' id='word_1_176' title='bbox 679 2275 860 2342; x_wconf 80' lang='lat' dir='ltr'><strong><em>fuerit,</em></strong></span> <span class='ocrx_word' id='word_1_177' title='bbox 884 2277 1153 2336; x_wconf 83' lang='lat' dir='ltr'><strong><em>benedicat</em></strong></span> <span class='ocrx_word' id='word_1_178' title='bbox 1173 2282 1506 2352; x_wconf 85' lang='lat' dir='ltr'><strong><em>populum,et</em></strong></span> <span class='ocrx_word' id='word_1_179' title='bbox 1535 2262 1716 2339; x_wconf 86' lang='lat' dir='ltr'><strong><em>statim</em></strong></span> 
     </span>
    </p>
   </div>
   <div class='ocr_carea' id='block_1_25' title="bbox 159 2358 1718 2444">
    <p class='ocr_par' dir='ltr' id='par_1_25' title="bbox 159 2358 1718 2444">
     <span class='ocr_line' id='line_1_25' title="bbox 159 2358 1718 2444; baseline 0.015 -36"><span class='ocrx_word' id='word_1_180' title='bbox 159 2358 403 2423; x_wconf 76' lang='lat' dir='ltr'><strong><em>incipiatur</em></strong></span> <span class='ocrx_word' id='word_1_181' title='bbox 446 2363 632 2418; x_wconf 86' lang='lat' dir='ltr'><strong><em>missa.</em></strong></span> <span class='ocrx_word' id='word_1_182' title='bbox 674 2362 738 2416; x_wconf 83' lang='lat' dir='ltr'><strong><em>Et</em></strong></span> <span class='ocrx_word' id='word_1_183' title='bbox 775 2367 1018 2424; x_wconf 89' lang='lat' dir='ltr'><strong><em>dominus</em></strong></span> <span class='ocrx_word' id='word_1_184' title='bbox 1051 2373 1492 2444; x_wconf 89' lang='lat' dir='ltr'><strong><em>archiepiscopus,</em></strong></span> <span class='ocrx_word' id='word_1_185' title='bbox 1513 2377 1559 2428; x_wconf 93' lang='lat' dir='ltr'><strong><em>si</em></strong></span> <span class='ocrx_word' id='word_1_186' title='bbox 1579 2392 1718 2444; x_wconf 83' lang='lat' dir='ltr'><strong><em>pra:-</em></strong></span> 
     </span>
    </p>
   </div>
   <div class='ocr_carea' id='block_1_26' title="bbox 157 2449 1714 2527">
    <p class='ocr_par' dir='ltr' id='par_1_26' title="bbox 157 2449 1714 2527">
     <span class='ocr_line' id='line_1_26' title="bbox 157 2449 1714 2527; baseline 0.014 -28"><span class='ocrx_word' id='word_1_187' title='bbox 157 2463 251 2500; x_wconf 84' lang='lat' dir='ltr'><strong><em>seas</em></strong></span> <span class='ocrx_word' id='word_1_188' title='bbox 274 2449 440 2516; x_wconf 79' lang='lat' dir='ltr'><strong><em>fuerit,</em></strong></span> <span class='ocrx_word' id='word_1_189' title='bbox 469 2453 662 2506; x_wconf 86' lang='lat' dir='ltr'><strong><em>habeat</em></strong></span> <span class='ocrx_word' id='word_1_190' title='bbox 700 2471 873 2508; x_wconf 84' lang='lat' dir='ltr'><strong><em>secum</em></strong></span> <span class='ocrx_word' id='word_1_191' title='bbox 901 2468 1093 2527; x_wconf 52' lang='lat' dir='ltr'><strong><em>septem</em></strong></span> <span class='ocrx_word' id='word_1_192' title='bbox 1136 2460 1387 2518; x_wconf 83' lang='lat' dir='ltr'><strong><em>diaconos</em></strong></span> <span class='ocrx_word' id='word_1_193' title='bbox 1409 2475 1459 2518; x_wconf 89' lang='lat' dir='ltr'><strong><em>et</em></strong></span> <span class='ocrx_word' id='word_1_194' title='bbox 1500 2467 1714 2520; x_wconf 77' lang='lat' dir='ltr'><strong><em>totidem</em></strong></span> 
     </span>
    </p>
   </div>
   <div class='ocr_carea' id='block_1_27' title="bbox 155 2537 1712 2620">
    <p class='ocr_par' dir='ltr' id='par_1_27' title="bbox 155 2537 1712 2620">
     <span class='ocr_line' id='line_1_27' title="bbox 155 2537 1712 2620; baseline 0.014 -32"><span class='ocrx_word' id='word_1_195' title='bbox 155 2537 460 2593; x_wconf 81' lang='lat' dir='ltr'><strong><em>subdiaconos</em></strong></span> <span class='ocrx_word' id='word_1_196' title='bbox 510 2543 783 2597; x_wconf 80' lang='lat' dir='ltr'><strong><em>revestitos</em></strong></span> <span class='ocrx_word' id='word_1_197' title='bbox 811 2584 826 2609; x_wconf 94' lang='lat'><strong><em>,</em></strong></span> <span class='ocrx_word' id='word_1_198' title='bbox 881 2546 1038 2618; x_wconf 63' lang='grc'><strong><em>142</em></strong></span> <span class='ocrx_word' id='word_1_199' title='bbox 1086 2549 1151 2603; x_wconf 90' lang='lat' dir='ltr'><strong><em>de</em></strong></span> <span class='ocrx_word' id='word_1_200' title='bbox 1189 2551 1376 2620; x_wconf 77' lang='lat' dir='ltr'><strong><em>quibus</em></strong></span> <span class='ocrx_word' id='word_1_201' title='bbox 1438 2555 1712 2609; x_wconf 80' lang='lat' dir='ltr'><strong><em>duodecim</em></strong></span> 
     </span>
    </p>
   </div>
   <div class='ocr_carea' id='block_1_28' title="bbox 155 2628 1716 2709">
    <p class='ocr_par' dir='ltr' id='par_1_28' title="bbox 155 2628 1716 2709">
     <span class='ocr_line' id='line_1_28' title="bbox 155 2628 1716 2709; baseline 0.015 -31"><span class='ocrx_word' id='word_1_202' title='bbox 155 2628 237 2678; x_wconf 85' lang='lat' dir='ltr'><strong><em>sint</em></strong></span> <span class='ocrx_word' id='word_1_203' title='bbox 277 2629 334 2683; x_wconf 89' lang='lat' dir='ltr'><strong><em>de</em></strong></span> <span class='ocrx_word' id='word_1_204' title='bbox 361 2634 588 2686; x_wconf 85' lang='lat' dir='ltr'><strong><em>secunda</em></strong></span> <span class='ocrx_word' id='word_1_205' title='bbox 612 2636 752 2698; x_wconf 87' lang='lat' dir='ltr'><strong><em>sede,</em></strong></span> <span class='ocrx_word' id='word_1_206' title='bbox 774 2645 880 2692; x_wconf 87' lang='lat' dir='ltr'><strong><em>etc.</em></strong></span> <span class='ocrx_word' id='word_1_207' title='bbox 904 2640 984 2692; x_wconf 86' lang='lat' dir='ltr'><strong><em>Atl</em></strong></span> <span class='ocrx_word' id='word_1_208' title='bbox 1014 2643 1412 2709; x_wconf 88' lang='lat' dir='ltr'><strong><em>processionem</em></strong></span> <span class='ocrx_word' id='word_1_209' title='bbox 1433 2661 1621 2701; x_wconf 78' lang='lat' dir='ltr'><strong><em>omnes</em></strong></span> <span class='ocrx_word' id='word_1_210' title='bbox 1648 2647 1716 2702; x_wconf 88' lang='lat' dir='ltr'><strong><em>de</em></strong></span> 
     </span>
    </p>
   </div>
   <div class='ocr_carea' id='block_1_29' title="bbox 157 2719 1713 2800">
    <p class='ocr_par' dir='ltr' id='par_1_29' title="bbox 157 2719 1713 2800">
     <span class='ocr_line' id='line_1_29' title="bbox 157 2719 1713 2800; baseline 0.016 -30"><span class='ocrx_word' id='word_1_211' title='bbox 157 2719 294 2772; x_wconf 86' lang='lat' dir='ltr'><strong><em>choro</em></strong></span> <span class='ocrx_word' id='word_1_212' title='bbox 318 2732 436 2777; x_wconf 87' lang='lat' dir='ltr'><strong><em>sunt</em></strong></span> <span class='ocrx_word' id='word_1_213' title='bbox 483 2726 534 2780; x_wconf 91' lang='lat' dir='ltr'><strong><em>in</em></strong></span> <span class='ocrx_word' id='word_1_214' title='bbox 587 2729 774 2798; x_wconf 83' lang='lat' dir='ltr'><strong><em>cappis</em></strong></span> <span class='ocrx_word' id='word_1_215' title='bbox 817 2747 938 2786; x_wconf 90' lang='lat' dir='ltr'><strong><em>cum</em></strong></span> <span class='ocrx_word' id='word_1_216' title='bbox 962 2733 1294 2800; x_wconf 85' lang='lat' dir='ltr'><strong><em>celebrante,</em></strong></span> <span class='ocrx_word' id='word_1_217' title='bbox 1315 2737 1574 2793; x_wconf 80' lang='lat' dir='ltr'><strong><em>diaconus</em></strong></span> <span class='ocrx_word' id='word_1_218' title='bbox 1599 2740 1713 2794; x_wconf 70' lang='lat' dir='ltr'><strong><em>«lal-</em></strong></span> 
     </span>
    </p>
   </div>
   <div class='ocr_carea' id='block_1_30' title="bbox 157 2808 1702 2898">
    <p class='ocr_par' dir='ltr' id='par_1_30' title="bbox 157 2808 1702 2898">
     <span class='ocr_line' id='line_1_30' title="bbox 157 2808 1702 2898; baseline 0.018 -39"><span class='ocrx_word' id='word_1_219' title='bbox 157 2808 318 2864; x_wconf 75' lang='lat' dir='ltr'><strong><em>uiatico</em></strong></span> <span class='ocrx_word' id='word_1_220' title='bbox 359 2813 596 2882; x_wconf 84' lang='lat' dir='ltr'><strong><em>indutus,</em></strong></span> <span class='ocrx_word' id='word_1_221' title='bbox 655 2827 710 2873; x_wconf 91' lang='lat' dir='ltr'><strong><em>et</em></strong></span> <span class='ocrx_word' id='word_1_222' title='bbox 765 2822 1126 2879; x_wconf 82' lang='lat' dir='ltr'><strong><em>subdiaconus</em></strong></span> <span class='ocrx_word' id='word_1_223' title='bbox 1173 2827 1376 2894; x_wconf 89' lang='lat' dir='ltr'><strong><em>tunica,</em></strong></span> <span class='ocrx_word' id='word_1_224' title='bbox 1400 2827 1555 2898; x_wconf 85' lang='lat' dir='ltr'><strong><em>cujus</em></strong></span> <span class='ocrx_word' id='word_1_225' title='bbox 1583 2831 1702 2887; x_wconf 80' lang='lat' dir='ltr'><strong><em>vice</em></strong></span> 
     </span>
    </p>
   </div>
   <div class='ocr_carea' id='block_1_31' title="bbox 158 2901 1332 2974">
    <p class='ocr_par' dir='ltr' id='par_1_31' title="bbox 158 2901 1332 2974">
     <span class='ocr_line' id='line_1_31' title="bbox 158 2901 1332 2974; baseline 0.02 -23"><span class='ocrx_word' id='word_1_226' title='bbox 158 2901 400 2972; x_wconf 78' lang='lat' dir='ltr'><strong><em>acolythus</em></strong></span> <span class='ocrx_word' id='word_1_227' title='bbox 423 2923 646 2963; x_wconf 88' lang='lat' dir='ltr'><strong><em>crucem</em></strong></span> <span class='ocrx_word' id='word_1_228' title='bbox 679 2910 854 2967; x_wconf 77' lang='lat' dir='ltr'><strong><em>defert</em></strong></span> <span class='ocrx_word' id='word_1_229' title='bbox 885 2915 1064 2972; x_wconf 86' lang='lat' dir='ltr'><strong><em>tunica</em></strong></span> <span class='ocrx_word' id='word_1_230' title='bbox 1093 2916 1332 2974; x_wconf 88' lang='lat' dir='ltr'><strong><em>indutus.</em></strong></span> 
     </span>
    </p>
   </div>
   <div class='ocr_carea' id='block_1_32' title="bbox 221 2993 1711 3081">
    <p class='ocr_par' dir='ltr' id='par_1_32' title="bbox 221 2993 1711 3081">
     <span class='ocr_line' id='line_1_32' title="bbox 221 2993 1711 3081; baseline 0.018 -36"><span class='ocrx_word' id='word_1_231' title='bbox 221 2993 348 3066; x_wconf 71' lang='grc'>(227)</span> <span class='ocrx_word' id='word_1_232' title='bbox 387 2997 641 3066; x_wconf 78' lang='lat' dir='ltr'><strong><em>Ofﬁcium</em></strong></span> <span class='ocrx_word' id='word_1_233' title='bbox 672 3003 777 3057; x_wconf 86' lang='lat' dir='ltr'><strong><em>diei</em></strong></span> <span class='ocrx_word' id='word_1_234' title='bbox 803 3003 1130 3062; x_wconf 77' lang='lat' dir='ltr'><strong><em>celeberrime</em></strong></span> <span class='ocrx_word' id='word_1_235' title='bbox 1181 3012 1498 3081; x_wconf 81' lang='lat' dir='ltr'><strong><em>compleant.</em></strong></span> <span class='ocrx_word' id='word_1_236' title='bbox 1555 3013 1711 3071; x_wconf 85' lang='lat' dir='ltr'><strong><em>Ordi-</em></strong></span> 
     </span>
    </p>
   </div>
   <div class='ocr_carea' id='block_1_33' title="bbox 1824 537 2376 608">
    <p class='ocr_par' dir='ltr' id='par_1_33' title="bbox 1824 537 2376 608">
     <span class='ocr_line' id='line_1_33' title="bbox 1824 537 2376 608; baseline 0.011 -18"><span class='ocrx_word' id='word_1_237' title='bbox 1824 537 1987 608; x_wconf 66' lang='lat' dir='ltr'><strong><em>h&#39;yric</em></strong></span> <span class='ocrx_word' id='word_1_238' title='bbox 2018 540 2242 603; x_wconf 78' lang='lat' dir='ltr'><strong><em>eleison,</em></strong></span> <span class='ocrx_word' id='word_1_239' title='bbox 2272 553 2376 596; x_wconf 86' lang='lat' dir='ltr'><strong><em>etc.</em></strong></span> 
     </span>
    </p>
   </div>
   <div class='ocr_carea' id='block_1_34' title="bbox 1899 627 3406 710">
    <p class='ocr_par' dir='ltr' id='par_1_34' title="bbox 1899 627 3406 710">
     <span class='ocr_line' id='line_1_34' title="bbox 1899 627 3406 710; baseline 0.012 -29"><span class='ocrx_word' id='word_1_240' title='bbox 1899 628 2046 698; x_wconf 70' lang='lat'><strong><em>(229)</em></strong></span> <span class='ocrx_word' id='word_1_241' title='bbox 2089 628 2193 684; x_wconf 85' lang='lat' dir='ltr'><strong><em>Per</em></strong></span> <span class='ocrx_word' id='word_1_242' title='bbox 2238 631 2399 703; x_wconf 80' lang='lat' dir='ltr'><strong><em>Kyrie</em></strong></span> <span class='ocrx_word' id='word_1_243' title='bbox 2434 633 2634 690; x_wconf 88' lang='lat' dir='ltr'><strong><em>eleison</em></strong></span> <span class='ocrx_word' id='word_1_244' title='bbox 2682 627 2932 705; x_wconf 74' lang='lat' dir='ltr'><strong><em>Vesperas</em></strong></span> <span class='ocrx_word' id='word_1_245' title='bbox 2977 651 3250 710; x_wconf 78' lang='lat' dir='ltr'><strong><em>incipiant.</em></strong></span> <span class='ocrx_word' id='word_1_246' title='bbox 3280 641 3406 699; x_wconf 80' lang='lat' dir='ltr'><strong><em>Pius</em></strong></span> 
     </span>
    </p>
   </div>
   <div class='ocr_carea' id='block_1_35' title="bbox 1826 718 3404 802">
    <p class='ocr_par' dir='ltr' id='par_1_35' title="bbox 1826 718 3404 802">
     <span class='ocr_line' id='line_1_35' title="bbox 1826 718 3404 802; baseline 0.011 -30"><span class='ocrx_word' id='word_1_247' title='bbox 1826 718 1914 774; x_wconf 90' lang='lat' dir='ltr'><strong><em>ille</em></strong></span> <span class='ocrx_word' id='word_1_248' title='bbox 1965 721 2122 787; x_wconf 75' lang='lat' dir='ltr'><strong><em>ritus,</em></strong></span> <span class='ocrx_word' id='word_1_249' title='bbox 2169 737 2326 792; x_wconf 83' lang='lat' dir='ltr'><strong><em>quem</em></strong></span> <span class='ocrx_word' id='word_1_250' title='bbox 2378 741 2648 795; x_wconf 76' lang='lat' dir='ltr'><strong><em>germana:</em></strong></span> <span class='ocrx_word' id='word_1_251' title='bbox 2699 730 3036 798; x_wconf 83' lang='lat' dir='ltr'><strong><em>antiquitatis</em></strong></span> <span class='ocrx_word' id='word_1_252' title='bbox 3098 733 3404 802; x_wconf 73' lang='lat' dir='ltr'><strong><em>ignorantia</em></strong></span> 
     </span>
    </p>
   </div>
   <div class='ocr_carea' id='block_1_36' title="bbox 1824 810 3405 880">
    <p class='ocr_par' dir='ltr' id='par_1_36' title="bbox 1824 810 3405 880">
     <span class='ocr_line' id='line_1_36' title="bbox 1824 810 3405 880; baseline 0.009 -18"><span class='ocrx_word' id='word_1_253' title='bbox 1824 817 2008 864; x_wconf 86' lang='lat' dir='ltr'><strong><em>nostro</em></strong></span> <span class='ocrx_word' id='word_1_254' title='bbox 2037 811 2249 864; x_wconf 84' lang='lat' dir='ltr'><strong><em>demum</em></strong></span> <span class='ocrx_word' id='word_1_255' title='bbox 2286 813 2482 867; x_wconf 68' lang='lat' dir='ltr'><strong><em>ssnculo</em></strong></span> <span class='ocrx_word' id='word_1_256' title='bbox 2516 816 2767 880; x_wconf 71' lang='lat' dir='ltr'><strong><em>abolevit,</em></strong></span> <span class='ocrx_word' id='word_1_257' title='bbox 2800 833 2832 872; x_wconf 89' lang='lat' dir='ltr'><strong><em>e</em></strong></span> <span class='ocrx_word' id='word_1_258' title='bbox 2875 810 3131 873; x_wconf 51' lang='lat' dir='ltr'><strong><em>Itoma&#39;nis</em></strong></span> <span class='ocrx_word' id='word_1_259' title='bbox 3166 823 3405 878; x_wconf 78' lang='lat' dir='ltr'><strong><em>fontibus</em></strong></span> 
     </span>
    </p>
   </div>
   <div class='ocr_carea' id='block_1_37' title="bbox 1823 901 3405 968">
    <p class='ocr_par' dir='ltr' id='par_1_37' title="bbox 1823 901 3405 968">
     <span class='ocr_line' id='line_1_37' title="bbox 1823 901 3405 968; baseline 0.009 -15"><span class='ocrx_word' id='word_1_260' title='bbox 1823 901 1889 954; x_wconf 85' lang='lat' dir='ltr'><strong><em>ad</em></strong></span> <span class='ocrx_word' id='word_1_261' title='bbox 1918 917 2016 957; x_wconf 89' lang='lat' dir='ltr'><strong><em>nos</em></strong></span> <span class='ocrx_word' id='word_1_262' title='bbox 2078 915 2444 960; x_wconf 74' lang='lat' dir='ltr'><strong><em>emanaverat.</em></strong></span> <span class='ocrx_word' id='word_1_263' title='bbox 2492 906 2638 961; x_wconf 79' lang='lat' dir='ltr'><strong><em>Ordo</em></strong></span> <span class='ocrx_word' id='word_1_264' title='bbox 2692 909 2966 964; x_wconf 84' lang='lat' dir='ltr'><strong><em>Romanus</em></strong></span> <span class='ocrx_word' id='word_1_265' title='bbox 3017 929 3029 965; x_wconf 93' lang='lat'><strong>:</strong></span> <span class='ocrx_word' id='word_1_266' title='bbox 3088 912 3182 967; x_wconf 82' lang='lat' dir='ltr'><strong><em>Die</em></strong></span> <span class='ocrx_word' id='word_1_267' title='bbox 3225 925 3405 968; x_wconf 86' lang='lat' dir='ltr'><strong><em>sancto</em></strong></span> 
     </span>
    </p>
   </div>
   <div class='ocr_carea' id='block_1_38' title="bbox 1825 990 3405 1074">
    <p class='ocr_par' dir='ltr' id='par_1_38' title="bbox 1825 990 3405 1074">
     <span class='ocr_line' id='line_1_38' title="bbox 1825 990 3405 1074; baseline 0.01 -30"><span class='ocrx_word' id='word_1_268' title='bbox 1825 990 2046 1048; x_wconf 66' lang='lat' dir='ltr'><strong><em>Pascha</em></strong></span> <span class='ocrx_word' id='word_1_269' title='bbox 2075 996 2404 1050; x_wconf 80' lang='lat' dir='ltr'><strong><em>conveniente</em></strong></span> <span class='ocrx_word' id='word_1_270' title='bbox 2430 998 2607 1052; x_wconf 82' lang='lat' dir='ltr'><strong><em>schola</em></strong></span> <span class='ocrx_word' id='word_1_271' title='bbox 2661 1003 2944 1070; x_wconf 84' lang='lat' dir='ltr'><strong><em>temporius</em></strong></span> <span class='ocrx_word' id='word_1_272' title='bbox 2994 1019 3111 1059; x_wconf 85' lang='lat' dir='ltr'><strong><em>cum</em></strong></span> <span class='ocrx_word' id='word_1_273' title='bbox 3154 1006 3405 1074; x_wconf 84' lang='lat' dir='ltr'><strong><em>episcopis</em></strong></span> 
     </span>
    </p>
   </div>
   <div class='ocr_carea' id='block_1_39' title="bbox 1821 1086 3406 1166">
    <p class='ocr_par' dir='ltr' id='par_1_39' title="bbox 1821 1086 3406 1166">
     <span class='ocr_line' id='line_1_39' title="bbox 1821 1086 3406 1166; baseline 0.006 -27"><span class='ocrx_word' id='word_1_274' title='bbox 1821 1096 1868 1139; x_wconf 87' lang='lat' dir='ltr'><strong><em>et</em></strong></span> <span class='ocrx_word' id='word_1_275' title='bbox 1893 1086 2202 1141; x_wconf 88' lang='lat' dir='ltr'><strong><em>diaconibus</em></strong></span> <span class='ocrx_word' id='word_1_276' title='bbox 2227 1089 2296 1141; x_wconf 87' lang='lat' dir='ltr'><strong><em>ad</em></strong></span> <span class='ocrx_word' id='word_1_277' title='bbox 2339 1100 2578 1142; x_wconf 85' lang='lat' dir='ltr'><strong><em>sanctum</em></strong></span> <span class='ocrx_word' id='word_1_278' title='bbox 2599 1089 2860 1146; x_wconf 81' lang='lat' dir='ltr'><strong><em>Joannem</em></strong></span> <span class='ocrx_word' id='word_1_279' title='bbox 2887 1094 2940 1147; x_wconf 91' lang='lat' dir='ltr'><strong><em>in</em></strong></span> <span class='ocrx_word' id='word_1_280' title='bbox 2965 1095 3178 1148; x_wconf 83' lang='lat' dir='ltr'><strong><em>ecclesia</em></strong></span> <span class='ocrx_word' id='word_1_281' title='bbox 3204 1097 3406 1166; x_wconf 87' lang='lat' dir='ltr'><strong><em>majore</em></strong></span> 
     </span>
    </p>
   </div>
   <div class='ocr_carea' id='block_1_40' title="bbox 1821 1178 3404 1253">
    <p class='ocr_par' dir='ltr' id='par_1_40' title="bbox 1821 1178 3404 1253">
     <span class='ocr_line' id='line_1_40' title="bbox 1821 1178 3404 1253; baseline 0.006 -24"><span class='ocrx_word' id='word_1_282' title='bbox 1821 1178 1891 1230; x_wconf 86' lang='lat' dir='ltr'><strong><em>ad</em></strong></span> <span class='ocrx_word' id='word_1_283' title='bbox 1913 1178 2082 1231; x_wconf 88' lang='lat' dir='ltr'><strong><em>locum</em></strong></span> <span class='ocrx_word' id='word_1_284' title='bbox 2104 1180 2362 1248; x_wconf 75' lang='lat' dir='ltr'><strong><em>cruciﬁxi,</em></strong></span> <span class='ocrx_word' id='word_1_285' title='bbox 2387 1181 2664 1249; x_wconf 88' lang='lat' dir='ltr'><strong><em>incipiunt,</em></strong></span> <span class='ocrx_word' id='word_1_286' title='bbox 2690 1182 2852 1253; x_wconf 80' lang='lat' dir='ltr'><strong><em>Kyrie</em></strong></span> <span class='ocrx_word' id='word_1_287' title='bbox 2871 1184 3096 1247; x_wconf 87' lang='lat' dir='ltr'><strong><em>eleison,</em></strong></span> <span class='ocrx_word' id='word_1_288' title='bbox 3128 1197 3176 1240; x_wconf 89' lang='lat' dir='ltr'><strong><em>et</em></strong></span> <span class='ocrx_word' id='word_1_289' title='bbox 3194 1187 3404 1240; x_wconf 81' lang='lat' dir='ltr'><strong><em>veniunt</em></strong></span> 
     </span>
    </p>
   </div>
   <div class='ocr_carea' id='block_1_41' title="bbox 1822 1271 3402 1347">
    <p class='ocr_par' dir='ltr' id='par_1_41' title="bbox 1822 1271 3402 1347">
     <span class='ocr_line' id='line_1_41' title="bbox 1822 1271 3402 1347; baseline 0.006 -26"><span class='ocrx_word' id='word_1_290' title='bbox 1822 1285 1984 1338; x_wconf 91' lang='lat' dir='ltr'><strong><em>usque</em></strong></span> <span class='ocrx_word' id='word_1_291' title='bbox 2002 1271 2074 1322; x_wconf 87' lang='lat' dir='ltr'><strong><em>ad</em></strong></span> <span class='ocrx_word' id='word_1_292' title='bbox 2100 1271 2269 1326; x_wconf 81' lang='lat' dir='ltr'><strong><em>altare</em></strong></span> <span class='ocrx_word' id='word_1_293' title='bbox 2292 1289 2310 1325; x_wconf 89' lang='lat'><em>:</em></span> <span class='ocrx_word' id='word_1_294' title='bbox 2335 1275 2728 1328; x_wconf 84' lang='lat' dir='ltr'><strong><em>ascendentibus</em></strong></span> <span class='ocrx_word' id='word_1_295' title='bbox 2755 1277 3060 1330; x_wconf 87' lang='lat' dir='ltr'><strong><em>diaconibus</em></strong></span> <span class='ocrx_word' id='word_1_296' title='bbox 3099 1279 3152 1331; x_wconf 91' lang='lat' dir='ltr'><strong><em>in</em></strong></span> <span class='ocrx_word' id='word_1_297' title='bbox 3170 1278 3402 1347; x_wconf 84' lang='lat' dir='ltr'><strong><em>pogium,</em></strong></span> 
     </span>
    </p>
   </div>
   <div class='ocr_carea' id='block_1_42' title="bbox 1825 1359 3402 1434">
    <p class='ocr_par' dir='ltr' id='par_1_42' title="bbox 1825 1359 3402 1434">
     <span class='ocr_line' id='line_1_42' title="bbox 1825 1359 3402 1434; baseline 0.006 -22"><span class='ocrx_word' id='word_1_298' title='bbox 1825 1359 1982 1431; x_wconf 61' lang='lat'><strong><em>1&amp;3</em></strong></span> <span class='ocrx_word' id='word_1_299' title='bbox 2007 1361 2234 1431; x_wconf 85' lang='lat' dir='ltr'><strong><em>episcopi</em></strong></span> <span class='ocrx_word' id='word_1_300' title='bbox 2285 1375 2331 1416; x_wconf 89' lang='lat' dir='ltr'><strong><em>et</em></strong></span> <span class='ocrx_word' id='word_1_301' title='bbox 2373 1365 2658 1434; x_wconf 81' lang='lat' dir='ltr'><strong><em>presbyteri</em></strong></span> <span class='ocrx_word' id='word_1_302' title='bbox 2681 1375 2984 1418; x_wconf 88' lang='lat' dir='ltr'><strong><em>statuuntur</em></strong></span> <span class='ocrx_word' id='word_1_303' title='bbox 3020 1367 3074 1421; x_wconf 92' lang='lat' dir='ltr'><strong><em>in</em></strong></span> <span class='ocrx_word' id='word_1_304' title='bbox 3103 1367 3232 1422; x_wconf 89' lang='lat' dir='ltr'><strong><em>locis</em></strong></span> <span class='ocrx_word' id='word_1_305' title='bbox 3260 1369 3402 1432; x_wconf 86' lang='lat' dir='ltr'><strong><em>suis,</em></strong></span> 
     </span>
    </p>
   </div>
   <div class='ocr_carea' id='block_1_43' title="bbox 1821 1450 3402 1528">
    <p class='ocr_par' dir='ltr' id='par_1_43' title="bbox 1821 1450 3402 1528">
     <span class='ocr_line' id='line_1_43' title="bbox 1821 1450 3402 1528; baseline 0.007 -27"><span class='ocrx_word' id='word_1_306' title='bbox 1821 1459 1867 1502; x_wconf 88' lang='lat' dir='ltr'><strong><em>et</em></strong></span> <span class='ocrx_word' id='word_1_307' title='bbox 1890 1450 2080 1504; x_wconf 70' lang='lat' dir='ltr'><strong><em>scholae</em></strong></span> <span class='ocrx_word' id='word_1_308' title='bbox 2123 1462 2246 1506; x_wconf 90' lang='lat' dir='ltr'><strong><em>ante</em></strong></span> <span class='ocrx_word' id='word_1_309' title='bbox 2295 1453 2485 1508; x_wconf 86' lang='lat' dir='ltr'><strong><em>altare.</em></strong></span> <span class='ocrx_word' id='word_1_310' title='bbox 2537 1453 2716 1509; x_wconf 82' lang='lat' dir='ltr'><strong><em>Finito</em></strong></span> <span class='ocrx_word' id='word_1_311' title='bbox 2771 1456 2933 1528; x_wconf 81' lang='lat' dir='ltr'><strong><em>Kyric</em></strong></span> <span class='ocrx_word' id='word_1_312' title='bbox 2977 1457 3198 1522; x_wconf 90' lang='lat' dir='ltr'><strong><em>eleison,</em></strong></span> <span class='ocrx_word' id='word_1_313' title='bbox 3231 1462 3402 1513; x_wconf 87' lang='lat' dir='ltr'><strong><em>innuit</em></strong></span> 
     </span>
    </p>
   </div>
   <div class='ocr_carea' id='block_1_44' title="bbox 1821 1542 3402 1614">
    <p class='ocr_par' dir='ltr' id='par_1_44' title="bbox 1821 1542 3402 1614">
     <span class='ocr_line' id='line_1_44' title="bbox 1821 1542 3402 1614; baseline 0.008 -23"><span class='ocrx_word' id='word_1_314' title='bbox 1821 1542 2225 1596; x_wconf 74' lang='lat' dir='ltr'><strong><em>archidiaconus</em></strong></span> <span class='ocrx_word' id='word_1_315' title='bbox 2264 1546 2434 1612; x_wconf 85' lang='lat' dir='ltr'><strong><em>primo</em></strong></span> <span class='ocrx_word' id='word_1_316' title='bbox 2475 1545 2667 1600; x_wconf 75' lang='lat' dir='ltr'><strong><em>schola:</em></strong></span> <span class='ocrx_word' id='word_1_317' title='bbox 2692 1563 2711 1600; x_wconf 91' lang='lat'><strong><em>:</em></strong></span> <span class='ocrx_word' id='word_1_318' title='bbox 2741 1558 2790 1600; x_wconf 88' lang='lat' dir='ltr'><strong><em>et</em></strong></span> <span class='ocrx_word' id='word_1_319' title='bbox 2829 1547 2917 1600; x_wconf 90' lang='lat' dir='ltr'><strong><em>ille</em></strong></span> <span class='ocrx_word' id='word_1_320' title='bbox 2943 1548 3200 1602; x_wconf 86' lang='lat' dir='ltr'><strong><em>inclinans</em></strong></span> <span class='ocrx_word' id='word_1_321' title='bbox 3225 1567 3278 1603; x_wconf 91' lang='lat' dir='ltr'><strong><em>se</em></strong></span> <span class='ocrx_word' id='word_1_322' title='bbox 3301 1550 3402 1614; x_wconf 88' lang='lat' dir='ltr'><strong><em>illi,</em></strong></span> 
     </span>
    </p>
   </div>
   <div class='ocr_carea' id='block_1_45' title="bbox 1820 1631 3404 1705">
    <p class='ocr_par' dir='ltr' id='par_1_45' title="bbox 1820 1631 3404 1705">
     <span class='ocr_line' id='line_1_45' title="bbox 1820 1631 3404 1705; baseline 0.009 -24"><span class='ocrx_word' id='word_1_323' title='bbox 1820 1631 2035 1701; x_wconf 87' lang='lat' dir='ltr'><strong><em>incipiat</em></strong></span> <span class='ocrx_word' id='word_1_324' title='bbox 2061 1633 2287 1688; x_wconf 80' lang='lat' dir='ltr'><strong><em>Alleluia</em></strong></span> <span class='ocrx_word' id='word_1_325' title='bbox 2312 1652 2431 1688; x_wconf 81' lang='lat' dir='ltr'><strong><em>cum</em></strong></span> <span class='ocrx_word' id='word_1_326' title='bbox 2455 1637 2657 1705; x_wconf 82' lang='lat' dir='ltr'><strong><em>psalmo</em></strong></span> <span class='ocrx_word' id='word_1_327' title='bbox 2679 1652 2698 1688; x_wconf 82' lang='lat'><strong><em>.°</em></strong></span> <span class='ocrx_word' id='word_1_328' title='bbox 2725 1638 2871 1694; x_wconf 74' lang='lat' dir='ltr'><strong><em>Dixit</em></strong></span> <span class='ocrx_word' id='word_1_329' title='bbox 2895 1639 3152 1694; x_wconf 86' lang='lat' dir='ltr'><strong><em>Dominus</em></strong></span> <span class='ocrx_word' id='word_1_330' title='bbox 3177 1641 3404 1695; x_wconf 85' lang='lat' dir='ltr'><strong><em>Domino</em></strong></span> 
     </span>
    </p>
   </div>
   <div class='ocr_carea' id='block_1_46' title="bbox 1823 1727 3406 1788">
    <p class='ocr_par' dir='ltr' id='par_1_46' title="bbox 1823 1727 3406 1788">
     <span class='ocr_line' id='line_1_46' title="bbox 1823 1727 3406 1788; baseline 0.006 -10"><span class='ocrx_word' id='word_1_331' title='bbox 1823 1741 1963 1788; x_wconf 87' lang='lat' dir='ltr'><strong><em>meo,</em></strong></span> <span class='ocrx_word' id='word_1_332' title='bbox 2017 1735 2122 1781; x_wconf 90' lang='lat' dir='ltr'><strong><em>etc.</em></strong></span> <span class='ocrx_word' id='word_1_333' title='bbox 2164 1727 2423 1783; x_wconf 88' lang='lat' dir='ltr'><strong><em>Alcuinus</em></strong></span> <span class='ocrx_word' id='word_1_334' title='bbox 2457 1728 2549 1783; x_wconf 92' lang='lat' dir='ltr'><strong><em>lib.</em></strong></span> <span class='ocrx_word' id='word_1_335' title='bbox 2585 1730 2659 1785; x_wconf 92' lang='lat' dir='ltr'><strong><em>De</em></strong></span> <span class='ocrx_word' id='word_1_336' title='bbox 2687 1731 2852 1786; x_wconf 83' lang='lat' dir='ltr'><strong><em>divin.</em></strong></span> <span class='ocrx_word' id='word_1_337' title='bbox 2900 1730 3038 1788; x_wconf 82' lang='lat' dir='ltr'><strong><em>ollic.</em></strong></span> <span class='ocrx_word' id='word_1_338' title='bbox 3094 1733 3290 1788; x_wconf 82' lang='lat' dir='ltr'><strong><em>Eadem</em></strong></span> <span class='ocrx_word' id='word_1_339' title='bbox 3321 1735 3406 1788; x_wconf 89' lang='lat' dir='ltr'><strong><em>die</em></strong></span> 
     </span>
    </p>
   </div>
   <div class='ocr_carea' id='block_1_47' title="bbox 1819 1815 3405 1894">
    <p class='ocr_par' dir='ltr' id='par_1_47' title="bbox 1819 1815 3405 1894">
     <span class='ocr_line' id='line_1_47' title="bbox 1819 1815 3405 1894; baseline 0.006 -24"><span class='ocrx_word' id='word_1_340' title='bbox 1819 1818 1888 1870; x_wconf 90' lang='lat' dir='ltr'><strong><em>ad</em></strong></span> <span class='ocrx_word' id='word_1_341' title='bbox 1924 1815 2174 1888; x_wconf 84' lang='lat' dir='ltr'><strong><em>Vesperas</em></strong></span> <span class='ocrx_word' id='word_1_342' title='bbox 2209 1821 2278 1873; x_wconf 90' lang='lat' dir='ltr'><strong><em>ad</em></strong></span> <span class='ocrx_word' id='word_1_343' title='bbox 2326 1831 2566 1874; x_wconf 86' lang='lat' dir='ltr'><strong><em>sanctum</em></strong></span> <span class='ocrx_word' id='word_1_344' title='bbox 2602 1821 2862 1877; x_wconf 80' lang='lat' dir='ltr'><strong><em>Joannem</em></strong></span> <span class='ocrx_word' id='word_1_345' title='bbox 2903 1834 3246 1894; x_wconf 81' lang='lat' dir='ltr'><strong><em>congregatur</em></strong></span> <span class='ocrx_word' id='word_1_346' title='bbox 3290 1843 3405 1879; x_wconf 86' lang='lat' dir='ltr'><strong><em>ma-</em></strong></span> 
     </span>
    </p>
   </div>
   <div class='ocr_carea' id='block_1_48' title="bbox 1816 1908 3406 1980">
    <p class='ocr_par' dir='ltr' id='par_1_48' title="bbox 1816 1908 3406 1980">
     <span class='ocr_line' id='line_1_48' title="bbox 1816 1908 3406 1980; baseline 0.006 -21"><span class='ocrx_word' id='word_1_347' title='bbox 1816 1908 1982 1962; x_wconf 88' lang='lat' dir='ltr'><strong><em>turius</em></strong></span> <span class='ocrx_word' id='word_1_348' title='bbox 2008 1910 2278 1964; x_wconf 79' lang='lat' dir='ltr'><strong><em>universus</em></strong></span> <span class='ocrx_word' id='word_1_349' title='bbox 2317 1911 2514 1980; x_wconf 88' lang='lat' dir='ltr'><strong><em>gradus</em></strong></span> <span class='ocrx_word' id='word_1_350' title='bbox 2550 1912 2931 1967; x_wconf 87' lang='lat' dir='ltr'><strong><em>ecclesiasticus</em></strong></span> <span class='ocrx_word' id='word_1_351' title='bbox 2968 1917 3020 1968; x_wconf 83' lang='lat' dir='ltr'><strong><em>in</em></strong></span> <span class='ocrx_word' id='word_1_352' title='bbox 3049 1915 3264 1969; x_wconf 80' lang='lat' dir='ltr'><strong><em>ecclesia</em></strong></span> <span class='ocrx_word' id='word_1_353' title='bbox 3291 1933 3406 1969; x_wconf 85' lang='lat' dir='ltr'><strong><em>nta-</em></strong></span> 
     </span>
    </p>
   </div>
   <div class='ocr_carea' id='block_1_49' title="bbox 1807 1999 3406 2074">
    <p class='ocr_par' dir='ltr' id='par_1_49' title="bbox 1807 1999 3406 2074">
     <span class='ocr_line' id='line_1_49' title="bbox 1807 1999 3406 2074; baseline 0.004 -22"><span class='ocrx_word' id='word_1_354' title='bbox 1807 1999 1950 2068; x_wconf 88' lang='lat' dir='ltr'><strong><em>jore,</em></strong></span> <span class='ocrx_word' id='word_1_355' title='bbox 2002 2000 2056 2053; x_wconf 89' lang='lat' dir='ltr'><strong><em>in</em></strong></span> <span class='ocrx_word' id='word_1_356' title='bbox 2089 2000 2201 2054; x_wconf 88' lang='lat' dir='ltr'><strong><em>loco</em></strong></span> <span class='ocrx_word' id='word_1_357' title='bbox 2223 2004 2314 2071; x_wconf 85' lang='lat' dir='ltr'><strong><em>qui</em></strong></span> <span class='ocrx_word' id='word_1_358' title='bbox 2342 2012 2557 2055; x_wconf 80' lang='lat' dir='ltr'><strong><em>vocatur</em></strong></span> <span class='ocrx_word' id='word_1_359' title='bbox 2605 2003 2879 2070; x_wconf 70' lang='lat' dir='ltr'><strong><em>crnciﬁrio</em></strong></span> <span class='ocrx_word' id='word_1_360' title='bbox 2921 2017 2939 2055; x_wconf 89' lang='lat'><strong><em>:</em></strong></span> <span class='ocrx_word' id='word_1_361' title='bbox 2975 2005 3147 2074; x_wconf 88' lang='lat' dir='ltr'><strong><em>ibique</em></strong></span> <span class='ocrx_word' id='word_1_362' title='bbox 3189 2007 3406 2060; x_wconf 81' lang='lat' dir='ltr'><strong><em>inchoat</em></strong></span> 
     </span>
    </p>
   </div>
   <div class='ocr_carea' id='block_1_50' title="bbox 1816 2089 3392 2165">
    <p class='ocr_par' dir='ltr' id='par_1_50' title="bbox 1816 2089 3392 2165">
     <span class='ocr_line' id='line_1_50' title="bbox 1816 2089 3392 2165; baseline 0.004 -23"><span class='ocrx_word' id='word_1_363' title='bbox 1816 2089 1993 2142; x_wconf 89' lang='lat' dir='ltr'><strong><em>schola</em></strong></span> <span class='ocrx_word' id='word_1_364' title='bbox 2037 2105 2056 2141; x_wconf 91' lang='lat'><strong><em>:</em></strong></span> <span class='ocrx_word' id='word_1_365' title='bbox 2099 2089 2261 2160; x_wconf 78' lang='lat' dir='ltr'><strong><em>Kyt&#39;ie</em></strong></span> <span class='ocrx_word' id='word_1_366' title='bbox 2317 2090 2543 2157; x_wconf 81' lang='lat' dir='ltr'><strong><em>eleison,</em></strong></span> <span class='ocrx_word' id='word_1_367' title='bbox 2587 2102 2727 2147; x_wconf 88' lang='lat' dir='ltr'><strong><em>eteo</em></strong></span> <span class='ocrx_word' id='word_1_368' title='bbox 2779 2104 3030 2147; x_wconf 83' lang='lat' dir='ltr'><strong><em>concentu</em></strong></span> <span class='ocrx_word' id='word_1_369' title='bbox 3086 2098 3392 2165; x_wconf 76' lang='lat' dir='ltr'><strong><em>perveniunt</em></strong></span> 
     </span>
    </p>
   </div>
   <div class='ocr_carea' id='block_1_51' title="bbox 1815 2182 2604 2250">
    <p class='ocr_par' dir='ltr' id='par_1_51' title="bbox 1815 2182 2604 2250">
     <span class='ocr_line' id='line_1_51' title="bbox 1815 2182 2604 2250; baseline 0.004 -17"><span class='ocrx_word' id='word_1_370' title='bbox 1815 2197 1976 2250; x_wconf 85' lang='lat' dir='ltr'><strong><em>usque</em></strong></span> <span class='ocrx_word' id='word_1_371' title='bbox 2005 2183 2074 2235; x_wconf 90' lang='lat' dir='ltr'><strong><em>ad</em></strong></span> <span class='ocrx_word' id='word_1_372' title='bbox 2115 2183 2302 2246; x_wconf 85' lang='lat' dir='ltr'><strong><em>altare,</em></strong></span> <span class='ocrx_word' id='word_1_373' title='bbox 2325 2191 2432 2238; x_wconf 85' lang='lat' dir='ltr'><strong><em>etc.</em></strong></span> <span class='ocrx_word' id='word_1_374' title='bbox 2505 2182 2604 2240; x_wconf 76' lang='lat' dir='ltr'><strong><em>Pa.</em></strong></span> 
     </span>
    </p>
   </div>
   <div class='ocr_carea' id='block_1_52' title="bbox 1887 2269 3400 2345">
    <p class='ocr_par' dir='ltr' id='par_1_52' title="bbox 1887 2269 3400 2345">
     <span class='ocr_line' id='line_1_52' title="bbox 1887 2269 3400 2345; baseline 0.006 -21"><span class='ocrx_word' id='word_1_375' title='bbox 1887 2269 2050 2341; x_wconf 68' lang='grc'>(250)</span> <span class='ocrx_word' id='word_1_376' title='bbox 2103 2271 2489 2328; x_wconf 70' lang='grc' dir='ltr'><strong><em>Βοηθιιίρειηιιιε</em></strong></span> <span class='ocrx_word' id='word_1_377' title='bbox 2529 2272 2756 2327; x_wconf 88' lang='lat' dir='ltr'><strong><em>Domino</em></strong></span> <span class='ocrx_word' id='word_1_378' title='bbox 2807 2275 2872 2327; x_wconf 76' lang='lat' dir='ltr'><strong><em>ab</em></strong></span> <span class='ocrx_word' id='word_1_379' title='bbox 2919 2275 3000 2328; x_wconf 87' lang='lat' dir='ltr'><strong><em>his</em></strong></span> <span class='ocrx_word' id='word_1_380' title='bbox 3047 2277 3136 2345; x_wconf 87' lang='lat' dir='ltr'><strong><em>qui</em></strong></span> <span class='ocrx_word' id='word_1_381' title='bbox 3178 2277 3400 2333; x_wconf 74' lang='lat' dir='ltr'><strong><em>Alleluia.</em></strong></span> 
     </span>
    </p>
   </div>
   <div class='ocr_carea' id='block_1_53' title="bbox 1814 2362 3401 2423">
    <p class='ocr_par' dir='ltr' id='par_1_53' title="bbox 1814 2362 3401 2423">
     <span class='ocr_line' id='line_1_53' title="bbox 1814 2362 3401 2423; baseline 0.006 -10"><span class='ocrx_word' id='word_1_382' title='bbox 1814 2372 2094 2415; x_wconf 85' lang='lat' dir='ltr'><strong><em>cantarunt</em></strong></span> <span class='ocrx_word' id='word_1_383' title='bbox 2117 2362 2346 2417; x_wconf 78' lang='lat' dir='ltr'><strong><em>dicatur.</em></strong></span> <span class='ocrx_word' id='word_1_384' title='bbox 2381 2362 2533 2419; x_wconf 82' lang='lat' dir='ltr'><strong><em>Nunc</em></strong></span> <span class='ocrx_word' id='word_1_385' title='bbox 2558 2379 2588 2417; x_wconf 89' lang='lat' dir='ltr'><strong><em>a</em></strong></span> <span class='ocrx_word' id='word_1_386' title='bbox 2617 2364 2794 2418; x_wconf 85' lang='lat' dir='ltr'><strong><em>tribus</em></strong></span> <span class='ocrx_word' id='word_1_387' title='bbox 2825 2365 2889 2420; x_wconf 86' lang='lat' dir='ltr'><strong><em>de</em></strong></span> <span class='ocrx_word' id='word_1_388' title='bbox 2925 2366 3160 2421; x_wconf 82' lang='lat' dir='ltr'><strong><em>secunda</em></strong></span> <span class='ocrx_word' id='word_1_389' title='bbox 3188 2367 3314 2423; x_wconf 82' lang='lat' dir='ltr'><strong><em>sedc</em></strong></span> <span class='ocrx_word' id='word_1_390' title='bbox 3347 2369 3401 2422; x_wconf 94' lang='lat' dir='ltr'><strong><em>in</em></strong></span> 
     </span>
    </p>
   </div>
   <div class='ocr_carea' id='block_1_54' title="bbox 1815 2441 2367 2521">
    <p class='ocr_par' dir='ltr' id='par_1_54' title="bbox 1815 2441 2367 2521">
     <span class='ocr_line' id='line_1_54' title="bbox 1815 2441 2367 2521; baseline 0.005 -14"><span class='ocrx_word' id='word_1_391' title='bbox 1815 2453 2241 2521; x_wconf 77' lang='lat' dir='ltr'><strong><em>superpelliceis.</em></strong></span> <span class='ocrx_word' id='word_1_392' title='bbox 2362 2441 2367 2445; x_wconf 45' lang='grc'><em>’</em></span> 
     </span>
    </p>
   </div>
   <div class='ocr_carea' id='block_1_55' title="bbox 1883 2542 3398 2618">
    <p class='ocr_par' dir='ltr' id='par_1_55' title="bbox 1883 2542 3398 2618">
     <span class='ocr_line' id='line_1_55' title="bbox 1883 2542 3398 2618; baseline 0.005 -22"><span class='ocrx_word' id='word_1_393' title='bbox 1883 2543 2040 2613; x_wconf 60' lang='lat' dir='ltr'><strong><em>(ﬁt)</em></strong></span> <span class='ocrx_word' id='word_1_394' title='bbox 2083 2542 2357 2599; x_wconf 85' lang='lat' dir='ltr'><strong><em>Psalmum</em></strong></span> <span class='ocrx_word' id='word_1_395' title='bbox 2410 2560 2427 2597; x_wconf 89' lang='lat'><em>:</em></span> <span class='ocrx_word' id='word_1_396' title='bbox 2475 2546 2719 2603; x_wconf 81' lang='lat' dir='ltr'><strong><em>Laudate</em></strong></span> <span class='ocrx_word' id='word_1_397' title='bbox 2756 2589 2773 2614; x_wconf 91' lang='lat'><strong><em>,</em></strong></span> <span class='ocrx_word' id='word_1_398' title='bbox 2837 2551 2989 2618; x_wconf 83' lang='lat' dir='ltr'><strong><em>pueri</em></strong></span> <span class='ocrx_word' id='word_1_399' title='bbox 3021 2591 3036 2614; x_wconf 96' lang='lat'><strong><em>,</em></strong></span> <span class='ocrx_word' id='word_1_400' title='bbox 3073 2550 3398 2616; x_wconf 88' lang='lat' dir='ltr'><strong><em>Dominum,</em></strong></span> 
     </span>
    </p>
   </div>
   <div class='ocr_carea' id='block_1_56' title="bbox 1813 2622 3393 2709">
    <p class='ocr_par' dir='ltr' id='par_1_56' title="bbox 1813 2622 3393 2709">
     <span class='ocr_line' id='line_1_56' title="bbox 1813 2622 3393 2709; baseline 0.006 -23"><span class='ocrx_word' id='word_1_401' title='bbox 1813 2622 2085 2688; x_wconf 75' lang='lat' dir='ltr'><strong><em>canlantes</em></strong></span> <span class='ocrx_word' id='word_1_402' title='bbox 2124 2635 2197 2687; x_wconf 89' lang='lat' dir='ltr'><strong><em>ad</em></strong></span> <span class='ocrx_word' id='word_1_403' title='bbox 2223 2635 2394 2704; x_wconf 79' lang='lat' dir='ltr'><strong><em>[antes</em></strong></span> <span class='ocrx_word' id='word_1_404' title='bbox 2431 2649 2670 2707; x_wconf 86' lang='lat' dir='ltr'><strong><em>pergant.</em></strong></span> <span class='ocrx_word' id='word_1_405' title='bbox 2723 2639 2830 2694; x_wconf 85' lang='lat' dir='ltr'><strong><em>Iste</em></strong></span> <span class='ocrx_word' id='word_1_406' title='bbox 2859 2641 3225 2709; x_wconf 88' lang='lat' dir='ltr'><strong><em>processionis</em></strong></span> <span class='ocrx_word' id='word_1_407' title='bbox 3255 2643 3393 2696; x_wconf 89' lang='lat' dir='ltr'><strong><em>ritus</em></strong></span> 
     </span>
    </p>
   </div>
   <div class='ocr_carea' id='block_1_57' title="bbox 1814 2723 3400 2799">
    <p class='ocr_par' dir='ltr' id='par_1_57' title="bbox 1814 2723 3400 2799">
     <span class='ocr_line' id='line_1_57' title="bbox 1814 2723 3400 2799; baseline 0.006 -23"><span class='ocrx_word' id='word_1_408' title='bbox 1814 2723 2164 2779; x_wconf 84' lang='lat' dir='ltr'><strong><em>laudabiliter</em></strong></span> <span class='ocrx_word' id='word_1_409' title='bbox 2214 2727 2535 2780; x_wconf 82' lang='lat' dir='ltr'><strong><em>observatur</em></strong></span> <span class='ocrx_word' id='word_1_410' title='bbox 2583 2728 2634 2781; x_wconf 93' lang='lat' dir='ltr'><strong>in</strong></span> <span class='ocrx_word' id='word_1_411' title='bbox 2697 2729 2993 2783; x_wconf 87' lang='lat' dir='ltr'><strong><em>cathedrali</em></strong></span> <span class='ocrx_word' id='word_1_412' title='bbox 3051 2739 3107 2784; x_wconf 89' lang='lat' dir='ltr'><strong><em>et</em></strong></span> <span class='ocrx_word' id='word_1_413' title='bbox 3152 2730 3400 2799; x_wconf 86' lang='lat' dir='ltr'><strong><em>plurimis</em></strong></span> 
     </span>
    </p>
   </div>
   <div class='ocr_carea' id='block_1_58' title="bbox 1811 2814 3400 2890">
    <p class='ocr_par' dir='ltr' id='par_1_58' title="bbox 1811 2814 3400 2890">
     <span class='ocr_line' id='line_1_58' title="bbox 1811 2814 3400 2890; baseline 0.005 -23"><span class='ocrx_word' id='word_1_414' title='bbox 1811 2814 2214 2884; x_wconf 83' lang='lat' dir='ltr'><strong><em>parochialibus</em></strong></span> <span class='ocrx_word' id='word_1_415' title='bbox 2247 2814 2494 2870; x_wconf 89' lang='lat' dir='ltr'><strong><em>ecclesiis</em></strong></span> <span class='ocrx_word' id='word_1_416' title='bbox 2530 2817 2689 2886; x_wconf 85' lang='lat' dir='ltr'><strong><em>hujus</em></strong></span> <span class='ocrx_word' id='word_1_417' title='bbox 2728 2819 2991 2884; x_wconf 86' lang='lat' dir='ltr'><strong><em>civitatis,</em></strong></span> <span class='ocrx_word' id='word_1_418' title='bbox 3020 2821 3111 2890; x_wconf 84' lang='lat' dir='ltr'><strong><em>qui</em></strong></span> <span class='ocrx_word' id='word_1_419' title='bbox 3152 2821 3204 2875; x_wconf 88' lang='lat' dir='ltr'><strong><em>in</em></strong></span> <span class='ocrx_word' id='word_1_420' title='bbox 3253 2821 3400 2876; x_wconf 83' lang='lat' dir='ltr'><strong><em>ordi-</em></strong></span> 
     </span>
    </p>
   </div>
   <div class='ocr_carea' id='block_1_59' title="bbox 1813 2907 3395 2979">
    <p class='ocr_par' dir='ltr' id='par_1_59' title="bbox 1813 2907 3395 2979">
     <span class='ocr_line' id='line_1_59' title="bbox 1813 2907 3395 2979; baseline 0.004 -19"><span class='ocrx_word' id='word_1_421' title='bbox 1813 2907 1972 2962; x_wconf 89' lang='lat' dir='ltr'><strong><em>nario</em></strong></span> <span class='ocrx_word' id='word_1_422' title='bbox 2003 2923 2133 2974; x_wconf 91' lang='lat' dir='ltr'><strong><em>ms.,</em></strong></span> <span class='ocrx_word' id='word_1_423' title='bbox 2164 2923 2219 2979; x_wconf 89' lang='lat' dir='ltr'><strong><em>p.</em></strong></span> <span class='ocrx_word' id='word_1_424' title='bbox 2244 2907 2336 2976; x_wconf 89' lang='lat'><strong><em>88,</em></strong></span> <span class='ocrx_word' id='word_1_425' title='bbox 2367 2909 2698 2965; x_wconf 89' lang='lat' dir='ltr'><strong><em>describitur</em></strong></span> <span class='ocrx_word' id='word_1_426' title='bbox 2724 2910 2943 2966; x_wconf 87' lang='lat' dir='ltr'><strong><em>disertis</em></strong></span> <span class='ocrx_word' id='word_1_427' title='bbox 2979 2912 3130 2967; x_wconf 84' lang='lat' dir='ltr'><strong><em>hisce</em></strong></span> <span class='ocrx_word' id='word_1_428' title='bbox 3159 2913 3342 2968; x_wconf 75' lang='lat' dir='ltr'><strong><em>verbis</em></strong></span> <span class='ocrx_word' id='word_1_429' title='bbox 3377 2931 3395 2967; x_wconf 87' lang='lat'><strong>:</strong></span> 
     </span>
    </p>
   </div>
   <div class='ocr_carea' id='block_1_60' title="bbox 1816 2993 3395 3068">
    <p class='ocr_par' dir='ltr' id='par_1_60' title="bbox 1816 2993 3395 3068">
     <span class='ocr_line' id='line_1_60' title="bbox 1816 2993 3395 3068; baseline 0.006 -18"><span class='ocrx_word' id='word_1_430' title='bbox 1816 2993 1963 3052; x_wconf 84' lang='lat' dir='ltr'><strong><em>Unus</em></strong></span> <span class='ocrx_word' id='word_1_431' title='bbox 1997 2997 2062 3051; x_wconf 93' lang='lat' dir='ltr'><strong><em>de</em></strong></span> <span class='ocrx_word' id='word_1_432' title='bbox 2089 2999 2380 3068; x_wconf 82' lang='lat' dir='ltr'><strong><em>majoribus</em></strong></span> <span class='ocrx_word' id='word_1_433' title='bbox 2407 3000 2620 3068; x_wconf 87' lang='lat' dir='ltr'><strong><em>incipiat</em></strong></span> <span class='ocrx_word' id='word_1_434' title='bbox 2650 3015 2670 3053; x_wconf 90' lang='lat'><strong><em>:</em></strong></span> <span class='ocrx_word' id='word_1_435' title='bbox 2702 2999 2948 3068; x_wconf 81' lang='lat' dir='ltr'><strong><em>Alleluia,</em></strong></span> <span class='ocrx_word' id='word_1_436' title='bbox 2979 3011 3028 3056; x_wconf 88' lang='lat' dir='ltr'><strong><em>et</em></strong></span> <span class='ocrx_word' id='word_1_437' title='bbox 3050 3019 3186 3058; x_wconf 88' lang='lat' dir='ltr'><strong><em>unus</em></strong></span> <span class='ocrx_word' id='word_1_438' title='bbox 3216 3006 3281 3058; x_wconf 91' lang='lat' dir='ltr'><strong><em>de</em></strong></span> <span class='ocrx_word' id='word_1_439' title='bbox 3314 3022 3395 3060; x_wconf 86' lang='lat' dir='ltr'><strong><em>re-</em></strong></span> 
     </span>
    </p>
   </div>
   <div class='ocr_carea' id='block_1_61' title="bbox 158 3085 3400 3189">
    <p class='ocr_par' dir='ltr' id='par_1_61' title="bbox 158 3085 3400 3189">
     <span class='ocr_line' id='line_1_61' title="bbox 158 3085 3400 3189; baseline 0.009 -56"><span class='ocrx_word' id='word_1_440' title='bbox 158 3085 334 3139; x_wconf 78' lang='lat' dir='ltr'><strong><em>tiarium</em></strong></span> <span class='ocrx_word' id='word_1_441' title='bbox 383 3103 523 3159; x_wconf 73' lang='lat' dir='ltr'><strong><em>stepe</em></strong></span> <span class='ocrx_word' id='word_1_442' title='bbox 564 3090 842 3149; x_wconf 87' lang='lat' dir='ltr'><strong><em>laudatum</em></strong></span> <span class='ocrx_word' id='word_1_443' title='bbox 874 3109 890 3148; x_wconf 87' lang='lat'><strong>:</strong></span> <span class='ocrx_word' id='word_1_444' title='bbox 916 3096 1370 3172; x_wconf 82' lang='lat' dir='ltr'><strong><em>Archiepiscopus,</em></strong></span> <span class='ocrx_word' id='word_1_445' title='bbox 1393 3106 1440 3158; x_wconf 89' lang='lat' dir='ltr'><strong><em>si</em></strong></span> <span class='ocrx_word' id='word_1_446' title='bbox 1479 3123 1709 3175; x_wconf 76' lang='lat' dir='ltr'><strong><em>prwsens</em></strong></span> <span class='ocrx_word' id='word_1_447' title='bbox 1740 3128 1784 3189; x_wconf 67' lang='grc' dir='ltr'><em>α</em></span> <span class='ocrx_word' id='word_1_448' title='bbox 1813 3088 2050 3189; x_wconf 60' lang='grc' dir='ltr'><strong><em>9⁸⁷²¹ί¹ηξ⁸</em></strong></span> <span class='ocrx_word' id='word_1_449' title='bbox 2079 3089 2296 3189; x_wconf 45' lang='grc' dir='ltr'><strong><em>εξοηηη</em></strong></span> <span class='ocrx_word' id='word_1_450' title='bbox 2327 3090 2542 3189; x_wconf 48' lang='grc' dir='ltr'><strong><em>θηείρίίὲ</em></strong></span> <span class='ocrx_word' id='word_1_451' title='bbox 2595 3102 2613 3140; x_wconf 66' lang='grc'><strong><em>³</em></strong></span> <span class='ocrx_word' id='word_1_452' title='bbox 2639 3088 2934 3189; x_wconf 44' lang='grc' dir='ltr'><strong><em>ἰξιυιξθξθ]</em></strong></span> <span class='ocrx_word' id='word_1_453' title='bbox 2966 3093 3168 3189; x_wconf 53' lang='grc' dir='ltr'><strong><em>⁸Ρυίξξξν</em></strong></span> <span class='ocrx_word' id='word_1_454' title='bbox 3219 3093 3400 3148; x_wconf 72' lang='grc' dir='ltr'>υοωί·</span> 
     </span>
    </p>
   </div>
   <div class='ocr_carea' id='block_1_62' title="bbox 157 3173 1712 3264">
    <p class='ocr_par' dir='ltr' id='par_1_62' title="bbox 157 3173 1712 3264">
     <span class='ocr_line' id='line_1_62' title="bbox 157 3173 1712 3264; baseline 0.018 -40"><span class='ocrx_word' id='word_1_455' title='bbox 157 3173 302 3240; x_wconf 75' lang='lat' dir='ltr'><strong><em>fuerit,</em></strong></span> <span class='ocrx_word' id='word_1_456' title='bbox 356 3179 514 3248; x_wconf 75' lang='lat' dir='ltr'><strong><em>(miat</em></strong></span> <span class='ocrx_word' id='word_1_457' title='bbox 569 3184 977 3242; x_wconf 79' lang='lat' dir='ltr'><strong><em>benedictionem</em></strong></span> <span class='ocrx_word' id='word_1_458' title='bbox 1050 3206 1207 3261; x_wconf 81' lang='lat' dir='ltr'><strong><em>super</em></strong></span> <span class='ocrx_word' id='word_1_459' title='bbox 1271 3173 1519 3264; x_wconf 83' lang='lat' dir='ltr'><strong><em>populum</em></strong></span> <span class='ocrx_word' id='word_1_460' title='bbox 1589 3208 1712 3252; x_wconf 89' lang='lat' dir='ltr'><strong><em>ante</em></strong></span> 
     </span>
    </p>
   </div>
   <div class='ocr_carea' id='block_1_63' title="bbox 155 3266 1706 3356">
    <p class='ocr_par' dir='ltr' id='par_1_63' title="bbox 155 3266 1706 3356">
     <span class='ocr_line' id='line_1_63' title="bbox 155 3266 1706 3356; baseline 0.017 -39"><span class='ocrx_word' id='word_1_461' title='bbox 155 3266 308 3336; x_wconf 71' lang='lat' dir='ltr'><strong><em>Agutis</em></strong></span> <span class='ocrx_word' id='word_1_462' title='bbox 337 3272 442 3328; x_wconf 55' lang='lat' dir='ltr'><strong><em>Det.</em></strong></span> <span class='ocrx_word' id='word_1_463' title='bbox 479 3273 666 3329; x_wconf 84' lang='lat' dir='ltr'><strong><em>Finito</em></strong></span> <span class='ocrx_word' id='word_1_464' title='bbox 713 3276 898 3348; x_wconf 77' lang='lat' dir='ltr'><strong><em>Agnus</em></strong></span> <span class='ocrx_word' id='word_1_465' title='bbox 941 3280 1062 3348; x_wconf 87' lang='lat' dir='ltr'><strong><em>Dei,</em></strong></span> <span class='ocrx_word' id='word_1_466' title='bbox 1100 3299 1278 3339; x_wconf 89' lang='lat' dir='ltr'><strong><em>omnes</em></strong></span> <span class='ocrx_word' id='word_1_467' title='bbox 1305 3288 1395 3356; x_wconf 87' lang='lat' dir='ltr'><strong><em>qui</em></strong></span> <span class='ocrx_word' id='word_1_468' title='bbox 1429 3288 1706 3355; x_wconf 84' lang='lat' dir='ltr'><strong><em>voluerint,</em></strong></span> 
     </span>
    </p>
   </div>
   <div class='ocr_carea' id='block_1_64' title="bbox 157 3367 693 3422">
    <p class='ocr_par' dir='ltr' id='par_1_64' title="bbox 157 3367 693 3422">
     <span class='ocr_line' id='line_1_64' title="bbox 157 3367 693 3422; baseline 0.022 -14"><span class='ocrx_word' id='word_1_469' title='bbox 157 3367 514 3421; x_wconf 82' lang='lat' dir='ltr'><strong><em>communicent.</em></strong></span> <span class='ocrx_word' id='word_1_470' title='bbox 594 3367 693 3422; x_wconf 82' lang='lat' dir='ltr'><strong><em>Pu.</em></strong></span> 
     </span>
    </p>
   </div>
   <div class='ocr_carea' id='block_1_65' title="bbox 213 3451 1704 3534">
    <p class='ocr_par' dir='ltr' id='par_1_65' title="bbox 213 3451 1704 3534">
     <span class='ocr_line' id='line_1_65' title="bbox 213 3451 1704 3534; baseline 0.017 -31"><span class='ocrx_word' id='word_1_471' title='bbox 213 3451 327 3508; x_wconf 83' lang='lat' dir='ltr'><strong><em>Tres</em></strong></span> <span class='ocrx_word' id='word_1_472' title='bbox 354 3457 754 3517; x_wconf 77' lang='lat' dir='ltr'><strong><em>bettedictiones</em></strong></span> <span class='ocrx_word' id='word_1_473' title='bbox 781 3463 1114 3533; x_wconf 80' lang='lat' dir='ltr'><strong><em>episcopales</em></strong></span> <span class='ocrx_word' id='word_1_474' title='bbox 1142 3467 1270 3534; x_wconf 88' lang='lat' dir='ltr'><strong><em>olim</em></strong></span> <span class='ocrx_word' id='word_1_475' title='bbox 1301 3469 1352 3524; x_wconf 92' lang='lat' dir='ltr'><strong><em>in</em></strong></span> <span class='ocrx_word' id='word_1_476' title='bbox 1395 3472 1556 3527; x_wconf 88' lang='lat' dir='ltr'><strong><em>missa</em></strong></span> <span class='ocrx_word' id='word_1_477' title='bbox 1587 3473 1704 3528; x_wconf 82' lang='lat' dir='ltr'><strong><em>ﬁeri</em></strong></span> 
     </span>
    </p>
   </div>
   <div class='ocr_carea' id='block_1_66' title="bbox 159 3543 1714 3622">
    <p class='ocr_par' dir='ltr' id='par_1_66' title="bbox 159 3543 1714 3622">
     <span class='ocr_line' id='line_1_66' title="bbox 159 3543 1714 3622; baseline 0.019 -30"><span class='ocrx_word' id='word_1_478' title='bbox 159 3543 319 3599; x_wconf 77' lang='lat' dir='ltr'><strong><em>solitas</em></strong></span> <span class='ocrx_word' id='word_1_479' title='bbox 370 3549 730 3608; x_wconf 87' lang='lat' dir='ltr'><strong><em>describimus</em></strong></span> <span class='ocrx_word' id='word_1_480' title='bbox 769 3570 836 3610; x_wconf 77' lang='lat' dir='ltr'><strong><em>ex</em></strong></span> <span class='ocrx_word' id='word_1_481' title='bbox 881 3573 984 3612; x_wconf 89' lang='lat' dir='ltr'><strong><em>ms.</em></strong></span> <span class='ocrx_word' id='word_1_482' title='bbox 1020 3558 1319 3617; x_wconf 80' lang='lat' dir='ltr'><strong><em>Pontiﬁcali</em></strong></span> <span class='ocrx_word' id='word_1_483' title='bbox 1372 3563 1714 3622; x_wconf 75' lang='lat' dir='ltr'><strong><em>bibliotheca:</em></strong></span> 
     </span>
    </p>
   </div>
   <div class='ocr_carea' id='block_1_67' title="bbox 158 3637 1712 3723">
    <p class='ocr_par' dir='ltr' id='par_1_67' title="bbox 158 3637 1712 3723">
     <span class='ocr_line' id='line_1_67' title="bbox 158 3637 1712 3723; baseline 0.019 -40"><span class='ocrx_word' id='word_1_484' title='bbox 158 3637 450 3698; x_wconf 82' lang='lat' dir='ltr'><strong><em>cathedralis</em></strong></span> <span class='ocrx_word' id='word_1_485' title='bbox 474 3645 918 3717; x_wconf 78' lang='lat' dir='ltr'><strong><em>Rotomagensis,</em></strong></span> <span class='ocrx_word' id='word_1_486' title='bbox 951 3665 1084 3719; x_wconf 82' lang='lat' dir='ltr'><strong><em>quas</em></strong></span> <span class='ocrx_word' id='word_1_487' title='bbox 1111 3653 1163 3707; x_wconf 91' lang='lat' dir='ltr'><strong><em>in</em></strong></span> <span class='ocrx_word' id='word_1_488' title='bbox 1190 3654 1373 3708; x_wconf 90' lang='lat' dir='ltr'><strong><em>missis</em></strong></span> <span class='ocrx_word' id='word_1_489' title='bbox 1417 3656 1712 3723; x_wconf 79' lang='lat' dir='ltr'><strong><em>pontiﬁca-</em></strong></span> 
     </span>
    </p>
   </div>
   <div class='ocr_carea' id='block_1_68' title="bbox 158 3724 1709 3815">
    <p class='ocr_par' dir='ltr' id='par_1_68' title="bbox 158 3724 1709 3815">
     <span class='ocr_line' id='line_1_68' title="bbox 158 3724 1709 3815; baseline 0.015 -38"><span class='ocrx_word' id='word_1_490' title='bbox 158 3724 274 3784; x_wconf 84' lang='lat' dir='ltr'><strong><em>libus</em></strong></span> <span class='ocrx_word' id='word_1_491' title='bbox 294 3735 519 3790; x_wconf 72' lang='lat' dir='ltr'><strong><em>revocari</em></strong></span> <span class='ocrx_word' id='word_1_492' title='bbox 542 3745 696 3805; x_wconf 87' lang='lat' dir='ltr'><strong><em>optat</em></strong></span> <span class='ocrx_word' id='word_1_493' title='bbox 719 3739 908 3794; x_wconf 86' lang='lat' dir='ltr'><strong><em>ritualc</em></strong></span> <span class='ocrx_word' id='word_1_494' title='bbox 938 3740 1419 3813; x_wconf 76' lang='lat' dir='ltr'><strong><em>Rotomagense,p.</em></strong></span> <span class='ocrx_word' id='word_1_495' title='bbox 1439 3762 1477 3807; x_wconf 82' lang='grc' dir='ltr'><strong><em>ι,</em></strong></span> <span class='ocrx_word' id='word_1_496' title='bbox 1507 3761 1559 3815; x_wconf 91' lang='lat' dir='ltr'><strong><em>p.</em></strong></span> <span class='ocrx_word' id='word_1_497' title='bbox 1583 3746 1709 3800; x_wconf 80' lang='lat'><strong><em>505.</em></strong></span> 
     </span>
    </p>
   </div>
   <div class='ocr_carea' id='block_1_69' title="bbox 217 3820 1714 3897">
    <p class='ocr_par' dir='ltr' id='par_1_69' title="bbox 217 3820 1714 3897">
     <span class='ocr_line' id='line_1_69' title="bbox 217 3820 1714 3897; baseline 0.013 -23"><span class='ocrx_word' id='word_1_498' title='bbox 217 3820 343 3892; x_wconf 72' lang='lat'><strong>(228)</strong></span> <span class='ocrx_word' id='word_1_499' title='bbox 381 3823 509 3880; x_wconf 88' lang='lat' dir='ltr'><strong><em>Cum</em></strong></span> <span class='ocrx_word' id='word_1_500' title='bbox 561 3830 912 3897; x_wconf 87' lang='lat' dir='ltr'><strong><em>processione,</em></strong></span> <span class='ocrx_word' id='word_1_501' title='bbox 949 3843 1055 3888; x_wconf 90' lang='lat' dir='ltr'><strong><em>etc.</em></strong></span> <span class='ocrx_word' id='word_1_502' title='bbox 1093 3833 1148 3887; x_wconf 90' lang='lat' dir='ltr'><strong><em>In</em></strong></span> <span class='ocrx_word' id='word_1_503' title='bbox 1181 3835 1267 3888; x_wconf 87' lang='lat' dir='ltr'><strong><em>his</em></strong></span> <span class='ocrx_word' id='word_1_504' title='bbox 1292 3835 1544 3890; x_wconf 83' lang='lat' dir='ltr'><strong><em>omnibus</em></strong></span> <span class='ocrx_word' id='word_1_505' title='bbox 1583 3852 1714 3892; x_wconf 86' lang='lat' dir='ltr'><strong><em>con-</em></strong></span> 
     </span>
    </p>
   </div>
   <div class='ocr_carea' id='block_1_70' title="bbox 157 3913 1711 3990">
    <p class='ocr_par' dir='ltr' id='par_1_70' title="bbox 157 3913 1711 3990">
     <span class='ocr_line' id='line_1_70' title="bbox 157 3913 1711 3990; baseline 0.013 -29"><span class='ocrx_word' id='word_1_506' title='bbox 157 3913 316 3966; x_wconf 85' lang='lat' dir='ltr'><strong><em>cordat</em></strong></span> <span class='ocrx_word' id='word_1_507' title='bbox 340 3915 683 3973; x_wconf 53' lang='lat' dir='ltr'><strong><em>Ot‘dinarium</em></strong></span> <span class='ocrx_word' id='word_1_508' title='bbox 706 3919 1101 3990; x_wconf 76' lang='lat' dir='ltr'><strong><em>Rotomagense</em></strong></span> <span class='ocrx_word' id='word_1_509' title='bbox 1123 3939 1222 3977; x_wconf 88' lang='lat' dir='ltr'><strong><em>ms.</em></strong></span> <span class='ocrx_word' id='word_1_510' title='bbox 1252 3940 1267 3984; x_wconf 86' lang='lat'><strong>;</strong></span> <span class='ocrx_word' id='word_1_511' title='bbox 1297 3925 1376 3978; x_wconf 90' lang='lat' dir='ltr'><strong><em>sic</em></strong></span> <span class='ocrx_word' id='word_1_512' title='bbox 1402 3935 1582 3980; x_wconf 86' lang='lat' dir='ltr'><strong><em>autem</em></strong></span> <span class='ocrx_word' id='word_1_513' title='bbox 1610 3927 1711 3980; x_wconf 84' lang='lat' dir='ltr'><strong><em>ha-</em></strong></span> 
     </span>
    </p>
   </div>
   <div class='ocr_carea' id='block_1_71' title="bbox 158 3998 1713 4083">
    <p class='ocr_par' dir='ltr' id='par_1_71' title="bbox 158 3998 1713 4083">
     <span class='ocr_line' id='line_1_71' title="bbox 158 3998 1713 4083; baseline 0.013 -31"><span class='ocrx_word' id='word_1_514' title='bbox 158 3998 230 4053; x_wconf 86' lang='lat' dir='ltr'><strong><em>bet</em></strong></span> <span class='ocrx_word' id='word_1_515' title='bbox 268 4003 314 4056; x_wconf 86' lang='lat' dir='ltr'><strong><em>in</em></strong></span> <span class='ocrx_word' id='word_1_516' title='bbox 361 4007 446 4063; x_wconf 87' lang='lat' dir='ltr'><strong><em>die</em></strong></span> <span class='ocrx_word' id='word_1_517' title='bbox 497 4008 744 4076; x_wconf 67' lang='lat' dir='ltr'><strong><em>Pasclue,</em></strong></span> <span class='ocrx_word' id='word_1_518' title='bbox 788 4027 910 4082; x_wconf 82' lang='lat' dir='ltr'><strong><em>pag.</em></strong></span> <span class='ocrx_word' id='word_1_519' title='bbox 959 4013 1047 4068; x_wconf 89' lang='lat'><strong><em>88.</em></strong></span> <span class='ocrx_word' id='word_1_520' title='bbox 1099 4014 1179 4066; x_wconf 84' lang='lat' dir='ltr'><strong><em>Ad</em></strong></span> <span class='ocrx_word' id='word_1_521' title='bbox 1220 4013 1474 4083; x_wconf 81' lang='lat' dir='ltr'><strong><em>Vesperas</em></strong></span> <span class='ocrx_word' id='word_1_522' title='bbox 1504 4027 1608 4071; x_wconf 90' lang='lat' dir='ltr'><strong><em>tres</em></strong></span> <span class='ocrx_word' id='word_1_523' title='bbox 1649 4020 1713 4073; x_wconf 91' lang='lat' dir='ltr'><strong><em>de</em></strong></span> 
     </span>
    </p>
   </div>
   <div class='ocr_carea' id='block_1_72' title="bbox 158 4090 1710 4171">
    <p class='ocr_par' dir='ltr' id='par_1_72' title="bbox 158 4090 1710 4171">
     <span class='ocr_line' id='line_1_72' title="bbox 158 4090 1710 4171; baseline 0.015 -34"><span class='ocrx_word' id='word_1_524' title='bbox 158 4090 316 4158; x_wconf 87' lang='lat' dir='ltr'><strong><em>majori</em></strong></span> <span class='ocrx_word' id='word_1_525' title='bbox 335 4096 448 4150; x_wconf 90' lang='lat' dir='ltr'><strong><em>sede</em></strong></span> <span class='ocrx_word' id='word_1_526' title='bbox 472 4097 526 4151; x_wconf 90' lang='lat' dir='ltr'><strong><em>in</em></strong></span> <span class='ocrx_word' id='word_1_527' title='bbox 551 4100 735 4167; x_wconf 85' lang='lat' dir='ltr'><strong><em>cappis</em></strong></span> <span class='ocrx_word' id='word_1_528' title='bbox 758 4112 963 4154; x_wconf 86' lang='lat' dir='ltr'><strong><em>cantent</em></strong></span> <span class='ocrx_word' id='word_1_529' title='bbox 983 4101 1052 4154; x_wconf 91' lang='lat' dir='ltr'><strong><em>ad</em></strong></span> <span class='ocrx_word' id='word_1_530' title='bbox 1081 4104 1455 4170; x_wconf 85' lang='lat' dir='ltr'><strong><em>processionent</em></strong></span> <span class='ocrx_word' id='word_1_531' title='bbox 1489 4120 1507 4158; x_wconf 91' lang='lat'><strong><em>:</em></strong></span> <span class='ocrx_word' id='word_1_532' title='bbox 1531 4104 1710 4171; x_wconf 80' lang='lat' dir='ltr'><strong><em>Salve,</em></strong></span> 
     </span>
    </p>
   </div>
   <div class='ocr_carea' id='block_1_73' title="bbox 159 4175 1711 4259">
    <p class='ocr_par' dir='ltr' id='par_1_73' title="bbox 159 4175 1711 4259">
     <span class='ocr_line' id='line_1_73' title="bbox 159 4175 1711 4259; baseline 0.015 -31"><span class='ocrx_word' id='word_1_533' title='bbox 159 4175 270 4233; x_wconf 80' lang='lat' dir='ltr'><strong><em>festa</em></strong></span> <span class='ocrx_word' id='word_1_534' title='bbox 323 4185 452 4250; x_wconf 89' lang='lat' dir='ltr'><strong><em>dies,</em></strong></span> <span class='ocrx_word' id='word_1_535' title='bbox 511 4205 634 4253; x_wconf 85' lang='lat' dir='ltr'><strong><em>cum</em></strong></span> <span class='ocrx_word' id='word_1_536' title='bbox 693 4190 916 4244; x_wconf 81' lang='lat' dir='ltr'><strong><em>diacono</em></strong></span> <span class='ocrx_word' id='word_1_537' title='bbox 952 4202 1001 4245; x_wconf 90' lang='lat' dir='ltr'><strong><em>et</em></strong></span> <span class='ocrx_word' id='word_1_538' title='bbox 1068 4193 1387 4247; x_wconf 87' lang='lat' dir='ltr'><strong><em>subdiacono</em></strong></span> <span class='ocrx_word' id='word_1_539' title='bbox 1432 4197 1711 4259; x_wconf 80' lang='lat' dir='ltr'><strong><em>revestitis,</em></strong></span> 
     </span>
    </p>
   </div>
   <div class='ocr_carea' id='block_1_74' title="bbox 161 4273 1712 4356">
    <p class='ocr_par' dir='ltr' id='par_1_74' title="bbox 161 4273 1712 4356">
     <span class='ocr_line' id='line_1_74' title="bbox 161 4273 1712 4356; baseline 0.015 -38"><span class='ocrx_word' id='word_1_540' title='bbox 161 4283 308 4337; x_wconf 83' lang='lat' dir='ltr'><strong><em>cruce,</em></strong></span> <span class='ocrx_word' id='word_1_541' title='bbox 329 4277 676 4341; x_wconf 87' lang='lat' dir='ltr'><strong><em>candelabris,</em></strong></span> <span class='ocrx_word' id='word_1_542' title='bbox 707 4273 984 4334; x_wconf 85' lang='lat' dir='ltr'><strong><em>thuribulis</em></strong></span> <span class='ocrx_word' id='word_1_543' title='bbox 1011 4291 1059 4336; x_wconf 90' lang='lat' dir='ltr'><strong><em>et</em></strong></span> <span class='ocrx_word' id='word_1_544' title='bbox 1076 4283 1266 4352; x_wconf 85' lang='lat' dir='ltr'><strong><em>signis;</em></strong></span> <span class='ocrx_word' id='word_1_545' title='bbox 1287 4285 1565 4340; x_wconf 88' lang='lat' dir='ltr'><strong><em>descendat</em></strong></span> <span class='ocrx_word' id='word_1_546' title='bbox 1589 4303 1712 4356; x_wconf 86' lang='lat' dir='ltr'><strong><em>pro-</em></strong></span> 
     </span>
    </p>
   </div>
   <div class='ocr_carea' id='block_1_75' title="bbox 159 4362 1711 4446">
    <p class='ocr_par' dir='ltr' id='par_1_75' title="bbox 159 4362 1711 4446">
     <span class='ocr_line' id='line_1_75' title="bbox 159 4362 1711 4446; baseline 0.015 -37"><span class='ocrx_word' id='word_1_547' title='bbox 159 4362 292 4414; x_wconf 83' lang='lat' dir='ltr'><strong><em>cessio</em></strong></span> <span class='ocrx_word' id='word_1_548' title='bbox 311 4383 396 4434; x_wconf 85' lang='lat' dir='ltr'><strong><em>per</em></strong></span> <span class='ocrx_word' id='word_1_549' title='bbox 421 4370 662 4424; x_wconf 76' lang='lat' dir='ltr'><strong><em>dextram</em></strong></span> <span class='ocrx_word' id='word_1_550' title='bbox 688 4373 828 4426; x_wconf 88' lang='lat' dir='ltr'><strong><em>alam</em></strong></span> <span class='ocrx_word' id='word_1_551' title='bbox 855 4374 1106 4438; x_wconf 76' lang='lat' dir='ltr'><strong><em>ecclesire,</em></strong></span> <span class='ocrx_word' id='word_1_552' title='bbox 1130 4392 1291 4446; x_wconf 86' lang='lat' dir='ltr'><strong><em>usque</em></strong></span> <span class='ocrx_word' id='word_1_553' title='bbox 1319 4377 1388 4428; x_wconf 90' lang='lat' dir='ltr'><strong><em>ad</em></strong></span> <span class='ocrx_word' id='word_1_554' title='bbox 1416 4378 1711 4432; x_wconf 83' lang='lat' dir='ltr'><strong><em>occidenta-</em></strong></span> 
     </span>
    </p>
   </div>
   <div class='ocr_carea' id='block_1_76' title="bbox 1818 3179 3398 3247">
    <p class='ocr_par' dir='ltr' id='par_1_76' title="bbox 1818 3179 3398 3247">
     <span class='ocr_line' id='line_1_76' title="bbox 1818 3179 3398 3247; baseline 0.003 -12"><span class='ocrx_word' id='word_1_555' title='bbox 1818 3197 1964 3247; x_wconf 90' lang='lat' dir='ltr'><strong><em>num,</em></strong></span> <span class='ocrx_word' id='word_1_556' title='bbox 2003 3179 2223 3234; x_wconf 87' lang='lat' dir='ltr'><strong><em>laudate</em></strong></span> <span class='ocrx_word' id='word_1_557' title='bbox 2258 3196 2455 3234; x_wconf 88' lang='lat' dir='ltr'><strong><em>nomen</em></strong></span> <span class='ocrx_word' id='word_1_558' title='bbox 2499 3181 2742 3245; x_wconf 87' lang='lat' dir='ltr'><strong><em>Domini,</em></strong></span> <span class='ocrx_word' id='word_1_559' title='bbox 2788 3181 3037 3236; x_wconf 80' lang='lat' dir='ltr'><strong><em>Alleluia.</em></strong></span> <span class='ocrx_word' id='word_1_560' title='bbox 3079 3181 3165 3238; x_wconf 88' lang='lat' dir='ltr'><strong><em>Sit</em></strong></span> <span class='ocrx_word' id='word_1_561' title='bbox 3201 3199 3398 3239; x_wconf 86' lang='lat' dir='ltr'><strong><em>nomen</em></strong></span> 
     </span>
    </p>
   </div>
   <div class='ocr_carea' id='block_1_77' title="bbox 1816 3269 3398 3336">
    <p class='ocr_par' dir='ltr' id='par_1_77' title="bbox 1816 3269 3398 3336">
     <span class='ocr_line' id='line_1_77' title="bbox 1816 3269 3398 3336; baseline 0.004 -11"><span class='ocrx_word' id='word_1_562' title='bbox 1816 3269 2045 3327; x_wconf 70' lang='lat' dir='ltr'><strong><em>Domini&#39;</em></strong></span> <span class='ocrx_word' id='word_1_563' title='bbox 2087 3271 2455 3336; x_wconf 86' lang='lat' dir='ltr'><strong><em>benedictum,</em></strong></span> <span class='ocrx_word' id='word_1_564' title='bbox 2501 3283 2608 3328; x_wconf 91' lang='lat' dir='ltr'><strong><em>etc.</em></strong></span> <span class='ocrx_word' id='word_1_565' title='bbox 2648 3273 2874 3329; x_wconf 83' lang='lat' dir='ltr'><strong><em>Alleluia</em></strong></span> <span class='ocrx_word' id='word_1_566' title='bbox 2913 3285 3001 3330; x_wconf 90' lang='lat' dir='ltr'><strong><em>:et</em></strong></span> <span class='ocrx_word' id='word_1_567' title='bbox 3031 3277 3106 3330; x_wconf 90' lang='lat' dir='ltr'><strong><em>sic</em></strong></span> <span class='ocrx_word' id='word_1_568' title='bbox 3132 3278 3398 3332; x_wconf 87' lang='lat' dir='ltr'><strong><em>cantando</em></strong></span> 
     </span>
    </p>
   </div>
   <div class='ocr_carea' id='block_1_78' title="bbox 1813 3364 3394 3434">
    <p class='ocr_par' dir='ltr' id='par_1_78' title="bbox 1813 3364 3394 3434">
     <span class='ocr_line' id='line_1_78' title="bbox 1813 3364 3394 3434; baseline 0.003 -17"><span class='ocrx_word' id='word_1_569' title='bbox 1813 3364 2075 3434; x_wconf 85' lang='lat' dir='ltr'><strong><em>psalmum</em></strong></span> <span class='ocrx_word' id='word_1_570' title='bbox 2097 3373 2180 3417; x_wconf 91' lang='lat' dir='ltr'><strong><em>eat</em></strong></span> <span class='ocrx_word' id='word_1_571' title='bbox 2208 3364 2470 3434; x_wconf 83' lang='lat' dir='ltr'><strong><em>processio</em></strong></span> <span class='ocrx_word' id='word_1_572' title='bbox 2499 3364 2566 3416; x_wconf 93' lang='lat' dir='ltr'><strong><em>ad</em></strong></span> <span class='ocrx_word' id='word_1_573' title='bbox 2597 3364 2766 3432; x_wconf 78' lang='lat' dir='ltr'><strong><em>fontes</em></strong></span> <span class='ocrx_word' id='word_1_574' title='bbox 2792 3381 2909 3418; x_wconf 83' lang='lat' dir='ltr'><strong><em>cum</em></strong></span> <span class='ocrx_word' id='word_1_575' title='bbox 2935 3366 3158 3420; x_wconf 86' lang='lat' dir='ltr'><strong><em>diacono</em></strong></span> <span class='ocrx_word' id='word_1_576' title='bbox 3185 3376 3233 3420; x_wconf 87' lang='lat' dir='ltr'><strong><em>et</em></strong></span> <span class='ocrx_word' id='word_1_577' title='bbox 3264 3369 3394 3421; x_wconf 85' lang='lat' dir='ltr'><strong><em>sub-</em></strong></span> 
     </span>
    </p>
   </div>
   <div class='ocr_carea' id='block_1_79' title="bbox 1813 3454 3397 3526">
    <p class='ocr_par' dir='ltr' id='par_1_79' title="bbox 1813 3454 3397 3526">
     <span class='ocr_line' id='line_1_79' title="bbox 1813 3454 3397 3526; baseline 0.003 -18"><span class='ocrx_word' id='word_1_578' title='bbox 1813 3457 2058 3519; x_wconf 84' lang='lat' dir='ltr'><strong><em>diacono,</em></strong></span> <span class='ocrx_word' id='word_1_579' title='bbox 2089 3466 2142 3510; x_wconf 83' lang='lat' dir='ltr'><strong><em>et</em></strong></span> <span class='ocrx_word' id='word_1_580' title='bbox 2171 3454 2419 3524; x_wconf 62' lang='lat' dir='ltr'><strong><em>ampullas</em></strong></span> <span class='ocrx_word' id='word_1_581' title='bbox 2444 3472 2478 3508; x_wconf 78' lang='grc' dir='ltr'>α</span> <span class='ocrx_word' id='word_1_582' title='bbox 2516 3455 2716 3508; x_wconf 88' lang='lat' dir='ltr'><strong><em>duobus</em></strong></span> <span class='ocrx_word' id='word_1_583' title='bbox 2754 3456 3062 3526; x_wconf 81' lang='lat' dir='ltr'><strong><em>presbyteris</em></strong></span> <span class='ocrx_word' id='word_1_584' title='bbox 3089 3457 3298 3524; x_wconf 88' lang='lat' dir='ltr'><strong><em>albatis,</em></strong></span> <span class='ocrx_word' id='word_1_585' title='bbox 3345 3468 3397 3512; x_wconf 86' lang='lat' dir='ltr'><strong><em>et</em></strong></span> 
     </span>
    </p>
   </div>
   <div class='ocr_carea' id='block_1_80' title="bbox 1814 3547 3393 3619">
    <p class='ocr_par' dir='ltr' id='par_1_80' title="bbox 1814 3547 3393 3619">
     <span class='ocr_line' id='line_1_80' title="bbox 1814 3547 3393 3619; baseline 0.003 -19"><span class='ocrx_word' id='word_1_586' title='bbox 1814 3565 1960 3602; x_wconf 89' lang='lat' dir='ltr'><strong><em>cereo</em></strong></span> <span class='ocrx_word' id='word_1_587' title='bbox 1989 3548 2280 3611; x_wconf 83' lang='lat' dir='ltr'><strong><em>benedicta,</em></strong></span> <span class='ocrx_word' id='word_1_588' title='bbox 2309 3564 2462 3618; x_wconf 79' lang='lat' dir='ltr'><strong><em>quem</em></strong></span> <span class='ocrx_word' id='word_1_589' title='bbox 2491 3547 2626 3616; x_wconf 78' lang='lat' dir='ltr'><strong><em>[erat</em></strong></span> <span class='ocrx_word' id='word_1_590' title='bbox 2658 3564 2791 3600; x_wconf 88' lang='lat' dir='ltr'><strong><em>unus</em></strong></span> <span class='ocrx_word' id='word_1_591' title='bbox 2829 3548 3082 3602; x_wconf 86' lang='lat' dir='ltr'><strong><em>diaconus</em></strong></span> <span class='ocrx_word' id='word_1_592' title='bbox 3115 3550 3393 3619; x_wconf 78' lang='lat' dir='ltr'><strong><em>(tlalmati-</em></strong></span> 
     </span>
    </p>
   </div>
   <div class='ocr_carea' id='block_1_81' title="bbox 1813 3638 3392 3709">
    <p class='ocr_par' dir='ltr' id='par_1_81' title="bbox 1813 3638 3392 3709">
     <span class='ocr_line' id='line_1_81' title="bbox 1813 3638 3392 3709; baseline 0 -14"><span class='ocrx_word' id='word_1_593' title='bbox 1813 3641 2005 3708; x_wconf 85' lang='lat' dir='ltr'><strong><em>catus)</em></strong></span> <span class='ocrx_word' id='word_1_594' title='bbox 2051 3641 2114 3694; x_wconf 90' lang='lat' dir='ltr'><strong><em>de</em></strong></span> <span class='ocrx_word' id='word_1_595' title='bbox 2161 3639 2391 3693; x_wconf 87' lang='lat' dir='ltr'><strong><em>secunda</em></strong></span> <span class='ocrx_word' id='word_1_596' title='bbox 2429 3638 2571 3704; x_wconf 87' lang='lat' dir='ltr'><strong><em>sede,</em></strong></span> <span class='ocrx_word' id='word_1_597' title='bbox 2617 3648 2663 3692; x_wconf 88' lang='lat' dir='ltr'><strong><em>et</em></strong></span> <span class='ocrx_word' id='word_1_598' title='bbox 2694 3638 2884 3692; x_wconf 87' lang='lat' dir='ltr'><strong><em>chorus</em></strong></span> <span class='ocrx_word' id='word_1_599' title='bbox 2914 3639 3174 3708; x_wconf 87' lang='lat' dir='ltr'><strong><em>psalmum</em></strong></span> <span class='ocrx_word' id='word_1_600' title='bbox 3201 3641 3392 3709; x_wconf 85' lang='lat' dir='ltr'><strong><em>ﬁniat,</em></strong></span> 
     </span>
    </p>
   </div>
   <div class='ocr_carea' id='block_1_82' title="bbox 1813 3731 3393 3802">
    <p class='ocr_par' dir='ltr' id='par_1_82' title="bbox 1813 3731 3393 3802">
     <span class='ocr_line' id='line_1_82' title="bbox 1813 3731 3393 3802; baseline 0.003 -16"><span class='ocrx_word' id='word_1_601' title='bbox 1813 3745 1860 3787; x_wconf 91' lang='lat' dir='ltr'><strong><em>et</em></strong></span> <span class='ocrx_word' id='word_1_602' title='bbox 1891 3733 2032 3786; x_wconf 89' lang='lat' dir='ltr'><strong><em>dicat</em></strong></span> <span class='ocrx_word' id='word_1_603' title='bbox 2059 3731 2286 3786; x_wconf 87' lang='lat' dir='ltr'><strong><em>Alleluia</em></strong></span> <span class='ocrx_word' id='word_1_604' title='bbox 2318 3741 2567 3802; x_wconf 88' lang='lat' dir='ltr'><strong><em>quatuor,</em></strong></span> <span class='ocrx_word' id='word_1_605' title='bbox 2599 3742 2645 3784; x_wconf 87' lang='lat' dir='ltr'><strong><em>et</em></strong></span> <span class='ocrx_word' id='word_1_606' title='bbox 2675 3731 2798 3786; x_wconf 72' lang='lat' dir='ltr'><strong><em>&quot;me</em></strong></span> <span class='ocrx_word' id='word_1_607' title='bbox 2838 3731 2957 3788; x_wconf 85' lang='lat' dir='ltr'><strong><em>dies</em></strong></span> <span class='ocrx_word' id='word_1_608' title='bbox 2989 3734 3102 3788; x_wconf 91' lang='lat' dir='ltr'><strong><em>sine</em></strong></span> <span class='ocrx_word' id='word_1_609' title='bbox 3128 3735 3355 3791; x_wconf 84' lang='lat' dir='ltr'><strong><em>Alleluia</em></strong></span> <span class='ocrx_word' id='word_1_610' title='bbox 3376 3777 3393 3802; x_wconf 94' lang='lat'><strong><em>,</em></strong></span> 
     </span>
    </p>
   </div>
   <div class='ocr_carea' id='block_1_83' title="bbox 1813 3824 3392 3894">
    <p class='ocr_par' dir='ltr' id='par_1_83' title="bbox 1813 3824 3392 3894">
     <span class='ocr_line' id='line_1_83' title="bbox 1813 3824 3392 3894; baseline 0.001 -13"><span class='ocrx_word' id='word_1_611' title='bbox 1813 3838 1862 3881; x_wconf 86' lang='lat' dir='ltr'><strong><em>et</em></strong></span> <span class='ocrx_word' id='word_1_612' title='bbox 1905 3843 2073 3880; x_wconf 85' lang='lat' dir='ltr'><strong><em>rersu.</em></strong></span> <span class='ocrx_word' id='word_1_613' title='bbox 2120 3824 2187 3878; x_wconf 85' lang='lat' dir='ltr'><strong><em>Et</em></strong></span> <span class='ocrx_word' id='word_1_614' title='bbox 2217 3836 2330 3894; x_wconf 89' lang='lat' dir='ltr'><strong><em>post</em></strong></span> <span class='ocrx_word' id='word_1_615' title='bbox 2365 3835 2607 3880; x_wconf 87' lang='lat' dir='ltr'><strong><em>cantetur</em></strong></span> <span class='ocrx_word' id='word_1_616' title='bbox 2635 3837 2756 3879; x_wconf 86' lang='lat' dir='ltr'><strong><em>ante</em></strong></span> <span class='ocrx_word' id='word_1_617' title='bbox 2784 3826 2957 3881; x_wconf 90' lang='lat' dir='ltr'><strong><em>altare</em></strong></span> <span class='ocrx_word' id='word_1_618' title='bbox 2997 3827 3058 3882; x_wconf 91' lang='lat' dir='ltr'><strong><em>S.</em></strong></span> <span class='ocrx_word' id='word_1_619' title='bbox 3097 3829 3323 3884; x_wconf 80' lang='lat' dir='ltr'><strong><em>Joannis</em></strong></span> <span class='ocrx_word' id='word_1_620' title='bbox 3373 3845 3392 3883; x_wconf 91' lang='lat'><strong><em>:</em></strong></span> 
     </span>
    </p>
   </div>
   <div class='ocr_carea' id='block_1_84' title="bbox 1813 3914 3388 3987">
    <p class='ocr_par' dir='ltr' id='par_1_84' title="bbox 1813 3914 3388 3987">
     <span class='ocr_line' id='line_1_84' title="bbox 1813 3914 3388 3987; baseline 0.003 -17"><span class='ocrx_word' id='word_1_621' title='bbox 1813 3916 2138 3982; x_wconf 56' lang='lat' dir='ltr'><strong><em>Alleluia,i</em></strong></span> <span class='ocrx_word' id='word_1_622' title='bbox 2198 3914 2456 3979; x_wconf 75' lang='lat' dir='ltr'><strong><em>Lautlate,</em></strong></span> <span class='ocrx_word' id='word_1_623' title='bbox 2511 3915 2663 3984; x_wconf 86' lang='lat' dir='ltr'><strong><em>pueri</em></strong></span> <span class='ocrx_word' id='word_1_624' title='bbox 2705 3926 2752 3968; x_wconf 92' lang='lat' dir='ltr'><strong><em>et</em></strong></span> <span class='ocrx_word' id='word_1_625' title='bbox 2795 3917 3070 3970; x_wconf 88' lang='lat' dir='ltr'><strong><em>reiteretur</em></strong></span> <span class='ocrx_word' id='word_1_626' title='bbox 3124 3917 3388 3987; x_wconf 84' lang='lat' dir='ltr'><strong><em>Alleluia;</em></strong></span> 
     </span>
    </p>
   </div>
   <div class='ocr_carea' id='block_1_85' title="bbox 1812 4005 3392 4081">
    <p class='ocr_par' dir='ltr' id='par_1_85' title="bbox 1812 4005 3392 4081">
     <span class='ocr_line' id='line_1_85' title="bbox 1812 4005 3392 4081; baseline 0.004 -19"><span class='ocrx_word' id='word_1_627' title='bbox 1812 4005 1930 4081; x_wconf 81' lang='lat' dir='ltr'><strong><em>quo</em></strong></span> <span class='ocrx_word' id='word_1_628' title='bbox 1949 4009 2100 4077; x_wconf 88' lang='lat' dir='ltr'><strong><em>ﬁnito</em></strong></span> <span class='ocrx_word' id='word_1_629' title='bbox 2135 4007 2378 4062; x_wconf 81' lang='lat' dir='ltr'><strong><em>sacerdos</em></strong></span> <span class='ocrx_word' id='word_1_630' title='bbox 2409 4008 2547 4060; x_wconf 90' lang='lat' dir='ltr'><strong><em>dicat</em></strong></span> <span class='ocrx_word' id='word_1_631' title='bbox 2580 4025 2598 4061; x_wconf 90' lang='lat'><strong><em>:</em></strong></span> <span class='ocrx_word' id='word_1_632' title='bbox 2629 4005 2877 4061; x_wconf 86' lang='lat' dir='ltr'><strong><em>Oremus.</em></strong></span> <span class='ocrx_word' id='word_1_633' title='bbox 2919 4009 3185 4080; x_wconf 89' lang='lat' dir='ltr'><strong><em>Dcus,qui</em></strong></span> <span class='ocrx_word' id='word_1_634' title='bbox 3218 4013 3392 4069; x_wconf 84' lang='lat' dir='ltr'><strong><em>eccle-</em></strong></span> 
     </span>
    </p>
   </div>
   <div class='ocr_carea' id='block_1_86' title="bbox 1813 4096 3414 4157">
    <p class='ocr_par' dir='ltr' id='par_1_86' title="bbox 1813 4096 3414 4157">
     <span class='ocr_line' id='line_1_86' title="bbox 1813 4096 3414 4157; baseline 0.002 -3"><span class='ocrx_word' id='word_1_635' title='bbox 1813 4103 1949 4155; x_wconf 87' lang='lat' dir='ltr'><strong><em>siam</em></strong></span> <span class='ocrx_word' id='word_1_636' title='bbox 1979 4111 2144 4153; x_wconf 86' lang='lat' dir='ltr'><strong><em>tuam.</em></strong></span> <span class='ocrx_word' id='word_1_637' title='bbox 2181 4099 2282 4152; x_wconf 84' lang='lat' dir='ltr'><strong><em>Per</em></strong></span> <span class='ocrx_word' id='word_1_638' title='bbox 2300 4097 2573 4151; x_wconf 85' lang='lat' dir='ltr'><strong><em>Christum</em></strong></span> <span class='ocrx_word' id='word_1_639' title='bbox 2601 4096 2906 4150; x_wconf 89' lang='lat' dir='ltr'><strong><em>Dominum.</em></strong></span> <span class='ocrx_word' id='word_1_640' title='bbox 2927 4097 3131 4153; x_wconf 82' lang='lat' dir='ltr'><strong><em>Festive</em></strong></span> <span class='ocrx_word' id='word_1_641' title='bbox 3162 4118 3295 4156; x_wconf 88' lang='lat' dir='ltr'><strong><em>unus</em></strong></span> <span class='ocrx_word' id='word_1_642' title='bbox 3325 4102 3414 4157; x_wconf 68' lang='lat' dir='ltr'><strong><em>de&#39;</em></strong></span> 
     </span>
    </p>
   </div>
   <div class='ocr_carea' id='block_1_87' title="bbox 1815 4186 3386 4262">
    <p class='ocr_par' dir='ltr' id='par_1_87' title="bbox 1815 4186 3386 4262">
     <span class='ocr_line' id='line_1_87' title="bbox 1815 4186 3386 4262; baseline -0.001 -16"><span class='ocrx_word' id='word_1_643' title='bbox 1815 4193 2004 4262; x_wconf 83' lang='lat' dir='ltr'><strong><em>majori</em></strong></span> <span class='ocrx_word' id='word_1_644' title='bbox 2032 4190 2152 4245; x_wconf 89' lang='lat' dir='ltr'><strong><em>sede</em></strong></span> <span class='ocrx_word' id='word_1_645' title='bbox 2186 4189 2402 4258; x_wconf 88' lang='lat' dir='ltr'><strong><em>incipiat</em></strong></span> <span class='ocrx_word' id='word_1_646' title='bbox 2435 4202 2452 4240; x_wconf 91' lang='lat'><em>:</em></span> <span class='ocrx_word' id='word_1_647' title='bbox 2481 4186 2728 4249; x_wconf 83' lang='lat' dir='ltr'><strong><em>Alleluia,</em></strong></span> <span class='ocrx_word' id='word_1_648' title='bbox 2761 4197 2808 4240; x_wconf 90' lang='lat' dir='ltr'><strong><em>et</em></strong></span> <span class='ocrx_word' id='word_1_649' title='bbox 2842 4203 2978 4240; x_wconf 87' lang='lat' dir='ltr'><strong><em>unus</em></strong></span> <span class='ocrx_word' id='word_1_650' title='bbox 3010 4189 3073 4241; x_wconf 90' lang='lat' dir='ltr'><strong><em>de</em></strong></span> <span class='ocrx_word' id='word_1_651' title='bbox 3093 4192 3386 4259; x_wconf 89' lang='lat' dir='ltr'><strong><em>regentibus</em></strong></span> 
     </span>
    </p>
   </div>
   <div class='ocr_carea' id='block_1_88' title="bbox 1813 4276 3380 4352">
    <p class='ocr_par' dir='ltr' id='par_1_88' title="bbox 1813 4276 3380 4352">
     <span class='ocr_line' id='line_1_88' title="bbox 1813 4276 3380 4352; baseline -0.004 -13"><span class='ocrx_word' id='word_1_652' title='bbox 1813 4287 2029 4340; x_wconf 88' lang='lat' dir='ltr'><strong><em>chorum</em></strong></span> <span class='ocrx_word' id='word_1_653' title='bbox 2057 4281 2192 4352; x_wconf 91' lang='lat' dir='ltr'><strong><em>psal.</em></strong></span> <span class='ocrx_word' id='word_1_654' title='bbox 2230 4280 2286 4335; x_wconf 90' lang='lat' dir='ltr'><strong><em>In</em></strong></span> <span class='ocrx_word' id='word_1_655' title='bbox 2317 4280 2460 4334; x_wconf 79' lang='lat' dir='ltr'><strong><em>exitu</em></strong></span> <span class='ocrx_word' id='word_1_656' title='bbox 2485 4277 2652 4333; x_wconf 83' lang='lat' dir='ltr'><strong><em>Israel</em></strong></span> <span class='ocrx_word' id='word_1_657' title='bbox 2679 4278 2743 4331; x_wconf 89' lang='lat' dir='ltr'><strong><em>de</em></strong></span> <span class='ocrx_word' id='word_1_658' title='bbox 2772 4276 3024 4348; x_wconf 63' lang='lat' dir='ltr'><strong><em>Egypto,</em></strong></span> <span class='ocrx_word' id='word_1_659' title='bbox 3055 4277 3301 4344; x_wconf 80' lang='lat' dir='ltr'><strong><em>Alleluia,</em></strong></span> <span class='ocrx_word' id='word_1_660' title='bbox 3348 4282 3380 4350; x_wconf 56' lang='grc' dir='ltr'><em>ᾗ</em></span> 
     </span>
    </p>
   </div>
   <div class='ocr_carea' id='block_1_89' title="bbox 1812 4371 3387 4440">
    <p class='ocr_par' dir='ltr' id='par_1_89' title="bbox 1812 4371 3387 4440">
     <span class='ocr_line' id='line_1_89' title="bbox 1812 4371 3387 4440; baseline -0.003 -8"><span class='ocrx_word' id='word_1_661' title='bbox 1812 4379 1978 4433; x_wconf 86' lang='lat' dir='ltr'><strong><em>Facta</em></strong></span> <span class='ocrx_word' id='word_1_662' title='bbox 1992 4385 2077 4431; x_wconf 85' lang='lat' dir='ltr'><strong><em>est</em></strong></span> <span class='ocrx_word' id='word_1_663' title='bbox 2102 4373 2287 4428; x_wconf 73' lang='lat' dir='ltr'><strong><em>Judtea</em></strong></span> <span class='ocrx_word' id='word_1_664' title='bbox 2306 4371 2665 4428; x_wconf 82' lang='lat' dir='ltr'><strong><em>sanctiﬁcatio</em></strong></span> <span class='ocrx_word' id='word_1_665' title='bbox 2687 4371 2825 4440; x_wconf 88' lang='lat' dir='ltr'><strong><em>ejus,</em></strong></span> <span class='ocrx_word' id='word_1_666' title='bbox 2854 4383 2952 4426; x_wconf 90' lang='lat' dir='ltr'><strong><em>etc.</em></strong></span> <span class='ocrx_word' id='word_1_667' title='bbox 2982 4371 3231 4438; x_wconf 80' lang='lat' dir='ltr'><strong><em>Alleluia,</em></strong></span> <span class='ocrx_word' id='word_1_668' title='bbox 3263 4373 3387 4429; x_wconf 84' lang='lat' dir='ltr'><strong><em>alle-</em></strong></span> 
     </span>
    </p>
   </div>
   <div class='ocr_carea' id='block_1_90' title="bbox 159 4449 3382 4535">
    <p class='ocr_par' dir='ltr' id='par_1_90' title="bbox 159 4449 3382 4535">
     <span class='ocr_line' id='line_1_90' title="bbox 159 4449 3382 4535; baseline 0.006 -34"><span class='ocrx_word' id='word_1_669' title='bbox 159 4449 239 4505; x_wconf 69' lang='lat' dir='ltr'><strong><em>lein</em></strong></span> <span class='ocrx_word' id='word_1_670' title='bbox 274 4470 464 4522; x_wconf 88' lang='lat' dir='ltr'><strong><em>portam</em></strong></span> <span class='ocrx_word' id='word_1_671' title='bbox 507 4464 760 4530; x_wconf 60' lang='lat' dir='ltr'><strong><em>ecclesia,</em></strong></span> <span class='ocrx_word' id='word_1_672' title='bbox 791 4475 840 4519; x_wconf 89' lang='lat' dir='ltr'><strong><em>et</em></strong></span> <span class='ocrx_word' id='word_1_673' title='bbox 863 4467 1190 4535; x_wconf 87' lang='lat' dir='ltr'><strong><em>processione</em></strong></span> <span class='ocrx_word' id='word_1_674' title='bbox 1234 4469 1477 4521; x_wconf 88' lang='lat' dir='ltr'><strong><em>ordinata</em></strong></span> <span class='ocrx_word' id='word_1_675' title='bbox 1500 4475 1554 4522; x_wconf 82' lang='lat' dir='ltr'><strong><em>tn</em></strong></span> <span class='ocrx_word' id='word_1_676' title='bbox 1585 4471 1701 4524; x_wconf 82' lang='lat' dir='ltr'><strong><em>navi</em></strong></span> <span class='ocrx_word' id='word_1_677' title='bbox 1734 4474 1779 4533; x_wconf 89' lang='lat' dir='ltr'><strong><em>D</em></strong></span> <span class='ocrx_word' id='word_1_678' title='bbox 1806 4470 1943 4533; x_wconf 86' lang='lat' dir='ltr'><strong><em>luia;</em></strong></span> <span class='ocrx_word' id='word_1_679' title='bbox 1975 4468 2008 4534; x_wconf 51' lang='grc' dir='ltr'>ᾖ</span> <span class='ocrx_word' id='word_1_680' title='bbox 2032 4465 2176 4519; x_wconf 79' lang='lat' dir='ltr'><strong><em>Mare</em></strong></span> <span class='ocrx_word' id='word_1_681' title='bbox 2201 4462 2564 4532; x_wconf 77' lang='lat' dir='ltr'><strong><em>viditetlugit,</em></strong></span> <span class='ocrx_word' id='word_1_682' title='bbox 2598 4472 2696 4516; x_wconf 91' lang='lat' dir='ltr'><strong><em>etc.</em></strong></span> <span class='ocrx_word' id='word_1_683' title='bbox 2730 4462 2964 4525; x_wconf 86' lang='lat' dir='ltr'><strong><em>alleluia,</em></strong></span> <span class='ocrx_word' id='word_1_684' title='bbox 2990 4462 3223 4528; x_wconf 85' lang='lat' dir='ltr'><strong><em>alleluia,</em></strong></span> <span class='ocrx_word' id='word_1_685' title='bbox 3248 4465 3382 4520; x_wconf 87' lang='lat' dir='ltr'><strong><em>alle-</em></strong></span> 
     </span>
    </p>
   </div>
   <div class='ocr_carea' id='block_1_91' title="bbox 157 4548 1706 4631">
    <p class='ocr_par' dir='ltr' id='par_1_91' title="bbox 157 4548 1706 4631">
     <span class='ocr_line' id='line_1_91' title="bbox 157 4548 1706 4631; baseline 0.014 -36"><span class='ocrx_word' id='word_1_686' title='bbox 157 4548 354 4602; x_wconf 78' lang='lat' dir='ltr'><strong><em>ecclesia!</em></strong></span> <span class='ocrx_word' id='word_1_687' title='bbox 381 4570 516 4610; x_wconf 85' lang='lat' dir='ltr'><strong><em>unus</em></strong></span> <span class='ocrx_word' id='word_1_688' title='bbox 544 4557 611 4611; x_wconf 88' lang='lat' dir='ltr'><strong><em>de</em></strong></span> <span class='ocrx_word' id='word_1_689' title='bbox 657 4561 958 4614; x_wconf 88' lang='lat' dir='ltr'><strong><em>cantoribus</em></strong></span> <span class='ocrx_word' id='word_1_690' title='bbox 992 4561 1249 4630; x_wconf 89' lang='lat' dir='ltr'><strong><em>incipiat:</em></strong></span> <span class='ocrx_word' id='word_1_691' title='bbox 1281 4561 1444 4631; x_wconf 80' lang='lat' dir='ltr'><strong><em>Kyrie</em></strong></span> <span class='ocrx_word' id='word_1_692' title='bbox 1480 4561 1706 4626; x_wconf 88' lang='lat' dir='ltr'><strong><em>eleison,</em></strong></span> 
     </span>
    </p>
   </div>
   <div class='ocr_carea' id='block_1_92' title="bbox 157 4648 1711 4709">
    <p class='ocr_par' dir='ltr' id='par_1_92' title="bbox 157 4648 1711 4709">
     <span class='ocr_line' id='line_1_92' title="bbox 157 4648 1711 4709; baseline 0.009 -15"><span class='ocrx_word' id='word_1_693' title='bbox 157 4648 196 4688; x_wconf 76' lang='lat' dir='ltr'><strong><em>el</em></strong></span> <span class='ocrx_word' id='word_1_694' title='bbox 228 4648 465 4705; x_wconf 71' lang='lat' dir='ltr'><strong><em>processio</em></strong></span> <span class='ocrx_word' id='word_1_695' title='bbox 543 4651 614 4703; x_wconf 89' lang='lat' dir='ltr'><strong><em>ad</em></strong></span> <span class='ocrx_word' id='word_1_696' title='bbox 668 4652 882 4705; x_wconf 87' lang='lat' dir='ltr'><strong><em>chorum</em></strong></span> <span class='ocrx_word' id='word_1_697' title='bbox 938 4653 1112 4706; x_wconf 88' lang='lat' dir='ltr'><strong><em>redeat</em></strong></span> <span class='ocrx_word' id='word_1_698' title='bbox 1161 4654 1422 4707; x_wconf 87' lang='lat' dir='ltr'><strong><em>cantando</em></strong></span> <span class='ocrx_word' id='word_1_699' title='bbox 1448 4671 1466 4708; x_wconf 89' lang='lat'><strong><em>:</em></strong></span> <span class='ocrx_word' id='word_1_700' title='bbox 1497 4655 1711 4709; x_wconf 86' lang='lat' dir='ltr'><strong><em>Christe</em></strong></span> 
     </span>
    </p>
   </div>
   <div class='ocr_carea' id='block_1_93' title="bbox 158 4725 1710 4813">
    <p class='ocr_par' dir='ltr' id='par_1_93' title="bbox 158 4725 1710 4813">
     <span class='ocr_line' id='line_1_93' title="bbox 158 4725 1710 4813; baseline 0.012 -33"><span class='ocrx_word' id='word_1_701' title='bbox 158 4725 361 4798; x_wconf 76' lang='lat' dir='ltr'><strong><em>eleison;</em></strong></span> <span class='ocrx_word' id='word_1_702' title='bbox 390 4747 437 4790; x_wconf 88' lang='lat' dir='ltr'><strong><em>et</em></strong></span> <span class='ocrx_word' id='word_1_703' title='bbox 465 4739 617 4806; x_wconf 87' lang='lat' dir='ltr'><strong><em>ﬁnito</em></strong></span> <span class='ocrx_word' id='word_1_704' title='bbox 651 4741 814 4812; x_wconf 82' lang='lat' dir='ltr'><strong><em>Kyrie</em></strong></span> <span class='ocrx_word' id='word_1_705' title='bbox 850 4743 1077 4803; x_wconf 79' lang='lat' dir='ltr'><strong><em>eleison,</em></strong></span> <span class='ocrx_word' id='word_1_706' title='bbox 1109 4744 1394 4813; x_wconf 89' lang='lat' dir='ltr'><strong><em>incipiatur</em></strong></span> <span class='ocrx_word' id='word_1_707' title='bbox 1425 4745 1490 4799; x_wconf 90' lang='lat' dir='ltr'><strong><em>ab</em></strong></span> <span class='ocrx_word' id='word_1_708' title='bbox 1515 4761 1618 4798; x_wconf 87' lang='lat' dir='ltr'><strong><em>uno</em></strong></span> <span class='ocrx_word' id='word_1_709' title='bbox 1645 4746 1710 4800; x_wconf 92' lang='lat' dir='ltr'><strong><em>de</em></strong></span> 
     </span>
    </p>
   </div>
   <div class='ocr_carea' id='block_1_94' title="bbox 161 4821 1710 4904">
    <p class='ocr_par' dir='ltr' id='par_1_94' title="bbox 161 4821 1710 4904">
     <span class='ocr_line' id='line_1_94' title="bbox 161 4821 1710 4904; baseline 0.014 -36"><span class='ocrx_word' id='word_1_710' title='bbox 161 4821 324 4888; x_wconf 71' lang='grc' dir='ltr'><strong><em>ηιαρογὶ</em></strong></span> <span class='ocrx_word' id='word_1_711' title='bbox 341 4828 456 4880; x_wconf 88' lang='lat' dir='ltr'><strong><em>sede</em></strong></span> <span class='ocrx_word' id='word_1_712' title='bbox 475 4839 594 4882; x_wconf 85' lang='lat' dir='ltr'><strong><em>ant.</em></strong></span> <span class='ocrx_word' id='word_1_713' title='bbox 619 4830 866 4886; x_wconf 83' lang='lat' dir='ltr'><strong><em>Alleluia.</em></strong></span> <span class='ocrx_word' id='word_1_714' title='bbox 895 4833 922 4886; x_wconf 81' lang='grc' dir='ltr'><em>Ι</em></span> <span class='ocrx_word' id='word_1_715' title='bbox 931 4833 989 4886; x_wconf 88' lang='lat' dir='ltr'><strong><em>lli</em></strong></span> <span class='ocrx_word' id='word_1_716' title='bbox 1013 4833 1102 4904; x_wconf 87' lang='lat' dir='ltr'><strong><em>qui</em></strong></span> <span class='ocrx_word' id='word_1_717' title='bbox 1137 4834 1456 4888; x_wconf 82' lang='lat' dir='ltr'><strong><em>cantaverint</em></strong></span> <span class='ocrx_word' id='word_1_718' title='bbox 1480 4836 1550 4888; x_wconf 89' lang='lat' dir='ltr'><strong><em>ad</em></strong></span> <span class='ocrx_word' id='word_1_719' title='bbox 1590 4851 1710 4904; x_wconf 80' lang='lat' dir='ltr'><strong><em>pro-</em></strong></span> 
     </span>
    </p>
   </div>
   <div class='ocr_carea' id='block_1_95' title="bbox 161 4914 1707 4997">
    <p class='ocr_par' dir='ltr' id='par_1_95' title="bbox 161 4914 1707 4997">
     <span class='ocr_line' id='line_1_95' title="bbox 161 4914 1707 4997; baseline 0.013 -36"><span class='ocrx_word' id='word_1_720' title='bbox 161 4914 410 4970; x_wconf 84' lang='lat' dir='ltr'><strong><em>cessionem</em></strong></span> <span class='ocrx_word' id='word_1_721' title='bbox 464 4936 477 4972; x_wconf 91' lang='lat'>:</span> <span class='ocrx_word' id='word_1_722' title='bbox 530 4919 710 4988; x_wconf 82' lang='lat' dir='ltr'><strong><em>Salve,</em></strong></span> <span class='ocrx_word' id='word_1_723' title='bbox 767 4923 902 4980; x_wconf 80' lang='lat' dir='ltr'><strong><em>festa</em></strong></span> <span class='ocrx_word' id='word_1_724' title='bbox 955 4925 1092 4992; x_wconf 86' lang='lat' dir='ltr'><strong><em>dies,</em></strong></span> <span class='ocrx_word' id='word_1_725' title='bbox 1145 4937 1326 4997; x_wconf 86' lang='lat' dir='ltr'><strong><em>regant</em></strong></span> <span class='ocrx_word' id='word_1_726' title='bbox 1384 4929 1623 4992; x_wconf 91' lang='lat' dir='ltr'><strong><em>chorum,</em></strong></span> <span class='ocrx_word' id='word_1_727' title='bbox 1658 4939 1707 4984; x_wconf 86' lang='lat' dir='ltr'><strong><em>et</em></strong></span> 
     </span>
    </p>
   </div>
   <div class='ocr_carea' id='block_1_96' title="bbox 163 5009 1707 5089">
    <p class='ocr_par' dir='ltr' id='par_1_96' title="bbox 163 5009 1707 5089">
     <span class='ocr_line' id='line_1_96' title="bbox 163 5009 1707 5089; baseline 0.015 -37"><span class='ocrx_word' id='word_1_728' title='bbox 163 5015 279 5057; x_wconf 75' lang='lat' dir='ltr'><strong><em>unus</em></strong></span> <span class='ocrx_word' id='word_1_729' title='bbox 303 5023 362 5060; x_wconf 74' lang='lat' dir='ltr'><strong><em>ea:</em></strong></span> <span class='ocrx_word' id='word_1_730' title='bbox 387 5009 490 5065; x_wconf 86' lang='lat' dir='ltr'><strong><em>illis</em></strong></span> <span class='ocrx_word' id='word_1_731' title='bbox 520 5013 733 5083; x_wconf 86' lang='lat' dir='ltr'><strong><em>incipiat</em></strong></span> <span class='ocrx_word' id='word_1_732' title='bbox 757 5015 814 5069; x_wconf 91' lang='lat' dir='ltr'><strong><em>in</em></strong></span> <span class='ocrx_word' id='word_1_733' title='bbox 839 5017 1021 5073; x_wconf 72' lang='lat' dir='ltr'><strong><em>dextro</em></strong></span> <span class='ocrx_word' id='word_1_734' title='bbox 1045 5018 1205 5072; x_wconf 88' lang='lat' dir='ltr'><strong><em>choro</em></strong></span> <span class='ocrx_word' id='word_1_735' title='bbox 1241 5015 1379 5089; x_wconf 89' lang='lat' dir='ltr'><strong><em>psal.</em></strong></span> <span class='ocrx_word' id='word_1_736' title='bbox 1428 5018 1574 5074; x_wconf 80' lang='lat' dir='ltr'><strong><em>Dixit</em></strong></span> <span class='ocrx_word' id='word_1_737' title='bbox 1600 5020 1707 5074; x_wconf 85' lang='lat' dir='ltr'><strong><em>Do-</em></strong></span> 
     </span>
    </p>
   </div>
   <div class='ocr_carea' id='block_1_97' title="bbox 166 5092 1708 5184">
    <p class='ocr_par' dir='ltr' id='par_1_97' title="bbox 166 5092 1708 5184">
     <span class='ocr_line' id='line_1_97' title="bbox 166 5092 1708 5184; baseline 0.013 -38"><span class='ocrx_word' id='word_1_738' title='bbox 166 5092 341 5184; x_wconf 70' lang='lat' dir='ltr'><strong><em>minus,</em></strong></span> <span class='ocrx_word' id='word_1_739' title='bbox 361 5101 496 5168; x_wconf 85' lang='lat' dir='ltr'><strong><em>psal.</em></strong></span> <span class='ocrx_word' id='word_1_740' title='bbox 527 5101 860 5174; x_wconf 82' lang='lat' dir='ltr'><strong><em>Conﬁtebor,</em></strong></span> <span class='ocrx_word' id='word_1_741' title='bbox 895 5109 1032 5179; x_wconf 87' lang='lat' dir='ltr'><strong><em>psal.</em></strong></span> <span class='ocrx_word' id='word_1_742' title='bbox 1059 5109 1254 5166; x_wconf 87' lang='lat' dir='ltr'><strong><em>Beatus</em></strong></span> <span class='ocrx_word' id='word_1_743' title='bbox 1285 5109 1390 5163; x_wconf 76' lang='lat' dir='ltr'><strong><em>vir.</em></strong></span> <span class='ocrx_word' id='word_1_744' title='bbox 1415 5111 1538 5165; x_wconf 84' lang='lat' dir='ltr'><strong><em>Ant.</em></strong></span> <span class='ocrx_word' id='word_1_745' title='bbox 1571 5111 1708 5166; x_wconf 90' lang='lat' dir='ltr'><strong><em>Alle-</em></strong></span> 
     </span>
    </p>
   </div>
   <div class='ocr_carea' id='block_1_98' title="bbox 1815 4556 3384 4626">
    <p class='ocr_par' dir='ltr' id='par_1_98' title="bbox 1815 4556 3384 4626">
     <span class='ocr_line' id='line_1_98' title="bbox 1815 4556 3384 4626; baseline -0.004 -9"><span class='ocrx_word' id='word_1_746' title='bbox 1815 4563 1951 4616; x_wconf 88' lang='lat' dir='ltr'><strong><em>luia.</em></strong></span> <span class='ocrx_word' id='word_1_747' title='bbox 2012 4558 2077 4612; x_wconf 86' lang='lat' dir='ltr'><strong><em>Et</em></strong></span> <span class='ocrx_word' id='word_1_748' title='bbox 2115 4559 2191 4612; x_wconf 92' lang='lat' dir='ltr'><strong><em>sic</em></strong></span> <span class='ocrx_word' id='word_1_749' title='bbox 2221 4557 2290 4611; x_wconf 90' lang='lat' dir='ltr'><strong><em>ad</em></strong></span> <span class='ocrx_word' id='word_1_750' title='bbox 2339 4556 2496 4623; x_wconf 89' lang='lat' dir='ltr'><strong><em>ﬁnem</em></strong></span> <span class='ocrx_word' id='word_1_751' title='bbox 2531 4557 2871 4624; x_wconf 88' lang='lat' dir='ltr'><strong><em>perducatur,</em></strong></span> <span class='ocrx_word' id='word_1_752' title='bbox 2907 4565 2954 4609; x_wconf 90' lang='lat' dir='ltr'><strong><em>et</em></strong></span> <span class='ocrx_word' id='word_1_753' title='bbox 2979 4557 3033 4609; x_wconf 88' lang='lat' dir='ltr'><strong><em>in</em></strong></span> <span class='ocrx_word' id='word_1_754' title='bbox 3067 4557 3171 4624; x_wconf 88' lang='lat' dir='ltr'><strong><em>ﬁne</em></strong></span> <span class='ocrx_word' id='word_1_755' title='bbox 3189 4557 3384 4626; x_wconf 86' lang='lat' dir='ltr'><strong><em>psalmi</em></strong></span> 
     </span>
    </p>
   </div>
   <div class='ocr_carea' id='block_1_99' title="bbox 1813 4644 3384 4712">
    <p class='ocr_par' dir='ltr' id='par_1_99' title="bbox 1813 4644 3384 4712">
     <span class='ocr_line' id='line_1_99' title="bbox 1813 4644 3384 4712; baseline -0.004 -5"><span class='ocrx_word' id='word_1_756' title='bbox 1813 4655 2020 4707; x_wconf 87' lang='lat' dir='ltr'><strong><em>dicatur</em></strong></span> <span class='ocrx_word' id='word_1_757' title='bbox 2048 4665 2063 4701; x_wconf 73' lang='grc' dir='ltr'><strong>ε</strong></span> <span class='ocrx_word' id='word_1_758' title='bbox 2096 4647 2278 4703; x_wconf 84' lang='lat' dir='ltr'><strong><em>Gloria</em></strong></span> <span class='ocrx_word' id='word_1_759' title='bbox 2304 4645 2476 4711; x_wconf 81' lang='lat' dir='ltr'><strong><em>Patri,</em></strong></span> <span class='ocrx_word' id='word_1_760' title='bbox 2502 4645 2751 4699; x_wconf 88' lang='lat' dir='ltr'><strong><em>Alleluia.</em></strong></span> <span class='ocrx_word' id='word_1_761' title='bbox 2783 4644 2936 4701; x_wconf 81' lang='lat' dir='ltr'><strong><em>Sicut</em></strong></span> <span class='ocrx_word' id='word_1_762' title='bbox 2963 4657 3101 4707; x_wconf 87' lang='lat' dir='ltr'><strong><em>erat,</em></strong></span> <span class='ocrx_word' id='word_1_763' title='bbox 3129 4646 3384 4712; x_wconf 82' lang='lat' dir='ltr'><strong><em>Alleluia,</em></strong></span> 
     </span>
    </p>
   </div>
   <div class='ocr_carea' id='block_1_100' title="bbox 1815 4735 3390 4802">
    <p class='ocr_par' dir='ltr' id='par_1_100' title="bbox 1815 4735 3390 4802">
     <span class='ocr_line' id='line_1_100' title="bbox 1815 4735 3390 4802; baseline -0.002 -8"><span class='ocrx_word' id='word_1_764' title='bbox 1815 4741 2049 4797; x_wconf 86' lang='lat' dir='ltr'><strong><em>alleluia.</em></strong></span> <span class='ocrx_word' id='word_1_765' title='bbox 2067 4737 2318 4792; x_wconf 75' lang='lat' dir='ltr'><strong><em>Surrexit</em></strong></span> <span class='ocrx_word' id='word_1_766' title='bbox 2340 4736 2595 4789; x_wconf 90' lang='lat' dir='ltr'><strong><em>Dominus</em></strong></span> <span class='ocrx_word' id='word_1_767' title='bbox 2621 4735 2687 4788; x_wconf 82' lang='lat' dir='ltr'><strong><em>de</em></strong></span> <span class='ocrx_word' id='word_1_768' title='bbox 2705 4735 2976 4802; x_wconf 83' lang='lat' dir='ltr'><strong><em>sepulcro,</em></strong></span> <span class='ocrx_word' id='word_1_769' title='bbox 2997 4735 3244 4800; x_wconf 86' lang='lat' dir='ltr'><strong><em>Alleluia,</em></strong></span> <span class='ocrx_word' id='word_1_770' title='bbox 3263 4737 3390 4791; x_wconf 84' lang='lat' dir='ltr'><strong><em>alle-</em></strong></span> 
     </span>
    </p>
   </div>
   <div class='ocr_carea' id='block_1_101' title="bbox 1816 4826 3392 4903">
    <p class='ocr_par' dir='ltr' id='par_1_101' title="bbox 1816 4826 3392 4903">
     <span class='ocr_line' id='line_1_101' title="bbox 1816 4826 3392 4903; baseline -0.007 -12"><span class='ocrx_word' id='word_1_771' title='bbox 1816 4837 1946 4903; x_wconf 88' lang='lat' dir='ltr'><strong><em>luia,</em></strong></span> <span class='ocrx_word' id='word_1_772' title='bbox 1959 4832 2198 4890; x_wconf 88' lang='lat' dir='ltr'><strong><em>alleluia.</em></strong></span> <span class='ocrx_word' id='word_1_773' title='bbox 2217 4831 2280 4884; x_wconf 76' lang='lat' dir='ltr'><strong><em>Et</em></strong></span> <span class='ocrx_word' id='word_1_774' title='bbox 2296 4828 2556 4883; x_wconf 88' lang='lat' dir='ltr'><strong><em>cantando</em></strong></span> <span class='ocrx_word' id='word_1_775' title='bbox 2569 4827 2827 4894; x_wconf 88' lang='lat' dir='ltr'><strong><em>psalmum</em></strong></span> <span class='ocrx_word' id='word_1_776' title='bbox 2843 4826 3117 4883; x_wconf 85' lang='lat' dir='ltr'><strong><em>descendat</em></strong></span> <span class='ocrx_word' id='word_1_777' title='bbox 3133 4831 3392 4897; x_wconf 87' lang='lat' dir='ltr'><strong><em>processio</em></strong></span> 
     </span>
    </p>
   </div>
   <div class='ocr_carea' id='block_1_102' title="bbox 1815 4917 3396 4998">
    <p class='ocr_par' dir='ltr' id='par_1_102' title="bbox 1815 4917 3396 4998">
     <span class='ocr_line' id='line_1_102' title="bbox 1815 4917 3396 4998; baseline -0.006 -16"><span class='ocrx_word' id='word_1_778' title='bbox 1815 4946 1906 4998; x_wconf 91' lang='lat' dir='ltr'><strong><em>per</em></strong></span> <span class='ocrx_word' id='word_1_779' title='bbox 1932 4927 2096 4980; x_wconf 87' lang='lat' dir='ltr'><strong><em>aliam</em></strong></span> <span class='ocrx_word' id='word_1_780' title='bbox 2125 4923 2267 4978; x_wconf 88' lang='lat' dir='ltr'><strong><em>alam</em></strong></span> <span class='ocrx_word' id='word_1_781' title='bbox 2291 4921 2522 4976; x_wconf 79' lang='lat' dir='ltr'><strong><em>ecclesite</em></strong></span> <span class='ocrx_word' id='word_1_782' title='bbox 2549 4918 2618 4972; x_wconf 91' lang='lat' dir='ltr'><strong><em>ad</em></strong></span> <span class='ocrx_word' id='word_1_783' title='bbox 2663 4917 3038 4973; x_wconf 83' lang='lat' dir='ltr'><strong><em>occidentalem</em></strong></span> <span class='ocrx_word' id='word_1_784' title='bbox 3065 4928 3271 4986; x_wconf 90' lang='lat' dir='ltr'><strong><em>portam</em></strong></span> <span class='ocrx_word' id='word_1_785' title='bbox 3311 4936 3396 4972; x_wconf 87' lang='lat' dir='ltr'><strong><em>ec-</em></strong></span> 
     </span>
    </p>
   </div>
   <div class='ocr_carea' id='block_1_103' title="bbox 1816 5007 3394 5083">
    <p class='ocr_par' dir='ltr' id='par_1_103' title="bbox 1816 5007 3394 5083">
     <span class='ocr_line' id='line_1_103' title="bbox 1816 5007 3394 5083; baseline -0.006 -13"><span class='ocrx_word' id='word_1_786' title='bbox 1816 5019 2020 5082; x_wconf 78' lang='lat' dir='ltr'><strong><em>clesite;</em></strong></span> <span class='ocrx_word' id='word_1_787' title='bbox 2068 5023 2115 5067; x_wconf 88' lang='lat' dir='ltr'><strong><em>et</em></strong></span> <span class='ocrx_word' id='word_1_788' title='bbox 2160 5013 2488 5083; x_wconf 83' lang='lat' dir='ltr'><strong><em>processione</em></strong></span> <span class='ocrx_word' id='word_1_789' title='bbox 2534 5011 2593 5064; x_wconf 90' lang='lat' dir='ltr'><strong><em>in</em></strong></span> <span class='ocrx_word' id='word_1_790' title='bbox 2641 5008 2758 5062; x_wconf 87' lang='lat' dir='ltr'><strong><em>navi</em></strong></span> <span class='ocrx_word' id='word_1_791' title='bbox 2791 5007 3024 5064; x_wconf 78' lang='lat' dir='ltr'><strong><em>ecclesia:</em></strong></span> <span class='ocrx_word' id='word_1_792' title='bbox 3068 5017 3294 5072; x_wconf 87' lang='lat' dir='ltr'><strong><em>statuta,</em></strong></span> <span class='ocrx_word' id='word_1_793' title='bbox 3344 5018 3394 5060; x_wconf 87' lang='lat' dir='ltr'><strong><em>et</em></strong></span> 
     </span>
    </p>
   </div>
   <div class='ocr_carea' id='block_1_104' title="bbox 1816 5098 3399 5172">
    <p class='ocr_par' dir='ltr' id='par_1_104' title="bbox 1816 5098 3399 5172">
     <span class='ocr_line' id='line_1_104' title="bbox 1816 5098 3399 5172; baseline -0.006 -13"><span class='ocrx_word' id='word_1_794' title='bbox 1816 5107 2000 5161; x_wconf 87' lang='lat' dir='ltr'><strong><em>ultimo</em></strong></span> <span class='ocrx_word' id='word_1_795' title='bbox 2029 5121 2177 5160; x_wconf 83' lang='lat' dir='ltr'><strong><em>versu</em></strong></span> <span class='ocrx_word' id='word_1_796' title='bbox 2207 5101 2707 5172; x_wconf 86' lang='lat' dir='ltr'><strong><em>psalmiﬁnito,tres</em></strong></span> <span class='ocrx_word' id='word_1_797' title='bbox 2733 5098 2931 5167; x_wconf 89' lang='lat' dir='ltr'><strong><em>(nunc,</em></strong></span> <span class='ocrx_word' id='word_1_798' title='bbox 2953 5099 3090 5169; x_wconf 90' lang='lat' dir='ltr'><strong><em>duo)</em></strong></span> <span class='ocrx_word' id='word_1_799' title='bbox 3120 5098 3186 5152; x_wconf 88' lang='lat' dir='ltr'><strong><em>de</em></strong></span> <span class='ocrx_word' id='word_1_800' title='bbox 3204 5098 3399 5167; x_wconf 86' lang='lat' dir='ltr'><strong><em>majori</em></strong></span> 
     </span>
    </p>
   </div>
  </div>
