4016 5386
571 238 691 292 to7.
757 211 767 219 ’

1587 234 1892 293 JOANNES
1923 236 2347 294 ARCIIIEPISC.
2398 235 2753 292 BOTOMAG.

3718 236 3826 291 103

529 363 533 371 “
568 372 761 423 torum,
821 354 1103 419 antiphona
1133 367 1150 404 :
1187 351 1297 406 Lnx
1334 357 1617 422 perpetua.
1656 351 1713 407 Si
1753 352 2067 424 diligeretis.
2107 354 2140 421 ir
2172 357 2215 415 Α
2246 366 2375 420 pore
2405 351 2645 422 paschali
2674 327 3070 405 Dottlitticat‘llltl
3102 355 3155 402 et
3176 349 3436 404 festorum
3464 347 3707 405 ofﬁcium
3734 350 3827 402 tri~

565 448 680 503 Vox
708 446 926 503 laatitize.
963 444 1210 501 Oremus.
1248 443 1404 508 Vide,
1449 442 1714 509 Domine,
1767 445 2135 500 inﬁrmitates.

575 537 702 593 Tres
731 538 882 609 pueri
917 535 1348 591 :Bcncdicamus
1394 528 1646 601 Domino",
1691 534 1940 590 Alleluia.
1990 537 2137 591 Idem

564 612 779 701 quoque
808 628 1041 686 habetur
1079 627 1131 682 in
1163 626 1441 683 Brevariis
1466 627 1756 699 Rotomag.
1796 645 1887 684 an.
1924 631 2055 686 M91
2084 639 2141 685 et

564 720 726 786 £578,
752 730 806 775 et
833 720 886 774 in
922 715 1313 773 Processionali
1344 715 1732 789 Rotomagensi
1772 733 1893 789 pag.
1949 716 2051 773 168
2086 727 2139 774 et

568 828 690 882 seq.
731 811 902 882 Hujus
931 808 1293 879 antiquissimi
1322 807 1461 864 ritus
1504 810 1709 865 mentio
1736 809 1797 864 lit
1841 810 1895 864 in
1937 810 2139 866 Ordine

567 901 838 967 Romano,
867 899 1007 971 apud
1038 900 1348 965 Alcuinum,
1375 898 1439 955 ϐ.
1470 892 1808 966 Durandum,
1842 902 1893 956 in
1922 901 2139 956 ordina-

569 993 657 1049 rio
682 1007 785 1047 ms.
815 990 1200 1045 canonicorum
1225 988 1283 1044 S.
1324 989 1493 1045 Laudi
1533 989 1970 1061 Rotomagensis,
1996 1000 2135 1058 etc.;

567 1095 801 1152 cumque
827 1080 1138 1151 improbare
1166 1094 1271 1133 non
1311 1089 1557 1149 possunt,
1592 1082 1684 1150 qni
1726 1081 1982 1152 baptismi
2027 1098 2142 1138 me-

560 1176 788 1231 moriam
818 1174 872 1229 in
901 1173 1181 1228 hominum
1220 1172 1417 1228 animis
1463 1173 1753 1229 indeletam
1798 1176 2003 1230 servari
2043 1192 2140 1232 cu-

558 1268 737 1338 piunt.
1860 1263 1864 1266 ’

634 1356 793 1426 (252)
848 1353 991 1409 Huic
1033 1354 1372 1425 antipltonam
1404 1371 1445 1410 7:
1486 1355 1604 1409 Lux
1635 1364 1916 1427 perpetua,
1963 1360 2138 1412 conci—

560 1456 762 1502 nentes.
789 1434 1075 1515 'Tempore
1101 1444 1341 1515 paschali
1376 1444 1429 1498 in
1467 1442 1817 1514 processione
1864 1446 1930 1500 ad
1960 1446 2141 1500 cruci-

559 1526 730 1593 ﬁxum
761 1535 907 1591 nulla
937 1533 1078 1604 apud
1112 1533 1376 1589 Joannem
1408 1545 1654 1590 noetrum
1679 1534 1911 1590 habetur
1936 1543 2139 1599 sancta:

559 1627 745 1682 Mariae
777 1624 1069 1691 memoria,
1107 1638 1282 1694 neque
1314 1624 1366 1678 in
1391 1624 1681 1679 Ordinario
1713 1640 1815 1681 ms.
1847 1626 2138 1681 canonico-

2241 442 2341 496 bns
2404 440 2684 494 nocturnis
2731 439 3066 494 constitisse.
3100 438 3171 494 Ut
3219 432 3379 495 Seeus
3409 436 3600 510 postea
3648 438 3825 499 ﬁeret.

2238 533 2469 602 pervicit
2495 533 2777 587 brevitatis
2797 531 2961 595 ratio,
2996 546 3100 587 non
3128 530 3423 601 disciplinae
3452 549 3466 585 :
3493 533 3646 604 quod
3680 529 3849 584 valde

2239 620 2579 691 improbatur
2609 637 2637 675 a
2666 621 2954 677 Guillelmo
2986 622 3257 685 Durando,
3288 621 3324 674 l.
3353 637 3428 687 vt,
3453 621 3675 676 nation.
3715 619 3827 675 div.

2238 709 2400 777 oﬂic.,
2423 727 2540 783 cap.
2563 711 2652 778 89,
2676 722 2732 767 et
2759 710 2987 765 ltadull‘o
3005 712 3211 767 decano
3241 711 3564 780 Tungrensi,
3589 712 3732 768 libro
3759 709 3835 764 De

2238 814 2502 855 canonum
2529 800 2898 863 observantia,
2933 800 3300 870 propositione
3327 801 3415 855 10.
3448 800 3548 855 Pa.

2312 888 2466 960 (259)
2498 887 2605 945 Sea:
2635 889 2878 944 lectiones
2905 891 2968 943 de
3002 889 3314 960 Apocalypsi
3343 890 3603 961 legantur,
3635 902 3684 946 et
3726 903 3828 947 tres

2237 978 2303 1034 de
2327 982 2723 1035 resurrectione.
2758 980 2896 1036 Hinc
2930 990 3158 1050 apparet
3191 980 3319 1035 olim
3349 981 3402 1035 in
3440 980 3826 1054 Rotomagensi

2158 1070 2163 1077 “
2237 1069 2480 1126 Ecclesia
2507 1081 2619 1127 tres
2642 1079 2941 1127 nocturnas
2966 1070 3071 1126 dici
3103 1068 3311 1135 solitas,
3332 1085 3456 1141 quae
3478 1071 3830 1140 reperiuntur

2236 1160 2291 1214 in
2317 1158 2608 1217 Ordinario
2628 1177 2732 1217 ms.
2759 1160 3146 1216 canonicorum
3179 1159 3237 1215 S.
3266 1159 3437 1214 Laudi
3458 1159 3825 1229 Rotomagcn-

2201 1266 2209 1277 ·
2236 1253 2347 1319 sis;
2379 1266 2474 1307 eas
2497 1254 2674 1309 adhuc
2701 1252 2899 1309 retinet
2917 1252 3159 1308 Romana
3184 1251 3444 1317 Ecclesia,
3480 1251 3668 1307 multa:
3690 1267 3823 1322 quo-

2236 1359 2343 1415 que
2384 1344 2724 1400 eathedrales
2770 1344 3037 1400 ecclesiae.
3090 1345 3163 1399 De
3200 1342 3435 1399 lectione
3460 1342 3819 1414 Apocalypsis

2236 1435 2535 1490 concordat
2586 1434 2935 1491 Ordinarium
2963 1433 3364 1505 Rotomagense
3394 1448 3494 1487 ms.
3545 1431 3658 1488 Nos
3697 1449 3825 1489 vero

2236 1524 2465 1597 legimus
2488 1527 2555 1582 de
2579 1527 2805 1582 Actibus
2824 1525 3188 1596 apostolorum
3209 1524 3475 1597 (exceptis
3498 1524 3822 1594 Dominicis)

2241 1631 2413 1687 usque
2442 1618 2508 1673 ad
2533 1617 2929 1673 hebdomadam
2972 1616 3213 1680 tertiam,
3243 1616 3295 1669 in
3329 1630 3433 1684 qua
3463 1614 3665 1685 legitur
3687 1615 3829 1670 liber

558 1735 683 1776 rum
711 1718 767 1775 S.
799 1718 968 1774 Laudi
994 1735 1009 1772 :
1042 1718 1314 1788 reperitur
1345 1724 1527 1771 tamen
1557 1716 1610 1771 in
1638 1716 1923 1773 Ordinario
1950 1725 2004 1772 et
2023 1716 2134 1772 otii.
2167 1699 2212 1759 Β
2239 1709 2619 1780 Apocalypsis,
2643 1719 2827 1778 postea
2843 1708 3126 1765 canonica:
3148 1706 3396 1778 epistolae
3446 1720 3621 1776 usque
3647 1708 3720 1763 ad
3743 1709 3824 1764 vi-

559 1811 790 1866 cialibus
826 1809 982 1865 libris
1024 1823 1157 1864 mss.
1202 1817 1258 1865 et
1293 1807 1825 1874 Processionalibus,
1872 1825 1971 1864 nec
2024 1824 2134 1865 non

559 1902 855 1959 Breviariis
880 1902 946 1956 ad
976 1916 1135 1955 usum
1164 1897 1422 1955 Ecclesiae
1456 1898 1894 1970 Rotomagensis.

631 1991 784 2064 (235)
806 1990 933 2045 Dies
955 1981 1148 2060 septem
1168 1989 1222 2043 in
1245 1990 1444 2061 cappis,
1466 1996 1572 2044 etc.
1594 1988 1652 2042 in
1697 1988 1927 2044 ecclesia
1955 1990 2139 2045 cathe-

561 2081 952 2139 draliSabbato
974 2081 1028 2135 in
1041 2080 1193 2136 Albis
1215 2081 1281 2136 ad
1303 2080 1521 2136 missam
1551 2082 1790 2152 quinque
1808 2082 1971 2152 pueri
2001 2082 2137 2137 albis

559 2172 754 2238 induti,
771 2173 884 2228 sive
906 2170 1233 2244 cappis,non
1266 2171 1339 2226 ita
1362 2172 1570 2243 pridem
1602 2172 1864 2245 regebant
1883 2175 2132 2229 chorum.

556 2266 703 2323 Idem
731 2265 925 2336 legitur
946 2263 1303 2319 inOrdinario
1324 2279 1423 2320 ms.
1441 2264 1601 2335 p.95.
1635 2265 1716 2318 Ad
1738 2266 1949 2320 missam
1987 2265 2135 2320 nulla

558 2372 724 2425 cappa
767 2356 824 2408 in
865 2354 1044 2418 choro,
1082 2353 1176 2407 sed
1216 2354 1445 2424 quinque
1482 2354 1633 2423 pueri
1672 2355 1727 2407 in
1770 2354 1905 2408 albis
1954 2365 2137 2425 regant

556 2444 792 2499 altorum.
828 2443 1066 2513 Oﬁcium
1088 2457 1108 2495 ε
1130 2442 1328 2497 Eduxit
1350 2444 1607 2515 populum
1633 2460 1812 2500 suum.
1840 2444 2087 2501 Psalmus
2116 2460 2134 2499 :

555 2534 901 2593 Conﬁtemini
933 2533 1163 2592 Domino
1191 2544 1247 2591 et
1271 2534 1536 2591 invocato.
1565 2536 1805 2608 Quinque
1828 2540 1980 2608 pueri
2000 2555 2137 2608 prte-

555 2629 683 2683 dicti
720 2637 929 2682 cantent
963 2642 983 2682 :
1012 2626 1175 2699 Kyrie
1204 2626 1431 2693 eleison,
1471 2627 1589 2684 Rex
1624 2630 1840 2699 genitor
1868 2638 1917 2683 et
1930 2629 2134 2684 ‘Gloria

555 2719 611 2772 in
636 2717 890 2783 excelsis,
919 2734 1131 2788 prosam
1167 2735 1185 2771 :
1227 2717 1582 2789 Omnipotens
1606 2721 1863 2792 .genitor;
1908 2723 2136 2792 quinque

552 2810 705 2878 pueri
728 2818 935 2863 cantent
964 2824 1195 2880 prosam,
1223 2820 1270 2862 et
1300 2809 1490 2863 chorus
1512 2811 1818 2880 respondeat
1842 2810 2131 2864 residuum.

2244 1801 2429 1874 giliam
2454 1802 2824 1858 Ascensionis.

2264 1908 2268 1912 ‘
2311 1891 2459 1963 (ειυ)
2489 1890 2703 1947 Nonum
2728 1910 2759 1945 a
2778 1892 2987 1946 duobus
3006 1890 3209 1946 clericis
3229 1899 3487 1946 cantetur.
3517 1889 3744 1946 Scilicet
3764 1892 3832 1946 de

2239 1985 2429 2056 majori
2460 1984 2587 2040 sede
2610 1986 2661 2038 in
2683 1984 3088 2054 superpelliceis
3110 1993 3341 2049 tantum,
3370 1983 3514 2052 quod
3549 1984 3605 2036 in
3635 1983 3829 2039 Eccle-

2239 2078 2317 2132 sia
2355 2076 2733 2146 Rotomagensi
2774 2086 3026 2131 servatur
3054 2074 3104 2128 in
3135 2073 3299 2129 tertio
3341 2074 3704 2144 responsorio
3732 2088 3835 2144 per

2239 2168 2549 2222 Dominicas
2578 2166 2837 2236 temporis
2861 2165 3155 2236 paschalis.
3778 2235 3784 2242 .

2311 2258 2461 2329 (2H)
2500 2258 2778 2312 Matutinte
2830 2256 3037 2311 Laudes
3067 2273 3183 2311 cum
3218 2273 3323 2310 una
3351 2257 3642 2327 antipltona
3675 2271 3695 2308 :
3724 2257 3834 2312 An-

2240 2353 2412 2424 gelus.
2445 2351 2525 2405 Ad
2553 2349 2764 2405 Laudes
2808 2349 2861 2403 in
2892 2348 3191 2407 Dominicis
3220 2363 3390 2418 usque
3440 2349 3508 2402 ad
3536 2350 3831 2404 Aseensio—

2239 2459 2361 2499 nem
2417 2440 2613 2512 psalmi
2673 2440 2927 2526 dicuntur
2976 2440 3078 2494 sub
3119 2453 3224 2493 una
3284 2439 3584 2509 antipbona
3631 2458 3644 2494 :
3684 2440 3829 2494 Alle-

2212 2535 2369 2590 .luia.

2309 2626 2401 2698 (24
2412 2625 2459 2693 ἒ)
2490 2624 2556 2679 In
2579 2624 2866 2679 Dominicis
2892 2623 3166 2678 matutinis
3193 2640 3396 2694 semper
3411 2625 3509 2694 ﬁat
3530 2631 3827 2699 processio.

2236 2718 2294 2773 In
2330 2717 2627 2773 Dominicis
2658 2731 2831 2785 usque
2857 2717 2924 2771 ad
2952 2716 3339 2772 Ascensionem
3376 2728 3586 2774 tantum
3620 2722 3682 2776 fit
3710 2740 3830 2793 pro-

2239 2808 2416 2864 cessio
2442 2809 2496 2862 in
2522 2806 2820 2870 Laudibus,
2840 2808 3058 2862 caeteris
3095 2807 3393 2863 Dominicis
3421 2809 3569 2865 nulla
3599 2812 3654 2866 in
3686 2812 3828 2869 Lau-

556 2886 744 2956 Oratio
791 2919 809 2957 :
863 2900 1134 2965 Concede,
1190 2915 1524 2969 quaesumus,
1574 2900 1918 2970 omnipotens
1968 2899 2131 2953 Deus.
2246 2898 2533 2965 dibus,sed
2558 2896 2869 2952 immediate
2893 2905 3019 2952 ante
3040 2896 3277 2952 Tertiam
3310 2902 3826 2971 postaspersionem

555 2991 726 3047 Nulla
766 2991 1040 3057 memoria,
1063 2991 1165 3045 nisi
1191 3000 1246 3042 ut
1275 3000 1621 3059 praenotatur.
1649 2987 1887 3060 Epistola
1913 2988 2141 3059 :'Depo—’
2186 3059 2194 3060 ί
2239 3003 2414 3060 aqum.
2922 3018 2925 3021 <
3264 3016 3267 3017 ν

554 3091 749 3139 nentes
776 3096 1015 3137 omnem.
1062 3079 1314 3134 Alleluia.
1342 3070 1376 3146 ᾗ
1402 3080 1526 3134 Haec
1555 3078 1689 3134 dies.
1720 3078 1961 3149 Quinque
1984 3079 2133 3148 pueri
2161 3059 2205 3120 C
2303 3059 2456 3150 (245)
2487 3078 2618 3134 Sine
2641 3080 2805 3150 tropis
2827 3088 2875 3134 et
2896 3079 3185 3136 Laudibus.
3216 3081 3354 3149 Quid
3376 3082 3487 3137 sint
3509 3082 3649 3153 tropi
3672 3082 3831 3137 docet

553 3175 611 3227 in
628 3172 829 3244 pulpito
859 3170 1109 3226 Alleluia.
1144 3169 1174 3238 ᾗ
1218 3162 1480 3235 Landate,
1513 3168 1697 3238 pueri;
1741 3169 1974 3239 sequitur
1994 3166 2132 3221 alius
2237 3168 2524 3224 Durandus
2582 3168 2741 3241 15,6
2781 3168 2981 3235 libutv,
3017 3171 3255 3237 Bation.,
3277 3187 3326 3226 c.
3378 3187 3434 3236 ν,
3467 3162 3522 3228 et
3548 3181 3673 3240 post
3701 3186 3826 3226 eum

553 3279 732 3318 uersus
761 3280 779 3316 :
808 3261 891 3318 Sit
913 3276 1108 3318 nomen
1151 3260 1383 3335 Domini.
1422 3257 1537 3313 Hoc
1560 3259 1710 3328 ﬁnito
1732 3261 1957 3329 quinque
1983 3260 2133 3327 pueri
2229 3257 2510 3313 Pamelius
2553 3258 2607 3312 in
2632 3306 2636 3310 Α
2661 3259 2768 3313 line
2812 3260 2940 3313 tomi
2972 3261 3011 3313 ll
3043 3259 3353 3331 Liturgicon
3386 3262 3536 3317 Eccl.
3567 3262 3688 3317 Lat.
3745 3260 3825 3315 Ad

553 3352 811 3422 incipiant
871 3354 925 3405 in
961 3343 1163 3421 pulpito
1192 3364 1210 3401 :
1239 3349 1488 3404 Jubilans
1528 3362 1818 3418 concrepa,
1857 3359 1903 3402 et
1943 3348 2132 3401 chorus
2237 3350 2378 3404 hanc
2407 3358 2601 3405 cantus
2630 3350 2868 3420 speciem
2899 3349 3199 3406 referenda
3229 3362 3357 3406 sunt
3387 3352 3591 3408 litania:
3616 3355 3696 3423 (nt
3734 3368 3827 3407 vo-

555 3442 862 3513 respondeat
887 3456 1094 3494 neuma.
1115 3439 1175 3494 ln
1196 3439 1424 3495 ecclesia
1450 3438 1746 3495 cathedrali
1768 3436 1929 3494 hodie
1951 3438 2132 3493 omnia
2234 3440 2384 3510 cant)
2439 3447 2691 3509 prosatae,
2722 3448 2782 3493 ut
2828 3438 3023 3510 Kyrie,
3054 3441 3173 3510 fons
3219 3441 3489 3496 bonitatis.
3542 3441 3699 3508 Quod
3754 3443 3825 3495 ad

555 3533 689 3588 ﬁunt
716 3540 774 3586 ut
808 3532 860 3585 in
890 3528 1211 3601 duplicibus.
1338 3528 1343 3533 ’
2233 3529 2447 3585 Laudes
2465 3531 2678 3597 attinet,
2701 3530 2851 3584 varia
2874 3539 2957 3586 est
2976 3530 3091 3599 ejus
3112 3532 3346 3586 nominis
3371 3533 3511 3602 apud
3543 3532 3825 3603 liturgicos

624 3621 775 3693 (254)
815 3622 895 3674 Ad
934 3621 1245 3690 cruciﬁxum
1279 3631 1395 3692 post
1440 3621 1692 3693 Vesperas
1718 3622 1815 3690 ﬁat
1848 3621 2129 3691 processio.
2234 3621 2502 3691 acceptio.
2551 3621 2877 3689 Plerumque
2910 3621 3053 3675 enim
3081 3621 3317 3676 sumitur
3344 3637 3444 3692 pro
3480 3622 3736 3688 Alleluia,
3765 3630 3823 3674 at

553 3712 697 3768 Idem
726 3711 1093 3782 processionis
1119 3710 1257 3766 ritus
1279 3713 1608 3767 describitur
1629 3713 1682 3767 in
1710 3710 1999 3766 Ordinario
2024 3726 2129 3764 ms.
2234 3713 2375 3783 apud
2418 3712 2717 3776 lsidorum,
2758 3712 2852 3767 lib.
2893 3728 2909 3766 ι
2949 3712 3025 3767 De
3053 3712 3189 3768 eccl.
3222 3711 3391 3779 eme,
3444 3728 3568 3784 cap.
3609 3715 3696 3779 l3,
3723 3713 3818 3782 qui

554 3804 730 3858 sancti
754 3802 942 3871 Laudi.
973 3801 1059 3856 Fit
1082 3802 1240 3857 hedie
1270 3802 1322 3856 in
1355 3802 1578 3857 ditecei
1601 3800 1981 3872 Rotomagensi
2011 3807 2133 3869 post
2233 3818 2428 3860 sensus
2456 3805 2583 3860 huic
2608 3804 2727 3860 loco
2766 3818 2872 3859 non
2900 3805 3177 3868 convenit,
3204 3804 3294 3858 ubi
3327 3805 3507 3876 agitur
3535 3806 3603 3860 de
3643 3805 3821 3861 ollicio

554 3890 822 3964 Vesperas
850 3891 1240 3962 processio,\in
1272 3907 1382 3962 qua
1422 3906 1526 3948 non
1572 3898 1821 3960 portatur
1847 3906 2002 3956 crux,
2035 3891 2131 3945 sed
2232 3896 2377 3965 quod
2427 3894 2738 3950 celebratur
2784 3909 2905 3948 cum
2954 3893 3203 3953 Alleluia.
3230 3896 3324 3950 sed
3374 3897 3491 3951 sine
3521 3895 3819 3951 Laudibus.

554 3982 959 4039 candelabra‘et
1001 3968 1356 4051 thuribnlum,
1388 3980 1543 4051 juxta
1577 3982 1925 4039 Ordinarium
1960 3982 2125 4035 Roto-
2231 3985 2420 4057 Itaque
2444 4000 2567 4041 cum
2595 3985 2683 4040 hic
2715 3987 3027 4054 troporum,
3046 3983 3399 4055 Laudumque
3425 3986 3588 4041 simul
3621 4000 3819 4042 oecur-

553 4089 811 4146 magense
832 4090 934 4131 ms.
964 4081 1018 4130 et
1039 4075 1165 4129 dum
1223 4082 1475 4129 cantatur
1502 4073 1536 4142 ιῆ
1560 4072 1761 4143 Dignus
1789 4089 1861 4138 es,
1889 4071 2129 4135 Domine,

2247 4087 2320 4133 rat
2347 4078 2574 4143 mentio,
2603 4077 2804 4132 rectius
2831 4091 2929 4146 per
2962 4075 3174 4132 Laudes
3198 4076 3506 4144 hujusmodi
3536 4078 3810 4148 intellige-

551 4165 846 4226 crucitixus
882 4181 914 4220 a
962 4165 1273 4221 celebrante
1318 4179 1487 4233 cappa
1534 4163 1721 4217 induto
1757 4171 1812 4216 et
1852 4160 2131 4232 genuﬂt‘m
2232 4185 2353 4224 mns
2390 4177 2611 4225 cantum
2643 4169 2878 4239 aliquem
2909 4168 3340 4225 ecclesiasticum
3382 4170 3555 4239 tropis
3581 4170 3819 4225 amnem.

551 4255 755 4328 triplici
788 4256 953 4311 ductu
1006 4253 1373 4308 thuriilcatur.
1403 4253 1519 4306 Duo
1549 4252 1603 4304 in
1637 4251 1845 4321 pulpito
1876 4251 2131 4317 canunt?

2247 4259 2369 4317 Nam
2398 4270 2452 4318 et
2476 4260 2763 4316 Durandus
2785 4261 2904 4316 loco
2924 4261 3183 4332 prtedicto
3208 4271 3390 4331 tropos
3416 4263 3655 4333 appellat
3682 4264 3821 4319 Lan-

553 4345 602 4404 0
632 4362 812 4419 quam.
848 4345 1056 4400 Dicitur
1081 4359 1272 4400 versus
1305 4351 1362 4399 et
1396 4342 1572 4399 oratio
1597 4343 1664 4399 de
1700 4357 1884 4408 cruce.
1919 4354 1973 4397 et
2009 4348 2132 4412 Post
2156 4405 2207 4421 ﬁ
2234 4350 2330 4407 des
2375 4352 2443 4407 ad
2493 4352 2776 4408 introitum
2829 4352 3231 4408 convertibiles.
3276 4352 3623 4421 Coniecturae
3648 4355 3821 4411 facem

553 4405 870 4495 memoriam
931 4436 1089 4510 145
1141 4437 1202 4491 B.
1245 4436 1456 4502 Mariae,
1507 4436 1574 4490 ad
1640 4435 1918 4490 introitum
1978 4433 2129 4489 chori

2247 4443 2456 4512 praefert
2483 4458 2786 4516 anonymus
2816 4442 2873 4498 S.
2897 4444 3141 4499 Audoeni
3177 4405 3478 4500 monachus
3507 4445 3561 4500 in
3584 4446 3823 4503 Historia

554 4519 768 4603 dicitur
806 4524 1100 4596 antiphona
1151 4525 1218 4580 de
1267 4524 1472 4580 sanctis
1516 4536 1638 4579 cum
1687 4536 1847 4577 versu
1896 4531 1949 4576 et
2008 4535 2131 4576 ora-
2235 4534 2460 4591 Joannis
2485 4534 2660 4589 nostri
2695 4532 2763 4588 ad
2803 4532 3005 4589 calcem
3056 4517 3332 4605 gestorum
3368 4535 3821 4607 archiepiscopo-

554 4614 730 4673 tione.
1112 4696 1122 4703 .
2235 4640 2354 4679 rum
2386 4624 2670 4695 Rotomag.
2699 4624 2783 4680 his
2812 4623 2992 4689 verbis
3021 4641 3035 4678 :
3068 4622 3262 4679 Finitis
3281 4625 3459 4696 itaque
3479 4626 3650 4698 Kyrie
3682 4627 3822 4684 elei-

622 4707 772 4781 (235)
814 4707 1063 4789 Oratione
1092 4705 1369 4763 ﬂaminica
1417 4718 1464 4763 et
1502 4707 1757 4779 symbolo.
1790 4706 1850 4761 In
1881 4704 2135 4776 Comple-
2237 4728 2333 4767 son
2376 4730 2492 4767 cum
2512 4712 2714 4766 duobus
2739 4712 3011 4781 rhythmis,
3044 4713 3097 4768 id
3125 4721 3229 4778 est,
3256 4713 3672 4784 nostrojudicio
3701 4726 3819 4772 tro-

556 4799 698 4856 torio
724 4814 822 4873 per
845 4809 1092 4857 octavam
1126 4816 1235 4855 non
1263 4799 1463 4856 dicitur
1508 4799 1684 4855 oratio
1729 4799 2004 4854 Dominica
2034 4814 2134 4854 nec
2234 4804 2341 4874 pis,
2368 4813 2549 4858 exacto
2570 4802 2751 4858 Gloria
2784 4802 2837 4856 in
2863 4802 3094 4859 excelsis
3114 4803 3246 4869 Deo,
3273 4806 3414 4875 quod
3438 4807 3723 4878 inemptum
3752 4812 3820 4863 ab

551 4890 890 4962 symbolum;
916 4891 1017 4966 sed
1054 4898 1178 4960 post
1208 4889 1363 4944 Nunc
1396 4889 1615 4943 dimittis
1661 4890 1942 4944 decantata
1993 4889 2133 4969 anli-
2234 4896 2418 4949 abbate
2447 4894 2678 4949 Ricardo
2701 4893 2929 4964 Sigiensi
2956 4894 3243 4968 (Sagiensi)
3270 4897 3464 4952 chorus
3483 4899 3819 4959 celeberrime

539 4980 739 5051 -phona
763 4978 1174 5059 oratiodicitur,
1199 4987 1254 5034 et
1291 4979 1435 5035 dicto
1457 4975 1857 5041 Benedicamus,
1890 4977 2130 5046 Comple-
2232 4982 2687 5051 fueratexsecutus
2707 4999 2825 5037 cum
2842 4981 3194 5049 Laudibus,id
3217 5000 3334 5038 vero
3359 4983 3817 5059 totum'expende-

538 5050 751 5144 torium
781 5050 984 5124 linitur.
1078 5146 1089 5155 Ι
2232 5050 2386 5128 batur
2405 5074 2459 5128 in
2483 5075 2865 5142 prtestolatione
2891 5074 3295 5147 archiprtcsulis.
3321 5077 3442 5144 Quo
3465 5092 3534 5133 ex
3558 5050 3680 5136 loco
3702 5080 3817 5136 col-

643 5156 773 5230 256)
801 5158 918 5214 Dies
945 5168 1235 5236 octavusut
1255 5160 1455 5231 primus
1479 5156 1913 5231 celebretur.Non
1936 5158 2123 5212 eodem
2229 5162 2414 5232 ligitur
2438 5161 2647 5217 Laudes
2707 5164 2828 5219 illas
2872 5164 2926 5218 in
2982 5164 3160 5220 missis
3222 5164 3561 5224 solemnibus
3610 5171 3817 5241 hymno

540 5249 730 5335 modo,
756 5252 848 5307 sed
876 5242 1032 5308 more
1063 5251 1260 5321 duplici
1291 5250 1507 5307 colitur.
2232 5248 2413 5305 Gloria
2434 5250 2487 5305 in
2519 5251 2735 5307 excelsis
2787 5254 3060 5320 interseri,
3092 5253 3176 5308 vel
3201 5262 3351 5310 certe
3388 5256 3646 5329 snbjungi
3677 5275 3810 5316 eon-

619 5339 770 5386 193'“
816 5341 1214 5386 Rpmnnmn'um
1261 5341 1528 5386 Ruri-92H-
1559 5359 1590 5386 ει
1635 5342 1836 5386 drmth
1867 5347 2102 5386 cantetur
2231 5340 2469 5386 nimim
2503 5359 2516 5386 ξ
2547 5357 2704 5386 altam
2727 5345 2944 5386 (mitium
2993 5345 3250 5386 hvmnnm
3289 5344 3343 5386 in
3385 5347 3554 5386 mina
3587 5348 3812 5386 ςαιίιηιε
