4016 5386
528 254 681 334 ut

1573 256 1876 339 manuus
1927 275 2349 333 ARCIIIEPISC.
2405 276 2759 333 noronAc.
2844 352 2847 355 _

3714 272 3813 326 H2

547 404 656 462 eat,
692 403 754 450 ut
781 394 818 448 l.
846 409 932 460 ιιι,
961 393 1040 449 De
1071 392 1293 449 Gemma
1321 392 1537 456 autimas,
1567 405 1616 446 c.
1655 391 1744 446 19.
1777 390 2069 445 Historiam
2098 407 2115 446 :
2148 398 2192 453 Α
2221 392 2342 453 sede
2372 410 2488 447 cum
2529 404 2718 462 septem
2748 391 3026 446 tlmribults
3056 392 3237 447 casula
3281 392 3452 447 induti
3478 401 3601 446 ante
3627 392 3815 445 alnre

547 483 797 553 Domine,
834 501 907 547 ne
930 488 983 542 in
1034 485 1218 541 lurore
1250 493 1360 549 tuo,
1386 500 1480 554 pro
1514 484 1814 552 pwnitentia
1849 483 2119 546 canimus;

546 578 842 648 aliquando
863 578 1172 641 lectionem,
1193 585 1250 630 ut
1269 574 1493 631 Gemma
1518 575 1734 640 animus,
1757 573 1795 627 l.
1824 589 1898 639 tv,
1930 572 2116 639 c.ll8,

548 668 625 723 De
648 660 883 723 adventu
913 664 1146 720 Domini.
1199 662 1462 727 Historia,
1484 661 1669 718 Clama
1698 663 1749 717 in
1780 660 2118 728 fortitudine,

548 777 652 814 non
680 759 752 813 ad
782 757 1021 824 Quatuor
1045 755 1319 827 Tempora,
1340 755 1431 810 sed
1446 755 1515 809 ad
1548 756 1840 825 proximam
1876 754 2121 823 septima-

547 868 670 906 nam
715 850 928 905 Natalis
974 847 1186 903 Domini
1230 848 1486 918 pertinet;
1536 846 1826 918 aliquando
1867 860 1996 902 vero
2034 860 2122 901 re-

545 942 827 1013 sponsoria
884 951 939 997 et
970 941 1316 1012 antiphonas,
1350 936 1429 995 sic
1466 939 1611 996 enim
1654 939 1817 995 habet
1853 937 2118 994 Radull'us

546 1033 615 1088 de
643 1030 780 1085 Rivo
813 1030 1074 1102 proposit.
1109 1029 1197 1084 12.
1236 1026 1568 1085 Prtenotetur
1602 1028 1823 1099 (inquit)
1850 1027 1988 1100 quod
2021 1044 2119 1082 an-

543 1123 774 1193 tiphonaa
805 1130 853 1176 et
883 1123 1210 1189 responsoria
1241 1121 1311 1175 ad
1338 1137 1499 1176 unum
1533 1121 1669 1175 diem
1695 1119 1771 1175 uel
1799 1119 2116 1174 observatio-

540 1204 658 1268 nem
678 1212 989 1282 pertinentia
1021 1217 1276 1266 vocantur
1293 1210 1532 1265 historia.
1565 1209 1672 1266 Sed
1701 1209 1998 1281 smpissime
2018 1223 2118 1278 pro

539 1301 904 1372 responsoriis
934 1300 1201 1372 accipitur
1233 1319 1246 1355 :
1276 1301 1416 1371 apud
1442 1299 1817 1371 Micrologum,
1847 1299 1923 1355 De
1945 1298 2119 1354 eccle-

539 1391 697 1446 siast.
733 1391 1008 1456 observat,
1037 1405 1088 1447 c.
1119 1389 1208 1445 54.
1236 1389 1301 1444 In
1327 1400 1510 1445 octava
1548 1386 1771 1444 Pascha:
1795 1388 2067 1443 historiam
2095 1401 2114 1440 :

539 1481 747 1554 Dignus
782 1496 865 1548 es,
892 1480 1140 1547 Domine,
1170 1481 1484 1552 incipimus;
1524 1479 1663 1550 apud
1699 1476 2009 1542 Radull‘um,
2038 1476 2115 1530 De

541 1574 698 1641 Bivo,
729 1572 824 1628 lib.
854 1573 930 1629 De
955 1588 1076 1629 ean.
1103 1573 1343 1640 observ.,
1367 1571 1627 1643 proposit.
1651 1567 1736 1625 l6.
1762 1567 1939 1633 Simili
1961 1567 2115 1622 modo

538 1674 777 1720 servatur
801 1662 1074 1718 Historia:
1108 1662 1311 1732 Dignus
1338 1676 1420 1727 es,
1442 1672 1490 1717 et
1515 1661 1737 1716 historia
1767 1673 1786 1712 :
1815 1658 1871 1714 Si
1894 1657 2111 1714 oblitus.

2223 482 2427 536 veniant
2456 498 2574 535 cum
2602 482 2823 537 diacono
2846 493 2894 537 et
2921 483 3244 537 subdiacono
3280 483 3535 537 revestitis
3565 482 3816 553 (dalma-

2224 572 2328 627 tica
2372 580 2427 625 et
2470 571 2674 653 tunica)
2729 581 2775 627 et
2827 573 3027 627 medius
3076 575 3492 643 presbyterorum
3534 572 3791 641 incipiat.

2222 664 2365 720 Deus
2393 665 2447 719 in
2497 663 2852 734 adiutorium,
2893 675 2943 720 et
2987 664 3146 720 simul
3191 666 3448 738 incipiant
3498 666 3798 735 hymnum:

2220 754 2353 809 Veni
2376 794 2392 821 ,
2453 763 2670 811 creator
2724 755 2988 827 Spiritus,
3037 767 3086 812 et
3133 767 3255 812 tunc
3305 757 3581 827 pulsentur
3620 773 3801 812 omnes

2220 862 2506 916 campante,
2535 857 2584 901 et
2627 847 2801 902 dicant
2830 858 2993 902 totum
3035 863 3237 903 versum
3286 849 3439 918 [lexis
3465 846 3687 920 genibus
3721 849 3801 902 in-

2218 935 2477 1005 censando
2526 935 2715 990 altare.
2770 936 3186 1008 Chor-us:erui
3225 936 3534 1008 paracletus
3577 936 3813 992 diceris
3855 1002 3859 1006 _

2219 1025 2428 1097 Septem
2468 1029 2754 1099 presbyteri
2779 1047 2798 1086 :
2822 1029 2856 1098 Ῡ
2879 1028 2958 1083 Tu
3007 1029 3360 1101 scptil'ormis.
3413 1029 3622 1085 Chorus
3652 1045 3672 1084 :
3697 1028 3778 1084 Ac

2220 1118 2391 1173 eende
2413 1118 2616 1174 lumen.
2652 1118 2951 1191 Presbyteri
2975 1120 3053 1189 εὶ
3105 1119 3324 1177 llostem
3370 1119 3626 1189 repellas.
3660 1115 3800 1173 Cho-

2219 1224 2309 1262 rus
2327 1209 2399 1278 :i
2442 1208 2548 1266 Per
2593 1219 2654 1268 te,
2695 1211 2950 1266 scianms.
2980 1207 3280 1280 Presbyteri
3312 1226 3332 1265 :
3364 1208 3447 1266 Sit
3478 1210 3600 1265 laus
3623 1208 3797 1265 Patri.

2217 1296 2398 1353 Finito
2440 1299 2632 1370 hymno
2670 1300 2954 1370 presbyteri
2999 1300 3159 1354 versis
3202 1298 3430 1355 vultibus
3473 1299 3547 1354 ad
3577 1300 3800 1353 chorum

2219 1395 2603 1466 (incensando).
2644 1394 2892 1465 incipiant
2936 1395 3275 1464 antiphonam
3300 1393 3589 1464 :Aceipite
3626 1391 3800 1463 Spiri-

2220 1494 2329 1539 tum
2359 1493 2629 1551 sanctum,
2659 1494 2707 1538 et
2750 1493 2912 1538 totam
2950 1484 3160 1553 finiant,
3207 1493 3255 1538 et
3286 1493 3473 1538 cantor
3503 1484 3686 1552 festiue
3720 1484 3801 1538 in-

2217 1574 2375 1642 cipiat
2418 1573 2938 1646 psalmum:Legem
2980 1590 3139 1645 pone,
3185 1585 3234 1630 et
3256 1576 3544 1647 presbyteri
3589 1576 3802 1630 interim

2215 1666 2351 1719 inter
2373 1683 2428 1720 se
2452 1666 2694 1735 privatim
2726 1665 2954 1721 Tertiam
2992 1668 3192 1731 dicant,
3216 1684 3320 1738 qua
3348 1667 3504 1735 [inita
3530 1667 3797 1721 recedant.

534 1753 596 1808 In
628 1753 918 1810 Ordinario
961 1767 1091 1809 vero
1132 1730 1513 1824 Rotomagensi
1548 1750 1774 1807 historia
1805 1749 2115 1819 frequenter
2143 1730 2187 1790 Β
2216 1755 2282 1809 Et
2309 1730 2462 1811 feria'
2481 1755 2718 1811 secunda
2747 1765 2803 1811 et
2833 1771 2929 1827 per
2968 1730 3366 1813 hebdomadam
3400 1775 3414 1811 :
3444 1757 3528 1811 Ad
3566 1756 3799 1811 Tertiam

538 1861 642 1916 pro
683 1844 1046 1915 responsoriis
1093 1851 1405 1913 usurpatur,
1445 1841 1498 1898 in
1530 1857 1638 1912 quo
1669 1842 1832 1896 etiam
1874 1840 2110 1911 legitur:

537 1935 609 1989 Et
661 1935 1044 2006 responsorium
1078 1934 1142 1988 de
1178 1932 1419 1998 historia,
1474 1933 1617 1988 Deus
1664 1931 1929 1986 omnium.
1968 1928 2112 1984 ldetn

534 2039 682 2095 saepe
727 2024 939 2080 videtur
978 2023 1033 2078 in
1075 2022 1365 2079 Ordinario
1412 2021 1801 2078 canonieorum
1850 2019 1909 2076 S.
1944 2018 2111 2075 Laudi

536 2112 980 2184 llotomagensis.

611 2204 760 2276 (257)
793 2203 952 2259 Actus
980 2203 1332 2274 apostolorum
1364 2201 1624 2273 legantur.
1654 2200 1731 2255 lta
1760 2214 1976 2272 quoque
2009 2198 2114 2255 0r—

536 2295 807 2352 dinarium
823 2294 1222 2365 Rotomagense
1249 2308 1446 2364 ms.,p.
1470 2292 1506 2346 2
1533 2306 1548 2346 :
1579 2290 1646 2346 In
1667 2291 1899 2345 crastino
1922 2291 2116 2344 Ascen-

536 2388 701 2441 sionis
736 2385 945 2441 Dontini
991 2386 1313 2454 incipiantur
1353 2384 1515 2438 Actus
1542 2380 1920 2453 apostolorum,
1964 2390 2010 2434 et
2042 2379 2116 2433 leo

536 2466 731 2547 gantur
756 2476 820 2530 de
848 2477 974 2547 ipsis
1009 2493 1102 2547 per
1135 2475 1510 2529 hebdomadam
1541 2484 1643 2526 tres
1673 2471 1915 2525 lectiones
1954 2485 2115 2539 usque

537 2566 609 2619 ad
640 2566 874 2636 vigiliam
918 2565 1270 2621 Pentecostes.
1311 2564 1442 2619 item
1479 2563 1532 2618 in
1574 2562 1866 2618 Breviariis
1897 2560 2027 2616 1491
2061 2568 2117 2614 et

538 2658 678 2713 1578
707 2660 950 2728 legantur
988 2674 1149 2729 usque
1173 2657 1242 2711 ad
1273 2657 1504 2728 vigiliam
1529 2652 1860 2709 Pentecostes
1885 2652 2116 2723 quotidie

537 2759 641 2804 tres
664 2749 908 2820 lectiones
934 2749 998 2804 de
1029 2748 1245 2803 Actibus
1284 2746 1663 2819 apostolorum,
1690 2755 1903 2815 excepta
1928 2742 2111 2797 Domi-

534 2839 657 2895 nica
686 2848 734 2894 et
759 2839 845 2893 die
883 2848 1088 2894 octava.
1120 2837 1275 2893 Nune
1299 2853 1397 2907 per
1422 2845 1644 2893 octavas
1668 2834 2019 2891 Ascensionis
2061 2840 2116 2889 et

531 2928 886 2985 Pentecostes
912 2928 1162 3000 leguntur
1199 2927 1422 2983 Patrum
1460 2925 1829 2994 expositiones
1858 2924 1912 2977 in
1943 2921 2119 2976 Evan-

536 3021 697 3091 gelia.

608 3110 759 3179 (258)
803 3110 998 3164 Octava
1028 3109 1160 3164 hora
1198 3107 1305 3163 diei
1332 3106 1552 3178 populus
1583 3106 1651 3160 ad
1686 3104 1951 3159 ecclesiam
1993 3120 2116 3159 con-

537 3203 729 3257 veniat.
761 3200 982 3256 Scilicet
1027 3201 1262 3255 secunda
1293 3210 1411 3269 post
1454 3197 1757 3261 meridiem,
1789 3195 1948 3250 hodie
1985 3202 2117 3249 vero

537 3301 736 3361 quarta
786 3290 917 3345 hora
963 3291 1067 3345 diei
1122 3291 1331 3346 scilicet
1373 3288 1582 3344 decima
1628 3287 1918 3341 matutina.
1971 3286 2116 3342 Ordo

540 3384 837 3439 lectionum
866 3392 919 3437 et
946 3392 1217 3440 tractuum
1248 3382 1299 3436 in
1332 3380 1652 3452 quibusdam
1675 3380 1990 3434 immutatus
2010 3385 2113 3442 est,

538 3486 737 3531 caetera
762 3485 821 3531 ut
847 3476 899 3529 in
928 3474 1164 3547 Sabbato
1203 3484 1390 3530 sancto
1427 3473 1668 3537 Paschtc,
1696 3478 1920 3540 excepta
1952 3470 2114 3525 bene-

540 3566 774 3620 dictione
804 3565 943 3632 ignis
971 3573 1026 3619 et
1057 3564 1222 3619 cerei.

616 3657 763 3729 (259)
807 3656 925 3710 Pax
965 3655 1277 3725 accipiatur.
1322 3652 1668 3709 Ordinarium
1720 3650 2116 3719 Rotomagense

541 3761 667 3808 ms.,
698 3762 751 3815 p.
792 3743 896 3800 “5
927 3762 941 3798 :
969 3742 1201 3799 Sanctus
1226 3752 1273 3797 et
1296 3743 1480 3813 Agnus
1502 3742 1700 3811 festive,
1725 3749 1773 3794 et
1802 3753 1907 3808 pax
1936 3738 2112 3793 datur.

544 3839 676 3893 Vide
707 3852 825 3907 quas
852 3837 1087 3891 diximus
1117 3836 1184 3890 de
1223 3833 1410 3890 osculo
1450 3833 1600 3902 pacis
1628 3832 1680 3886 in
1727 3830 2116 3888 observationi-

527 3922 643 3986 bus
673 3931 736 3985 dc
764 3930 940 3985 ollicio
972 3930 1169 3984 missas.

614 4022 761 4094 (260)
804 4020 961 4092 150
989 4018 1114 4074 Post
1161 4018 1412 4090 l’csperas
1458 4031 1507 4074 et
1551 4018 1841 4073 Matutinus
1879 4017 1994 4087 ipsa
2029 4016 2115 4070 die

542 4114 845 4167 memoriam
896 4111 1287 4166 resurrectionis
1339 4120 1593 4180 peragant
1648 4110 1718 4162 ad
1778 4109 2111 4176 cruciﬁxum.

541 4200 697 4256 Nulla
722 4210 848 4271 post
874 4199 1141 4270 Vesper-us
1165 4210 1223 4255 et
1247 4198 1545 4260 Matutinus
1571 4199 1732 4253 hodie
1752 4197 2024 4268 processio
2046 4197 2115 4251 ad

547 4291 894 4356 cruciﬁxum,
934 4289 988 4345 in
1033 4304 1137 4358 qua
1181 4288 1271 4342 liat
1300 4289 1557 4342 memoria
1594 4286 2028 4351 resurrectionis,
2059 4293 2115 4340 et

2214 1845 2459 1899 sacerdos
2488 1845 2701 1900 missam
2731 1855 3035 1900 cantaturus
3083 1862 3200 1900 cum
3235 1846 3462 1901 diacono
3487 1856 3536 1900 et
3575 1845 3800 1901 subdia-

2215 1951 2343 1990 cono
2397 1937 2651 1990 rct'estitis
2700 1937 2947 2008 (amictu,
2992 1938 3114 1993 alba
3162 1946 3216 1994 et
3273 1938 3434 2009 stola)
3479 1940 3703 2008 incipiat
3745 1939 3801 1991 in

2214 2026 2370 2080 choro
2401 2036 2521 2080 ante
2549 2027 2775 2096 formam
2795 2041 2817 2081 :
2848 2029 3014 2095 Deus,
3039 2030 3092 2084 in
3110 2029 3460 2099 adiutorium,
3494 2047 3617 2085 cum
3658 2030 3800 2083 duo-

2212 2114 2309 2169 bus
2367 2116 2647 2172 thuribulis
2690 2128 2735 2172 et
2777 2119 3136 2186 candelabris,
3184 2130 3232 2175 et
3279 2121 3441 2175 simul
3493 2121 3799 2190 incipiant:

2219 2204 2372 2273 Veni,
2402 2207 2655 2272 Creator,
2698 2209 3016 2264 incensaudo
3061 2212 3295 2278 quandiu
3345 2228 3526 2265 versus
3575 2228 3610 2264 a
3650 2221 3800 2281 parte

2221 2294 2362 2349 dicta
2405 2297 2722 2362 cantabitur,
2750 2308 2796 2351 et
2826 2299 3037 2353 sinister
3065 2300 3255 2354 chorus
3278 2299 3429 2368 ﬁniat
3455 2301 3661 2354 dictum
3688 2315 3799 2353 rer-

2214 2400 2352 2450 sum,
2381 2386 2563 2440 dexter
2591 2387 2781 2442 chorus
2804 2387 2969 2442 aliunt
2994 2405 3197 2443 versum
3225 2401 3420 2457 cantet,
3448 2402 3495 2445 ct
3528 2391 3606 2444 sic
3635 2389 3796 2459 finia-

2215 2486 2302 2529 tur
2333 2477 2578 2547 hynmus,
2619 2488 2664 2532 et
2689 2481 2764 2533 sic
2805 2480 2899 2549 ﬁat
2919 2497 3013 2550 per
3045 2482 3424 2537 hebdomadam
3461 2482 3794 2538 alternatim.

2214 2566 2339 2619 Ant.
2375 2566 2583 2638 Repleti
2615 2577 2761 2624 sunt.
2791 2569 2991 2625 Cantor
3014 2572 3229 2641 incipiat
3258 2573 3522 2644 psalmum
3556 2573 3796 2645 :Legem

2213 2671 2372 2727 pone,
2411 2667 2459 2712 ct
2488 2660 2733 2713 sacerdos
2753 2676 2872 2715 cum
2900 2661 3120 2716 diacono
3145 2674 3192 2716 et
3217 2663 3539 2718 subdiacono
3580 2665 3799 2719 sedeant

2214 2765 2371 2818 super
2412 2750 2638 2819 formam
2663 2751 2828 2807 chori.
2881 2751 3064 2807 Finita
3107 2756 3395 2825 antiphoua
3432 2756 3581 2810 dicat
3614 2773 3796 2810 sacer-

2216 2836 2310 2890 tlos
2350 2838 2836 2907 capitulum:Dum
2872 2838 3290 2912 complerentur.
3335 2845 3370 2914 ἢ
3399 2844 3647 2915 Spiritus
3694 2849 3798 2901 Du-

2218 2926 2390 2992 mini,
2442 2936 2549 2981 etc.
2608 2927 2867 2984 Sacerdos
2921 2931 3122 2988 dicat:
3170 2934 3432 2990 Dominus
3486 2937 3796 2991 vobiscum.

2218 3016 2466 3074 Oremus.
2485 3017 2638 3089 151
2657 3021 2814 3086 Deus,
2831 3022 2922 3092 qui
2946 3023 3206 3079 hodierna
3229 3026 3339 3092 die,
3354 3035 3459 3081 etc.
3475 3024 3666 3080 Finita
3684 3026 3798 3081 Ter

2218 3105 2291 3159 tia
2312 3107 2578 3173 recedant,
2604 3118 2652 3162 et
2673 3118 2857 3164 cantor
2872 3112 3088 3182 incipiat
3115 3113 3350 3183 ofﬁciunt
3373 3114 3570 3171 misstc.
3600 3116 3798 3171 Iisdem

2216 3193 2331 3250 fere
2372 3197 2555 3252 verbis
2584 3197 2702 3254 haec
2741 3198 2994 3271 leguntur
3022 3202 3073 3257 in
3105 3204 3249 3261 libro
3278 3203 3495 3261 olliciuli
3541 3207 3781 3264 Rotoma

2216 3286 2366 3358 gensi
2400 3302 2502 3343 ms.
2529 3287 2872 3346 bibliothecae
2902 3292 3221 3363 Bigetianae.

2286 3375 2435 3447 (265)
2469 3375 2651 3433 Flores
2673 3379 2865 3434 diversi
2888 3382 3080 3436 coloris
3096 3385 3468 3442 immittuntur.
3493 3386 3665 3443 Liber
3684 3387 3797 3444 olli.

2214 3463 2369 3521 eialis
2392 3464 2649 3535 pmfatus
2680 3483 2694 3522 :
2724 3467 2862 3523 Dum
2889 3469 3113 3540 Ityntnus
3137 3481 3384 3529 cantatur
3421 3476 3593 3531 altare
3620 3479 3799 3532 incen~

2213 3564 2379 3621 setur,
2407 3556 2691 3610 luminaria
2720 3558 3091 3627 accendantur,
3121 3561 3272 3631 signa
3302 3563 3597 3633 pulsentur,
3622 3580 3675 3621 et
3694 3569 3798 3637 flo-

2217 3661 2296 3700 res
2317 3646 2380 3701 de
2400 3647 2625 3713 diversis
2645 3648 2907 3706 coloribus
2931 3652 3000 3705 ad
3025 3652 3193 3707 instar
3218 3656 3596 3713 charismatum
3624 3662 3801 3715 sancti

2216 3733 2445 3806 Spiritus
2465 3739 2687 3809 desuper
2713 3739 2929 3794 chorum
2951 3744 3175 3811 sparsim
3196 3747 3495 3801 mittantur.
3526 3749 3571 3803 Α
3601 3751 3799 3805 decem

2215 3837 2310 3883 aut
2331 3829 2549 3884 circiter
2576 3830 2735 3884 annis
2765 3844 2885 3885 mos
2933 3830 3034 3905 iste
3061 3840 3171 3887 tam
3200 3835 3254 3889 in
3298 3836 3597 3892 eathedrali
3628 3854 3801 3909 quam

2216 3919 2271 3974 in
2310 3919 2714 3989 parochialibus
2757 3920 3005 3976 ecclesiis
3050 3938 3157 3979 non
3197 3923 3470 3981 immerito
3501 3928 3799 3997 obsolevit,

2215 4007 2306 4077 qui
2329 4009 2383 4062 in
2408 4006 2697 4063 Ordinario
2725 4025 2851 4075 ms.,
2875 4024 2929 4079 p.
2954 4011 3075 4077 114,
3101 4012 3181 4067 sic
3208 4013 3539 4072 describitur
3566 4034 3585 4074 :
3608 4016 3802 4092 Sequi-

2215 4106 2303 4151 tur
2323 4095 2515 4161 Tertia,
2542 4109 2590 4152 et
2615 4101 2741 4153 dum
2761 4101 3027 4171 incipitur.
3053 4101 3207 4170 Veni,
3232 4104 3479 4172 Creator,
3504 4112 3800 4180 projicaen-

2216 4197 2303 4241 tur
2321 4204 2414 4258 per
2452 4189 2741 4258 familiares
2763 4191 3080 4247 thesaurarii
3107 4196 3382 4251 existentes
3404 4199 3461 4252 in
3485 4199 3802 4256 deambula-

2215 4281 2365 4337 toriis
2384 4281 2715 4351 inferioribus
2735 4283 2968 4338 turribus
2986 4297 3107 4340 an:e
3134 4288 3466 4356 crucifixum,
3491 4292 3697 4347 scilicet
3720 4311 3803 4348 tn-

546 4384 600 4434 in
651 4379 941 4436 Ordinario
982 4378 1362 4449 Rotomngensi
1386 4393 1487 4434 ms.
1530 4377 1725 4449 legitur
1752 4395 1765 4431 :
1794 4374 1959 4430 Nulla
2001 4392 2111 4429 me-
2131 4388 2189 4446 ι)
2214 4371 2401 4441 ferias,
2423 4383 2470 4428 et
2494 4384 2744 4444 quantum
2770 4385 3012 4445 poterunt
3039 4378 3180 4445 infra
3206 4379 3424 4434 chorum
3446 4381 3580 4451 folia
3632 4401 3797 4454 quer-

543 4464 731 4525 moria.
764 4470 1051 4540 Reperitur
1075 4478 1252 4524 tamen
1296 4468 1412 4524 haec
1441 4468 1717 4538 processio
1755 4468 1808 4522 in
1840 4466 2114 4521 Breviario

543 4563 893 4618 Fiscannensi
921 4578 1011 4616 an.
1040 4560 1176 4616 1627
1200 4561 1251 4614 in
1282 4561 1471 4632 primis
1500 4559 1772 4630 Vesperis.

613 4653 762 4724 (261)
796 4652 917 4706 Dies
946 4663 1156 4706 octacus
1204 4662 1258 4705 ut
1301 4652 1502 4720 primus
1544 4650 1869 4705 celeberrime
1906 4658 2137 4720 agatur-

536 4744 701 4802 Nune
747 4756 927 4800 autem
973 4745 1078 4800 ritu
1130 4742 1324 4814 triplici
1367 4741 1402 4796 2
1442 4741 1633 4797 classis
1670 4741 1721 4801 in
1769 4741 1971 4803 hutnore
2013 4738 2111 4794 SS.

538 4837 579 4890 Τ
595 4839 828 4893 t'inilatis
853 4837 1069 4892 colitur.

619 4929 769 5000 (262)
803 4926 856 4981 Η
859 4944 1046 4998 ymnns
1077 4944 1107 4980 a
1137 4926 1303 4980 tribus
1331 4924 1532 4979 clericis
1569 4923 1803 4993 cappatis
1824 4920 2000 4974 altare
2027 4919 2115 4973 in-

547 5019 876 5074 censantibus
904 5018 1193 5072 inchoetur.
1225 5000 1396 5069 Aliter
1423 5013 1665 5069 ecclesia:
1692 5011 2117 5080 metmpolitanza

979 5118 992 5126 ι
1042 5122 1102 5126 -η
1148 5107 1222 5126 γκξ-
1297 5120 1415 5126 ---.--
1450 5103 1714 5126 ιιι---ιι-ξ-.οε
1768 5115 2020 5126 -..αινιΑ-ιοΑ
2051 5098 2114 5126 ΑΔ

2216 4479 2393 4529 cuum,
2416 4464 2615 4518 nebula:
2635 4474 2683 4519 et
2704 4477 2905 4535 stuppa:
2921 4467 3161 4522 ardentes
3186 4469 3239 4523 in
3259 4486 3450 4539 magna
3474 4477 3801 4543 quantitate,

2215 4562 2261 4606 et
2293 4552 2361 4605 ad
2388 4551 2568 4607 Gloria
2594 4554 2644 4607 in
2681 4554 2910 4610 excelsis
2936 4556 3108 4610 missa:
3151 4558 3381 4614 emit:ent
3413 4562 3593 4617 volare
3620 4582 3802 4621 uersus

2216 4644 2432 4698 chorum
2465 4661 2581 4699 aves
2609 4662 2799 4713 parvas
2821 4656 2869 4700 et
2892 4648 3193 4713 mediocres,
3215 4660 3264 4703 et
3284 4667 3389 4705 non
3417 4668 3802 4724 magnas,cum

2218 4733 2417 4788 nebulis
2438 4732 2613 4803 ligatis
2639 4736 2707 4788 ad
2730 4735 2909 4789 tibiam
2931 4737 2985 4790 in
3007 4742 3313 4809 competenti
3338 4743 3582 4812 numero,
3608 4759 3658 4801 et
3685 4766 3801 4804 con-

2171 4818 2175 4825 ’
2217 4822 2560 4875 tinuabuntur
2584 4824 2857 4890 prtemissa
2889 4840 3049 4895 usque
3070 4827 3147 4880 ad.
3169 4828 3515 4899 Evangelium
3544 4851 3564 4889 ε
3601 4848 3654 4891 et
3689 4840 3804 4894 ha’c

2218 4912 2391 4964 omnia
2413 4912 2536 4980 ﬁent
2572 4914 2640 4965 ad
2666 4930 2941 4983 expensam
2962 4918 3276 4974 thesaurarii
3301 4931 3348 4975 et
3364 4926 3586 4994 capituli
3638 4932 3804 5001 equis

2217 5003 2561 5069 portionibus.

2291 5093 2439 5126 [θίξιῖ
2460 5092 2513 5126 Ci
2537 5094 2758 5126 alia")...
2784 5100 2947 5126 ...κηοὲ
2979 5099 3226 5126 I--.:..:.--
3256 5104 3471 5126 4------»
3551 5110 3566 5126 ι
