4016 5386
201 346 298 402 113

1197 371 1402 429 NOTAE
1442 376 1532 432 AD
1573 376 1829 436 LIBRUM
1865 383 1948 437 DE
1987 382 2203 440 OFFIG.
2247 385 2522 442 ECCLES.

3362 391 3466 447 114

203 485 267 525 οι
294 469 592 532 Pbarisaeis
617 478 978 553 Evangelium.
1006 487 1152 544 idem
1175 491 1481 548 habetur-in
1507 494 1644 551 libro
1665 496 1779 552 olll-
1811 503 1858 560 Α
1887 505 2086 553 nanum
2148 501 2544 571 responsorium
2603 501 2656 556 in
2709 500 3004 569 Matutinis,
3062 503 3305 573 canitur;
3363 522 3465 565 nec

200 564 318 618 ciali
353 564 744 640 Rotomagensi
774 591 874 629 nis.
906 579 1247 638 bibliotheca:
1277 584 1596 656 Bigotianm,
1624 597 1680 642 et
1729 589 1783 643 in

199 653 512 712 Missalibus
561 658 976 732 Rotomagensis
1021 669 1275 727 Ecclesiae
1307 653 1395 729 an.
1435 675 1591 743 1316,
1625 678 1782 744 1527,

198 744 335 802 1558
359 756 416 802 et
445 747 605 804 1576.
640 750 807 808 llodie
836 755 1034 826 legitur
1057 759 1295 830 Epistula
1344 766 1487 820 beati
1518 768 1666 822 Pauli
1709 769 1777 824 ad

198 835 498 905 Romanos,
532 856 585 896 c.
617 858 668 896 XI
697 862 709 897 :
738 844 781 899 ο
806 846 1198 919 altitudo,etc.,
1229 865 1281 910 et
1309 857 1656 929 Evangelium
1683 877 1775 916 se-

195 927 432 1019 cundum
460 929 794 999 Matthaaum,
813 951 862 990 c.
886 937 1144 996 28:1)ixit
1169 944 1320 1000 Jesus
1343 927 1616 1019 discipulis
1638 954 1780 1006 suis:

194 1015 334 1071 Data
359 1030 436 1072 est
461 1022 594 1075 mihi
622 1025 792 1079 omnis
814 1038 1063 1093 potestas.

264 1108 743 1182 (267)1ncipiatur
767 1115 965 1188 Regum
994 1121 1216 1179 historia
1245 1136 1293 1180 et
1317 1126 1780 1200 Paralipomenon.

194 1199 341 1258 Libri
366 1201 816 1274 Paralipomenon
847 1227 948 1265 non
975 1213 1230 1283 leguntur
1260 1220 1312 1274 in
1343 1199 1580 1278 Ecclesia
1620 1223 1786 1279 Roto-

195 1296 460 1386 magensi,
491 1297 585 1352 sed
610 1307 816 1355 tantum
842 1313 1077 1372 quatuor
1112 1308 1233 1365 libri
1265 1311 1472 1384 Regum
1514 1331 1684 1386 usque
1717 1316 1783 1372 ad

194 1381 532 1441 Dominicam
569 1391 957 1460 proximiorem
992 1397 1220 1455 Kalend.
1246 1381 1495 1475 Augusti.

266 1474 422 1569 (268)
453 1476 612 1532 Liber
642 1479 822 1536 Tobia:
870 1495 919 1538 et
951 1485 1156 1544 Esdrw.
1201 1474 1400 1548 Bsdras
1429 1511 1531 1550 non
1566 1497 1783 1569 legitur,

195 1566 286 1620 sed
338 1567 685 1626 solummodo
736 1572 872 1629 liber
919 1576 1102 1634 Tobiae
1151 1582 1204 1635 in
1245 1585 1402 1640 tertia
1447 1566 1784 1658 Septembris

191 1653 558 1796 gelidomada,
615 1661 670 1715 in
722 1673 914 1733 quarta
973 1684 1098 1726 vero
1153 1680 1205 1726 et
1249 1675 1437 1744 quinta
1490 1653 1673 1736 Judith
1729 1695 1783 1738 et

213 1743 408 1796 ‘sther.

213 1743 408 1801 Esther.

1889 601 2082 645 cantor
2118 592 2169 645 in
2203 591 2476 662 Vesper-is,
2509 594 2604 648 sed
2649 594 2758 648 duo
2788 603 3038 651 cantores
3094 595 3150 650 in
3181 599 3366 669 cappis
3392 600 3462 654 ad

1886 681 2124 750 psalmos
2151 683 2606 752 reguntchorum.
2625 681 2978 740 lnMatutinis
3011 685 3231 742 tertium
3259 697 3315 744 et
3335 703 3462 746 sex-

1890 783 2004 828 tum
2039 788 2283 842 respons.
2317 788 2346 827 a
2377 774 2548 830 tribus
2580 775 2635 828 in
2670 774 2856 844 cappis
2882 785 3172 832 canuntur.

1957 863 2104 933 (278)
2135 864 2402 918 Diaconus
2430 882 2595 933 cappa
2617 866 2831 920 indutus
2855 883 2973 922 cum
2994 869 3324 938 processione
3345 888 3466 941 per-

1886 964 1974 1025 gat
2007 955 2077 1008 ad
2118 957 2572 1025 pronuntiandum
2598 957 2753 1028 153
2779 956 3143 1030 Evangelium.
3175 961 3308 1016 Cum
3335 979 3463 1032 pro-

1887 1046 2152 1112 cessione,
2184 1045 2236 1100 id
2256 1053 2359 1112 est,
2386 1061 2509 1101 cum
2551 1047 2898 1104 thuriterario
2935 1059 2990 1105 et
3018 1051 3227 1108 duobus
3255 1053 3465 1111 cerol‘e-

1887 1136 2067 1202 rariis,
2121 1145 2308 1208 pergat
2359 1138 2427 1193 ad
2484 1139 2702 1194 modum
2737 1141 3138 1210 processionis,
3185 1143 3473 1202 incensato

1886 1222 2068 1279 altari.
2110 1225 2328 1282 Primus
2359 1226 2743 1283 tburilerarius
2765 1229 2986 1295 incedit,
3026 1240 3147 1299 post
3171 1233 3275 1290 duo
3310 1248 3466 1290 cero-

1885 1312 2092 1382 t'erarii,
2120 1331 2260 1387 quos
2315 1318 2564 1390 sequitur
2594 1318 2858 1374 diaconus
2909 1335 3078 1392 cappa
3119 1322 3342 1380 indutus
3373 1323 3458 1395 qu‘

1885 1405 2128 1462 lecturus
2163 1419 2246 1464 est
2281 1409 2631 1479 Evangelium
2675 1410 2728 1464 in
2759 1410 2998 1482 pulpito;
3029 1414 3171 1482 quod
3205 1415 3258 1470 in
3295 1418 3470 1470 omni-

1885 1496 1986 1552 bus
2025 1497 2180 1554 festis
2234 1500 2558 1570 triplicibus,
2609 1510 2717 1555 tam
2772 1503 2960 1573 prima:
3003 1520 3164 1575 quam
3215 1511 3467 1564 secunda:

1885 1589 2100 1654 classis,
2127 1591 2466 1646 observatur.
2516 1592 2572 1646 lu
2623 1594 2860 1648 secundo
2902 1603 3106 1661 autem,
3165 1597 3378 1668 quinto,
3406 1608 3460 1654 et

1886 1688 2078 1735 octavo
2120 1683 2480 1752 responsoriis
2526 1698 2634 1737 non
2684 1683 3000 1739 incensatur
3051 1686 3219 1742 altare
3246 1726 3260 1752 ,
3293 1702 3469 1758 neque

1888 1771 2106 1826 chorus.

270 1835 421 1932 (26?)
463 1835 594 1893 Post
622 1844 912 1900 matutinas
942 1855 1144 1902 tantum
1168 1848 1376 1908 Laudes
1397 1855 1780 1924 defunctorum.
1811 1837 1862 1898 Β
1959 1860 2106 1932 (279)
2145 1861 2334 1916 Omnes
2375 1862 2673 1931 clerici’pro
2705 1879 2854 1932 posse
2891 1863 3120 1919 ecclesia?
3156 1866 3467 1920 induantur.

191 1925 246 1978 lu
268 1926 503 1982 ecclesia
541 1931 702 2002 152
729 1936 1030 1992 cathedrali
1066 1950 1188 2009 post
1236 1952 1563 2002 nocturnum
1597 1949 1785 2007 dicun-

197 2027 281 2071 tur
307 2029 438 2074 ante
465 2021 913 2092 Conipletorium.

262 2111 416 2179 (270)
456 2112 526 2166 In
565 2112 804 2185 Vesperis
831 2121 1020 2175 Abbati
1039 2132 1086 2177 et
1110 2123 1524 2186 Dominicalibus
1573 2137 1784 2190 matuti-

192 2202 267 2254 nis
291 2203 358 2255 de
388 2219 545 2258 cruce
571 2217 832 2264 cantetur.
864 2211 918 2265 In
941 2213 1230 2273 Ordinario
1259 2237 1358 2276 ms.
1390 2226 1780 2282 canonicorum

193 2293 247 2343 ὃ.
283 2293 455 2346 Laudi
483 2309 497 2348 :
526 2295 604 2349 Ab
630 2309 812 2354 octavo
840 2299 1171 2362 Pentecostes
1203 2327 1363 2380 usque
1387 2315 1456 2368 ad
1490 2317 1783 2372 Adventum

194 2382 405 2438 Domini
433 2387 486 2439 in
514 2391 755 2445 omnibus
793 2391 1022 2464 Vesperis
1045 2408 1090 2450 et
1116 2398 1396 2458 Matutinis
1416 2405 1510 2473 ﬁat
1533 2410 1783 2463 memoria

191 2475 252 2526 de
274 2487 462 2530 sancta
492 2495 668 2544 cruce,
697 2483 798 2536 nisi
821 2484 874 2537 in
904 2486 1200 2556 duplicibus
1236 2492 1404 2560 festis.
1437 2496 1517 2550 Ad
1551 2515 1781 2568 proces-

191 2565 400 2621 sicnem
432 2578 554 2638 post
583 2570 846 2640 Vcsperas
869 2573 1086 2631 Sabbati
1112 2581 1243 2634 nihil
1272 2584 1337 2636 de
1357 2602 1518 2640 cruce
1545 2565 1779 2654 canitur,

192 2656 286 2710 sed
323 2658 391 2712 de
422 2658 581 2713 beata
610 2659 830 2731 Virgine
859 2663 1048 2732 Maria,
1075 2669 1199 2725 licet
1223 2672 1276 2726 in
1303 2673 1556 2731 Ordinaz‘i
1582 2703 1593 2730 ι
1619 2681 1785 2736 Roto-

192 2761 335 2817 inag.
397 2765 498 2804 ms.
544 2749 800 2820 legatur:
832 2753 1097 2824 Sequatur
1133 2766 1416 2830 processio,
1458 2769 1780 2838 anziphonc:

191 2838 234 2892 υ
255 2856 390 2893 crux
409 2841 763 2910 splendidior.
792 2845 823 2914 ᾗ
851 2845 1233 2906 Omnis-terra.
1268 2855 1480 2911 Oratio:
1502 2859 1660 2924 Deus,
1692 2863 1780 2931 qui

193 2931 417 2998 unigen.
472 2935 526 2986 In
585 2933 865 2991 Matutiuis
888 2949 1070 2994 autem
1103 2941 1523 3002 Dominicalibus
1551 2951 1691 3004 nulla
1726 2953 1784 3006 lit

193 3022 472 3088 processio
531 3033 688 3080 extra
745 3035 958 3098 tempus
1016 3033 1314 3102 paschale,
1361 3037 1462 3090 nisi
1516 3039 1783 3111 intelligas

193 3130 312 3167 eam
340 3131 462 3185 quae
489 3125 614 3187 post
643 3122 1009 3190 aspersionem
1043 3139 1196 3194 aqua:
1227 3127 1288 3181 ﬁt
1319 3128 1630 3188 immediate
1658 3144 1782 3189 ante

195 3204 462 3262 Tertiam.

263 3296 414 3366 (271)
452 3297 704 3356 Ultimum
728 3303 1013 3360 benedictio
1034 3323 1137 3362 non
1159 3311 1411 3380 sequitur.
1442 3311 1496 3367 ld
1530 3323 1633 3378 est,
1662 3330 1783 3370 ora-

195 3387 271 3439 tio
303 3403 471 3456 super
525 3391 804 3461 populum,
835 3409 955 3464 qua:
986 3397 1213 3453 ulterior
1243 3401 1428 3457 ultima
1479 3402 1782 3460 benedictio

185 3469 400 3532 dicitur
424 3480 721 3548 Anialario,
758 3484 850 3538 lib.
876 3501 955 3551 ill,
982 3504 1104 3558 cap.
1136 3490 1224 3547 57.
1251 3491 1349 3546 I’n.

264 3566 418 3638 (272)
458 3566 683 3642 Propter
706 3572 998 3630 Dominica‘
1019 3581 1184 3634 noctis
1212 3581 1476 3636 honorent.
1505 3583 1640 3641 llinc
1659 3603 1784 3641 con-

189 3655 304 3708 'stat
343 3659 561 3714 missam
624 3661 683 3715 in
734 3660 988 3720 Sabbatis
1023 3667 1268 3733 Quatuor
1319 3669 1640 3742 Temporuni
1684 3678 1784 3731 sub

197 3744 442 3815 Vespera
472 3746 639 3803 fuisse
665 3749 996 3807 celebratam
1018 3755 1115 3809 :ob
1145 3755 1303 3811 olIicii
1330 3759 1474 3812 enim
1505 3762 1784 3830 prolixita-

196 3845 305 3889 tem
335 3846 392 3891 et
422 3853 632 3892 sacram
669 3841 1069 3900 ordinationem
1117 3847 1282 3902 missa
1322 3864 1466 3920 smpe
1518 3869 1687 3924 usque
1718 3857 1783 3910 ad

198 3936 417 3983 noctem
446 3930 743 3986 Dominicte
765 3936 1219 4006 protendebatur;
1254 3953 1587 4014 quapropter
1609 3945 1784 4002 cilicio
1812 3967 1831 3988 ο

196 4022 467 4076 vacabant
509 4023 598 4078 isti
651 4025 786 4090 dies,
821 4036 878 4082 et
910 4027 1144 4084 olﬁcium
1179 4033 1472 4090 Dominica:
1514 4037 1569 4090 in
1621 4039 1782 4094 missa

194 4113 607 4182 desumebatur,
638 4122 700 4169 ut
727 4125 918 4173 notant
953 4120 1260 4178 divinorum
1287 4123 1586 4182 olliciorum
1617 4145 1782 4200 expo-

194 4202 408 4257 sitores.

266 4294 417 4367 (9.73)
446 4295 514 4350 In
543 4297 708 4352 missa
731 4301 1066 4370 uespertinali
1101 4306 1307 4377 quidem
1332 4308 1484 4364 hora.
1517 4309 1784 4368 Videlicet

195 4385 340 4439 circa
370 4388 615 4456 quintam
646 4398 742 4444 aut
769 4380 977 4448 sextam
1002 4395 1193 4451 horam
1221 4409 1342 4468 post
1375 4402 1676 4459 meridiem.

1807 3173 1856 3236 Ο

1884 1951 1966 2006 Ad
2001 1953 2400 2021 processionem
2450 1955 2610 2010 hodie
2653 1964 2707 2010 et
2756 1955 2811 2009 in
2850 1954 3003 2010 festis
3054 1956 3470 2015 solemnioribus

1884 2059 2072 2101 omnes
2103 2047 2289 2116 cappis
2320 2046 2618 2100 induuntur
2649 2062 2746 2116 pro
2775 2061 2935 2117 posse
2965 2047 3238 2114 ecclesiae;
3277 2049 3470 2104 imme-

1887 2137 1993 2191 rito
2021 2153 2148 2194 vero
2189 2137 2429 2192 nonnulli
2461 2138 2516 2192 in
2545 2153 2606 2193 ea
2641 2137 2880 2192 colorum
2919 2139 3237 2194 varietatem
3269 2138 3471 2209 impro-

1885 2227 2043 2293 bant,
2069 2243 2190 2283 eum
2219 2228 2448 2283 ecclesia
2470 2269 2486 2294 ,
2516 2227 2644 2284 licet
2681 2228 2967 2294 ditissima,
3004 2238 3080 2284 tot
3109 2229 3348 2300 ejusdem
3381 2244 3471 2285 co-

1887 2317 2017 2372 loris
2058 2328 2375 2374 ornamenta
2415 2320 2761 2390 suppeditare
2808 2334 2915 2374 non
2956 2320 3125 2390 possit
3163 2329 3294 2390 quot
3341 2329 3470 2375 sunt

1885 2405 2087 2459 clerici.
2118 2407 2415 2460 Attendaut
2436 2407 2510 2460 illi
2537 2407 2678 2477 quod
2701 2423 2898 2478 sponsa
2923 2407 3125 2464 Christi
3149 2409 3468 2464 circumdata

1885 2497 1954 2551 sit
1980 2499 2335 2562 varietate,ct,
2365 2498 2504 2554 sicut
2534 2499 2699 2553 David
2727 2502 2987 2572 pmpheta
3014 2503 3194 2572 regius
3241 2509 3470 2556 testatur

1887 2587 2060 2658 (Psul.
2091 2594 2258 2656 uti),
2280 2590 2336 2643 in
2371 2589 2594 2658 ﬁmbriis
2623 2595 2796 2645 aureis
2831 2594 3223 2647 circumamicta
3247 2594 3468 2647 varieta-

1886 2680 2042 2732 tibus.

1957 2767 2105 2838 (280)
2146 2767 2349 2836 Clerus,
2378 2778 2427 2824 et
2462 2769 2551 2824 cui
2587 2787 2651 2826 ea:
2686 2773 2875 2842 popqu
2905 2773 3196 2843 placuerit,
3235 2790 3469 2830 comma-.-

1887 2861 2107 2912 nicetur.
2148 2860 2382 2931 Antiqua
2430 2861 2684 2918 Ecclesiae
2727 2863 2910 2936 regula
2949 2874 3004 2922 et
3047 2867 3230 2936 praxis
3273 2877 3354 2922 est
3407 2876 3466 2922 ut

1886 2957 2007 3015 post
2050 2951 2485 3006 comnumionem
2539 2951 2670 3006 cleri
2727 2953 2953 3023 populus
3001 2956 3458 3022 communicetur;

1885 3053 2006 3107 quae
2026 3036 2142 3106 jam
2170 3040 2222 3094 in
2250 3039 2500 3110 plurimis
2524 3042 2922 3112 parochialibus
2945 3044 3188 3101 ecclesiis
3211 3046 3468 3116 abrogata

1885 3139 1988 3186 est.
2025 3131 2138 3198 Qua
2179 3132 2396 3189 tandem
2434 3134 2672 3200 ratione,
2703 3135 2835 3190 mihi
2863 3153 2968 3192 non
2997 3146 3331 3209 compertum
3358 3148 3462 3194 est.

1954 3219 2103 3290 (28l)
2127 3220 2193 3274 1η
2209 3220 2497 3277 Nocturnis
2522 3233 2750 3293 quatuor
2773 3224 3014 3281 lectiones
3039 3226 3300 3297 legantur.
3327 3227 3465 3282 Tres

1884 3306 2221 3364 solummodo
2268 3308 2321 3362 in
2369 3309 2602 3366 ecclesia
2655 3311 3036 3386 Rotomagensi
3091 3329 3192 3384 per
3245 3325 3465 3370 octavas

1884 3399 2136 3470 leguntur
2157 3402 2418 3459 lectiones
2443 3420 2457 3457 :
2483 3404 2815 3460 ordinarium
2841 3422 3052 3476 quoque
3075 3423 3176 3462 ms.
3211 3416 3320 3462 tres
3349 3415 3468 3461 tan-

1887 3497 1999 3544 tum
2027 3501 2300 3555 numerat,
2331 3492 2458 3548 item
2487 3493 2758 3550 breviaria
2801 3511 2891 3550 an.
2921 3496 3052 3552 M9l
3093 3509 3148 3553 et
3176 3497 3334 3561 1578,
3363 3508 3462 3551 etc.

1885 3579 2065 3635 Prima
2099 3581 2258 3638 lectio
2287 3583 2489 3663 dicitur
2526 3585 2592 3640 de
2622 3587 2958 3656 expositione
2994 3588 3046 3642 in
3078 3586 3462 3659 Evangelium,

1885 3673 2118 3728 secunda
2145 3681 2198 3727 et
2221 3675 2378 3728 tertia
2411 3675 2476 3730 de
2507 3673 2861 3732 Sermonibus
2878 3676 3118 3732 Patrum.

1957 3763 2102 3836 (1382)
2144 3761 2390 3818 Omnium
2434 3779 2758 3821 sanctorum.
2807 3767 2932 3823 ΙΙωο
2980 3768 3242 3824 festivitas
3276 3769 3466 3824 eodem

1885 3853 2046 3909 modo
2083 3870 2190 3924 quo
2234 3858 2530 3926 assumptio
2576 3858 2920 3924 celebratur,
2951 3869 3179 3930 excepto
3214 3874 3278 3914 eo
3323 3861 3468 3929 quod

1884 3946 2129 4016 sequitur
2155 3962 2219 4002 ex
2247 3948 2537 4005 Ordinario
2575 3949 2956 4022 Rotomagensi
2983 3968 3110 4018 ms.,
3151 3953 3313 4021 p.251
3345 3970 3357 4005 :
3397 3952 3474 4006 In.

1884 4038 1984 4091 isto
2007 4037 2136 4108 festo
2157 4039 2405 4093 dicuntur
2426 4041 2804 4096 benedictiones
2825 4044 3068 4113 propriae.
3096 4043 3277 4097 Prima
3292 4043 3465 4106 lectio,

1885 4126 2136 4200 secunda,
2173 4129 2349 4194 tertia,
2371 4130 2626 4200 septima,
2655 4138 2837 4182 octava
2857 4170 2871 4195 ,
2901 4139 2948 4183 et
2978 4147 3114 4184 nona
3145 4129 3387 4199 legantur
3413 4134 3465 4185 in

1887 4217 2100 4287 cappz's,
2135 4226 2338 4275 uetera:
2365 4220 2424 4274 in
2458 4219 2857 4290 superpelliciis.
2899 4218 3088 4275 Omnes
3127 4219 3373 4274 lectiones
3401 4220 3466 4272 de

1888 4307 2082 4376 majori
2119 4307 2259 4361 sede.
2290 4307 2529 4362 Primum
2564 4309 2978 4380 responsorium,
3009 4310 3321 4374 secundum,
3363 4317 3467 4361 ter-

1863 4396 2040 4463 -tium,
2072 4408 2307 4464 sextum,
2339 4409 2384 4453 et
2412 4416 2607 4454 nonum
2639 4400 2693 4453 in
2725 4400 2900 4468 cappis
2921 4409 3176 4454 cantetur.
3209 4399 3465 4453 Dominus

268 4477 417 4549 (274)
449 4481 580 4535 Ante
598 4499 789 4536 nonam
813 4483 930 4552 ﬁeri
957 4503 1110 4542 sacra
1128 4493 1442 4548 auctoritate
1460 4496 1780 4564 prohibetur.
1810 4505 1863 4568 ι)
1888 4489 2306 4561 archiepiscopus
2357 4491 2492 4562 legat
2527 4492 2751 4561 primam
2775 4492 3068 4546 lectionem.
3109 4489 3348 4544 Primum
3388 4507 3465 4545 re-

195 4569 254 4624 ln
283 4571 562 4631 bodiernis
585 4576 1022 4634 ordinationibus
1048 4595 1156 4636 non
1201 4581 1261 4635 tit
1290 4583 1543 4640 ordinum
1567 4587 1785 4644 collatio

193 4673 487 4736 antequam
512 4665 666 4722 Nona
701 4668 935 4737 dicatur,
967 4671 1064 4727 sed
1107 4687 1202 4728 sex
1228 4682 1324 4728 aut
1379 4686 1586 4746 septem
1635 4679 1786 4736 boris

203 4753 374 4812 Nonae
399 4757 646 4814 olIicium‘
667 4761 1014 4830 anticipatur'.
1029 4763 1470 4823 Admonitionem
1487 4769 1542 4823 in
1565 4769 1783 4825 ordina-

198 4850 435 4905 tionibus
468 4850 793 4906 clericorum
825 4851 944 4909 fieri
975 4848 1353 4926 solitamlpost
1382 4868 1543 4916 notas
1571 4874 1640 4915 ex
1679 4877 1782 4917 ms.

202 4940 385 4996 codice
410 4941 763 4997 exhibemus.
1385 4949 1390 4955 '
1617 4947 1622 4952 ’

271 5029 414 5101 (275)
448 5030 518 5084 In
557 5031 644 5085 die
665 5045 784 5085 vero
817 5024 1096 5091 Dominica
1118 5038 1476 5108 episcoporum
1521 5039 1788 5096 ordinatio
1893 5050 2031 5090 rum-

741 5123 1092 5150 Λκιῑξκλιξιιηεη

206 5119 481 5150 nudauit--0..-
537 5121 708 5150 Ηυξ-ιιι
741 5123 1092 5150 Λ-.Ιξ.αλι2ι...εη
1121 5127 1282 5150 -.2.--...
1310 5140 1424 5150 ..--.
1490 5131 1540 5150 L-
1567 5133 1750 5150 -..---.°.

1886 4582 2218 4650 sponsorium
2263 4592 2364 4636 tres
2408 4585 2470 4637 de
2494 4581 2780 4653 majoribus
2820 4581 2874 4636 in
2912 4583 3109 4652 cappis.
3164 4579 3464 4635 Secundum

1889 4670 2270 4740 responsorium
2293 4671 2532 4724 dominus
2561 4671 2997 4740 archiepiscopus,
3021 4687 3136 4724 cum
3158 4686 3217 4724 eo
3236 4670 3466 4723 decanus

1887 4769 1934 4812 et
1975 4770 2159 4813 cantor
2206 4761 2261 4813 in
2313 4762 2511 4830 cappis.
2561 4759 2792 4812 Tertium
2837 4759 3220 4828 responsorium
3263 4767 3368 4812 tres
3404 4757 3466 4810 de

1888 4850 2177 4920 majoribus
2220 4852 2274 4907 in
2326 4854 2524 4921 cappis.
2559 4850 2626 4904 In
2671 4851 2898 4904 secundo
2938 4860 3222 4916 nocturno,
3264 4860 3366 4902 tres
3404 4850 3466 4902 de

1888 4941 2175 5010 majoribus
2219 4945 2272 4997 in
2311 4945 2487 5014 cappis
2516 4941 2742 5014 (rubeis)
2773 4941 2808 5010 ιῆ
2863 4939 2908 4998 Ο
2938 4940 3239 4996 constantia
3268 4948 3466 5009 marty-

1965 5126 2108 5150 Ioo'n
2145 5127 2177 5150 τ
2199 5127 2240 5150 :-
2260 5128 2290 5150 ε
2339 5126 2433 5150 ν.-
2491 5129 2691 5150 -s:-.......
2719 5127 2890 5150 t......-.-
2920 5145 2935 5150 -
2980 5135 3063 5150 --.ι
3091 5121 3443 5150 :....:...a.....'.....
