4016 5386
510 0 620 44 H5

1528 0 1837 45 JUALVNES
1875 0 2300 50 AHUIIIEI’ISU.
2348 0 2696 48 ΙίυΪυΜΑσ.

3673 0 3781 41 Illi

509 101 803 157 Honorium
818 101 1218 171 Augustodun.:
1247 102 1384 155 libro
1405 100 1548 155 enim
1575 116 1630 156 tv
1671 101 1833 158 Gem.
1858 103 2073 165 animae,
2105 108 2152 164 Α
2249 105 2396 176 (291)
2428 105 2497 160 In
2540 104 2770 175 Vesperis
2798 117 2846 160 et
2871 105 3148 160 Matutinis
3187 103 3377 158 chorus
3402 118 3510 156 non
3537 110 3778 171 regatur.

507 210 555 248 c.
584 192 707 258 116,
735 192 815 248 sic
840 193 957 262 lego
987 210 1000 247 :
1031 192 1097 246 In
1126 191 1303 260 ofﬁcio
1328 204 1655 246 mortuorum
1675 194 1943 247 imitamur
1963 193 2082 273 offi-

507 283 592 336 cia
620 284 802 337 mortis
821 279 898 336 vel
916 280 1198 350 sepultura:
1228 280 1464 348 Domini,
1494 281 1710 351 ideoque
1730 282 2084 336 invitatoriam

508 390 614 428 non
643 383 904 436 cantatur,
936 381 984 426 et
1021 371 1400 425 benedictione:
1439 372 1511 425 ad
1548 371 1790 426 lectiones
1821 389 1925 427 non
1953 372 2085 426 dan-

508 475 622 517 tur.
653 450 783 517 Item
810 476 909 516 nec
938 462 991 515 in
1021 461 1201 516 rituali
1230 461 1549 517 Lexoviensi
1579 478 1669 516 an.
1694 462 1824 516 1661
1856 463 2087 517 habetur

510 552 880 608 invitatoriam
932 552 986 607 in
1026 552 1112 607 die
1149 553 1683 608 commemorationis
1719 552 1959 607 omnium
1996 552 2088 606 de-

506 644 816 699 functorum
838 652 895 699 et
920 643 975 698 in
1010 642 1347 713 depositione
1370 642 1634 707 defuncti,
1665 656 1765 697 nec
1788 643 1841 696 in
1871 641 2090 696 Brevia-

513 734 593 787 rio
617 722 910 790 Parisiensi
937 749 1029 787 an.
1063 732 1232 798 l557,
1261 741 1316 787 et
1349 732 1585 807 hlanuali
1628 730 2089 805 itemParisiensi

518 824 678 889 εδει,
704 838 803 880 nec
831 824 884 878 in
907 822 1192 880 Ordinario
1221 838 1322 877 ms.
1349 821 1735 878 canonicorum
1764 818 2088 890 regularium

510 915 575 969 'S.
608 914 775 970 LauJi
810 900 1243 983 liotomagensis.
1276 912 1389 968 Hoc
1418 912 1784 968 invitatorium
1812 911 1878 965 Ι).
1914 909 2088 963 Fran-

502 1024 530 1059 ⁷(
552 1009 696 1064 iscus
722 1026 751 1062 a
778 1007 973 1078 Joyosa
1003 1005 1418 1077 Rotomagensis
1439 1005 1880 1074 archiepiscopus
1907 1003 1964 1056 in
1984 1001 2093 1055 Ma-

517 1101 662 1155 nuali
700 1099 1007 1169 Rotomag.,
1044 1114 1134 1152 an.
1170 1098 1329 1164 1612,
1357 1098 1565 1167 primus
1594 1096 1860 1158 instituit,
1890 1102 1944 1147 et
1973 1107 2094 1147 suc-

513 1205 699 1245 cessor
724 1190 841 1259 ejus
875 1190 940 1244 B.
973 1189 1298 1244 Franciscus
1341 1189 1409 1242 de
1449 1186 1648 1256 Harlay
1678 1185 1702 1239 ι
1733 1185 1786 1239 in
1816 1182 2094 1238 Breviario

512 1282 899 1351 Rotomagensi
923 1296 1065 1336 anno
1108 1279 1244 1334 1618
1275 1280 1439 1334 edito.

2186 197 2240 249 in
2272 195 2356 250 his
2396 194 2644 266 Vesperis
2666 204 2720 251 ct
2745 195 3018 250 Matutinis
3048 195 3245 250 chorus
3274 209 3305 247 a
3343 192 3562 246 duobus
3588 190 3784 260 cappis

2187 285 2387 342 indutis
2413 287 2651 358 regitur,
2682 287 2775 343 sed
2804 285 2871 340 ad
2903 285 2971 340 Te
3001 284 3165 340 Deum
3189 283 3365 341 altare
3386 297 3497 337 non
3526 280 3785 335 incensa-

2188 380 2294 429 tur.
3344 430 3347 433 .

2258 465 2403 537 (292)
2432 464 2685 535 Ofﬁcium
2713 484 2829 522 cum
2862 465 3131 521 Laudibus
3159 474 3207 519 et
3240 462 3523 534 Sequentia
3556 462 3784 516 celebre.

2186 564 2291 609 tur.
2329 556 2405 610 De
2433 556 2551 610 istis
2588 555 2857 612 Laudibus
2892 555 3023 611 nihil
3052 559 3112 613 lit
3149 556 3203 610 in
3242 542 3485 610 Ecclesia
3512 554 3787 609 Rotoma-

2189 645 2362 715 gensi,
2389 644 2713 714 Sequentias
2743 654 2949 701 tantum
2972 646 3025 701 in
3054 645 3208 701 festis
3232 644 3533 715 triplicibus
3558 643 3789 698 retinuit

2190 735 2516 791 catltedralis
2544 735 2794 792 ecclesia.
3186 730 3189 733 ’

2262 825 2410 896 (295)
2444 825 2707 881 Matutino
2745 846 2847 882 non
2890 828 3116 883 dicatur.
3151 827 3413 885 Ofﬁcium
3444 837 3788 884 nocturnum

2192 917 2397 986 pariter
2426 925 2480 971 et
2514 918 2761 973 diurnum
2789 919 2855 974 de
2885 919 3002 974 istis
3031 919 3235 975 sanctis
3265 920 3446 992 agitur
3474 920 3532 974 in
3555 919 3791 975 dioecesi

2193 1002 2598 1075 Rotomagensi.

2265 1096 2410 1166 (9.94)
2449 1096 2690 1163 Romani,
2719 1099 2974 1154 Audoeni.
3000 1100 3133 1156 Cum
3171 1100 3415 1156 auctoris
3437 1115 3645 1170 scopus
3677 1099 3795 1153 {uec

2196 1186 2267 1239 rit
2315 1187 2509 1241 librutn
2539 1190 2680 1243 hunc
2707 1205 2812 1244 non
2842 1192 2892 1245 in
2919 1192 3078 1245 unius
3104 1193 3471 1262 metropoleos
3499 1192 3597 1248 sed
3626 1193 3795 1247 totius

2196 1276 2486 1345 provincia:
2523 1292 2676 1330 usum
2706 1279 3035 1345 exscribere,
3062 1295 3221 1333 nemo
3251 1272 3484 1334 miretur
3506 1281 3550 1333 si
3584 1278 3791 1348 praeci-

584 1376 733 1446 (ΞΜ)
766 1375 880 1429 Duo
911 1384 1089 1445 regant
1117 1373 1354 1429 chorum.
1386 1372 1586 1428 Cantor
1613 1371 1839 1426 chorum
1870 1368 2008 1439 regit
2032 1382 2093 1420 :a
2132 1414 2158 1446 ζ
2198 1381 2329 1435 pnos
2352 1364 2604 1420 Ecclesiae
2624 1376 2820 1421 nostrte
2844 1367 3100 1423 tutelares
3122 1368 3175 1421 iu
3200 1368 3441 1422 intimam
3468 1377 3795 1422 sanctorum

508 1442 724 1522 duobus
766 1467 820 1519 in
850 1442 1033 1534 cappis
1073 1456 1344 1525 Graduale
1384 1463 1619 1524 canitur,
1651 1477 1681 1514 a
1725 1459 1932 1514 duobus
1966 1459 2093 1512 item
2128 1442 2169 1501 Β
2198 1456 2422 1511 classem
2454 1457 2751 1528 redegerit,
2784 1457 3056 1529 multaque
3082 1454 3342 1530 prieterea
3376 1461 3459 1515 vel
3503 1461 3788 1523 omiserit,

512 1555 753 1625 cappatis
777 1554 1033 1619 Tractus;
1078 1553 1185 1608 sed
1211 1553 1263 1606 in
1297 1551 1526 1606 ecclesia
1556 1549 1857 1605 cathedrali
1897 1564 1927 1602 a
1967 1562 2099 1616 qua-

515 1658 639 1702 tuor
661 1655 929 1711 cautatur,
955 1644 1079 1717 quia
1104 1645 1165 1699 in
1180 1643 1254 1700 ea"
1269 1659 1419 1699 more
1448 1641 1644 1712 triplici
1671 1642 1834 1696 missa
1858 1640 2098 1694 celebra-

518 1751 627 1795 Nﬂ‘.
1478 1748 1481 1753 λ

590 1831 739 1903 (285)
772 1829 935 1885 Hora:
968 1830 1075 1884 diei
1113 1828 1415 1884 nullomodo
1451 1826 1938 1897 prtetermittantur.
1965 1821 2102 1877 Hinc

518 1930 574 1976 ct
614 1920 838 1975 inferius
875 1932 1097 1991 apparet
1134 1921 1275 1990 quod
1311 1930 1437 1975 tunc
1473 1919 1525 1973 in
1563 1916 1803 1973 Ecclesia
1841 1915 2099 1971 Rotoma-

521 2012 672 2082 gensi
723 2021 930 2080 prteter‘
963 2009 1197 2065 cilicium
1243 2020 1580 2064 mortuorum
1622 2007 1859 2063 ofﬁcium
1909 2007 1975 2061 de
2016 2006 2101 2059 die

521 2103 813 2167 diceretur,
840 2112 900 2157 ut
920 2102 973 2157 in
999 2102 1275 2158 Breviario
1302 2101 1546 2155 Romano
1571 2099 1730 2153 hodie
1749 2098 2097 2161 observatur;

517 2195 658 2264 quod
673 2196 836 2250 etiam
857 2193 1179 2250 conﬁrmant
1199 2193 1360 2248 verba
1382 2184 1691 2262 sequentia:
1718 2189 1770 2244 Η
1775 2207 1832 2244 as
1849 2187 2103 2259 feria/iter

522 2286 691 2340 dictas
717 2285 919 2356 agenda
946 2296 1267 2339 mortuorum
1299 2285 1484 2354 festiva
1509 2293 1780 2356 sequatur.

593 2379 741 2451 (286)
792 2377 862 2432 In
905 2376 1277 2448 Completorio.
1332 2377 1408 2431 De
1448 2377 1701 2432 secundis
1751 2374 2002 2444 Vesperis
2047 2380 2103 2427 et

520 2470 886 2541 Completorio
909 2479 1240 2524 mortuorum
1265 2468 1405 2523 nulla
1438 2470 1497 2521 tit
1516 2466 1719 2522 mentio
1746 2468 1798 2518 in
1815 2463 2104 2519 ordinariis

523 2576 681 2623 mss.,
716 2575 814 2615 nec
850 2559 1013 2614 ullum
1052 2560 1380 2613 breviarium
1417 2557 1813 2627 Rotomagense
1840 2558 2099 2624 assignat.

592 2649 739 2720 (287)
764 2647 1041 2703 Festivitas
1064 2648 1350 2702 nativitatis
1372 2644 1431 2701 S.
1455 2644 1680 2699 laminis
1700 2645 1970 2715 Baptistae,
1992 2632 2099 2699 etc.

2201 1549 2282 1602 vel
2306 1549 2481 1604 obiter
2504 1549 2903 1618 perstrinxerit,
2928 1551 2993 1604 ad
3017 1551 3318 1620 peculiares
3341 1549 3589 1620 ejusdem
3617 1551 3797 1605 eccle-

2197 1639 2291 1694 siae
2321 1639 2658 1695 caerimonias
2683 1640 3039 1717 pertinentia,
3056 1655 3286 1710 quorum
3316 1641 3511 1695 notitia
3542 1642 3667 1710 peti
3694 1656 3795 1709 po-

2200 1739 2304 1785 test
2328 1746 2394 1784 ex
2424 1729 2731 1785 Ordiuario.
2765 1729 3076 1798 Cujusmodi
3114 1739 3243 1785 sunt.
3278 1728 3555 1795 solemnes
3597 1729 3793 1783 Domi-

2200 1822 2335 1875 nica:
2389 1821 2733 1886 Palmarum,
2781 1828 2836 1876 et
2878 1821 3212 1876 ascensionis
3260 1820 3683 1890 processiones,
3733 1835 3799 1874 ac

2201 1911 2260 1967 S.
2307 1911 2549 1967 Audocni
2587 1911 2883 1976 festivitas,
2910 1910 3136 1967 Joannis
3168 1922 3411 1982 tempore
3450 1912 3535 1981 (ut
3567 1927 3639 1967 ex
3680 1912 3800 1981 ejus

2203 2000 2437 2056 Historia
2489 2002 2723 2069 constat)
2770 2001 3145 2067 celeberrima;
3196 1999 3363 2072 Quod.
3398 2000 3488 2054 hic
3537 2000 3801 2054 consulto

2201 2099 2445 2146 notatum
2458 2081 2744 2157 voluimus,
2766 2106 2832 2145 ne
2850 2091 2971 2160 quis
2993 2090 3115 2144 inde
3136 2091 3567 2160 sugillandorum
3592 2090 3800 2144 rituum

2201 2193 2511 2238 nostrorum
2541 2183 2879 2238 occasionem
2909 2181 3151 2250 arripiat.
3186 2180 3281 2234 Pu.

2272 2275 2488 2329 Festum
2518 2275 2576 2328 S.
2613 2275 2837 2329 Romani
2865 2274 3099 2328 civitatis
3125 2273 3543 2344 Rotomagensis
3575 2273 3802 2345 patroni

2203 2375 2257 2420 et
2287 2364 2679 2433 archiepisc0pi
2717 2363 2820 2417 ritu
2854 2363 3046 2433 triplici
3081 2363 3132 2417 in
3163 2363 3394 2419 ecclesia
3416 2354 3763 2419 'observatur
3785 2404 3802 2429 ,

2203 2470 2308 2508 non
2341 2454 2468 2507 item
2509 2455 2558 2506 in
2600 2453 2793 2522 populo
2822 2447 2917 2522 qui
2946 2462 3087 2507 totus
3129 2453 3484 2524 negotiationi
3516 2463 3573 2508 et
3606 2455 3803 2509 deam-

2203 2544 2465 2599 bulationi
2496 2544 2595 2597 hac
2615 2543 2701 2598 die
2732 2543 3015 2610 incumbit,
3040 2546 3112 2598 ita
3130 2530 3571 2616 utecclesiajure
3596 2547 3802 2601 merito

2205 2636 2384 2705 lugeat
2408 2651 2467 2688 eo
2498 2634 2635 2704 quod
2665 2650 2770 2687 non
2797 2635 2901 2687 sint
2929 2636 3017 2704 qui
3043 2636 3250 2689 veniant
3274 2635 3344 2688 ad
3383 2636 3804 2690 solemnitatem.

523 2744 872 2819 Festivitates
894 2742 952 2796 S.
975 2740 1198 2798 Joannis
1220 2741 1492 2810 Baptistae,
1516 2746 1570 2793 et
1592 2738 1859 2808 passionis
1883 2737 1980 2793 SS.
2007 2736 2104 2791 Pc-
2207 2724 2505 2838 Concilium
2532 2723 2926 2838 liotomagensc
2959 2740 3122 2838 anno“
3138 2726 3266 2838 1:58!
3290 2766 3305 2792 »
3337 2728 3667 2838 ριέεξὶιιοιέιθ
3686 2728 3804 2838 Sa-

524 2836 592 2890 tri
617 2845 672 2889 et
694 2833 843 2889 Pauli
864 2873 879 2899 ,
900 2841 955 2888 et
978 2833 1038 2888 S.
1069 2831 1347 2888 Michaelis
1376 2832 1428 2886 in
1454 2846 1636 2885 mense
1666 2830 1968 2898 Septembri
1999 2827 2101 2883 ritu

522 2926 720 2997 triplici
745 2908 790 2979 ἱ
806 2925 994 2981 classis
1024 2939 1121 2995 per
1150 2932 1318 2981 totam
1344 2924 1620 2979 dioecesim
1650 2923 2015 2988 celebrantur,
2047 2930 2104 2975 ut

522 3017 722 3072 festum
744 3015 842 3071 SS.
870 3015 1170 3072 Trinitatis.
1852 3012 1858 3019 ’

597 3105 1148 3179 (288)1nuitatorium
1197 3106 1254 3160 in
1302 3104 1574 3160 Matutinis
1620 3123 1653 3160 a
1697 3103 1862 3158 tribus
1904 3100 2103 3157 clericis

524 3207 780 3252 cantetur.
809 3197 867 3250 ln
895 3198 1047 3253 festis
1073 3196 1374 3266 triplicibus
1395 3213 1426 3250 a
1447 3203 1697 3266 quatuor,
1724 3195 1776 3249 in
1801 3192 2104 3262 duplicibus

525 3299 582 3344 et
602 3274 1041 3360 scmiduplicibus
1062 3304 1092 3341 a
1121 3287 1329 3343 duobus
1359 3290 1412 3342 in
1437 3287 1622 3359 cappis
1644 3286 1705 3342 in
1725 3287 1903 3341 medio
1928 3284 2100 3350 ebori,

523 3381 579 3435 in
608 3379 1016 3451 simplicibuset
1038 3379 1197 3435 feriis
1217 3380 1286 3435 ab
1314 3395 1429 3448 imo
1448 3380 1502 3434 in
1521 3378 1684 3433 ‘stallo
1706 3393 1805 3432 suo
1832 3377 1886 3431 in
1911 3391 2104 3447 super-

526 3472 743 3543 pellicio
771 3473 985 3529 canitur
1019 3473 1418 3535 invitatorium,
1453 3469 1609 3544 155
1638 3483 1913 3539 nunquam
1942 3484 1974 3522 a
2003 3468 2101 3523 tri-

524 3563 709 3637 bus-in
739 3563 976 3620 Ecclesia
1009 3562 1409 3634 Rotomagensi.

513 3664 522 3678 '
596 3653 745 3726 (289)
789 3653 913 3710 Dies
951 3663 1160 3709 octavus
1205 3663 1261 3707 ut
1305 3650 1580 3708 Dominica
1621 3648 1919 3705 celebretur.
1953 3648 2106 3705 Nunc

531 3746 640 3802 ritu
670 3744 868 3816 duplici
894 3746 1112 3801 colitur.
1843 3748 1847 3753 ‘

602 3834 754 3907 (290)
792 3834 1063 3887 Dedicatio
1095 3832 1261 3887 sancti
1295 3829 1571 3908 Michaelis
1617 3831 1671 3886 in
1700 3830 1856 3886 mari.
1887 3829 2016 3898 Quae
2050 3835 2107 3885 et

527 3928 779 4000 festivitas
813 3924 875 3981 S.
908 3923 1179 3978 Michaelis
1216 3924 1272 3977 in
1306 3922 1537 3993 periculo
1577 3923 1763 3989 maris,
1793 3921 1844 3976 in
1884 3922 2106 3992 antiquo

529 4015 771 4072 ecclesia:
800 4012 1232 4090 metrOpolitanae~
1252 4011 1627 4082 Martyrologio
1655 4019 1995 4082 nuncupatur
2021 4012 2107 4065 die

2209 2815 2322 2870 rolo
2349 2813 2618 2869 Borbonio
2647 2814 3052 2884 archiepiscopo
3083 2815 3467 2887 Rotomagensi
3503 2826 3559 2872 et
3588 2815 3649 2872 S.
3685 2817 3802 2871 Ro-

2207 2918 2378 2959 manae
2398 2903 2649 2959 Ecclesia:
2675 2903 2931 2958 cardinali
2952 2945 2966 2969 ,
2994 2905 3060 2959 de
3102 2905 3252 2959 cultu
3279 2906 3465 2961 divino
3492 2906 3545 2960 in
3574 2922 3803 2978 genere,

2206 3005 2310 3050 art.
2341 2995 2376 3050 6
2396 3004 2452 3050 et
2470 3009 2585 3064 seq.
2612 2994 2679 3049 de
2703 2993 2821 3049 istis
2848 2993 3105 3051 nundinis
3123 3004 3177 3049 et
3202 2995 3535 3051 mercatibus
3558 2997 3805 3066 publicis

2205 3089 2259 3143 in
2275 3088 2462 3144 diebus
2484 3088 2634 3143 festis
2651 3086 2882 3142 maxime
2907 3090 3272 3157 conqueritur,
3297 3096 3353 3141 et
3379 3088 3612 3143 rebelles
3639 3087 3810 3159 156

2204 3176 2757 3233 excommunicatione
2797 3176 3001 3246 plectit.
3038 3174 3257 3229 Festum
3284 3190 3411 3230 vero
3439 3175 3499 3230 S.
3547 3178 3805 3231 Audoeni

2206 3266 2618 3337 Rotomagensis
2657 3265 2788 3320 item
2825 3264 3229 3334 archipraeSulis
3268 3265 3376 3319 ritu
3408 3265 3614 3335 duplici
3649 3268 3805 3320 cele-

2203 3359 2397 3414 bratur
2439 3374 2536 3427 per
2580 3366 2745 3412 totam
2793 3356 3099 3422 dioecesim,
3145 3355 3462 3413 solemniter
3510 3367 3700 3413 autem
3750 3368 3810 3414 et

2207 3449 2403 3519 triplici
2428 3462 2578 3503 more
2603 3449 2657 3502 in
2683 3447 2911 3503 ecclesia
2937 3446 2995 3500 S.
3022 3445 3268 3500 Audoeni
3297 3446 3518 3516 propria
3542 3447 3806 3501 canonici

2140 3532 2164 3556 ⁸
2205 3540 2530 3597 catltedralis
2555 3538 2798 3595 ecclesia:
2844 3535 3153 3600 celebrant,
3206 3535 3272 3590 ad
3310 3550 3475 3603 quam
3516 3549 3586 3589 eo
3620 3536 3713 3591 die
3745 3533 3809 3589 ﬁt

2204 3632 2480 3704 processio
2508 3647 2575 3686 ex
2610 3627 2903 3686 cathedrali
2941 3626 3188 3691 ecclesia,
3232 3642 3351 3696 quae
3380 3628 3509 3696 post
3537 3627 3810 3681 observa-

2207 3713 2380 3780 tiones
2415 3733 2631 3779 nostras
2660 3721 2714 3775 in
2744 3720 2932 3774 ordine
2963 3718 3371 3787 processionum
3397 3727 3479 3773 est
3520 3725 3805 3774 extrema.

2277 3815 2423 3887 (295)
2452 3811 2852 3886 Responsorium
2884 3826 2914 3861 a
2943 3808 3144 3863 duobus
3162 3806 3375 3883 clericis
3397 3806 3596 3878 absque
3619 3808 3811 3879 cappig

2205 3918 2463 3963 cantetur.
2489 3906 2544 3960 ln
2569 3901 2818 3958 Sabbatis
2846 3914 2943 3970 per
2968 3914 3168 3953 annum
3200 3899 3416 3968 quando
3447 3899 3502 3953 in
3537 3897 3807 3970 Vesperis

2208 3999 2437 4053 habetur
2468 3992 2894 4063 responsorium,
2923 3990 3127 4044 scilicet
3153 3990 3206 4043 in
3234 3989 3514 4054 Adventu,
3542 3997 3601 4044 et
3638 4006 3674 4044 a
3706 3989 3809 4044 Se-

531 4108 602 4163 16
631 4106 902 4163 Octobris.
933 4080 1062 4176 Eius
1092 4087 1271 4159 autem
1296 4080 1573 4159 veneratio
1601 4105 1765 4158 etiam
1793 4080 1859 4159 ad
1889 4114 2098 4158 exteros

2212 4088 2539 4161 ptuagcsima
2568 4099 2735 4153 usque
2756 4084 2822 4136 ad
2846 4080 3187 4146 Trinitatem,
3215 4096 3245 4134 a
3274 4081 3487 4135 duobus
3524 4080 3583 4134 in
3612 4080 3811 4151 cappis

533 4201 774 4257 transiit.
814 4200 871 4256 in
916 4197 1145 4255 concilio
1198 4200 1340 4254 enim
1390 4197 1681 4255 Oxoniensi
1726 4197 1867 4268 apud
1906 4197 2105 4267 Anglos

533 4292 804 4348 celebrato
847 4307 937 4347 an.
978 4289 1175 4346 Christi
1214 4288 1351 4344 1222
1388 4297 1697 4346 recensetur
1731 4287 1872 4344 inter
1899 4286 2034 4341 l'csta
2075 4301 2103 4339 a

534 4382 839 4440 rectoribus
869 4381 1229 4437 Ecclesiarum
1260 4390 1315 4436 et
1346 4380 1638 4451 capellanis
1665 4380 1717 4434 in
1741 4378 2001 4448 obsequio
2023 4377 2109 4432 di-

519 4473 663 4558 .vino
685 4481 740 4529 ct
764 4473 921 4528 laude
949 4471 1265 4529 celebranda
1289 4486 1413 4529 cum
1435 4469 1815 4529 interdictione
1839 4468 2111 4525 annorum

537 4583 758 4634 operum
788 4569 1080 4628 servilium.
1114 4566 1209 4624 Pa.

2213 4181 2443 4241 οίιιιὶιυτ,
2468 4175 2715 4231 similiter
2736 4174 2788 4226 in
2809 4170 3059 4226 omnibus
3080 4169 3374 4225 Dominicis
3397 4170 3807 4224 invitatorium.

2284 4267 2431 4340 (296)
2457 4266 2522 4320 In
2551 4261 2825 4318 Matutinis
2856 4278 2957 4314 una
2986 4269 3187 4315 tantum
3209 4250 3499 4330 autiphona
3535 4269 3806 4315 cantetur.

2217 4360 2369 4414 Nunc
2408 4354 2715 4424 antiphona:
2760 4363 2952 4405 novem
2996 4364 3158 4421 super
3204 4350 3445 4419 psalmos
3488 4358 3811 4416 canuntur,

2215 4456 2441 4520 excepto
2468 4454 2708 4515 tempore
2730 4438 2991 4515 paschali.
3242 4432 3243 4441 ‘
