4016 5386
263 389 375 447 ηε

871 500 951 553 Ad
982 497 1253 568 Vesrrras.

330 595 503 665 178
554 593 699 649 Istud
753 609 987 662 sequens
1044 592 1441 660 responscrium
1498 589 1853 665 cantc‘turad

260 661 536 733 Vespcr'as
561 679 730 733 usque
754 667 820 717 ad
837 661 1341 733 Quadrago-simam,
1370 662 1611 733 exceptis
1650 661 1857 733 Subba-

261 738 332 789 tis
372 729 427 787 et
463 729 658 790 novem
688 734 975 787 lectionum
1006 729 1173 786 l‘cstis.
1217 732 1271 784 lu
1316 730 1590 791 Dominica
1622 743 1761 782 uinus
1789 729 1860 781 de

257 806 502 859 secunda
533 806 685 867 sede,
718 818 813 873 per
844 803 1007 857 ferias
1050 818 1186 856 unus
1212 802 1277 855 de
1326 801 1496 870 prima
1524 799 1600 869 (id
1629 809 1700 852 est
1730 797 1847 851 inll-

258 878 369 942 ιω)
393 876 546 940 sede,
576 873 708 943 Spes
730 890 862 927 mea.

720 962 884 1018 Feria
911 974 1102 1036 quarta
1130 960 1396 1017 Cinerum.

229 1053 237 1057 ’
330 1057 495 1121 Nota,
548 1067 671 1126 post
700 1056 1120 1124 Completorium
1152 1061 1471 1126 aspergatur
1515 1065 1652 1119 aqua
1690 1049 1856 1126 bene—

254 1128 404 1180 dicta
435 1144 467 1180 a
499 1121 707 1180 décano
737 1127 819 1179 vel
836 1121 1096 1185 dictario,
1130 1134 1185 1177 et
1212 1121 1291 1176 Sic
1318 1123 1412 1176 ﬂat
1437 1135 1611 1190 usque
1638 1121 1704 1174 ad
1739 1134 1853 1175 ca:-

254 1212 386 1251 ttant
419 1198 657 1253 Domini.
692 1197 935 1265 exceptis
967 1194 1257 1249 Dominicis
1286 1193 1495 1265 diebus.

462 1265 737 1319 Dominica
770 1281 786 1319 ι
826 1261 1277 1333 Quadrogesimte,
1315 1263 1383 1314 ad
1419 1261 1653 1333 missam.

331 1335 567 1390 Tractus
590 1345 822 1404 quatuor
847 1328 1127 1404 canonici,
1173 1333 1278 1404 duo
1323 1333 1389 1385 de
1429 1331 1616 1404 majori
1646 1328 1855 1404 sezlenet

256 1406 370 1458 duo
398 1410 465 1459 de
493 1398 731 1459 secunda
781 1405 908 1458 sede
951 1404 1002 1456 iu
1032 1402 1310 1471 (24)’albis
1339 1410 1464 1454 ante
1504 1398 1697 1461 altare,
1751 1398 1854 1463 Qui

254 1475 485 1537 habitat,
530 1474 639 1527 bini
672 1482 727 1527 et
769 1474 877 1527 bini
922 1484 1142 1526 cantent
1181 1485 1393 1525 versum
1433 1485 1617 1534 suum;
1662 1483 1854 1522 omnes

225 1545 424 1599 -sirnul
473 1544 750 1613 incipiant,
781 1554 836 1596 et
858 1541 922 1596 ad
955 1542 1112 1597 linem
1148 1554 1338 1596 omnes
1366 1539 1526 1593 simul
1556 1557 1568 1592 :
1601 1538 1854 1607 Longitu-

253 1614 405 1676 diue,
436 1624 492 1668 et
511 1614 591 1668 sic
627 1613 867 1669 ﬁniatur.

254 1682 425 1736 Feria
458 1700 516 1743 tt,
550 1682 693 1751 infra
717 1681 1096 1735 hebdomadam
1143 1682 1368 1750 primam
1399 1677 1847 1751 Quadragesima'.

325 1754 476 1805 Ordo
502 1748 618 1806 iste'
633 1752 977 1821 praescriptus
1006 1748 1343 1805 cum’osculo
1371 1750 1635 1821 sediutna
1668 1748 1852 1821 singu-

253 1820 395 1875 lis-a
440 1818 937 1892 capiteijejunii'iu
970 1822 1072 1875 ista
1118 1828 1351 1874 secunda
1392 1819 1527 1892 feria
1570 1818 1634 1871 de
1662 1818 1846 1892 boris,

252 1888 591 1961 antiphouis,
643 1888 892 1960 capitulis
939 1899 1185 1945 teneatur
1223 1891 1497 1961 usquead
1542 1888 1848 1954 passionem

254 1959 493 2024 Domini,
523 1971 581 2016 et
600 1961 842 2016 osculum
870 1961 1078 2015 sedium
1109 1975 1279 2030 usque
1306 1960 1373 2014 ad
1404 1959 1663 2028 Vcsperas
1683 1972 1849 2012 orente

251 2031 497 2086 Domini.
854 2076 857 2079 .
1280 2077 1282 2081 ,

613 2120 842 2178 Sabban
882 2122 1125 2188 Quatuor
1162 2118 1491 2192 Temporum.

320 2211 383 2268 In
419 2212 525 2268 hac
553 2214 715 2268 missa
744 2214 811 2276 ad
845 2214 1147 2268 orationem
1195 2212 1437 2281 epistolae
1495 2226 1600 2265 non
1636 2209 1849 2263 dicatur

250 2280 561 2337 Flectamus
583 2300 776 2351 genua,
797 2284 867 2338 ob
891 2280 1245 2351 reverentiam
1269 2282 1328 2335 S.
1348 2281 1515 2341 Pauli,
1544 2290 1597 2332 et
1617 2291 1849 2349 quatuor

250 2354 445 2423 prima:
492 2350 750 2407 lectiones
775 2353 842 2407 de
875 2352 1036 2423 179
1081 2350 1270 2423 majori
1317 2352 1445 2423 sede
1479 2351 1747 2423 legantur,
1786 2358 1845 2423 et

252 2420 449 2491 quinta
483 2424 644 2477 lectio
681 2423 749 2476 de
792 2420 1029 2477 secunda
1056 2421 1203 2485 sede,
1230 2420 1457 2492 Angelus
1503 2420 1732 2492 Domini.
1780 2420 1846 2473 Et

250 2489 490 2563 quatuor
527 2495 869 2562 responsoria
894 2494 982 2563 Ade
1030 2494 1206 2563 prima
1257 2489 1384 2545 sede
1431 2489 1671 2563 in‘albis
1712 2499 1845 2563 ante

250 2558 514 2628 aquilam,
546 2558 631 2616 et'
652 2571 858 2617 tractus
884 2558 1143 2625 Laudate,
1177 2563 1283 2615 duo
1319 2563 1384 2615 de
1417 2559 1602 2628 majori
1636 2558 1762 2613 sede
1791 2560 1843 2611 in

250 2630 390 2687 albis
420 2632 532 2701 ('25)
556 2641 684 2687 ante
710 2633 899 2697 altare,
920 2642 975 2687 et
998 2633 1063 2685 ad
1087 2632 1324 2701 quinque
1343 2631 1547 2701 primas
1569 2630 1844 2682 orationes

250 2717 361 2757 non
392 2699 605 2756 dicatur
631 2702 888 2756 Dominus
914 2699 1195 2764 vobiscum,
1235 2700 1328 2755 sed
1352 2699 1607 2753 Oremus.

432 2772 789 2827 Dominica‘tt
835 2772 1286 2841 Quadragesimw,
1321 2770 1390 2841 ad
1428 2769 1662 2823 missam.

325 2851 441 2895 ttuo
469 2843 621 2910 pueri
653 2842 707 2895 in
750 2842 955 2912 pulpito
999 2838 1283 2912 incipiant‘
1315 2839 1388 2892 De
1433 2838 1841 2912 necessitatibus,

246 2918 307 2965 et
352 2909 551 2966 chorus
597 2909 1003 2989 hunc'versum
1042 2909 1209 2989 ﬁniat.
1262 2909 1376 2989 Duo
1426 2909 1575 2989 pueri
1623 2916 1842 2989 ca}.th

251 2992 463 3034 tantum
508 2998 723 3037 versum
751 2984 1044 3036 secundum
1079 2982 1158 3034 Ad
1197 2990 1266 3043 te,
1298 2979 1534 3039 Domine,
1564 2989 1619 3032 et
1642 2981 1841 3032 chorus

249 3053 413 3104 linem
459 3066 671 3106 versus.
703 3051 819 3106 Duo
862 3053 1011 3120 pueri
1048 3050 1311 3119 incipiant
1357 3049 1562 3102 Etenim
1596 3049 1841 3109 universi,

247 3131 304 3173 et
329 3120 608 3198 ﬁniatttr_a
640 3123 828 3198 choro.
865 3119 1136 3198 ﬁequatur
1168 3119 1304 3198 alius
1346 3129 1568 3198 tractus.
1599 3120 1842 3198 Quatuor

248 3191 520 3256 canonici,
547 3192 654 3246 duo
680 3192 748 3246 de
783 3188 971 3259 majori
993 3192 1119 3245 sede
1138 3200 1191 3243 et
1218 3190 1324 3243 duo
1352 3188 1418 3241 de
1449 3190 1681 3242 secunda
1711 3204 1840 3242 can-
1864 3202 1910 3263 ρ
2018 3188 2176 3254 182
2208 3188 2349 3239 Psal.
2380 3188 2712 3253 Magni/ient,
2742 3188 2815 3237 int

248 3270 369 3313 ient
397 3271 631 3316 tractum
686 3260 1003 3316 Benedicam
1042 3259 1347 3325 Dominum,
1390 3268 1519 3312 ante
1557 3258 1727 3311 altare
1783 3260 1837 3312 in
1897 3303 1901 3307 .
1944 3256 2144 3309 cboru‘s
2175 3254 2309 3326 Heg.
2341 3254 2623 3309 celebrans
2653 3255 2666 3324 Ι
2702 3264 2815 3307 tant

1897 3303 1901 3307 .
1944 3269 2144 3309 cnoms
2175 3269 2309 3324 μεθ.
2341 3269 2623 3309 celebrans
2653 3269 2666 3324 ι
2702 3269 2930 3307 tauuuu.

248 3270 369 3313 ient
397 3271 631 3316 tractum
686 3258 1003 3316 Benedicam
1042 3259 1347 3325 Dominum,
1390 3268 1519 3312 ante
1557 3258 1727 3311 altare
1783 3260 1837 3312 in

530 3421 808 3501 Dominica
850 3420 1182 3486 Palmarum,
1212 3420 1281 3475 ad
1321 3419 1554 3474 missam.

318 3516 749 3586 ReSponsorium
800 3516 911 3571 duo
960 3515 1027 3570 de
1073 3515 1307 3570 secunda
1363 3514 1510 3586 sede
1545 3512 1596 3565 iu
1652 3512 1835 3586 albis:

199 3609 202 3611 λ
249 3583 487 3640 Tenuisti
524 3603 761 3641 manum.
799 3586 831 3654 ᾗ
879 3586 1047 3651 Quam
1075 3586 1237 3639 bonus
1279 3600 1385 3638 non
1439 3583 1747 3654 reiterctur.
1774 3583 1839 3636 Et

244 3656 449 3711 debent
482 3657 680 3712 habere
732 3652 958 3725 quilibet
1004 3673 1167 3710 unum
1189 3654 1461 3725 ﬁgalouem
1505 3652 1614 3705 viui
1648 3652 1758 3721 (27)
1806 3670 1836 3706 τι

244 3727 469 3781 cellario
493 3726 696 3781 domini
725 3724 1133 3794 archiepiscopi.
1186 3724 1459 3794 Tractum_
1479 3732 1712 3794 quatuor
1749 3738 1841 3794 ca-

243 3797 431 3850 nonici
472 3806 597 3851 ante
641 3797 837 3857 altare,
883 3791 988 3851 duo
1032 3791 1097 3851 de
1129 3794 1317 3864 majori
1370 3791 1498 3846 sede
1535 3800 1590 3844 et
1636 3793 1753 3864 duo
1771 3792 1837 3845 de

241 3867 485 3921 secunda
514 3867 728 3922 sedein
762 3867 899 3921 albis
929 3866 1039 3936 (‘28)
1076 3860 1233 3930 Deus,
1256 3864 1392 3917 Deus
1424 3878 1591 3925 incus,
1621 3860 1833 3929 respice.

707 3954 776 4009 In
803 3954 1114 4009 Ascensione
1141 3951 1374 4006 Domini.

311 4047 689 4105 Invitatorium
713 4058 944 4119 quatuor
980 4050 1045 4102 de
1072 4042 1837 4119 majoribus_qni_per_Matu-

240 4121 388 4174 tinas
417 4122 641 4175 chorum
690 4113 904 4188 regant,
954 4119 1057 4172 duo
1111 4113 1344 4188 majores
1375 4115 1535 4188 180
1568 4113 1653 4168 vel
1698 4113 1837 4167 anti-

238 4192 466 4261 quiores
493 4205 590 4259 per
614 4185 938 4252 Nocturnus,
957 4198 1011 4242 et
1036 4188 1128 4242 alii
1149 4185 1256 4241 duo
1284 4185 1350 4238 ad
1384 4186 1614 4239 Laudes.
1770 4192 1773 4201 '

490 4282 561 4337 In
590 4284 720 4354 festo
751 4280 1105 4346 Pentecostes,
1140 4280 1209 4334 ad
1238 4295 1257 4332 1
1299 4276 1573 4347 Vesperas.

308 4375 459 4430 Psal.
492 4374 825 4445 Magni/ient.
862 4374 1080 4445 Interim
1114 4372 1289 4440 majus
1318 4369 1489 4445 alta_re
1519 4369 1834 4445 incensetur

238 4461 271 4499 a
303 4446 528 4500 domino
557 4440 987 4512 archiepiscopo,
1033 4444 1077 4497 si
1123 4457 1362 4512 praesens
1408 4440 1594 4506 fuerit,
1623 4449 1679 4494 et
1712 4449 1833 4509 post

238 4524 552 4571 revertatur
601 4516 653 4569 in
684 4514 999 4569 cathedram
1032 4529 1204 4573 suam,
1242 4522 1296 4567 et
1347 4512 1696 4566 iucensentur
1744 4525 1830 4565 se-

235 4586 471 4654 pultura
502 4599 687 4656 regum
716 4594 772 4640 et
796 4585 966 4656 altare
995 4585 1165 4656 beattc
1192 4580 1383 4656 Mariae
1401 4596 1432 4634 a
1459 4579 1666 4635 duobus
1694 4595 1823 4656 pre-

234 4652 476 4726 Sbyteris
514 4652 814 4726 canonicis,
846 4664 900 4708 et
950 4655 1003 4708 in
1053 4654 1326 4726 recusando
1373 4652 1726 4726 incensentur
1752 4652 1822 4705 ab

235 4722 373 4793 ipsis
399 4726 680 4781 canonicis
722 4725 975 4781 dominus
1020 4722 1461 4793 archiepiscOpus
1486 4729 1542 4775 et
1570 4722 1821 4793 dominus

200 4790 496 4861 ,decanus,
553 4796 610 4851 et
672 4803 860 4864 postea
912 4790 1222 4864 iucensetur
1268 4793 1474 4864 chorus
1519 4807 1568 4864 _a
1609 4790 1820 4864 duobus

233 4866 535 4934 pueris;.et
560 4867 641 4921 sic
670 4860 765 4919 liat
792 4866 845 4920 in
876 4866 1127 4919 omnibus
1155 4862 1308 4918 l'estis
1333 4861 1661 4934 triplicibus,
1683 4860 1819 4934 dum

236 4928 896 5005 iamen'arcliiepiscopus
930 4934 1287 5005 celebraverit
1330 4928 1632 5005 servitium.
1682 4928 1819 4985 Tres

234 5006 302 5060 de
329 5007 565 5062 secunda
591 5003 725 5063 sede
742 5022 755 5058 :
773 5003 1155 5059 Benedicamus
1185 5003 1428 5057 Domino.

837 5094 904 5152 In
933 5096 1229 5152 Matutinis.

301 5192 576 5265 Legantur
620 5202 735 5265 tres
782 5186 1041 5265 lectiones
1077 5190 1144 5265 de
1192 5186 1586 5265 Expositione:
1626 5191 1688 5241 Si
1705 5190 1823 5265 quis

235 5253 407 5302 ἀξιεάῖ
426 5282 504 5302 ευ.
548 5272 602 5302 nl
624 5262 751 5302 ,αἰ-ιι
781 5261 836 5302 in
864 5263 1049 5302 cannis:
1075 5253 1415 5302 alium-sonum
1440 5253 1822 5302 colonum—Ad

1636 358 1815 442 ACTA
1865 382 2162 441 VETERA.

1884 503 1930 559 Α
1958 494 2028 547 de
2060 492 2299 547 secuti-la
2332 494 2484 554 sede,
2532 494 2827 547 secundum
2879 493 3274 563 rcsponsorium
3318 504 3427 548 tros
3463 497 3530 550 de

3424 379 3525 437 126

1961 565 2118 634 tertia
2167 563 2315 628 sede,
2362 566 2576 616 tertium
2614 566 3014 619 resuousorium
3045 564 3156 634 (29)
3187 573 3296 618 tres
3321 566 3388 618 de
3418 582 3530 620 tua-

1938 656 1941 661 ·
1952 632 2182 702 joribus.
3054 632 3075 637 ”

2575 721 2656 775 Ad
2685 721 2914 776 missam.

2028 808 2086 865 Si
2137 810 2574 880 archiepiscopus
2621 811 2802 876 fuerit,
2852 828 3033 867 secum
3078 813 3274 868 habeat
3324 821 3530 882 septem

1957 879 2214 934 diaconos
2235 891 2286 934 et
2311 879 2531 936 totidem
2555 882 2930 946 subdiacouos,
2944 884 3011 936 de
3030 884 3224 951 quibus
3249 879 3530 937 duodecim

1956 952 2066 1004 sint
2092 952 2159 1003 de
2184 962 2420 1003 secunda
2458 952 2605 1012 sedc,
2646 960 2701 1003 et
2725 951 2918 1005 debent
2966 953 3204 1020 praedicti
3245 953 3529 1005 duodecim

1957 1021 2373 1091 pranderecutn
2410 1020 2564 1090 181
2597 1020 2814 1091 domino
2850 1023 3283 1091 archiepiscopo,
3316 1020 3397 1074 vel
3429 1021 3529 1091 ita-7

1956 1092 2094 1160 here
2131 1088 2521 1160 quilibetuuos
2569 1088 2680 1159 (.0)
2716 1090 2923 1160 solidos
2972 1088 3060 1145 de'
3090 1088 3526 1160 burSaprzedicti

1956 1156 2191 1222 domini;
2229 1168 2282 1211 et
2310 1156 2548 1218 Christus
2577 1156 2742 1212 arma
2774 1168 3022 1213 cantetur
3058 1176 3087 1213 a
3113 1156 3323 1215 duobus
3366 1174 3527 1212 cauo.

1958 1228 2116 1299 uicis,
2140 1238 2192 1281 et
2214 1227 2410 1299 debent
2437 1230 2637 1299 habere
2664 1229 2892 1297 quilibet
2924 1229 3034 1299 (5t)
3063 1230 3300 1299 quinque
3326 1229 3529 1299 solidos

1956 1298 2023 1350 de
2064 1298 2232 1369 but-sa
2265 1297 2469 1369 domini
2502 1299 2909 1367 archiepiscopi,
2936 1297 3093 1369 quos
3122 1297 3346 1369 ipsemet
3373 1298 3526 1352 debet

1957 1367 2169 1436 tradere
2186 1367 2456 1436 pra-dictis
2477 1370 2748 1422 caiiouicis
2770 1368 2982 1436 propria
3002 1367 3182 1422 manu.
3206 1368 3301 1422 Sin
3324 1379 3527 1435 autem,

1954 1435 2127 1503 major
2157 1435 2366 1491 honore
2403 1438 2685 1509 presbyter
2710 1435 2933 1507 peragat
2960 1438 3213 1491 ollicimu.

2241 1523 2307 1578 In
2333 1524 2463 1592 [esto
2496 1524 2558 1579 S.
2587 1525 2882 1590 Trinitatis,
2907 1526 2975 1579 ad
3001 1528 3233 1581 missam.

2024 1609 2205 1666 Finito
2232 1613 2543 1682 Evangelia,
2568 1613 2736 1667 Credo
2772 1616 2824 1667 in
2855 1631 3017 1668 unum
3048 1616 3276 1680 dicatur,
3310 1615 3524 1669 interim

1954 1688 2135 1736 textus
2164 1684 2277 1753 (ὖῖ)
2310 1685 2585 1737 deferatur
2610 1702 2639 1737 a
2667 1684 2996 1738 subdiacouo
3019 1687 3085 1739 ad
3105 1685 3366 1739 decanum
3393 1700 3525 1753 prte-

1953 1753 2178 1807 cedente
2216 1754 2488 1807 thuribulo
2509 1769 2543 1814 a
2568 1754 2818 1809 diacono.
2849 1755 2905 1808 Si
2933 1754 3170 1809 decauus
3196 1771 3301 1808 non
3339 1755 3525 1816 luerit.

1952 1820 2313 1877 subdiaconus
2333 1824 2540 1877 deferat
2572 1839 2667 1892 per
2694 1826 2917 1878 chorqu
2947 1824 3320 1889 osculandum,
3360 1838 3529 1891 puero

1956 1892 2297 1964 incensaute;
2329 1902 2384 1947 et
2414 1894 2495 1948 sic
2522 1893 2616 1946 liat
2661 1895 2715 1948 in
2749 1894 2998 1949 munibus
3026 1894 3210 1960 festis,
3244 1896 3297 1948 in
3328 1894 3527 1964 quibus

1952 1960 2121 2014 Credo
2148 1964 2203 2017 in
2237 1979 2398 2017 unum
2428 1965 2647 2018 dicitur.

2128 2054 2196 2109 In
2225 2056 2356 2126 festo
2389 2055 2637 2126 Corporis
2661 2055 2877 2121 Christi,
2908 2055 2977 2108 ad
3001 2053 3344 2109 Matutinum.

2017 2143 2154 2201 Tres
2176 2148 2364 2215 primm
2388 2147 2648 2202 lectiones
2670 2148 2735 2202 de
2762 2148 2999 2201 secunda
3027 2148 3169 2208 sedc.
3198 2146 3314 2201 alia:
3343 2146 3528 2201 lectio-

1949 2217 2144 2287 nesrde
2193 2217 2380 2285 majori
2407 2220 2535 2272 sede
2577 2227 2631 2272 et
2672 2219 3110 2287 archiepiscopus
3147 2217 3288 2286 legat
3329 2233 3527 2272 nonam

1947 2286 2234 2341 lectionem
2266 2288 2317 2341 in
2350 2288 2609 2342 cathedra
2633 2303 2753 2351 sua,
2784 2288 2828 2341 si
2860 2286 3101 2359 pnescns
3134 2287 3319 2341 fuerit.

2203 2378 2272 2433 In
2299 2379 2429 2448 festo
2461 2377 2884 2447 Puriﬁcationis,
2916 2379 2984 2432 ad
3012 2379 3245 2433 missam.

2018 2454 2401 2540 Unusquisque
2424 2471 2707 2525 ardentem
2747 2486 2964 2525 cereum
2994 2479 3194 2534 teneat,
3217 2483 3374 2538 quem
3402 2456 3527 2538 post

1945 2540 2291 2611 Evangelium
2317 2541 2532 2596 olierat.

2048 2632 2117 2685 In
2145 2631 2511 2702 Assumptione
2534 2631 2600 2685 Β.
2646 2630 2705 2683 γ.
2739 2630 2944 2692 Marite,
2972 2632 3042 2684 ad
3074 2630 3415 2685 Matutinum.

2014 2721 2307 2792 Incipiatur
2334 2721 2527 2776 festive
2561 2720 2630 2774 Te
2656 2720 2823 2774 Deum
2851 2721 3151 2792 laudamus,
3183 2730 3239 2773 et
3278 2722 3524 2774 incense-

1946 2802 2033 2847 tur
2064 2791 2234 2846 altare
2265 2808 2294 2845 a
2325 2793 2622 2851 sacerdote,
2656 2801 2711 2843 et
2736 2792 2842 2843 duo
2879 2791 3031 2859 pueri
3060 2791 3169 2842 sint
3196 2801 3322 2843 ante
3351 2791 3523 2843 altare

1899 2878 1903 2883 τ
1946 2872 2192 2917 tenentes
2218 2863 2324 2916 duo
2350 2861 2698 2926 candelabra,
2720 2869 2773 2914 et
2796 2861 2876 2914 sic
2899 2859 2993 2912 liat
3013 2859 3066 2912 in
3092 2859 3343 2914 omnibus
3367 2859 3522 2914 festis

1946 2932 2268 3002 triplicibus.
2921 2956 2925 2962 -

1946 3021 2009 3077 In
2038 3022 2539 3078 Commemoratione
2578 3037 2809 3076 omnium
2843 3020 3230 3090 defunctorum,
3263 3022 3334 3074 ad
3397 3020 3520 3075 Ves-

2644 3109 2819 3163 peras.
2988 3100 2995 3113 '

2208 3184 2349 3239 Psal.
2380 3182 2712 3253 Magni/ictu,
2742 3184 3054 3237 inccnsetur
3076 3182 3249 3254 majus
3272 3184 3442 3239 altare
3465 3192 3521 3240 et

2088 3344 2191 3398 Per
2223 3361 2443 3408 annum,
2471 3344 2702 3414 qualibet
2737 3345 2841 3411 die,
2876 3347 2945 3399 ad
2968 3345 3397 3414 Completorium.

2010 3414 2067 3469 Si
2094 3418 2331 3470 decanus
2360 3430 2601 3484 prwsens
2648 3416 2830 3480 fuerit,
2859 3418 3065 3470 decano
3104 3419 3315 3472 dicatur
3341 3416 3517 3484 Confi-

1939 3496 2049 3539 teor
2073 3486 2142 3540 ab
2169 3495 2397 3554 utroque
2424 3487 2610 3540 choro.

2400 3575 2543 3631 Ordo
2571 3577 2815 3630 matutini
2839 3575 3038 3646 Ofﬁcii.

2008 3669 2064 3723 In
2096 3668 2389 3724 Dominicis
2419 3683 2588 3736 usque
2641 3668 2708 3722 ad
2757 3668 2963 3722 Pascha
3002 3668 3370 3723 invitatorium
3413 3667 3519 3722 duo

1937 3740 2004 3794 de
2032 3742 2265 3793 secunda
2295 3740 2455 3804 sedc;
2481 3740 2786 3806 antiphona:
2815 3739 2880 3791 de
2913 3741 3195 3793 nocturnis
3226 3739 3292 3791 do
3323 3738 3517 3806 majori

1937 3811 2086 3870 sede,
2110 3818 2166 3861 et
2191 3809 2242 3861 in
2274 3809 2502 3877 singulis
2529 3808 2807 3861 nocturnis
2847 3808 3030 3860 ultima
3062 3809 3350 3876 cujuslibet
3379 3823 3513 3862 uoc—

1939 3888 2110 3932 torua:
2137 3892 2259 3931 cum
2300 3894 2494 3931 neiuua
2528 3879 2763 3929 liuiatur.
2793 3877 2929 3931 'l‘res
2958 3878 3145 3945 prima:
3175 3879 3432 3933 lectiones
3450 3878 3518 3931 de

1937 3950 2111 4017 prima
2134 3947 2283 4017 sede.
2309 3948 2511 4013 Quarta
2536 3947 2694 4000 lectio
2726 3957 2780 4017 et
2806 3949 2932 4015 quin
2937 3958 2992 4017 ta
3019 3949 3084 4001 de
3105 3948 3339 4002 secunda
3366 3948 3515 4012 sede,

1935 4015 2145 4073 castora:
2169 4016 2431 4070 lectiones
2456 4018 2521 4071 de
2551 4016 2739 4084 majori
2765 4022 2911 4069 sede.
2934 4015 3299 4084 Responsoria
3325 4021 3516 4072 eodem

1934 4088 2124 4142 ordine
2159 4086 2525 4142 celebrentur.
2574 4086 2673 4140 llic
2717 4087 2849 4141 ordo
2895 4096 3142 4140 servetur
3179 4101 3275 4155 per
3329 4087 3514 4141 Domi-

1933 4159 2104 4213 nicas.
2989 4218 2993 4222 ι

2561 4227 2643 4281 Ad
2670 4226 2896 4281 Laudes.
2914 4288 2915 4291 η

2004 4321 2253 4393 Quinque
2289 4322 2595 4393 antiphonae
2623 4322 2689 4377 de
2718 4320 2992 4393 Laudibus
3019 4318 3086 4393 de
3123 4318 3356 4393 secunda
3386 4317 3513 4374 sede

1933 4389 2280 4463 incipiantur,
2299 4403 2355 4447 et
2377 4389 2564 4447 ultima
2590 4408 2714 4447 cum
2745 4406 2940 4445 ncuma
2964 4389 3188 4445 ﬁniatur
3210 4403 3513 4463 perornues

1934 4460 2262 4518 Dominicas.
2286 4464 2688 4526 Benedicumus,
2739 4477 2876 4515 unus
2907 4476 3040 4531 puer
3065 4478 3096 4515 a
3126 4470 3280 4532 parte
3316 4460 3511 4514 hebdo-

1857 4558 1905 4617 ο
1940 4534 2167 4589 madarii
2201 4549 2299 4604 per
2330 4543 2499 4588 totum
2526 4547 2750 4588 annum.
2798 4550 2802 4555 ’

2414 4646 2495 4701 Ad
2524 4645 2573 4701 II
2579 4663 2697 4701 oras
2729 4648 3029 4701 canonicos.

1996 4742 2152 4806 Nota,
2175 4756 2363 4796 omnes
2386 4739 2695 4810 antiphona:
2723 4740 2790 4794 de
2820 4737 2978 4795 Horis
3002 4722 3246 4810 etiamin
3269 4735 3515 4793 Domini-

1922 4812 2001 4883 cis
2029 4822 2084 4867 et
2119 4812 2325 4868 festivis
2354 4807 2543 4866 diebus
2571 4812 2639 4863 de
2660 4812 2894 4864 secunda
2919 4809 3051 4864 sede
3089 4807 3435 4876 incipiantur,
3463 4814 3519 4860 et

1923 4898 2046 4938 cum
2088 4899 2280 4938 neuma
2310 4885 2588 4936 limantur.
2632 4936 2633 4939 η
2871 4946 2878 4953 ⁸
3009 4945 3013 4950 ν

2244 5026 2253 5034 _
2519 4972 2600 5025 Ad
2640 4967 2913 5037 Vesperas.

1996 5067 2199 5124 Omnes
2233 5063 2542 5136 antiphonne
2589 5064 2655 5120 de
2704 5064 2940 5136 secunda
2983 5063 3108 5118 sede
3164 5057 3521 5136 incipiantur,

1929 5137 2089 5210 183
2118 5151 2173 5195 ct
2201 5154 2320 5192 cum
2351 5131 2566 5194 'ucumn
2624 5135 2879 5189 liniantur
2929 5150 3025 5205 per
3044 5136 3236 5187 omnes
3286 5131 3524 5183 Domini.

1923 5222 2040 5263 cas.
