4016 5386
577 429 685 488 με

575 553 632 601 et
657 543 924 600 custodiat
949 551 1000 597 te
1027 551 1186 612 atque
1211 540 1518 597 corroboret
1556 541 1610 594 in
1641 543 1785 596 omni
1815 543 2073 598 bonitate.

650 614 719 684 Et
748 614 1085 684 respondeant
1110 627 1281 684 omnes
1305 626 1328 684 εΔ
1352 613 1540 684 Arnen.

649 678 998 752 Interrogatio
1035 680 1377 752 credulitatis.
1410 678 1644 752 Credis,
1668 682 1961 752 set-nudum
1997 681 2146 734 intel-

580 749 930 821 ligentiam'et
959 750 1310 821 capacitatem
1343 751 1670 821 scnsus_tt_t_i,
1701 749 1864 818 219
1901 761 2084 821 sancta
2114 769 2142 802 ιι

578 817 922 881 Trinitatem,
957 820 1006 872 id
1029 817 1138 880 est,
1186 817 1422 875 Patrem,
1452 828 1504 869 et
1540 818 1756 881 Filium,
1793 817 1853 872 et
1885 820 2143 886 Spiritum

580 901 821 946 sanctum
847 903 1008 942 unmn
1052 903 1170 941 esse
1212 887 1531 941 naturaliter
1575 899 1736 956 atque
1785 889 2147 942 essentialiter

580 961 747 1015 Deum
772 959 1212 1026 omnipotentem,
1239 965 1501 1010 azternum
1529 966 1583 1011 et
1629 957 2144 1026 incommutabilem,

579 1043 753 1096 neque
781 1025 954 1081 tamen
989 1027 1160 1094 ipsum
1191 1025 1404 1096 Patrem
1448 1042 1567 1080 esse
1596 1027 1684 1094 qui
1717 1025 1883 1096 Filius
1917 1037 2018 1086 est,
2047 1044 2145 1081 nec

576 1093 772 1153 Filium
801 1099 971 1165 ipsum
996 1093 1117 1150 esse
1139 1095 1230 1165 qui
1272 1093 1432 1148 Pater
1455 1093 1701 1165 est._nec
1734 1095 1993 1162 Spiritum
2019 1113 2141 1150 sau-

575 1176 723 1223 ctum
754 1163 923 1234 ipsum
947 1179 1066 1218 esse
1091 1165 1180 1233 qui
1210 1163 1367 1234 Pater
1413 1174 1506 1218 aut
1551 1163 1864 1234 Filiusest,
1913 1166 2004 1218 sed
2048 1165 2144 1219 Pa-

575 1245 714 1290 trem
737 1233 950 1303 semper
983 1237 1216 1297 Patrem,
1249 1233 1439 1303 Filium
1468 1249 1678 1303 semper
1719 1233 1930 1303 Filium.
1965 1235 2140 1302 Spiri-

577 1314 691 1361 tum
719 1302 963 1359 sanctum
1001 1319 1218 1370 semper
1245 1302 1504 1370 Spiritum
1532 1302 1813 1357 sanctum?
1835 1304 1868 1369 ti
1892 1302 2084 1357 Credo.

579 1393 585 1399 ·
649 1373 1018 1441 Interrogatio.
1039 1372 1226 1426 Credis
1253 1375 1395 1441 quod
1447 1372 1605 1426 Pater
1632 1373 1819 1441 plenus
1871 1372 2009 1424 Deus
2060 1381 2140 1425 est

576 1443 631 1500 in
663 1460 740 1508 se,
765 1452 820 1498 et
858 1431 1025 1496 Filius
1068 1431 1444 1509 plenus'Deus
1488 1453 1570 1496 est
1607 1431 1659 1494 in
1708 1458 1788 1504 se,
1822 1452 1876 1496 et
1908 1441 2144 1510 Spiritus

576 1523 799 1569 sanctus
821 1512 1009 1581 plenus
1044 1511 1184 1565 Deus
1213 1519 1296 1565 est
1337 1512 1392 1581 in
1419 1525 1496 1573 se.
1551 1520 1605 1566 et
1649 1520 1826 1564 tamen
1877 1511 2007 1564 istas
2037 1522 2145 1566 tres

485 1587 502 1599 ’
575 1579 838 1654 personas
863 1598 966 1636 non
988 1591 1099 1635 tres
1122 1581 1279 1654 Deos,
1304 1579 1396 1635 sed
1421 1596 1584 1634 unmn
1606 1595 1726 1636 esse
1751 1581 1915 1654 Deum
1943 1582 2140 1654 virtuti,

576 1649 786 1715 rerum,
814 1667 878 1706 ex
909 1666 1017 1720 quo
1066 1651 1267 1713 omnia,
1313 1665 1407 1719 per
1455 1666 1614 1718 quem
1665 1652 1846 1704 omnia
1873 1689 1906 1720 ,ί
1950 1649 2002 1702 in
2036 1665 2143 1718 quo

574 1723 898 1790 omniaquae
927 1719 1053 1774 Sunt
1097 1720 1149 1772 in
1179 1720 1317 1773 caelo
1358 1728 1412 1790 et
1458 1721 1510 1772 itt
1543 1729 1686 1772 terra
1719 1719 1945 1773 visibilia
1976 1731 2031 1773 et
2061 1720 2144 1774 itt-

577 1789 840 1845 visibilia?
882 1791 918 1854 ti}
990 1791 1267 1844 Assentior
1288 1799 1338 1842 et
1361 1789 1432 1841 ita
1460 1790 1640 1842 credo.

1627 425 1932 512 JOANNES
1968 428 2392 488 ARCHIEPISC.
2437 432 2786 491 noro-nae.

3716 436 3813 493 tu

2175 552 2219 606 Α
2253 546 2510 599 inclinato
2533 562 2702 619 super
2747 547 2916 619 hunc
2941 547 3386 619 famulumotuum
3431 563 3602 619 cornu
3629 552 3813 619 gratia:

2248 615 2615 737 fzcenllptalis,
2654 616 3042 673 benedictionis
3086 628 3190 673 tua:
3216 617 3268 673 iu
3295 633 3361 673 eo
3393 617 3610 674 effunde
3633 615 3816 674 'virtu-

2309 701 2377 737 ιιι.
2456 702 2534 737 er.

2309 701 2356 737 Ill
2367 725 2377 736 .
2412 701 2534 739 λέν.

2914 755 3146 810 Secreta.

2319 845 2442 899 llaec
2471 846 2668 911 hostia,
2695 862 3017 914 quaesumus,
3049 847 3302 909 Domine,
3347 847 3604 903 emundet
3635 859 3813 901 nostra

2247 915 2464 975 delicta.
2496 925 2549 969 et
2573 916 2638 968 ad
2667 918 2993 970 sacrificium
3019 918 3424 980 celebrandum,
3473 919 3813 973 subditorum

2249 986 2343 1038 tibi
2370 1000 2596 1055 corpora
2623 995 2936 1056 mentesque
2966 987 3289 1042 sauctilieet.
3321 986 3446 1041 Per.

2861 1077 3198 1146 Infra-actio.

2315 1165 2476 1234 222
2508 1164 2656 1219 lianc
2703 1165 2867 1232 igitur
2911 1166 3237 1220 oblationem
3277 1167 3556 1221 servrtutis
3597 1174 3816 1230 nostrze,

2245 1245 2339 1289 sed
2361 1250 2418 1305 et.
2439 1247 2643 1288 cuneta:
2668 1234 2884 1305 familia:
2909 1245 3029 1298 tum,
3054 1251 3215 1305 quam
3240 1235 3334 1305 tibi
3357 1235 3633 1290 offerimus
3655 1237 3817 1290 etiam

2246 1320 2343 1374 pro
2371 1304 2574 1358 famulo
2623 1313 2711 1359 tuo
2758 1303 2820 1358 Ν.
2871 1319 3029 1373 quem
3073 1303 3145 1359 ad
3195 1304 3536 1374 episcopatus
3570 1305 3815 1358 ordinem

2246 1389 2561 1443 promerere
2591 1374 2842 1442 dignatus
2871 1389 2948 1437 es,
2977 1390 3306 1442 quaesumus,
3337 1375 3584 1437 Domine,
3615 1385 3678 1428 ut
3701 1379 3815 1442 pla-

2244 1453 2397 1497 catus
2423 1444 2678 1512 accipias,
2699 1453 2755 1497 et
2789 1445 3053 1513 propitius
3101 1445 3153 1498 itt
3197 1459 3262 1498 eo
3311 1455 3399 1497 tua
3440 1445 3580 1498 dona
3634 1455 3819 1498 custo-

2245 1514 2380 1573 dias,
2413 1523 2469 1565 ut
2512 1513 2654 1578 quod
2703 1514 2887 1567 divino
2937 1529 3159 1568 munere
3193 1523 3514 1568 consecutus
3543 1523 3652 1580 cst,
3685 1514 3820 1568 divi-

2245 1582 2329 1637 nis
2355 1580 2635 1636 eﬂectibus
2657 1595 3050 1652 consequatur,
3081 1583 3304 1653 diesque
3330 1592 3567 1638 nostros.

2816 1696 3258 1751 I’oatcommunio.

2316 1787 2438 1841 llaec
2470 1803 2566 1842 nos
2594 1788 2901 1842 communio
2925 1796 3115 1856 purget
3153 1802 3183 1856 ξι
3203 1786 3452 1852 crimine,
3480 1794 3535 1840 et
3574 1786 3818 1841 cmlestis

647 1859 1018 1932 Interrogatio.
1059 1858 1250 1912 Credis
1304 1857 1588 1932 Dominum
1653 1866 1923 1932 nostrum_
1955 1854 2141 1911 Iesum
2174 1874 2220 1932 Β
2248 1858 2472 1912 remedii
2494 1858 2659 1912 faciat
2681 1874 2801 1912 esse
2821 1854 3120 1911 constet-tes.
3151 1855 3274 1910 Per.

576 1926 873 1984 Christutn'
907 1929 1072 1982 Deum
1127 1941 1352 1988 verum,
1421 1929 1634 1994 plenum
1692 1937 1746 1979 et
1799 1926 2142 1994 perfectum,

576 1997 1060 2067 coomnipotentem
1105 1994 1518 2067 etcowqualem
1550 2012 1669 2067 Διιοι·
1704 1995 1882 2067 omnia
1912 1994 2058 2048 Patri
2087 1995 2141 2049 in

577 2064 880 2130 divinitate,
911 2065 1280 2134 temporaliter
1304 2077 1489 2120 natum
1530 2064 1596 2118 de
1626 2065 1828 2135 Spiritu
1857 2073 2046 2135 sancto
2073 2080 2142 2118 ex

577 2135 746 2190 Maria
783 2133 1250 2206 setnpeerirgine
1301 2150 1422 2189 cum
1473 2133 1963 2206 anima‘rationdi,
2009 2133 2144 2188 duas

575 2205 864 2261 habentem
899 2204 1261 2268 nativitates,
1313 2219 1475 2256 unam
1518 2219 1581 2257 ex
1632 2204 1791 2256 Patre
1842 2212 2097 2256 mternam
2125 2241 2142 2268 ,

576 2275 801 2330 alteram
825 2290 891 2329 ex
924 2284 1094 2328 matre
1123 2274 1491 2343 temporalem,
1535 2275 1699 2326 Deum
1748 2288 1930 2325 verum
1968 2282 2021 2325 et
2051 2273 2144 2325 ho-

573 2345 778 2400 minem
797 2358 1006 2408 verum,
1040 2342 1314 2412 proprium
1360 2342 1412 2395 in
1444 2353 1669 2410 utraque
1716 2351 1927 2412 natura,
1981 2353 2145 2412 atque

573 2413 892 2482 perfectura,
916 2413 1079 2482 220
1106 2411 1210 2482 non
1231 2411 1556 2482 adoptivum,
1588 2428 1692 2464 non
1720 2411 2142 2482 phantastieum,

575 2480 796 2538 unicum
827 2491 884 2536 et
909 2480 1072 2535 imam
1101 2481 1287 2544 Deum,
1337 2481 1428 2534 Dei
1473 2480 1688 2543 Filium,
1723 2483 1774 2533 in
1805 2481 2012 2534 duabus
2042 2495 2142 2534 na-

575 2553 734 2616 turis,
769 2552 822 2606 in
855 2552 1013 2620 unius
1053 2565 1294 2620 personae
1337 2550 1728 2620 singularitate,
1756 2549 2141 2620 impossibilem

573 2631 630 2675 et
659 2619 1018 2675 immortalem
1067 2619 1372 2682 divinitate,
1421 2619 1513 2673 Sed
1562 2621 1613 2672 itt
1662 2619 2001 2674 humanitate
2045 2632 2142 2687 pro

575 2690 734 2746 nobis
765 2698 821 2743 et
849 2705 945 2758 pro
975 2689 1150 2742 salute
1179 2698 1362 2742 nostra
1391 2702 1608 2758 passmn
1658 2687 1994 2758 veracarnis
2022 2703 2144 2756 pas-

574 2760 746 2823 sione,
776 2757 863 2813 die
888 2759 1301 2829 quadragesimo
1357 2757 1476 2828 pust
1520 2757 1974 2829 resurrectionem
2009 2771 2142 2829 cum

573 2843 738 2883 carne
765 2843 870 2896 qua
901 2825 1194 2882 resurrexit
1219 2837 1273 2881 et
1301 2825 1476 2881 anima
1510 2828 1816 2882 ascendisse
1844 2827 1896 2880 in
1920 2825 2138 2896 coelum,

571 2907 627 2952 et
653 2895 844 2953 sedere
869 2899 934 2950 ad
958 2899 1234 2950 dexteram
1282 2897 1479 2962 Patris,
1523 2897 1646 2950 inde
1676 2904 1958 2950 venturum
1999 2895 2146 2962 judi-

573 2982 701 3022 care
727 2969 875 3020 vivos
899 2976 953 3020 et
980 2977 1239 3024 tttortttos,
1277 2977 1331 3020 et
1361 2967 1693 3021 redditurum
1736 2964 2028 3034 unicuique
2057 2979 2140 3019 se-

574 3037 807 3091 cundum
836 3050 1002 3103 opera
1040 3036 1168 3089 sua?
1196 3035 1232 3102 ἢ
1259 3034 1451 3089 Credo.

647 3101 1016 3171 Interrogatio.
1047 3101 1235 3158 Credis
1270 3119 1493 3173 panem,
1524 3103 1613 3171 qui
1644 3103 1697 3156 in
1728 3114 1914 3156 mensa
1963 3101 2143 3156 Domi-

577 3173 700 3240 nica
727 3174 1064 3242 preponitur,
1093 3188 1283 3241 pattetn
1315 3173 1684 3226 tantummodo
1707 3185 1829 3225 esse
1858 3180 2140 3242 antecon-

576 3240 955 3304 secra‘tiouem,
991 3240 1167 3295 sed'in
1199 3243 1310 3310 ipsa
1339 3243 1742 3296 consecratione
1770 3240 2019 3294 ineffabili
2047 3257 2140 3309 po-

579 3313 746 3364 tentia
780 3311 1075 3365 divinitatis
1103 3313 1341 3365 converti
1390 3321 1635 3365 naturam
1687 3319 1741 3364 et
1779 3310 2139 3364 substantiam

575 3381 734 3450 panis
749 3381 811 3450 in
845 3389 1091 3450 naturam
1115 3391 1180 3450 et
1205 3380 1557 3436 substantiam
1582 3381 1780 3442 carnis,
1808 3379 1987 3450 carnis
2016 3394 2140 3450 vero

576 3447 684 3502 iton
713 3448 957 3513 alterius,
983 3448 1076 3502 sed
1111 3449 1251 3519 illius
1275 3465 1395 3519 quae
1433 3459 1698 3519 concepta
1721 3458 1804 3503 est
1833 3449 1899 3502 de
1939 3447 2140 3518 Spiritu

575 3528 782 3588 sancto,
814 3528 868 3570 et
895 3527 1015 3588 inata
1047 3533 1111 3588 ex
1145 3517 1308 3588 Maria
1337 3518 1590 3588 Virgine?
1610 3520 1644 3586 ιῖι
1668 3517 1860 3573 Credo.

647 3585 1016 3656 Interrogatio.
1041 3587 1300 3641 Similiter
1342 3585 1525 3641 vinum
1568 3585 1710 3656 quod
1738 3602 1888 3655 aqua:
1917 3585 2139 3641 tnistum

577 3655 633 3727 in
658 3656 840 3727 calice
862 3655 1289 3727 sacrificandum
1332 3655 1670 3727 proponitur,
1714 3670 1844 3727 rvere
1871 3665 1924 3727 et
1954 3671 2138 3710 essen-

580 3723 778 3796 tialite‘r
799 3725 1037 3796 converti
1063 3725 1114 3778 in
1141 3740 1262 3796 eum
1288 3723 1601 3796 sanguinem
1638 3726 1726 3794 qui
1757 3741 1854 3794 per
1899 3725 2139 3796 lanceam

577 3794 768 3918 Etilijis
813 3793 880 3848 de
925 3793 1146 3850 vulnere
1187 3793 1451 3850 Domiuici
1499 3793 1682 3850 lateris
1733 3793 2050 3850 emanavit?
2106 3795 2141 3862 ἢ

622 3879 680 3917 re
715 3878 770 3916 ο.
1943 3897 1947 3901 Α

622 3878 770 3917 1⁸0110.
1943 3897 1947 3901 Α

647 3930 1015 4001 Interrogatio.
1042 3933 1228 3987 Credis
1270 3949 1454 3997 unam,
1503 3944 1766 3997 sanctam,
1817 3932 2140 3987 catholicam

573 4009 632 4054 et
673 4003 1022 4072 apostolicam
1070 4002 1386 4068 Ecclesium,
1439 4005 1489 4058 in
1536 4020 1641 4072 qua
1695 4005 1807 4056 haec
1858 4001 2142 4070 singularis

577 4073 748 4139 gratia
771 4069 1020 4135 eﬂieitur,
1052 4072 1104 4126 in
1136 4088 1238 4140 qua
1269 4088 1432 4126 unum
1475 4069 1632 4142 221
1668 4069 2139 4142 datur_baptisma,

574 4149 631 4193 ct
658 4155 783 4211 vera
812 4139 1322 4211 omnimnretitissio
1357 4139 1733 4211 peccati—timui?
1760 4139 2005 4208 tiCredo.

647 4207 1012 4278 Interrogatio.
1039 4207 1478 4264 Anatbemat'izas
1517 4225 1729 4264 onmem
1773 4207 2020 4264 hmresim
2049 4226 2143 4263 ex-

575 4277 868 4331 tollentem
913 4293 972 4330 se
1037 4280 1290 4332 adversus
1347 4279 1483 4334 hanc
1537 4291 1778 4334 sanetam
1840 4279 2139 4334 Ecelesiam

576 4346 928 4400 catholicmn?
954 4347 988 4414 ἢ
1015 4347 1442 4402 Anathematizo.

648 4415 1015 4488 Interrogatio.
1051 4416 1236 4470 Credis
1284 4432 1465 4471 veram
1515 4417 1967 4472 resurrectionem
1999 4417 2142 4488 ejus-

571 4483 700 4620 1ιὲεξὲιι
705 4485 914 4607 eﬁarttis
938 4497 1102 4552 quam
1131 4499 1271 4540 nunc
1298 4497 1497 4555 gestas,
1530 4497 1584 4542 et
1625 4489 1792 4542 vitam
1847 4483 2140 4542 aeternam?

678 4567 704 4605 r
771 4566 825 4606 ο.

678 4566 825 4606 reao.

1258 4622 1462 4678 Oratio.

647 4707 774 4763 Haec
804 4707 899 4764 tibi
937 4708 1066 4765 fides
1095 4727 1163 4766 au
1200 4724 1356 4766 eatur
1403 4729 1433 4766 a
1479 4713 1704 4768 Domino
1749 4714 1816 4768 ad
1863 4728 2045 4766 veram
2092 4724 2148 4768 et

647 4793 834 4832 eruam
891 4779 1117 4836 salutem
1167 4727 1265 4854 rat.
1320 4781 1752 4854 beatitudinem],
1796 4783 2146 4839 dilectissime

575 4788 834 4901 :‘ete‘ténam
891 4779 1117 4836 salutem
1171 4779 1265 4854 [αι.
1320 4781 1752 4854 beatitudinem],
1796 4783 2146 4839 dilectissime

605 4863 660 4900 ra
725 4863 770 4901 r.

605 4863 770 4902 rater.

1092 4918 1274 4974 Oratio
1299 4922 1368 4974 ad
1403 4921 1635 4975 missam.

649 5009 867 5058 Adesto-
897 5012 1139 5060 nomine.
1165 5015 1646 5062 snmdinationihtts
1675 5015 1898 5064 nostris.
1922 5024 1977 5064 et
1997 5015 2144 5066 quod

2621 1972 2703 2026 Ad
2742 1972 2979 2040 pollicem
3005 1972 3436 2025 consecrandum.

2315 2088 2456 2142 Deus
2484 2097 2538 2141 et
2561 2087 2723 2141 Pater
2753 2087 2961 2141 Domini
2993 2087 3162 2140 nostri
3201 2084 3326 2140 Iesu
3359 2085 3580 2148 Christi,
3632 2085 3724 2153 qui
3768 2094 3818 2138 te

2243 2157 2311 2212 ad
2344 2159 2703 2226 pontificalem
2731 2157 3007 2226 sublimari
3051 2157 3220 2226 voluit
3251 2156 3590 2226 dignitatem,
3619 2155 3735 2226 ipse
3764 2167 3816 2208 te

2244 2223 2539 2281 chrismate
2563 2236 2615 2279 et
2641 2227 2878 2296 mysticae
2906 2225 3254 2279 delibutiouis
3277 2223 3482 2296 liquore
3506 2225 3817 2296 perfundat,

2243 2305 2297 2350 et
2342 2296 2638 2362 spiritualis
2681 2294 3072 2350 benedictionis
3116 2296 3364 2348 ubertate
3417 2294 3703 2355 fecundet,
3764 2304 3820 2344 ut

2245 2365 2506 2433 quidquid
2531 2363 2956 2420 sanetilicaveris
2985 2364 3374 2424 sanctilicetur,
3400 2372 3454 2416 et
3483 2372 3818 2433 consecrata:

2246 2432 2435 2504 manus
2467 2435 2621 2488 istius
2643 2433 2725 2504 vel
2763 2434 2973 2504 pollicis
3009 2433 3282 2504 itnpositio
3329 2434 3542 2488 cunctis
3569 2432 3817 2502 proficiat

2246 2504 2312 2558 ad
2357 2503 2604 2558 salutem.
2646 2502 2768 2558 Per.

2772 2572 3070 2627 Benedictio
3091 2571 3282 2626 baculi.

2314 2681 2664 2754 Omnipotens
2692 2683 3086 2754 ctutiserieors
3111 2682 3251 2754 Deus
3271 2723 3286 2746 ,
3314 2681 3405 2752 qui
3434 2680 3690 2754 ineffabili
3720 2681 3814 2734 ho-

2245 2754 2411 2808 nitate
2443 2753 2580 2806 votis
2617 2753 3030 2822 supplicantium
3073 2753 3286 2806 assistis
3310 2791 3324 2814 ,
3350 2753 3576 2822 quique
3611 2767 3677 2822 ex
3711 2761 3816 2804 tua:

2243 2825 2462 2892 pietatis
2484 2821 2811 2876 abundantia
2856 2823 3107 2876 allectum
3148 2821 3367 2892 petendi
3402 2821 3688 2892 attribuist
3723 2822 3814 2892 [κιο

2244 2889 2365 2946 culo
2395 2892 2519 2971 huic
2547 2892 2802 2972 quetnhad
2831 2889 3540 2972 pastoralis.ollieiisigumu
3570 2892 3622 2971 in
3654 2889 3814 2960 223

2245 2970 2338 3014 tuo
2376 2963 2596 3016 nomine
2618 2963 2952 3024 dedicamus,
2989 2971 3092 3016 tua:
3133 2961 3525 3015 benedictionis
3562 2963 3672 3012 vim
3726 2979 3815 3013 eo-

2245 3031 2394 3099 piose
2426 3030 2668 3094 infunde,
2693 3039 2750 3083 ut
2771 3047 2835 3085 eo
2859 3042 3044 3100 pastor
3091 3031 3400 3101 insignitus,
3443 3029 3522 3101 sic
3555 3029 3813 3101 populum

2246 3098 2396 3170 tuum
2420 3101 2647 3170 sollicite
2675 3098 2942 3155 custodiat
2983 3098 3248 3170 quatenus
3286 3102 3352 3170 ab
3389 3100 3594 3170 unitate
3624 3098 3813 3152 Ecelc-

2245 3169 2340 3240 sia:
2369 3169 2675 3224 nullatenus
2695 3171 2911 3224 deviare
2942 3169 3236 3240 permittat,
3261 3169 3354 3224 sed
3381 3169 3673 3223 infractum
3699 3170 3814 3222 red-

2244 3238 2509 3310 integret,
2557 3252 2896 3310 quassatum
2924 3238 3256 3304 cuttsolttlet,
3311 3255 3476 3310 seque
3535 3255 3643 3292 una
3691 3254 3812 3292 cum

2241 3323 2428 3433 εςιηίεςιίἱ
2427 3325 2523 3364 suo
2549 3311 2819 3380 integrum
2845 3309 2940 3364 tibi
2971 3321 3134 3381 atque
3162 3309 3563 3365 immaculatum
3593 3323 3816 3364 conser-

2243 3392 2305 3433 ve
2334 3415 2350 3432 .
2431 3393 2512 3433 er.

2243 3387 2350 3433 νει.
2387 3387 2512 3433 t’er.

2761 3468 3058 3525 Benedictio
3087 3472 3293 3526 annali.

2313 3580 2475 3644 Deus,
2499 3581 2663 3636 totius
2688 3592 2953 3654 creatura:
2999 3584 3318 3654 principium
3347 3593 3404 3654 et
3427 3583 3573 3646 linis.
3643 3600 3678 3638 n
3706 3597 3808 3654 quo

2242 3650 2419 3706 clausa
2479 3661 2602 3705 sunt
2632 3653 2836 3717 omnia,
2895 3650 3036 3708 hunc
3091 3650 3344 3708 annulum
3397 3650 3810 3708 benedicere'et

2243 3719 2592 3803 sattctillcare
2612 3722 2882 3803 digneris;
2915 3733 2974 3803 ut
3007 3723 3094 3803 qui
3146 3737 3240 3792 per
3291 3739 3412 3803 eum
3466 3722 3673 3803 famulo
3711 3734 3810 3803 _tuo

2242 3790 2465 3862 honoris
2493 3790 2719 3860 insignia
2749 3790 3300 3853 cont-edis,virtutem
3351 3802 3405 3848 et
3453 3794 3677 3862 praemia
3711 3793 3812 3846 lar-

2241 3859 2430 3928 giaris,
2459 3875 2564 3928 quo
2589 3872 2643 3913 et
2672 3862 3015 3916 discretionis
3039 3863 3280 3916 habitum
3309 3859 3522 3930 semper
3551 3865 3809 3925 retineat,

2241 3943 2295 3983 et
2323 3930 2612 3985 verattidei
2660 3930 2865 4000 fulgore
2897 3931 3230 4002 praefulgent,
3279 3943 3479 4002 sanctae
3525 3931 3812 3987 Tiiuitatis

2241 4013 2462 4073 quoque
2499 4009 2740 4073 armatus
2799 4001 3128 4073 munimine}
3171 4002 3324 4073 miles
3376 4001 3813 4073 inexpugnabilis

2243 4069 2391 4122 acies
2413 4069 2607 4123 diaboli
2632 4079 2946 4124 constanter
2975 4072 3207 4124 evincat.
3244 4071 3364 4126 Per.

2244 4181 2346 4236 Hic
2383 4185 2681 4237 immittitur
2710 4185 2974 4254 episcopus
3009 4185 3060 4237 in
3095 4184 3393 4237 cathedram
3441 4183 3793 4254 eptscopalem

2711 4264 2757 4306 et
2787 4253 2980 4307 dicitur
3007 4254 3116 4308 ha'c
3143 4254 3329 4307 oratio.

2311 4364 2663 4435 Omnipotens
2691 4365 3015 4432 sempiterne
3040 4366 3202 4430 Deus,
3234 4366 3324 4434 qui
3363 4366 3636 4421 distinctis
3666 4367 3813 4422 ordi-

2244 4436 2402 4490 nibus
2429 4451 2644 4488 uumem
2677 4435 2919 4488 militiam
2961 4435 3234 4489 caelestem
3275 4439 3524 4504 dignatus
3551 4453 3610 4490 es
3638 4439 3690 4490 iu
3724 4453 3814 4492 su-

2173 4505 2695 4585 Dpernisscdiluts
2741 4506 3020 4585 malitiam,
3069 4507 3277 4585 quique
3329 4506 3810 4585 b-atumnl’etrmn

2250 4573 2548 4642 apostolum
2604 4575 2654 4625 in
2708 4575 3016 4628 cathedram
3068 4575 3288 4629 honoris
3343 4579 3504 4629 totius
3553 4576 3812 4630 Ecclesia:

2248 4643 2582 4704 sublimasti,
2636 4654 2690 4696 et
2753 4643 3030 4697 Matthiam
3093 4644 3330 4711 ejusdem
3386 4657 3695 4698 consortem
3754 4646 3808 4698 in

2249 4715 2442 4766 throno
2466 4713 2756 4780 apostolico
2790 4713 3023 4783 residere
3047 4715 3284 4783 voluisti,
3334 4729 3668 4782 quaesumus,
3712 4729 3812 4783 pro

2247 4791 2335 4834 tua
2363 4783 2622 4854 innnettsa
2657 4782 3056 4854 misericordia,
3104 4782 3267 4854 224
3313 4783 3527 4838 effunde
3573 4782 3808 4854 gratiam

2239 4861 2401 4904 .tuam
2427 4852 2477 4903 in
2508 4851 2625 4903 loco
2656 4851 2778 4911 isto,
2807 4860 2864 4902 ιιι
2893 4851 2961 4904 sit
2983 4852 3098 4906 huic
3125 4851 3282 4906 Sedes
3302 4854 3557 4907 cathedra
3585 4851 3808 4906 honoris

2253 4931 2309 4972 et
2337 4919 2614 4988 dignitatis
2655 4923 2704 4972 in
2745 4930 3033 4987 conspectu
3078 4923 3376 4988 majestatis
3420 4933 3545 4985 tuac,
3595 4925 3662 4975 ad
3694 4922 3807 4976 lau-

2254 4990 2372 5040 dem
2403 4987 2462 5042 et
2484 4987 2704 5066 gloriam
2730 4989 2964 5066 nominis
2994 4991 3089 5052 tui,
3133 4987 3200 5066 ad
3249 4992 3507 5046 honorem
3535 4991 3807 5066 Ecclesiae
