  <div class='ocr_page' id='page_1' title='image "/cluster/home/n/w/nwhite01/storage/ocr_20150623/147/hvd.32044010574002/098.png"; bbox 0 0 3938 5380; ppageno 0'>
   <div class='ocr_carea' id='block_1_1' title="bbox 171 294 308 352">
    <p class='ocr_par' dir='ltr' id='par_1_1' title="bbox 171 294 308 352">
     <span class='ocr_line' id='line_1_1' title="bbox 171 294 308 352; baseline 0.015 -2"><span class='ocrx_word' id='word_1_1' title='bbox 171 294 308 352; x_wconf 75' lang='grc'><strong>185</strong></span> 
     </span>
    </p>
   </div>
   <div class='ocr_carea' id='block_1_2' title="bbox 1582 304 2116 360">
    <p class='ocr_par' dir='ltr' id='par_1_2' title="bbox 1582 304 2116 360">
     <span class='ocr_line' id='line_1_2' title="bbox 1582 304 2116 360; baseline 0.004 -3"><span class='ocrx_word' id='word_1_2' title='bbox 1582 304 1761 360; x_wconf 74' lang='lat' dir='ltr'><strong>ACTA</strong></span> <span class='ocrx_word' id='word_1_3' title='bbox 1823 304 2116 360; x_wconf 71' lang='lat' dir='ltr'><strong>VETERA.</strong></span> 
     </span>
    </p>
   </div>
   <div class='ocr_carea' id='block_1_3' title="bbox 3371 291 3470 361">
    <p class='ocr_par' dir='ltr' id='par_1_3' title="bbox 3371 291 3470 361">
     <span class='ocr_line' id='line_1_3' title="bbox 3371 291 3470 361; baseline 0.02 -2"><span class='ocrx_word' id='word_1_4' title='bbox 3371 291 3470 361; x_wconf 83' lang='lat' dir='ltr'><strong>l86</strong></span> 
     </span>
    </p>
   </div>
   <div class='ocr_carea' id='block_1_4' title="bbox 168 414 3471 492">
    <p class='ocr_par' dir='ltr' id='par_1_4' title="bbox 168 414 3471 492">
     <span class='ocr_line' id='line_1_4' title="bbox 168 414 3471 492; baseline 0.003 -26"><span class='ocrx_word' id='word_1_5' title='bbox 168 415 312 467; x_wconf 64' lang='lat' dir='ltr'><strong>lato</strong></span> <span class='ocrx_word' id='word_1_6' title='bbox 366 416 436 468; x_wconf 86' lang='lat' dir='ltr'><strong>ad</strong></span> <span class='ocrx_word' id='word_1_7' title='bbox 473 415 668 492; x_wconf 64' lang='lat' dir='ltr'><strong>sedent</strong></span> <span class='ocrx_word' id='word_1_8' title='bbox 711 429 862 492; x_wconf 78' lang='lat' dir='ltr'><strong>snam</strong></span> <span class='ocrx_word' id='word_1_9' title='bbox 913 414 979 492; x_wconf 83' lang='lat' dir='ltr'><strong>_in_</strong></span> <span class='ocrx_word' id='word_1_10' title='bbox 1019 415 1242 469; x_wconf 86' lang='lat' dir='ltr'><strong>chorum</strong></span> <span class='ocrx_word' id='word_1_11' title='bbox 1294 432 1527 492; x_wconf 83' lang='lat' dir='ltr'><strong>reverso,</strong></span> <span class='ocrx_word' id='word_1_12' title='bbox 1562 419 1786 492; x_wconf 73' lang='lat' dir='ltr'><strong>sacrisfa</strong></span> <span class='ocrx_word' id='word_1_13' title='bbox 1815 422 1860 481; x_wconf 72' lang='grc' dir='ltr'><strong>Α</strong></span> <span class='ocrx_word' id='word_1_14' title='bbox 1906 490 1912 492; x_wconf 77' lang='lat'><strong><em>_</em></strong></span> <span class='ocrx_word' id='word_1_15' title='bbox 1953 418 2039 492; x_wconf 56' lang='lat' dir='ltr'><strong>De</strong></span> <span class='ocrx_word' id='word_1_16' title='bbox 2065 417 2484 492; x_wconf 81' lang='lat' dir='ltr'><strong>Annuntiatione</strong></span> <span class='ocrx_word' id='word_1_17' title='bbox 2518 421 3013 492; x_wconf 66' lang='lat' dir='ltr'><strong>Dtl_tt!it‘tiCﬂ_dUplCX</strong></span> <span class='ocrx_word' id='word_1_18' title='bbox 3043 420 3235 476; x_wconf 80' lang='lat' dir='ltr'><strong>festum</strong></span> <span class='ocrx_word' id='word_1_19' title='bbox 3269 422 3471 492; x_wconf 80' lang='lat' dir='ltr'><strong>agitur.</strong></span> 
     </span>
    </p>
   </div>
   <div class='ocr_carea' id='block_1_5' title="bbox 169 483 1785 553">
    <p class='ocr_par' dir='ltr' id='par_1_5' title="bbox 169 483 1785 553">
     <span class='ocr_line' id='line_1_5' title="bbox 169 483 1785 553; baseline 0.003 -16"><span class='ocrx_word' id='word_1_20' title='bbox 169 500 392 537; x_wconf 73' lang='lat' dir='ltr'><strong>cereos</strong></span> <span class='ocrx_word' id='word_1_21' title='bbox 455 483 786 547; x_wconf 79' lang='lat' dir='ltr'><strong>distribuat,</strong></span> <span class='ocrx_word' id='word_1_22' title='bbox 820 484 1082 543; x_wconf 81' lang='lat' dir='ltr'><strong>incipiens</strong></span> <span class='ocrx_word' id='word_1_23' title='bbox 1134 502 1162 536; x_wconf 91' lang='lat' dir='ltr'><strong>a</strong></span> <span class='ocrx_word' id='word_1_24' title='bbox 1208 487 1428 553; x_wconf 84' lang='lat' dir='ltr'><strong>pr.elato</strong></span> <span class='ocrx_word' id='word_1_25' title='bbox 1477 498 1528 540; x_wconf 83' lang='lat' dir='ltr'><strong>et</strong></span> <span class='ocrx_word' id='word_1_26' title='bbox 1578 491 1785 542; x_wconf 55' lang='lat' dir='ltr'><strong>(ueteris</strong></span> 
     </span>
    </p>
   </div>
   <div class='ocr_carea' id='block_1_6' title="bbox 173 554 1785 624">
    <p class='ocr_par' dir='ltr' id='par_1_6' title="bbox 173 554 1785 624">
     <span class='ocr_line' id='line_1_6' title="bbox 173 554 1785 624; baseline 0.004 -18"><span class='ocrx_word' id='word_1_27' title='bbox 173 554 527 624; x_wconf 72' lang='lat' dir='ltr'><strong>majoribus.</strong></span> <span class='ocrx_word' id='word_1_28' title='bbox 560 555 692 607; x_wconf 79' lang='lat' dir='ltr'><strong>Cum</strong></span> <span class='ocrx_word' id='word_1_29' title='bbox 733 569 860 624; x_wconf 80' lang='lat' dir='ltr'><strong>vero</strong></span> <span class='ocrx_word' id='word_1_30' title='bbox 901 555 1188 607; x_wconf 82' lang='lat' dir='ltr'><strong>illuminari</strong></span> <span class='ocrx_word' id='word_1_31' title='bbox 1235 557 1518 622; x_wconf 76' lang='lat' dir='ltr'><strong>cmperint,</strong></span> <span class='ocrx_word' id='word_1_32' title='bbox 1547 573 1785 624; x_wconf 64' lang='lat' dir='ltr'><strong>peccen-</strong></span> 
     </span>
    </p>
   </div>
   <div class='ocr_carea' id='block_1_7' title="bbox 176 623 1784 694">
    <p class='ocr_par' dir='ltr' id='par_1_7' title="bbox 176 623 1784 694">
     <span class='ocr_line' id='line_1_7' title="bbox 176 623 1784 694; baseline 0.003 -19"><span class='ocrx_word' id='word_1_33' title='bbox 176 623 298 678; x_wconf 19' lang='lat' dir='ltr'><strong>lor’</strong></span> <span class='ocrx_word' id='word_1_34' title='bbox 338 623 939 694; x_wconf 58' lang='lat' dir='ltr'><strong>antipltonamLumen</strong></span> <span class='ocrx_word' id='word_1_35' title='bbox 997 625 1064 676; x_wconf 84' lang='lat' dir='ltr'><strong>ad</strong></span> <span class='ocrx_word' id='word_1_36' title='bbox 1123 627 1482 679; x_wconf 65' lang='lat' dir='ltr'><strong>reuelationem</strong></span> <span class='ocrx_word' id='word_1_37' title='bbox 1545 623 1784 694; x_wconf 62' lang='lat' dir='ltr'><strong>incipiat,</strong></span> 
     </span>
    </p>
   </div>
   <div class='ocr_carea' id='block_1_8' title="bbox 173 691 1780 766">
    <p class='ocr_par' dir='ltr' id='par_1_8' title="bbox 173 691 1780 766">
     <span class='ocr_line' id='line_1_8' title="bbox 173 691 1780 766; baseline 0.003 -19"><span class='ocrx_word' id='word_1_38' title='bbox 173 711 321 763; x_wconf 71' lang='lat' dir='ltr'><strong>quze</strong></span> <span class='ocrx_word' id='word_1_39' title='bbox 379 691 506 749; x_wconf 86' lang='lat' dir='ltr'><strong>cum</strong></span> <span class='ocrx_word' id='word_1_40' title='bbox 559 693 799 766; x_wconf 79' lang='lat' dir='ltr'><strong>versibus</strong></span> <span class='ocrx_word' id='word_1_41' title='bbox 848 691 1004 746; x_wconf 82' lang='lat' dir='ltr'><strong>Nunc</strong></span> <span class='ocrx_word' id='word_1_42' title='bbox 1051 697 1286 766; x_wconf 79' lang='lat' dir='ltr'><strong>dimittis</strong></span> <span class='ocrx_word' id='word_1_43' title='bbox 1349 705 1432 750; x_wconf 83' lang='lat' dir='ltr'><strong>ter</strong></span> <span class='ocrx_word' id='word_1_44' title='bbox 1492 691 1780 766; x_wconf 74' lang='lat' dir='ltr'><strong>repetatur.</strong></span> 
     </span>
    </p>
   </div>
   <div class='ocr_carea' id='block_1_9' title="bbox 178 763 1788 835">
    <p class='ocr_par' dir='ltr' id='par_1_9' title="bbox 178 763 1788 835">
     <span class='ocr_line' id='line_1_9' title="bbox 178 763 1788 835; baseline 0.004 -19"><span class='ocrx_word' id='word_1_45' title='bbox 178 767 334 818; x_wconf 82' lang='lat' dir='ltr'><strong>Item</strong></span> <span class='ocrx_word' id='word_1_46' title='bbox 389 767 686 835; x_wconf 88' lang='lat' dir='ltr'><strong>antiphona</strong></span> <span class='ocrx_word' id='word_1_47' title='bbox 753 763 890 835; x_wconf 79' lang='lat' dir='ltr'><strong>Are,</strong></span> <span class='ocrx_word' id='word_1_48' title='bbox 922 765 1094 832; x_wconf 82' lang='lat' dir='ltr'><strong>gratia</strong></span> <span class='ocrx_word' id='word_1_49' title='bbox 1144 763 1294 831; x_wconf 78' lang='lat' dir='ltr'><strong>plena</strong></span> <span class='ocrx_word' id='word_1_50' title='bbox 1345 776 1452 820; x_wconf 83' lang='lat' dir='ltr'><strong>tota</strong></span> <span class='ocrx_word' id='word_1_51' title='bbox 1507 763 1563 821; x_wconf 80' lang='lat' dir='ltr'><strong>in</strong></span> <span class='ocrx_word' id='word_1_52' title='bbox 1621 769 1788 822; x_wconf 86' lang='lat' dir='ltr'><strong>choro</strong></span> 
     </span>
    </p>
   </div>
   <div class='ocr_carea' id='block_1_10' title="bbox 176 834 1788 908">
    <p class='ocr_par' dir='ltr' id='par_1_10' title="bbox 176 834 1788 908">
     <span class='ocr_line' id='line_1_10' title="bbox 176 834 1788 908; baseline 0.003 -21"><span class='ocrx_word' id='word_1_53' title='bbox 176 836 361 908; x_wconf 57' lang='lat'><strong>341</strong></span> <span class='ocrx_word' id='word_1_54' title='bbox 399 834 670 908; x_wconf 61' lang='lat' dir='ltr'><strong>capimur.</strong></span> <span class='ocrx_word' id='word_1_55' title='bbox 711 834 922 908; x_wconf 77' lang='lat' dir='ltr'><strong>Interim</strong></span> <span class='ocrx_word' id='word_1_56' title='bbox 954 845 1249 908; x_wconf 73' lang='lat' dir='ltr'><strong>pra-parata</strong></span> <span class='ocrx_word' id='word_1_57' title='bbox 1285 839 1647 908; x_wconf 77' lang='lat' dir='ltr'><strong>processione,</strong></span> <span class='ocrx_word' id='word_1_58' title='bbox 1677 847 1788 892; x_wconf 85' lang='lat' dir='ltr'><strong>sta-</strong></span> 
     </span>
    </p>
   </div>
   <div class='ocr_carea' id='block_1_11' title="bbox 181 904 1787 973">
    <p class='ocr_par' dir='ltr' id='par_1_11' title="bbox 181 904 1787 973">
     <span class='ocr_line' id='line_1_11' title="bbox 181 904 1787 973; baseline 0.001 -15"><span class='ocrx_word' id='word_1_59' title='bbox 181 904 298 960; x_wconf 73' lang='lat' dir='ltr'><strong>tini</strong></span> <span class='ocrx_word' id='word_1_60' title='bbox 341 904 402 959; x_wconf 85' lang='lat' dir='ltr'><strong>ut</strong></span> <span class='ocrx_word' id='word_1_61' title='bbox 453 907 746 973; x_wconf 85' lang='lat' dir='ltr'><strong>antiphona</strong></span> <span class='ocrx_word' id='word_1_62' title='bbox 794 904 1002 955; x_wconf 72' lang='grc' dir='ltr'><strong>Δάοι-ηπ</strong></span> <span class='ocrx_word' id='word_1_63' title='bbox 1045 904 1328 958; x_wconf 81' lang='lat' dir='ltr'><strong>thalamum</strong></span> <span class='ocrx_word' id='word_1_64' title='bbox 1374 907 1646 972; x_wconf 75' lang='lat' dir='ltr'><strong>itu-ipitnr,</strong></span> <span class='ocrx_word' id='word_1_65' title='bbox 1676 924 1787 961; x_wconf 73' lang='lat' dir='ltr'><strong>Ino-</strong></span> 
     </span>
    </p>
   </div>
   <div class='ocr_carea' id='block_1_12' title="bbox 179 974 1786 1045">
    <p class='ocr_par' dir='ltr' id='par_1_12' title="bbox 179 974 1786 1045">
     <span class='ocr_line' id='line_1_12' title="bbox 179 974 1786 1045; baseline 0.004 -20"><span class='ocrx_word' id='word_1_66' title='bbox 179 987 388 1036; x_wconf 69' lang='lat' dir='ltr'><strong>veant,</strong></span> <span class='ocrx_word' id='word_1_67' title='bbox 422 984 476 1028; x_wconf 78' lang='lat' dir='ltr'><strong>ct</strong></span> <span class='ocrx_word' id='word_1_68' title='bbox 504 992 599 1042; x_wconf 87' lang='lat' dir='ltr'><strong>per</strong></span> <span class='ocrx_word' id='word_1_69' title='bbox 630 976 920 1045; x_wconf 76' lang='lat' dir='ltr'><strong>claustrum</strong></span> <span class='ocrx_word' id='word_1_70' title='bbox 953 974 1259 1029; x_wconf 70' lang='lat' dir='ltr'><strong>incedentes</strong></span> <span class='ocrx_word' id='word_1_71' title='bbox 1292 987 1414 1029; x_wconf 82' lang='lat' dir='ltr'><strong>ante</strong></span> <span class='ocrx_word' id='word_1_72' title='bbox 1447 976 1786 1045; x_wconf 70' lang='lat' dir='ltr'><strong>t&#39;ciectorinm</strong></span> 
     </span>
    </p>
   </div>
   <div class='ocr_carea' id='block_1_13' title="bbox 178 1044 1782 1114">
    <p class='ocr_par' dir='ltr' id='par_1_13' title="bbox 178 1044 1782 1114">
     <span class='ocr_line' id='line_1_13' title="bbox 178 1044 1782 1114; baseline 0 -16"><span class='ocrx_word' id='word_1_73' title='bbox 178 1048 495 1100; x_wconf 76' lang='lat' dir='ltr'><strong>stationem</strong></span> <span class='ocrx_word' id='word_1_74' title='bbox 542 1045 763 1105; x_wconf 69' lang='lat' dir='ltr'><strong>faciant,</strong></span> <span class='ocrx_word' id='word_1_75' title='bbox 809 1044 980 1096; x_wconf 75' lang='lat' dir='ltr'><strong>donec</strong></span> <span class='ocrx_word' id='word_1_76' title='bbox 1028 1046 1171 1097; x_wconf 69' lang='lat' dir='ltr'><strong>licita</strong></span> <span class='ocrx_word' id='word_1_77' title='bbox 1216 1047 1505 1114; x_wconf 78' lang='lat' dir='ltr'><strong>antiphona</strong></span> <span class='ocrx_word' id='word_1_78' title='bbox 1551 1049 1782 1109; x_wconf 79' lang='lat' dir='ltr'><strong>Adorua,</strong></span> 
     </span>
    </p>
   </div>
   <div class='ocr_carea' id='block_1_14' title="bbox 178 1114 1788 1186">
    <p class='ocr_par' dir='ltr' id='par_1_14' title="bbox 178 1114 1788 1186">
     <span class='ocr_line' id='line_1_14' title="bbox 178 1114 1788 1186; baseline 0 -16"><span class='ocrx_word' id='word_1_79' title='bbox 178 1128 396 1170; x_wconf 78' lang='lat' dir='ltr'><strong>cantor</strong></span> <span class='ocrx_word' id='word_1_80' title='bbox 436 1118 471 1184; x_wconf 65' lang='grc' dir='ltr'><strong>ῐξ</strong></span> <span class='ocrx_word' id='word_1_81' title='bbox 509 1114 828 1186; x_wconf 69' lang='lat' dir='ltr'><strong>Responsum</strong></span> <span class='ocrx_word' id='word_1_82' title='bbox 879 1115 1070 1186; x_wconf 58' lang='lat' dir='ltr'><strong>arrepit</strong></span> <span class='ocrx_word' id='word_1_83' title='bbox 1103 1116 1361 1180; x_wconf 85' lang='lat' dir='ltr'><strong>imponat,</strong></span> <span class='ocrx_word' id='word_1_84' title='bbox 1390 1132 1509 1168; x_wconf 82' lang='lat' dir='ltr'><strong>cuzn</strong></span> <span class='ocrx_word' id='word_1_85' title='bbox 1535 1134 1639 1186; x_wconf 73' lang='lat' dir='ltr'><strong>quo</strong></span> <span class='ocrx_word' id='word_1_86' title='bbox 1665 1126 1788 1170; x_wconf 86' lang='lat' dir='ltr'><strong>ante</strong></span> 
     </span>
    </p>
   </div>
   <div class='ocr_carea' id='block_1_15' title="bbox 178 1182 1788 1270">
    <p class='ocr_par' dir='ltr' id='par_1_15' title="bbox 178 1182 1788 1270">
     <span class='ocr_line' id='line_1_15' title="bbox 178 1182 1788 1270; baseline 0.001 -30"><span class='ocrx_word' id='word_1_87' title='bbox 178 1182 527 1270; x_wconf 69' lang='lat' dir='ltr'><strong>Crucilixmn</strong></span> <span class='ocrx_word' id='word_1_88' title='bbox 564 1185 842 1270; x_wconf 52' lang='lat' dir='ltr'><strong>yet-riemes</strong></span> <span class='ocrx_word' id='word_1_89' title='bbox 875 1182 908 1250; x_wconf 66' lang='grc' dir='ltr'><strong><em>Ῡ</em></strong></span> <span class='ocrx_word' id='word_1_90' title='bbox 946 1182 1113 1236; x_wconf 82' lang='lat' dir='ltr'><strong>Hodie</strong></span> <span class='ocrx_word' id='word_1_91' title='bbox 1149 1186 1296 1270; x_wconf 66' lang='lat' dir='ltr'><strong>beam</strong></span> <span class='ocrx_word' id='word_1_92' title='bbox 1353 1196 1460 1268; x_wconf 71' lang='lat' dir='ltr'><strong>tres</strong></span> <span class='ocrx_word' id='word_1_93' title='bbox 1485 1182 1788 1270; x_wconf 42' lang='lat' dir='ltr'><strong>lin-pulpito</strong></span> 
     </span>
    </p>
   </div>
   <div class='ocr_carea' id='block_1_16' title="bbox 179 1255 1785 1325">
    <p class='ocr_par' dir='ltr' id='par_1_16' title="bbox 179 1255 1785 1325">
     <span class='ocr_line' id='line_1_16' title="bbox 179 1255 1785 1325; baseline -0.001 -15"><span class='ocrx_word' id='word_1_94' title='bbox 179 1265 447 1318; x_wconf 86' lang='lat' dir='ltr'><strong>cantent,</strong></span> <span class='ocrx_word' id='word_1_95' title='bbox 497 1255 689 1309; x_wconf 86' lang='lat' dir='ltr'><strong>deinde</strong></span> <span class='ocrx_word' id='word_1_96' title='bbox 731 1256 959 1320; x_wconf 70' lang='lat' dir='ltr'><strong>inrmpla</strong></span> <span class='ocrx_word' id='word_1_97' title='bbox 1004 1271 1030 1306; x_wconf 87' lang='lat' dir='ltr'><strong>a</strong></span> <span class='ocrx_word' id='word_1_98' title='bbox 1085 1255 1302 1322; x_wconf 58' lang='lat' dir='ltr'><strong>praelato</strong></span> <span class='ocrx_word' id='word_1_99' title='bbox 1333 1259 1620 1325; x_wconf 87' lang='lat' dir='ltr'><strong>antiphona</strong></span> <span class='ocrx_word' id='word_1_100' title='bbox 1656 1255 1785 1310; x_wconf 84' lang='lat' dir='ltr'><strong>Cum</strong></span> 
     </span>
    </p>
   </div>
   <div class='ocr_carea' id='block_1_17' title="bbox 181 1325 1786 1393">
    <p class='ocr_par' dir='ltr' id='par_1_17' title="bbox 181 1325 1786 1393">
     <span class='ocr_line' id='line_1_17' title="bbox 181 1325 1786 1393; baseline 0.004 -20"><span class='ocrx_word' id='word_1_101' title='bbox 181 1328 533 1386; x_wconf 68' lang='lat' dir='ltr'><strong>induerent,</strong></span> <span class='ocrx_word' id='word_1_102' title='bbox 579 1326 631 1378; x_wconf 85' lang='lat' dir='ltr'><strong>in</strong></span> <span class='ocrx_word' id='word_1_103' title='bbox 678 1326 900 1378; x_wconf 86' lang='lat' dir='ltr'><strong>chorum</strong></span> <span class='ocrx_word' id='word_1_104' title='bbox 947 1325 1189 1378; x_wconf 76' lang='lat' dir='ltr'><strong>redeant.</strong></span> <span class='ocrx_word' id='word_1_105' title='bbox 1230 1327 1412 1393; x_wconf 84' lang='lat' dir='ltr'><strong>sicque</strong></span> <span class='ocrx_word' id='word_1_106' title='bbox 1453 1329 1595 1380; x_wconf 86' lang='lat' dir='ltr'><strong>dicto</strong></span> <span class='ocrx_word' id='word_1_107' title='bbox 1635 1342 1786 1381; x_wconf 87' lang='lat' dir='ltr'><strong>versu</strong></span> 
     </span>
    </p>
   </div>
   <div class='ocr_carea' id='block_1_18' title="bbox 185 1394 1788 1466">
    <p class='ocr_par' dir='ltr' id='par_1_18' title="bbox 185 1394 1788 1466">
     <span class='ocr_line' id='line_1_18' title="bbox 185 1394 1788 1466; baseline 0.001 -18"><span class='ocrx_word' id='word_1_108' title='bbox 185 1395 528 1462; x_wconf 71' lang='lat' dir='ltr'><strong>Responsum</strong></span> <span class='ocrx_word' id='word_1_109' title='bbox 560 1397 774 1460; x_wconf 75' lang='lat' dir='ltr'><strong>accepit,</strong></span> <span class='ocrx_word' id='word_1_110' title='bbox 808 1402 862 1466; x_wconf 84' lang='lat' dir='ltr'><strong>et</strong></span> <span class='ocrx_word' id='word_1_111' title='bbox 893 1394 1112 1447; x_wconf 70' lang='lat' dir='ltr'><strong>collecta</strong></span> <span class='ocrx_word' id='word_1_112' title='bbox 1144 1394 1376 1456; x_wconf 76' lang='lat' dir='ltr'><strong>Exaudi,</strong></span> <span class='ocrx_word' id='word_1_113' title='bbox 1408 1397 1648 1456; x_wconf 79' lang='lat' dir='ltr'><strong>Domine,</strong></span> <span class='ocrx_word' id='word_1_114' title='bbox 1675 1397 1788 1466; x_wconf 86' lang='lat' dir='ltr'><strong>pul-</strong></span> 
     </span>
    </p>
   </div>
   <div class='ocr_carea' id='block_1_19' title="bbox 185 1465 1789 1526">
    <p class='ocr_par' dir='ltr' id='par_1_19' title="bbox 185 1465 1789 1526">
     <span class='ocr_line' id='line_1_19' title="bbox 185 1465 1789 1526; baseline 0.001 -8"><span class='ocrx_word' id='word_1_115' title='bbox 185 1477 349 1518; x_wconf 76' lang='lat' dir='ltr'><strong>Setur</strong></span> <span class='ocrx_word' id='word_1_116' title='bbox 377 1468 670 1520; x_wconf 75' lang='lat' dir='ltr'><strong>classicum</strong></span> <span class='ocrx_word' id='word_1_117' title='bbox 700 1478 750 1517; x_wconf 85' lang='lat' dir='ltr'><strong>et</strong></span> <span class='ocrx_word' id='word_1_118' title='bbox 787 1465 948 1517; x_wconf 83' lang='lat' dir='ltr'><strong>missa</strong></span> <span class='ocrx_word' id='word_1_119' title='bbox 980 1466 1278 1526; x_wconf 66' lang='lat' dir='ltr'><strong>incinit-tur,</strong></span> <span class='ocrx_word' id='word_1_120' title='bbox 1307 1468 1482 1520; x_wconf 83' lang='lat' dir='ltr'><strong>omnis</strong></span> <span class='ocrx_word' id='word_1_121' title='bbox 1507 1483 1633 1521; x_wconf 89' lang='lat' dir='ltr'><strong>vero</strong></span> <span class='ocrx_word' id='word_1_122' title='bbox 1663 1465 1789 1520; x_wconf 70' lang='lat' dir='ltr'><strong>con-</strong></span> 
     </span>
    </p>
   </div>
   <div class='ocr_carea' id='block_1_20' title="bbox 185 1535 1788 1604">
    <p class='ocr_par' dir='ltr' id='par_1_20' title="bbox 185 1535 1788 1604">
     <span class='ocr_line' id='line_1_20' title="bbox 185 1535 1788 1604; baseline 0.001 -16"><span class='ocrx_word' id='word_1_123' title='bbox 185 1549 394 1589; x_wconf 72' lang='lat' dir='ltr'><strong>ventus</strong></span> <span class='ocrx_word' id='word_1_124' title='bbox 444 1538 619 1590; x_wconf 83' lang='lat' dir='ltr'><strong>donec</strong></span> <span class='ocrx_word' id='word_1_125' title='bbox 664 1536 913 1604; x_wconf 64' lang='lat' dir='ltr'><strong>prtelatus</strong></span> <span class='ocrx_word' id='word_1_126' title='bbox 957 1538 1021 1588; x_wconf 89' lang='lat' dir='ltr'><strong>ad</strong></span> <span class='ocrx_word' id='word_1_127' title='bbox 1066 1535 1236 1589; x_wconf 87' lang='lat' dir='ltr'><strong>altare</strong></span> <span class='ocrx_word' id='word_1_128' title='bbox 1282 1539 1462 1590; x_wconf 84' lang='lat' dir='ltr'><strong>veniat</strong></span> <span class='ocrx_word' id='word_1_129' title='bbox 1506 1553 1691 1590; x_wconf 64' lang='lat' dir='ltr'><strong>cereos</strong></span> <span class='ocrx_word' id='word_1_130' title='bbox 1735 1538 1788 1590; x_wconf 89' lang='lat' dir='ltr'><strong>in</strong></span> 
     </span>
    </p>
   </div>
   <div class='ocr_carea' id='block_1_21' title="bbox 188 1606 1786 1674">
    <p class='ocr_par' dir='ltr' id='par_1_21' title="bbox 188 1606 1786 1674">
     <span class='ocr_line' id='line_1_21' title="bbox 188 1606 1786 1674; baseline 0.001 -16"><span class='ocrx_word' id='word_1_131' title='bbox 188 1607 452 1660; x_wconf 81' lang='lat' dir='ltr'><strong>manibus</strong></span> <span class='ocrx_word' id='word_1_132' title='bbox 476 1617 686 1668; x_wconf 81' lang='lat' dir='ltr'><strong>tenent;</strong></span> <span class='ocrx_word' id='word_1_133' title='bbox 722 1607 832 1674; x_wconf 84' lang='lat' dir='ltr'><strong>ipse</strong></span> <span class='ocrx_word' id='word_1_134' title='bbox 859 1607 1017 1658; x_wconf 84' lang='lat' dir='ltr'><strong>etiam</strong></span> <span class='ocrx_word' id='word_1_135' title='bbox 1045 1616 1097 1659; x_wconf 89' lang='lat' dir='ltr'><strong>et</strong></span> <span class='ocrx_word' id='word_1_136' title='bbox 1129 1606 1355 1659; x_wconf 77' lang='lat' dir='ltr'><strong>ministri</strong></span> <span class='ocrx_word' id='word_1_137' title='bbox 1385 1607 1451 1660; x_wconf 91' lang='lat' dir='ltr'><strong>ad</strong></span> <span class='ocrx_word' id='word_1_138' title='bbox 1475 1607 1643 1662; x_wconf 81' lang='lat' dir='ltr'><strong>altare</strong></span> <span class='ocrx_word' id='word_1_139' title='bbox 1664 1623 1786 1662; x_wconf 89' lang='lat' dir='ltr'><strong>cum</strong></span> 
     </span>
    </p>
   </div>
   <div class='ocr_carea' id='block_1_22' title="bbox 187 1677 1786 1744">
    <p class='ocr_par' dir='ltr' id='par_1_22' title="bbox 187 1677 1786 1744">
     <span class='ocr_line' id='line_1_22' title="bbox 187 1677 1786 1744; baseline -0.001 -14"><span class='ocrx_word' id='word_1_140' title='bbox 187 1678 372 1730; x_wconf 81' lang='lat' dir='ltr'><strong>Cereis</strong></span> <span class='ocrx_word' id='word_1_141' title='bbox 399 1677 716 1744; x_wconf 88' lang='lat' dir='ltr'><strong>procedant,</strong></span> <span class='ocrx_word' id='word_1_142' title='bbox 740 1692 843 1744; x_wconf 86' lang='lat' dir='ltr'><strong>quo</strong></span> <span class='ocrx_word' id='word_1_143' title='bbox 867 1687 1146 1744; x_wconf 72' lang='lat' dir='ltr'><strong>postquam</strong></span> <span class='ocrx_word' id='word_1_144' title='bbox 1172 1690 1434 1737; x_wconf 81' lang='lat' dir='ltr'><strong>venerint,</strong></span> <span class='ocrx_word' id='word_1_145' title='bbox 1460 1693 1643 1731; x_wconf 86' lang='lat' dir='ltr'><strong>cereos</strong></span> <span class='ocrx_word' id='word_1_146' title='bbox 1665 1694 1786 1730; x_wconf 90' lang='lat' dir='ltr'><strong>eum</strong></span> 
     </span>
    </p>
   </div>
   <div class='ocr_carea' id='block_1_23' title="bbox 189 1747 1785 1808">
    <p class='ocr_par' dir='ltr' id='par_1_23' title="bbox 189 1747 1785 1808">
     <span class='ocr_line' id='line_1_23' title="bbox 189 1747 1785 1808; baseline -0.001 -9"><span class='ocrx_word' id='word_1_147' title='bbox 189 1747 274 1800; x_wconf 86' lang='lat' dir='ltr'><strong>eis</strong></span> <span class='ocrx_word' id='word_1_148' title='bbox 307 1748 628 1800; x_wconf 76' lang='lat' dir='ltr'><strong>vacaverint</strong></span> <span class='ocrx_word' id='word_1_149' title='bbox 663 1748 714 1798; x_wconf 93' lang='lat' dir='ltr'><strong>in</strong></span> <span class='ocrx_word' id='word_1_150' title='bbox 761 1747 1004 1799; x_wconf 87' lang='lat' dir='ltr'><strong>manilms</strong></span> <span class='ocrx_word' id='word_1_151' title='bbox 1037 1755 1280 1808; x_wconf 89' lang='lat' dir='ltr'><strong>teneant,</strong></span> <span class='ocrx_word' id='word_1_152' title='bbox 1330 1748 1380 1800; x_wconf 92' lang='lat' dir='ltr'><strong>in</strong></span> <span class='ocrx_word' id='word_1_153' title='bbox 1411 1748 1577 1800; x_wconf 90' lang='lat' dir='ltr'><strong>choro</strong></span> <span class='ocrx_word' id='word_1_154' title='bbox 1609 1758 1785 1801; x_wconf 61' lang='lat' dir='ltr'><strong>antinn</strong></span> 
     </span>
    </p>
   </div>
   <div class='ocr_carea' id='block_1_24' title="bbox 187 1816 1790 1885">
    <p class='ocr_par' dir='ltr' id='par_1_24' title="bbox 187 1816 1790 1885">
     <span class='ocr_line' id='line_1_24' title="bbox 187 1816 1790 1885; baseline 0.003 -22"><span class='ocrx_word' id='word_1_155' title='bbox 187 1817 284 1884; x_wconf 77' lang='lat' dir='ltr'><strong>qui</strong></span> <span class='ocrx_word' id='word_1_156' title='bbox 327 1817 608 1885; x_wconf 86' lang='lat' dir='ltr'><strong>voluerint</strong></span> <span class='ocrx_word' id='word_1_157' title='bbox 637 1830 820 1885; x_wconf 81' lang='lat' dir='ltr'><strong>coram</strong></span> <span class='ocrx_word' id='word_1_158' title='bbox 861 1830 916 1868; x_wconf 87' lang='lat' dir='ltr'><strong>se</strong></span> <span class='ocrx_word' id='word_1_159' title='bbox 956 1826 1174 1882; x_wconf 89' lang='lat' dir='ltr'><strong>ponant.</strong></span> <span class='ocrx_word' id='word_1_160' title='bbox 1212 1816 1454 1871; x_wconf 82' lang='lat' dir='ltr'><strong>Oliicium</strong></span> <span class='ocrx_word' id='word_1_161' title='bbox 1495 1835 1507 1869; x_wconf 93' lang='lat'>:</span> <span class='ocrx_word' id='word_1_162' title='bbox 1549 1816 1790 1885; x_wconf 77' lang='lat' dir='ltr'><strong>Suscepi-</strong></span> 
     </span>
    </p>
   </div>
   <div class='ocr_carea' id='block_1_25' title="bbox 192 1883 1790 1953">
    <p class='ocr_par' dir='ltr' id='par_1_25' title="bbox 192 1883 1790 1953">
     <span class='ocr_line' id='line_1_25' title="bbox 192 1883 1790 1953; baseline -0.001 -16"><span class='ocrx_word' id='word_1_163' title='bbox 192 1903 333 1948; x_wconf 81' lang='lat' dir='ltr'><strong>mus,</strong></span> <span class='ocrx_word' id='word_1_164' title='bbox 363 1886 527 1938; x_wconf 85' lang='lat' dir='ltr'><strong>Deus.</strong></span> <span class='ocrx_word' id='word_1_165' title='bbox 562 1884 743 1951; x_wconf 74' lang='lat' dir='ltr'><strong>Kyrie,</strong></span> <span class='ocrx_word' id='word_1_166' title='bbox 775 1883 883 1937; x_wconf 79' lang='lat' dir='ltr'><strong>Rea:</strong></span> <span class='ocrx_word' id='word_1_167' title='bbox 907 1887 1162 1953; x_wconf 81' lang='lat' dir='ltr'><strong>virginum</strong></span> <span class='ocrx_word' id='word_1_168' title='bbox 1192 1903 1219 1940; x_wconf 91' lang='lat' dir='ltr'><strong>a</strong></span> <span class='ocrx_word' id='word_1_169' title='bbox 1255 1888 1424 1940; x_wconf 86' lang='lat' dir='ltr'><strong>tribus</strong></span> <span class='ocrx_word' id='word_1_170' title='bbox 1457 1902 1560 1940; x_wconf 92' lang='lat' dir='ltr'><strong>non</strong></span> <span class='ocrx_word' id='word_1_171' title='bbox 1590 1888 1640 1940; x_wconf 91' lang='lat' dir='ltr'><strong>in</strong></span> <span class='ocrx_word' id='word_1_172' title='bbox 1665 1883 1790 1953; x_wconf 81' lang='lat' dir='ltr'><strong>cap-</strong></span> 
     </span>
    </p>
   </div>
   <div class='ocr_carea' id='block_1_26' title="bbox 192 1956 1787 2024">
    <p class='ocr_par' dir='ltr' id='par_1_26' title="bbox 192 1956 1787 2024">
     <span class='ocr_line' id='line_1_26' title="bbox 192 1956 1787 2024; baseline 0.003 -19"><span class='ocrx_word' id='word_1_173' title='bbox 192 1958 277 2024; x_wconf 83' lang='lat' dir='ltr'><strong>pis</strong></span> <span class='ocrx_word' id='word_1_174' title='bbox 317 1957 514 2008; x_wconf 76' lang='lat' dir='ltr'><strong>sericis</strong></span> <span class='ocrx_word' id='word_1_175' title='bbox 551 1965 770 2024; x_wconf 89' lang='lat' dir='ltr'><strong>propter</strong></span> <span class='ocrx_word' id='word_1_176' title='bbox 807 1956 1207 2009; x_wconf 87' lang='lat' dir='ltr'><strong>distillationem</strong></span> <span class='ocrx_word' id='word_1_177' title='bbox 1247 1972 1555 2018; x_wconf 84' lang='lat' dir='ltr'><strong>cercornm,</strong></span> <span class='ocrx_word' id='word_1_178' title='bbox 1601 1959 1691 2009; x_wconf 73' lang='lat' dir='ltr'><strong>sed</strong></span> <span class='ocrx_word' id='word_1_179' title='bbox 1735 1959 1787 2009; x_wconf 89' lang='lat' dir='ltr'><strong>in</strong></span> 
     </span>
    </p>
   </div>
   <div class='ocr_carea' id='block_1_27' title="bbox 190 2027 1789 2094">
    <p class='ocr_par' dir='ltr' id='par_1_27' title="bbox 190 2027 1789 2094">
     <span class='ocr_line' id='line_1_27' title="bbox 190 2027 1789 2094; baseline 0.003 -19"><span class='ocrx_word' id='word_1_180' title='bbox 190 2028 385 2094; x_wconf 78' lang='lat' dir='ltr'><strong>rappis</strong></span> <span class='ocrx_word' id='word_1_181' title='bbox 424 2027 616 2086; x_wconf 86' lang='lat' dir='ltr'><strong>laneis,</strong></span> <span class='ocrx_word' id='word_1_182' title='bbox 645 2027 783 2079; x_wconf 88' lang='lat' dir='ltr'><strong>sicut</strong></span> <span class='ocrx_word' id='word_1_183' title='bbox 809 2027 956 2092; x_wconf 77' lang='lat' dir='ltr'><strong>prius</strong></span> <span class='ocrx_word' id='word_1_184' title='bbox 1002 2027 1053 2079; x_wconf 91' lang='lat' dir='ltr'><strong>in</strong></span> <span class='ocrx_word' id='word_1_185' title='bbox 1087 2029 1446 2094; x_wconf 84' lang='lat' dir='ltr'><strong>processioue,</strong></span> <span class='ocrx_word' id='word_1_186' title='bbox 1478 2029 1623 2080; x_wconf 84' lang='lat' dir='ltr'><strong>solus</strong></span> <span class='ocrx_word' id='word_1_187' title='bbox 1655 2044 1789 2094; x_wconf 72' lang='lat' dir='ltr'><strong>prte-</strong></span> 
     </span>
    </p>
   </div>
   <div class='ocr_carea' id='block_1_28' title="bbox 190 2096 1789 2163">
    <p class='ocr_par' dir='ltr' id='par_1_28' title="bbox 190 2096 1789 2163">
     <span class='ocr_line' id='line_1_28' title="bbox 190 2096 1789 2163; baseline 0.002 -15"><span class='ocrx_word' id='word_1_188' title='bbox 190 2096 336 2149; x_wconf 84' lang='lat' dir='ltr'><strong>latus</strong></span> <span class='ocrx_word' id='word_1_189' title='bbox 369 2099 533 2149; x_wconf 85' lang='lat' dir='ltr'><strong>habet</strong></span> <span class='ocrx_word' id='word_1_190' title='bbox 579 2110 802 2163; x_wconf 86' lang='lat' dir='ltr'><strong>cappam</strong></span> <span class='ocrx_word' id='word_1_191' title='bbox 836 2096 1094 2159; x_wconf 86' lang='lat' dir='ltr'><strong>sericam;</strong></span> <span class='ocrx_word' id='word_1_192' title='bbox 1135 2097 1390 2150; x_wconf 87' lang='lat' dir='ltr'><strong>diaconus</strong></span> <span class='ocrx_word' id='word_1_193' title='bbox 1419 2107 1474 2150; x_wconf 90' lang='lat' dir='ltr'><strong>et</strong></span> <span class='ocrx_word' id='word_1_194' title='bbox 1504 2098 1789 2151; x_wconf 79' lang='lat' dir='ltr'><strong>subdiaco-</strong></span> 
     </span>
    </p>
   </div>
   <div class='ocr_carea' id='block_1_29' title="bbox 192 2165 1786 2221">
    <p class='ocr_par' dir='ltr' id='par_1_29' title="bbox 192 2165 1786 2221">
     <span class='ocr_line' id='line_1_29' title="bbox 192 2165 1786 2221; baseline -0.001 -2"><span class='ocrx_word' id='word_1_195' title='bbox 192 2183 296 2221; x_wconf 85' lang='lat' dir='ltr'><strong>nus</strong></span> <span class='ocrx_word' id='word_1_196' title='bbox 338 2182 448 2220; x_wconf 89' lang='lat' dir='ltr'><strong>non</strong></span> <span class='ocrx_word' id='word_1_197' title='bbox 497 2165 1070 2219; x_wconf 85' lang='lat' dir='ltr'><strong>habentdalmaticam</strong></span> <span class='ocrx_word' id='word_1_198' title='bbox 1117 2182 1214 2220; x_wconf 90' lang='lat' dir='ltr'><strong>nec</strong></span> <span class='ocrx_word' id='word_1_199' title='bbox 1261 2168 1496 2220; x_wconf 88' lang='lat' dir='ltr'><strong>tunicam</strong></span> <span class='ocrx_word' id='word_1_200' title='bbox 1535 2184 1549 2220; x_wconf 92' lang='lat'><strong>:</strong></span> <span class='ocrx_word' id='word_1_201' title='bbox 1589 2168 1786 2221; x_wconf 85' lang='lat' dir='ltr'><strong>habent</strong></span> 
     </span>
    </p>
   </div>
   <div class='ocr_carea' id='block_1_30' title="bbox 193 2236 1785 2306">
    <p class='ocr_par' dir='ltr' id='par_1_30' title="bbox 193 2236 1785 2306">
     <span class='ocr_line' id='line_1_30' title="bbox 193 2236 1785 2306; baseline 0.001 -20"><span class='ocrx_word' id='word_1_202' title='bbox 193 2247 379 2289; x_wconf 72' lang='lat' dir='ltr'><strong>nunc“</strong></span> <span class='ocrx_word' id='word_1_203' title='bbox 422 2237 490 2288; x_wconf 87' lang='lat' dir='ltr'><strong>ad</strong></span> <span class='ocrx_word' id='word_1_204' title='bbox 531 2236 772 2288; x_wconf 88' lang='lat' dir='ltr'><strong>missam.</strong></span> <span class='ocrx_word' id='word_1_205' title='bbox 819 2236 1050 2302; x_wconf 67' lang='lat' dir='ltr'><strong>lipistola</strong></span> <span class='ocrx_word' id='word_1_206' title='bbox 1093 2236 1145 2288; x_wconf 92' lang='lat' dir='ltr'><strong>in</strong></span> <span class='ocrx_word' id='word_1_207' title='bbox 1187 2237 1407 2306; x_wconf 88' lang='lat' dir='ltr'><strong>pulpito.</strong></span> <span class='ocrx_word' id='word_1_208' title='bbox 1452 2236 1700 2300; x_wconf 77' lang='lat' dir='ltr'><strong>Tractus,</strong></span> <span class='ocrx_word' id='word_1_209' title='bbox 1741 2236 1785 2291; x_wconf 92' lang='lat' dir='ltr'><strong>si</strong></span> 
     </span>
    </p>
   </div>
   <div class='ocr_carea' id='block_1_31' title="bbox 191 2307 1787 2376">
    <p class='ocr_par' dir='ltr' id='par_1_31' title="bbox 191 2307 1787 2376">
     <span class='ocr_line' id='line_1_31' title="bbox 191 2307 1787 2376; baseline 0.001 -18"><span class='ocrx_word' id='word_1_210' title='bbox 191 2307 462 2359; x_wconf 78' lang='lat' dir='ltr'><strong>dicendus</strong></span> <span class='ocrx_word' id='word_1_211' title='bbox 491 2315 590 2376; x_wconf 86' lang='lat' dir='ltr'><strong>est,</strong></span> <span class='ocrx_word' id='word_1_212' title='bbox 618 2320 646 2357; x_wconf 88' lang='lat' dir='ltr'><strong>a</strong></span> <span class='ocrx_word' id='word_1_213' title='bbox 679 2313 912 2376; x_wconf 82' lang='lat' dir='ltr'><strong>quatuor</strong></span> <span class='ocrx_word' id='word_1_214' title='bbox 935 2315 1201 2369; x_wconf 85' lang='lat' dir='ltr'><strong>cantetur,</strong></span> <span class='ocrx_word' id='word_1_215' title='bbox 1225 2308 1313 2376; x_wconf 88' lang='lat' dir='ltr'><strong>qui</strong></span> <span class='ocrx_word' id='word_1_216' title='bbox 1339 2307 1495 2359; x_wconf 82' lang='lat' dir='ltr'><strong>simul</strong></span> <span class='ocrx_word' id='word_1_217' title='bbox 1530 2308 1787 2375; x_wconf 87' lang='lat' dir='ltr'><strong>incipiant</strong></span> 
     </span>
    </p>
   </div>
   <div class='ocr_carea' id='block_1_32' title="bbox 188 2375 1788 2443">
    <p class='ocr_par' dir='ltr' id='par_1_32' title="bbox 188 2375 1788 2443">
     <span class='ocr_line' id='line_1_32' title="bbox 188 2375 1788 2443; baseline -0.001 -15"><span class='ocrx_word' id='word_1_218' title='bbox 188 2387 239 2429; x_wconf 86' lang='lat' dir='ltr'><strong>et</strong></span> <span class='ocrx_word' id='word_1_219' title='bbox 278 2377 443 2428; x_wconf 89' lang='lat' dir='ltr'><strong>simul</strong></span> <span class='ocrx_word' id='word_1_220' title='bbox 482 2375 694 2436; x_wconf 77' lang='lat' dir='ltr'><strong>ﬁniant,</strong></span> <span class='ocrx_word' id='word_1_221' title='bbox 726 2375 817 2428; x_wconf 86' lang='lat' dir='ltr'><strong>sed</strong></span> <span class='ocrx_word' id='word_1_222' title='bbox 850 2375 1090 2443; x_wconf 82' lang='lat' dir='ltr'><strong>singulos</strong></span> <span class='ocrx_word' id='word_1_223' title='bbox 1124 2375 1308 2430; x_wconf 82' lang='lat' dir='ltr'><strong>versus</strong></span> <span class='ocrx_word' id='word_1_224' title='bbox 1339 2377 1447 2430; x_wconf 87' lang='lat' dir='ltr'><strong>bini</strong></span> <span class='ocrx_word' id='word_1_225' title='bbox 1476 2387 1529 2430; x_wconf 86' lang='lat' dir='ltr'><strong>et</strong></span> <span class='ocrx_word' id='word_1_226' title='bbox 1559 2380 1666 2431; x_wconf 89' lang='lat' dir='ltr'><strong>bini</strong></span> <span class='ocrx_word' id='word_1_227' title='bbox 1695 2394 1788 2432; x_wconf 85' lang='lat' dir='ltr'><strong>ea-</strong></span> 
     </span>
    </p>
   </div>
   <div class='ocr_carea' id='block_1_33' title="bbox 189 2443 1784 2520">
    <p class='ocr_par' dir='ltr' id='par_1_33' title="bbox 189 2443 1784 2520">
     <span class='ocr_line' id='line_1_33' title="bbox 189 2443 1784 2520; baseline 0.001 -22"><span class='ocrx_word' id='word_1_228' title='bbox 189 2455 326 2498; x_wconf 87' lang='lat' dir='ltr'><strong>nant</strong></span> <span class='ocrx_word' id='word_1_229' title='bbox 371 2443 531 2520; x_wconf 61' lang='lat' dir='ltr'><strong>Nunc</strong></span> <span class='ocrx_word' id='word_1_230' title='bbox 573 2446 816 2520; x_wconf 69' lang='lat' dir='ltr'><strong>dimittis,</strong></span> <span class='ocrx_word' id='word_1_231' title='bbox 845 2448 1030 2520; x_wconf 83' lang='lat' dir='ltr'><strong>eodem</strong></span> <span class='ocrx_word' id='word_1_232' title='bbox 1083 2448 1239 2500; x_wconf 84' lang='lat' dir='ltr'><strong>modo</strong></span> <span class='ocrx_word' id='word_1_233' title='bbox 1273 2457 1474 2520; x_wconf 81' lang='lat' dir='ltr'><strong>tractus</strong></span> <span class='ocrx_word' id='word_1_234' title='bbox 1497 2447 1676 2520; x_wconf 59' lang='lat'><strong>342</strong></span> <span class='ocrx_word' id='word_1_235' title='bbox 1732 2447 1784 2500; x_wconf 85' lang='lat' dir='ltr'><strong>in</strong></span> 
     </span>
    </p>
   </div>
   <div class='ocr_carea' id='block_1_34' title="bbox 190 2513 1784 2572">
    <p class='ocr_par' dir='ltr' id='par_1_34' title="bbox 190 2513 1784 2572">
     <span class='ocr_line' id='line_1_34' title="bbox 190 2513 1784 2572; baseline 0.001 -4"><span class='ocrx_word' id='word_1_236' title='bbox 190 2516 614 2568; x_wconf 80' lang='lat' dir='ltr'><strong>aminntiatione</strong></span> <span class='ocrx_word' id='word_1_237' title='bbox 646 2513 924 2569; x_wconf 88' lang='lat' dir='ltr'><strong>Dominica</strong></span> <span class='ocrx_word' id='word_1_238' title='bbox 971 2526 1236 2570; x_wconf 86' lang='lat' dir='ltr'><strong>cantetur.</strong></span> <span class='ocrx_word' id='word_1_239' title='bbox 1273 2519 1403 2570; x_wconf 88' lang='lat' dir='ltr'><strong>Dum</strong></span> <span class='ocrx_word' id='word_1_240' title='bbox 1451 2513 1784 2572; x_wconf 60' lang='lat' dir='ltr'><strong>oﬂ&#39;ért&#39;oTium</strong></span> 
     </span>
    </p>
   </div>
   <div class='ocr_carea' id='block_1_35' title="bbox 189 2585 1784 2652">
    <p class='ocr_par' dir='ltr' id='par_1_35' title="bbox 189 2585 1784 2652">
     <span class='ocr_line' id='line_1_35' title="bbox 189 2585 1784 2652; baseline 0.004 -18"><span class='ocrx_word' id='word_1_241' title='bbox 189 2589 413 2638; x_wconf 66' lang='lat' dir='ltr'><strong>can‘tur</strong></span> <span class='ocrx_word' id='word_1_242' title='bbox 447 2585 620 2652; x_wconf 89' lang='lat' dir='ltr'><strong>primo</strong></span> <span class='ocrx_word' id='word_1_243' title='bbox 652 2586 882 2638; x_wconf 89' lang='lat' dir='ltr'><strong>ministri</strong></span> <span class='ocrx_word' id='word_1_244' title='bbox 932 2585 1117 2640; x_wconf 86' lang='lat' dir='ltr'><strong>altaris</strong></span> <span class='ocrx_word' id='word_1_245' title='bbox 1160 2602 1346 2641; x_wconf 88' lang='lat' dir='ltr'><strong>cereos</strong></span> <span class='ocrx_word' id='word_1_246' title='bbox 1391 2587 1650 2651; x_wconf 63' lang='lat' dir='ltr'><strong>util-rant,</strong></span> <span class='ocrx_word' id='word_1_247' title='bbox 1693 2590 1784 2641; x_wconf 86' lang='lat' dir='ltr'><strong>dc-</strong></span> 
     </span>
    </p>
   </div>
   <div class='ocr_carea' id='block_1_36' title="bbox 191 2655 1785 2722">
    <p class='ocr_par' dir='ltr' id='par_1_36' title="bbox 191 2655 1785 2722">
     <span class='ocr_line' id='line_1_36' title="bbox 191 2655 1785 2722; baseline 0.002 -14"><span class='ocrx_word' id='word_1_248' title='bbox 191 2656 317 2708; x_wconf 83' lang='lat' dir='ltr'><strong>inde</strong></span> <span class='ocrx_word' id='word_1_249' title='bbox 357 2655 682 2722; x_wconf 86' lang='lat' dir='ltr'><strong>incipientes</strong></span> <span class='ocrx_word' id='word_1_250' title='bbox 720 2671 748 2706; x_wconf 92' lang='lat' dir='ltr'><strong>a</strong></span> <span class='ocrx_word' id='word_1_251' title='bbox 788 2656 1091 2710; x_wconf 78' lang='lat' dir='ltr'><strong>senioribus</strong></span> <span class='ocrx_word' id='word_1_252' title='bbox 1127 2659 1191 2711; x_wconf 91' lang='lat' dir='ltr'><strong>de</strong></span> <span class='ocrx_word' id='word_1_253' title='bbox 1225 2659 1394 2711; x_wconf 85' lang='lat' dir='ltr'><strong>choro</strong></span> <span class='ocrx_word' id='word_1_254' title='bbox 1423 2660 1666 2711; x_wconf 79' lang='lat' dir='ltr'><strong>ordinate</strong></span> <span class='ocrx_word' id='word_1_255' title='bbox 1693 2673 1785 2711; x_wconf 79' lang='lat' dir='ltr'><strong>ve-</strong></span> 
     </span>
    </p>
   </div>
   <div class='ocr_carea' id='block_1_37' title="bbox 193 2727 1783 2795">
    <p class='ocr_par' dir='ltr' id='par_1_37' title="bbox 193 2727 1783 2795">
     <span class='ocr_line' id='line_1_37' title="bbox 193 2727 1783 2795; baseline 0.001 -17"><span class='ocrx_word' id='word_1_256' title='bbox 193 2727 350 2778; x_wconf 88' lang='lat' dir='ltr'><strong>niant</strong></span> <span class='ocrx_word' id='word_1_257' title='bbox 373 2735 427 2778; x_wconf 88' lang='lat' dir='ltr'><strong>et</strong></span> <span class='ocrx_word' id='word_1_258' title='bbox 459 2727 700 2777; x_wconf 80' lang='lat' dir='ltr'><strong>redeant.</strong></span> <span class='ocrx_word' id='word_1_259' title='bbox 734 2727 1069 2780; x_wconf 82' lang='lat' dir='ltr'><strong>Secretarius</strong></span> <span class='ocrx_word' id='word_1_260' title='bbox 1099 2729 1359 2782; x_wconf 82' lang='lat' dir='ltr'><strong>concham</strong></span> <span class='ocrx_word' id='word_1_261' title='bbox 1388 2728 1542 2795; x_wconf 80' lang='lat' dir='ltr'><strong>juxta</strong></span> <span class='ocrx_word' id='word_1_262' title='bbox 1573 2745 1630 2783; x_wconf 86' lang='lat' dir='ltr'><strong>se</strong></span> <span class='ocrx_word' id='word_1_263' title='bbox 1661 2743 1783 2781; x_wconf 88' lang='lat' dir='ltr'><strong>cum</strong></span> 
     </span>
    </p>
   </div>
   <div class='ocr_carea' id='block_1_38' title="bbox 189 2796 1787 2869">
    <p class='ocr_par' dir='ltr' id='par_1_38' title="bbox 189 2796 1787 2869">
     <span class='ocr_line' id='line_1_38' title="bbox 189 2796 1787 2869; baseline 0.002 -22"><span class='ocrx_word' id='word_1_264' title='bbox 189 2813 330 2869; x_wconf 79' lang='lat' dir='ltr'><strong>aqua</strong></span> <span class='ocrx_word' id='word_1_265' title='bbox 381 2797 621 2869; x_wconf 61' lang='lat' dir='ltr'><strong>habeat,</strong></span> <span class='ocrx_word' id='word_1_266' title='bbox 650 2796 701 2848; x_wconf 87' lang='lat' dir='ltr'><strong>in</strong></span> <span class='ocrx_word' id='word_1_267' title='bbox 749 2812 851 2869; x_wconf 85' lang='lat' dir='ltr'><strong>qua</strong></span> <span class='ocrx_word' id='word_1_268' title='bbox 883 2808 1162 2869; x_wconf 84' lang='lat' dir='ltr'><strong>susceptos</strong></span> <span class='ocrx_word' id='word_1_269' title='bbox 1181 2814 1375 2869; x_wconf 89' lang='lat' dir='ltr'><strong>cereos</strong></span> <span class='ocrx_word' id='word_1_270' title='bbox 1409 2814 1654 2869; x_wconf 75' lang='lat' dir='ltr'><strong>mergcns</strong></span> <span class='ocrx_word' id='word_1_271' title='bbox 1689 2814 1787 2851; x_wconf 63' lang='lat' dir='ltr'><strong>ex-</strong></span> 
     </span>
    </p>
   </div>
   <div class='ocr_carea' id='block_1_39' title="bbox 190 2864 1786 2936">
    <p class='ocr_par' dir='ltr' id='par_1_39' title="bbox 190 2864 1786 2936">
     <span class='ocr_line' id='line_1_39' title="bbox 190 2864 1786 2936; baseline 0.003 -18"><span class='ocrx_word' id='word_1_272' title='bbox 190 2868 442 2935; x_wconf 75' lang='lat' dir='ltr'><strong>stinguat</strong></span> <span class='ocrx_word' id='word_1_273' title='bbox 491 2880 555 2918; x_wconf 84' lang='lat' dir='ltr'><strong>ne</strong></span> <span class='ocrx_word' id='word_1_274' title='bbox 600 2864 778 2918; x_wconf 74' lang='lat' dir='ltr'><strong>fttn‘nts</strong></span> <span class='ocrx_word' id='word_1_275' title='bbox 827 2867 949 2918; x_wconf 89' lang='lat' dir='ltr'><strong>inde</strong></span> <span class='ocrx_word' id='word_1_276' title='bbox 991 2864 1268 2935; x_wconf 78' lang='lat' dir='ltr'><strong>procedat,</strong></span> <span class='ocrx_word' id='word_1_277' title='bbox 1301 2869 1502 2936; x_wconf 78' lang='lat' dir='ltr'><strong>przclali</strong></span> <span class='ocrx_word' id='word_1_278' title='bbox 1528 2864 1672 2922; x_wconf 21' lang='lat' dir='ltr'><strong>ivero</strong></span> <span class='ocrx_word' id='word_1_279' title='bbox 1697 2883 1786 2923; x_wconf 84' lang='lat' dir='ltr'><strong>ce-</strong></span> 
     </span>
    </p>
   </div>
   <div class='ocr_carea' id='block_1_40' title="bbox 193 2936 1786 3006">
    <p class='ocr_par' dir='ltr' id='par_1_40' title="bbox 193 2936 1786 3006">
     <span class='ocr_line' id='line_1_40' title="bbox 193 2936 1786 3006; baseline 0.003 -18"><span class='ocrx_word' id='word_1_280' title='bbox 193 2951 342 2994; x_wconf 76' lang='lat' dir='ltr'><strong>rcus,</strong></span> <span class='ocrx_word' id='word_1_281' title='bbox 375 2937 461 2988; x_wconf 85' lang='lat' dir='ltr'><strong>vel</strong></span> <span class='ocrx_word' id='word_1_282' title='bbox 492 2936 712 2989; x_wconf 84' lang='lat' dir='ltr'><strong>alterius</strong></span> <span class='ocrx_word' id='word_1_283' title='bbox 740 2936 828 3003; x_wconf 79' lang='lat' dir='ltr'><strong>qui</strong></span> <span class='ocrx_word' id='word_1_284' title='bbox 864 2952 958 3005; x_wconf 88' lang='lat' dir='ltr'><strong>pro</strong></span> <span class='ocrx_word' id='word_1_285' title='bbox 993 2953 1056 2990; x_wconf 90' lang='lat' dir='ltr'><strong>eo</strong></span> <span class='ocrx_word' id='word_1_286' title='bbox 1087 2939 1304 2992; x_wconf 80' lang='lat' dir='ltr'><strong>missam</strong></span> <span class='ocrx_word' id='word_1_287' title='bbox 1337 2940 1593 3004; x_wconf 77' lang='lat' dir='ltr'><strong>celebrat,</strong></span> <span class='ocrx_word' id='word_1_288' title='bbox 1624 2954 1786 3006; x_wconf 86' lang='lat' dir='ltr'><strong>super</strong></span> 
     </span>
    </p>
   </div>
   <div class='ocr_carea' id='block_1_41' title="bbox 192 3006 1782 3079">
    <p class='ocr_par' dir='ltr' id='par_1_41' title="bbox 192 3006 1782 3079">
     <span class='ocr_line' id='line_1_41' title="bbox 192 3006 1782 3079; baseline 0.003 -22"><span class='ocrx_word' id='word_1_289' title='bbox 192 3006 367 3079; x_wconf 74' lang='lat' dir='ltr'><strong>altare</strong></span> <span class='ocrx_word' id='word_1_290' title='bbox 399 3007 606 3079; x_wconf 67' lang='lat' dir='ltr'><strong>pasittts</strong></span> <span class='ocrx_word' id='word_1_291' title='bbox 638 3021 807 3079; x_wconf 78' lang='lat' dir='ltr'><strong>usque</strong></span> <span class='ocrx_word' id='word_1_292' title='bbox 843 3008 908 3079; x_wconf 81' lang='lat' dir='ltr'><strong>ad</strong></span> <span class='ocrx_word' id='word_1_293' title='bbox 942 3008 1099 3079; x_wconf 72' lang='lat' dir='ltr'><strong>linem</strong></span> <span class='ocrx_word' id='word_1_294' title='bbox 1134 3009 1309 3062; x_wconf 64' lang='lat' dir='ltr'><strong>missa:</strong></span> <span class='ocrx_word' id='word_1_295' title='bbox 1341 3025 1444 3062; x_wconf 89' lang='lat' dir='ltr'><strong>non</strong></span> <span class='ocrx_word' id='word_1_296' title='bbox 1470 3011 1782 3079; x_wconf 77' lang='lat' dir='ltr'><strong>exstingua-</strong></span> 
     </span>
    </p>
   </div>
   <div class='ocr_carea' id='block_1_42' title="bbox 191 3074 1656 3147">
    <p class='ocr_par' dir='ltr' id='par_1_42' title="bbox 191 3074 1656 3147">
     <span class='ocr_line' id='line_1_42' title="bbox 191 3074 1656 3147; baseline 0.001 -19"><span class='ocrx_word' id='word_1_297' title='bbox 191 3085 302 3147; x_wconf 71' lang='lat' dir='ltr'><strong>tttr.</strong></span> <span class='ocrx_word' id='word_1_298' title='bbox 339 3074 397 3147; x_wconf 88' lang='lat' dir='ltr'><strong>In</strong></span> <span class='ocrx_word' id='word_1_299' title='bbox 434 3075 719 3147; x_wconf 81' lang='lat' dir='ltr'><strong>refectorio</strong></span> <span class='ocrx_word' id='word_1_300' title='bbox 751 3077 904 3128; x_wconf 85' lang='lat' dir='ltr'><strong>lectio</strong></span> <span class='ocrx_word' id='word_1_301' title='bbox 934 3075 1219 3146; x_wconf 78' lang='lat' dir='ltr'><strong>Postquam</strong></span> <span class='ocrx_word' id='word_1_302' title='bbox 1251 3074 1656 3147; x_wconf 66' lang='lat' dir='ltr'><strong>completisunt.</strong></span> 
     </span>
    </p>
   </div>
   <div class='ocr_carea' id='block_1_43' title="bbox 265 3145 1786 3216">
    <p class='ocr_par' dir='ltr' id='par_1_43' title="bbox 265 3145 1786 3216">
     <span class='ocr_line' id='line_1_43' title="bbox 265 3145 1786 3216; baseline 0.003 -20"><span class='ocrx_word' id='word_1_303' title='bbox 265 3145 324 3197; x_wconf 84' lang='lat' dir='ltr'><strong>In</strong></span> <span class='ocrx_word' id='word_1_304' title='bbox 357 3146 461 3216; x_wconf 87' lang='lat' dir='ltr'><strong>hac</strong></span> <span class='ocrx_word' id='word_1_305' title='bbox 495 3146 580 3198; x_wconf 87' lang='lat' dir='ltr'><strong>die</strong></span> <span class='ocrx_word' id='word_1_306' title='bbox 607 3156 662 3199; x_wconf 88' lang='lat' dir='ltr'><strong>et</strong></span> <span class='ocrx_word' id='word_1_307' title='bbox 689 3147 939 3198; x_wconf 84' lang='lat' dir='ltr'><strong>omnibus</strong></span> <span class='ocrx_word' id='word_1_308' title='bbox 973 3145 1264 3202; x_wconf 83' lang='lat' dir='ltr'><strong>Dominicis</strong></span> <span class='ocrx_word' id='word_1_309' title='bbox 1295 3145 1464 3216; x_wconf 77' lang='lat' dir='ltr'><strong>nstpte</strong></span> <span class='ocrx_word' id='word_1_310' title='bbox 1502 3149 1552 3201; x_wconf 91' lang='lat' dir='ltr'><strong>in</strong></span> <span class='ocrx_word' id='word_1_311' title='bbox 1585 3148 1786 3202; x_wconf 80' lang='lat' dir='ltr'><strong>Paltnis</strong></span> 
     </span>
    </p>
   </div>
   <div class='ocr_carea' id='block_1_44' title="bbox 192 3214 1787 3286">
    <p class='ocr_par' dir='ltr' id='par_1_44' title="bbox 192 3214 1787 3286">
     <span class='ocr_line' id='line_1_44' title="bbox 192 3214 1787 3286; baseline 0.003 -19"><span class='ocrx_word' id='word_1_312' title='bbox 192 3214 292 3268; x_wconf 83' lang='lat' dir='ltr'><strong>ﬁat</strong></span> <span class='ocrx_word' id='word_1_313' title='bbox 319 3215 559 3286; x_wconf 84' lang='lat' dir='ltr'><strong>spatium</strong></span> <span class='ocrx_word' id='word_1_314' title='bbox 592 3217 732 3268; x_wconf 88' lang='lat' dir='ltr'><strong>inter</strong></span> <span class='ocrx_word' id='word_1_315' title='bbox 760 3217 966 3282; x_wconf 77' lang='lat' dir='ltr'><strong>gratias</strong></span> <span class='ocrx_word' id='word_1_316' title='bbox 993 3218 1210 3286; x_wconf 83' lang='lat' dir='ltr'><strong>prandii</strong></span> <span class='ocrx_word' id='word_1_317' title='bbox 1243 3230 1294 3271; x_wconf 89' lang='lat' dir='ltr'><strong>et.</strong></span> <span class='ocrx_word' id='word_1_318' title='bbox 1333 3214 1568 3276; x_wconf 72' lang='lat' dir='ltr'><strong>Nouato,</strong></span> <span class='ocrx_word' id='word_1_319' title='bbox 1600 3218 1650 3271; x_wconf 89' lang='lat' dir='ltr'><strong>in</strong></span> <span class='ocrx_word' id='word_1_320' title='bbox 1682 3234 1787 3286; x_wconf 85' lang='lat' dir='ltr'><strong>quo</strong></span> 
     </span>
    </p>
   </div>
   <div class='ocr_carea' id='block_1_45' title="bbox 190 3285 1788 3354">
    <p class='ocr_par' dir='ltr' id='par_1_45' title="bbox 190 3285 1788 3354">
     <span class='ocr_line' id='line_1_45' title="bbox 190 3285 1788 3354; baseline 0.004 -17"><span class='ocrx_word' id='word_1_321' title='bbox 190 3285 374 3354; x_wconf 86' lang='lat' dir='ltr'><strong>spatio</strong></span> <span class='ocrx_word' id='word_1_322' title='bbox 401 3285 572 3337; x_wconf 88' lang='lat' dir='ltr'><strong>donec</strong></span> <span class='ocrx_word' id='word_1_323' title='bbox 601 3286 841 3354; x_wconf 85' lang='lat' dir='ltr'><strong>pulsetur</strong></span> <span class='ocrx_word' id='word_1_324' title='bbox 881 3287 947 3338; x_wconf 92' lang='lat' dir='ltr'><strong>ad</strong></span> <span class='ocrx_word' id='word_1_325' title='bbox 989 3285 1216 3350; x_wconf 76' lang='lat' dir='ltr'><strong>Nouam,</strong></span> <span class='ocrx_word' id='word_1_326' title='bbox 1265 3289 1316 3342; x_wconf 90' lang='lat' dir='ltr'><strong>in</strong></span> <span class='ocrx_word' id='word_1_327' title='bbox 1346 3289 1573 3342; x_wconf 84' lang='lat' dir='ltr'><strong>ecclesia</strong></span> <span class='ocrx_word' id='word_1_328' title='bbox 1611 3285 1788 3343; x_wconf 75' lang='lat' dir='ltr'><strong>Beata:</strong></span> 
     </span>
    </p>
   </div>
   <div class='ocr_carea' id='block_1_46' title="bbox 199 3353 1786 3424">
    <p class='ocr_par' dir='ltr' id='par_1_46' title="bbox 199 3353 1786 3424">
     <span class='ocr_line' id='line_1_46' title="bbox 199 3353 1786 3424; baseline 0.005 -19"><span class='ocrx_word' id='word_1_329' title='bbox 199 3353 385 3406; x_wconf 70' lang='lat' dir='ltr'><strong>Mariae</strong></span> <span class='ocrx_word' id='word_1_330' title='bbox 419 3355 681 3424; x_wconf 74' lang='lat' dir='ltr'><strong>habeatur</strong></span> <span class='ocrx_word' id='word_1_331' title='bbox 704 3355 1028 3424; x_wconf 82' lang='lat' dir='ltr'><strong>Colloquinm</strong></span> <span class='ocrx_word' id='word_1_332' title='bbox 1066 3367 1217 3411; x_wconf 75' lang='lat' dir='ltr'><strong>extra</strong></span> <span class='ocrx_word' id='word_1_333' title='bbox 1247 3359 1564 3421; x_wconf 87' lang='lat' dir='ltr'><strong>claustrum,</strong></span> <span class='ocrx_word' id='word_1_334' title='bbox 1595 3360 1786 3413; x_wconf 90' lang='lat' dir='ltr'><strong>simili-</strong></span> 
     </span>
    </p>
   </div>
   <div class='ocr_carea' id='block_1_47' title="bbox 201 3423 1776 3500">
    <p class='ocr_par' dir='ltr' id='par_1_47' title="bbox 201 3423 1776 3500">
     <span class='ocr_line' id='line_1_47' title="bbox 201 3423 1776 3500; baseline 0.004 -25"><span class='ocrx_word' id='word_1_335' title='bbox 201 3433 286 3500; x_wconf 75' lang='lat' dir='ltr'><strong>ter</strong></span> <span class='ocrx_word' id='word_1_336' title='bbox 319 3425 373 3476; x_wconf 89' lang='lat' dir='ltr'><strong>in</strong></span> <span class='ocrx_word' id='word_1_337' title='bbox 420 3423 571 3476; x_wconf 71' lang='lat' dir='ltr'><strong>fustis</strong></span> <span class='ocrx_word' id='word_1_338' title='bbox 600 3441 789 3478; x_wconf 86' lang='lat' dir='ltr'><strong>novem</strong></span> <span class='ocrx_word' id='word_1_339' title='bbox 831 3423 1130 3500; x_wconf 83' lang='lat' dir='ltr'><strong>le_ctiomnn</strong></span> <span class='ocrx_word' id='word_1_340' title='bbox 1152 3443 1319 3500; x_wconf 85' lang='lat' dir='ltr'><strong>usque</strong></span> <span class='ocrx_word' id='word_1_341' title='bbox 1349 3431 1413 3500; x_wconf 89' lang='lat' dir='ltr'><strong>ad</strong></span> <span class='ocrx_word' id='word_1_342' title='bbox 1443 3429 1776 3500; x_wconf 81' lang='lat' dir='ltr'><strong>Quinquage-</strong></span> 
     </span>
    </p>
   </div>
   <div class='ocr_carea' id='block_1_48' title="bbox 199 3494 1789 3562">
    <p class='ocr_par' dir='ltr' id='par_1_48' title="bbox 199 3494 1789 3562">
     <span class='ocr_line' id='line_1_48' title="bbox 199 3494 1789 3562; baseline 0.004 -16"><span class='ocrx_word' id='word_1_343' title='bbox 199 3494 418 3557; x_wconf 79' lang='lat' dir='ltr'><strong>siliiam,</strong></span> <span class='ocrx_word' id='word_1_344' title='bbox 445 3509 547 3562; x_wconf 86' lang='lat' dir='ltr'><strong>qua</strong></span> <span class='ocrx_word' id='word_1_345' title='bbox 573 3505 822 3548; x_wconf 83' lang='lat' dir='ltr'><strong>cantatur</strong></span> <span class='ocrx_word' id='word_1_346' title='bbox 853 3496 978 3548; x_wconf 78' lang='lat' dir='ltr'><strong>Esto</strong></span> <span class='ocrx_word' id='word_1_347' title='bbox 1008 3498 1164 3561; x_wconf 80' lang='lat' dir='ltr'><strong>mihi;</strong></span> <span class='ocrx_word' id='word_1_348' title='bbox 1196 3494 1414 3552; x_wconf 77' lang='lat' dir='ltr'><strong>infestis</strong></span> <span class='ocrx_word' id='word_1_349' title='bbox 1438 3494 1618 3552; x_wconf 83' lang='lat' dir='ltr'><strong>autem</strong></span> <span class='ocrx_word' id='word_1_350' title='bbox 1639 3494 1789 3554; x_wconf 69' lang='lat' dir='ltr'><strong>more</strong></span> 
     </span>
    </p>
   </div>
   <div class='ocr_carea' id='block_1_49' title="bbox 197 3565 1788 3632">
    <p class='ocr_par' dir='ltr' id='par_1_49' title="bbox 197 3565 1788 3632">
     <span class='ocr_line' id='line_1_49' title="bbox 197 3565 1788 3632; baseline 0.004 -16"><span class='ocrx_word' id='word_1_351' title='bbox 197 3573 516 3616; x_wconf 88' lang='lat' dir='ltr'><strong>octavarnm</strong></span> <span class='ocrx_word' id='word_1_352' title='bbox 544 3565 680 3618; x_wconf 78' lang='lat' dir='ltr'><strong>idem</strong></span> <span class='ocrx_word' id='word_1_353' title='bbox 709 3567 942 3632; x_wconf 86' lang='lat' dir='ltr'><strong>spatium</strong></span> <span class='ocrx_word' id='word_1_354' title='bbox 974 3570 1312 3632; x_wconf 77' lang='lat' dir='ltr'><strong>observatur,</strong></span> <span class='ocrx_word' id='word_1_355' title='bbox 1345 3571 1436 3622; x_wconf 68' lang='lat' dir='ltr'><strong>sed</strong></span> <span class='ocrx_word' id='word_1_356' title='bbox 1469 3571 1520 3622; x_wconf 92' lang='lat' dir='ltr'><strong>in</strong></span> <span class='ocrx_word' id='word_1_357' title='bbox 1549 3569 1788 3622; x_wconf 79' lang='lat' dir='ltr'><strong>claustro</strong></span> 
     </span>
    </p>
   </div>
   <div class='ocr_carea' id='block_1_50' title="bbox 200 3636 1786 3703">
    <p class='ocr_par' dir='ltr' id='par_1_50' title="bbox 200 3636 1786 3703">
     <span class='ocr_line' id='line_1_50' title="bbox 200 3636 1786 3703; baseline 0.004 -17"><span class='ocrx_word' id='word_1_358' title='bbox 200 3636 387 3687; x_wconf 83' lang='lat' dir='ltr'><strong>statim</strong></span> <span class='ocrx_word' id='word_1_359' title='bbox 443 3645 562 3701; x_wconf 81' lang='lat' dir='ltr'><strong>post</strong></span> <span class='ocrx_word' id='word_1_360' title='bbox 608 3636 902 3703; x_wconf 88' lang='lat' dir='ltr'><strong>capitulum</strong></span> <span class='ocrx_word' id='word_1_361' title='bbox 952 3653 1102 3690; x_wconf 88' lang='lat' dir='ltr'><strong>more</strong></span> <span class='ocrx_word' id='word_1_362' title='bbox 1150 3638 1308 3691; x_wconf 90' lang='lat' dir='ltr'><strong>solito</strong></span> <span class='ocrx_word' id='word_1_363' title='bbox 1359 3638 1586 3692; x_wconf 89' lang='lat' dir='ltr'><strong>habetur</strong></span> <span class='ocrx_word' id='word_1_364' title='bbox 1619 3641 1786 3693; x_wconf 88' lang='lat' dir='ltr'><strong>collo-</strong></span> 
     </span>
    </p>
   </div>
   <div class='ocr_carea' id='block_1_51' title="bbox 198 3705 1787 3772">
    <p class='ocr_par' dir='ltr' id='par_1_51' title="bbox 198 3705 1787 3772">
     <span class='ocr_line' id='line_1_51' title="bbox 198 3705 1787 3772; baseline 0.003 -16"><span class='ocrx_word' id='word_1_365' title='bbox 198 3705 388 3772; x_wconf 85' lang='lat' dir='ltr'><strong>quium</strong></span> <span class='ocrx_word' id='word_1_366' title='bbox 406 3743 421 3764; x_wconf 88' lang='lat'><strong>,</strong></span> <span class='ocrx_word' id='word_1_367' title='bbox 453 3715 508 3755; x_wconf 88' lang='lat' dir='ltr'><strong>et</strong></span> <span class='ocrx_word' id='word_1_368' title='bbox 537 3705 619 3757; x_wconf 86' lang='lat' dir='ltr'><strong>bis</strong></span> <span class='ocrx_word' id='word_1_369' title='bbox 645 3707 978 3770; x_wconf 75' lang='lat' dir='ltr'><strong>comeditur,</strong></span> <span class='ocrx_word' id='word_1_370' title='bbox 1007 3710 1220 3761; x_wconf 68' lang='lat' dir='ltr'><strong>caeteris</strong></span> <span class='ocrx_word' id='word_1_371' title='bbox 1243 3725 1370 3762; x_wconf 89' lang='lat' dir='ltr'><strong>vero</strong></span> <span class='ocrx_word' id='word_1_372' title='bbox 1397 3709 1586 3762; x_wconf 85' lang='lat' dir='ltr'><strong>diebus</strong></span> <span class='ocrx_word' id='word_1_373' title='bbox 1606 3708 1787 3761; x_wconf 75' lang='lat' dir='ltr'><strong>onitii-</strong></span> 
     </span>
    </p>
   </div>
   <div class='ocr_carea' id='block_1_52' title="bbox 200 3775 1785 3846">
    <p class='ocr_par' dir='ltr' id='par_1_52' title="bbox 200 3775 1785 3846">
     <span class='ocr_line' id='line_1_52' title="bbox 200 3775 1785 3846; baseline 0.004 -22"><span class='ocrx_word' id='word_1_374' title='bbox 200 3775 323 3846; x_wconf 70' lang='lat' dir='ltr'><strong>bus.</strong></span> <span class='ocrx_word' id='word_1_375' title='bbox 363 3784 429 3846; x_wconf 82' lang='lat' dir='ltr'><strong>et</strong></span> <span class='ocrx_word' id='word_1_376' title='bbox 463 3775 529 3846; x_wconf 85' lang='lat' dir='ltr'><strong>_in</strong></span> <span class='ocrx_word' id='word_1_377' title='bbox 575 3777 853 3844; x_wconf 82' lang='lat' dir='ltr'><strong>pr:ccipuis</strong></span> <span class='ocrx_word' id='word_1_378' title='bbox 899 3777 1049 3830; x_wconf 73' lang='lat' dir='ltr'><strong>l&#39;estis</strong></span> <span class='ocrx_word' id='word_1_379' title='bbox 1088 3780 1134 3831; x_wconf 91' lang='lat' dir='ltr'><strong>si</strong></span> <span class='ocrx_word' id='word_1_380' title='bbox 1179 3789 1496 3839; x_wconf 83' lang='lat' dir='ltr'><strong>occurrant,</strong></span> <span class='ocrx_word' id='word_1_381' title='bbox 1535 3793 1701 3846; x_wconf 86' lang='lat' dir='ltr'><strong>usque</strong></span> <span class='ocrx_word' id='word_1_382' title='bbox 1732 3778 1785 3830; x_wconf 91' lang='lat' dir='ltr'><strong>in</strong></span> 
     </span>
    </p>
   </div>
   <div class='ocr_carea' id='block_1_53' title="bbox 199 3842 1788 3912">
    <p class='ocr_par' dir='ltr' id='par_1_53' title="bbox 199 3842 1788 3912">
     <span class='ocr_line' id='line_1_53' title="bbox 199 3842 1788 3912; baseline 0.003 -16"><span class='ocrx_word' id='word_1_383' title='bbox 199 3842 406 3897; x_wconf 74' lang='lat' dir='ltr'><strong>Pz-lmis</strong></span> <span class='ocrx_word' id='word_1_384' title='bbox 455 3842 750 3912; x_wconf 67' lang='lat' dir='ltr'><strong>jejunatnr.</strong></span> <span class='ocrx_word' id='word_1_385' title='bbox 807 3847 1018 3899; x_wconf 80' lang='lat' dir='ltr'><strong>Abhinc</strong></span> <span class='ocrx_word' id='word_1_386' title='bbox 1073 3858 1326 3900; x_wconf 87' lang='lat' dir='ltr'><strong>tenentur</strong></span> <span class='ocrx_word' id='word_1_387' title='bbox 1378 3842 1670 3901; x_wconf 73' lang='lat' dir='ltr'><strong>sei-vitores</strong></span> <span class='ocrx_word' id='word_1_388' title='bbox 1721 3849 1788 3900; x_wconf 89' lang='lat' dir='ltr'><strong>ad</strong></span> 
     </span>
    </p>
   </div>
   <div class='ocr_carea' id='block_1_54' title="bbox 198 3912 1786 3980">
    <p class='ocr_par' dir='ltr' id='par_1_54' title="bbox 198 3912 1786 3980">
     <span class='ocr_line' id='line_1_54' title="bbox 198 3912 1786 3980; baseline 0.002 -14"><span class='ocrx_word' id='word_1_389' title='bbox 198 3912 432 3975; x_wconf 69' lang='lat' dir='ltr'><strong>Nonum,</strong></span> <span class='ocrx_word' id='word_1_390' title='bbox 486 3915 587 3966; x_wconf 85' lang='lat' dir='ltr'><strong>nisi</strong></span> <span class='ocrx_word' id='word_1_391' title='bbox 617 3916 932 3968; x_wconf 86' lang='lat' dir='ltr'><strong>canonicam</strong></span> <span class='ocrx_word' id='word_1_392' title='bbox 973 3919 1376 3971; x_wconf 73' lang='lat' dir='ltr'><strong>excusationem</strong></span> <span class='ocrx_word' id='word_1_393' title='bbox 1419 3919 1670 3980; x_wconf 85' lang='lat' dir='ltr'><strong>habeant,</strong></span> <span class='ocrx_word' id='word_1_394' title='bbox 1704 3919 1786 3970; x_wconf 88' lang='lat' dir='ltr'><strong>in-</strong></span> 
     </span>
    </p>
   </div>
   <div class='ocr_carea' id='block_1_55' title="bbox 199 3993 428 4037">
    <p class='ocr_par' dir='ltr' id='par_1_55' title="bbox 199 3993 428 4037">
     <span class='ocr_line' id='line_1_55' title="bbox 199 3993 428 4037; baseline 0 -1"><span class='ocrx_word' id='word_1_395' title='bbox 199 3993 428 4037; x_wconf 60' lang='grc'><strong>181⁸8380.</strong></span> 
     </span>
    </p>
   </div>
   <div class='ocr_carea' id='block_1_56' title="bbox 272 4075 1786 4147">
    <p class='ocr_par' dir='ltr' id='par_1_56' title="bbox 272 4075 1786 4147">
     <span class='ocr_line' id='line_1_56' title="bbox 272 4075 1786 4147; baseline 0.003 -20"><span class='ocrx_word' id='word_1_396' title='bbox 272 4075 424 4147; x_wconf 74' lang='lat' dir='ltr'><strong>[Lee</strong></span> <span class='ocrx_word' id='word_1_397' title='bbox 461 4075 757 4147; x_wconf 79' lang='lat' dir='ltr'><strong>festivitas,</strong></span> <span class='ocrx_word' id='word_1_398' title='bbox 816 4076 1022 4131; x_wconf 85' lang='lat' dir='ltr'><strong>scilicet</strong></span> <span class='ocrx_word' id='word_1_399' title='bbox 1070 4077 1409 4141; x_wconf 64' lang='lat' dir='ltr'><strong>Furiﬁeatio,</strong></span> <span class='ocrx_word' id='word_1_400' title='bbox 1463 4080 1679 4147; x_wconf 67' lang='lat' dir='ltr'><strong>quando</strong></span> <span class='ocrx_word' id='word_1_401' title='bbox 1733 4079 1786 4132; x_wconf 83' lang='lat' dir='ltr'><strong>in</strong></span> 
     </span>
    </p>
   </div>
   <div class='ocr_carea' id='block_1_57' title="bbox 199 4146 1785 4216">
    <p class='ocr_par' dir='ltr' id='par_1_57' title="bbox 199 4146 1785 4216">
     <span class='ocr_line' id='line_1_57' title="bbox 199 4146 1785 4216; baseline 0.003 -20"><span class='ocrx_word' id='word_1_402' title='bbox 199 4146 377 4214; x_wconf 88' lang='lat' dir='ltr'><strong>prima</strong></span> <span class='ocrx_word' id='word_1_403' title='bbox 412 4146 690 4200; x_wconf 88' lang='lat' dir='ltr'><strong>Dominica</strong></span> <span class='ocrx_word' id='word_1_404' title='bbox 721 4147 1142 4216; x_wconf 79' lang='lat' dir='ltr'><strong>Septuagesimze</strong></span> <span class='ocrx_word' id='word_1_405' title='bbox 1171 4151 1426 4210; x_wconf 88' lang='lat' dir='ltr'><strong>occnrrit,</strong></span> <span class='ocrx_word' id='word_1_406' title='bbox 1467 4146 1702 4201; x_wconf 74' lang='lat' dir='ltr'><strong>mutatur</strong></span> <span class='ocrx_word' id='word_1_407' title='bbox 1735 4150 1785 4201; x_wconf 92' lang='lat' dir='ltr'><strong>in</strong></span> 
     </span>
    </p>
   </div>
   <div class='ocr_carea' id='block_1_58' title="bbox 199 4217 1786 4296">
    <p class='ocr_par' dir='ltr' id='par_1_58' title="bbox 199 4217 1786 4296">
     <span class='ocr_line' id='line_1_58' title="bbox 199 4217 1786 4296; baseline 0.004 -30"><span class='ocrx_word' id='word_1_408' title='bbox 199 4217 522 4296; x_wconf 70' lang='lat' dir='ltr'><strong>crastinum,</strong></span> <span class='ocrx_word' id='word_1_409' title='bbox 555 4217 606 4268; x_wconf 93' lang='lat' dir='ltr'><strong>in</strong></span> <span class='ocrx_word' id='word_1_410' title='bbox 644 4218 854 4270; x_wconf 78' lang='lat' dir='ltr'><strong>duabus</strong></span> <span class='ocrx_word' id='word_1_411' title='bbox 884 4232 1012 4270; x_wconf 89' lang='lat' dir='ltr'><strong>vero</strong></span> <span class='ocrx_word' id='word_1_412' title='bbox 1039 4217 1199 4290; x_wconf 68' lang='grc'><strong>343</strong></span> <span class='ocrx_word' id='word_1_413' title='bbox 1230 4220 1577 4288; x_wconf 79' lang='lat' dir='ltr'><strong>sequentibus</strong></span> <span class='ocrx_word' id='word_1_414' title='bbox 1606 4220 1786 4273; x_wconf 89' lang='lat' dir='ltr'><strong>Domi-</strong></span> 
     </span>
    </p>
   </div>
   <div class='ocr_carea' id='block_1_59' title="bbox 200 4297 1091 4340">
    <p class='ocr_par' dir='ltr' id='par_1_59' title="bbox 200 4297 1091 4340">
     <span class='ocr_line' id='line_1_59' title="bbox 200 4297 1091 4340; baseline 0.003 -3"><span class='ocrx_word' id='word_1_415' title='bbox 200 4301 341 4339; x_wconf 76' lang='lat' dir='ltr'><strong>IIICIS</strong></span> <span class='ocrx_word' id='word_1_416' title='bbox 371 4300 663 4339; x_wconf 72' lang='lat' dir='ltr'><strong>OCCUI‘I‘CIIS</strong></span> <span class='ocrx_word' id='word_1_417' title='bbox 694 4303 800 4340; x_wconf 85' lang='grc'><strong>11011</strong></span> <span class='ocrx_word' id='word_1_418' title='bbox 834 4297 1091 4340; x_wconf 70' lang='lat' dir='ltr'><strong>llllllﬂllll‘.</strong></span> 
     </span>
    </p>
   </div>
   <div class='ocr_carea' id='block_1_60' title="bbox 271 4379 1784 4450">
    <p class='ocr_par' dir='ltr' id='par_1_60' title="bbox 271 4379 1784 4450">
     <span class='ocr_line' id='line_1_60' title="bbox 271 4379 1784 4450; baseline 0.002 -20"><span class='ocrx_word' id='word_1_419' title='bbox 271 4379 354 4450; x_wconf 83' lang='lat' dir='ltr'><strong>Ad</strong></span> <span class='ocrx_word' id='word_1_420' title='bbox 392 4379 661 4446; x_wconf 74' lang='lat' dir='ltr'><strong>VeSperas</strong></span> <span class='ocrx_word' id='word_1_421' title='bbox 697 4379 990 4446; x_wconf 88' lang='lat' dir='ltr'><strong>antiphona</strong></span> <span class='ocrx_word' id='word_1_422' title='bbox 1022 4379 1208 4432; x_wconf 87' lang='lat' dir='ltr'><strong>Tecum</strong></span> <span class='ocrx_word' id='word_1_423' title='bbox 1248 4381 1579 4450; x_wconf 78' lang='lat' dir='ltr'><strong>principium,</strong></span> <span class='ocrx_word' id='word_1_424' title='bbox 1622 4396 1784 4449; x_wconf 85' lang='lat' dir='ltr'><strong>quant</strong></span> 
     </span>
    </p>
   </div>
   <div class='ocr_carea' id='block_1_61' title="bbox 200 4448 1783 4520">
    <p class='ocr_par' dir='ltr' id='par_1_61' title="bbox 200 4448 1783 4520">
     <span class='ocr_line' id='line_1_61' title="bbox 200 4448 1783 4520; baseline 0.002 -19"><span class='ocrx_word' id='word_1_425' title='bbox 200 4448 392 4516; x_wconf 87' lang='lat' dir='ltr'><strong>incipit</strong></span> <span class='ocrx_word' id='word_1_426' title='bbox 433 4450 1117 4520; x_wconf 24' lang='lat' dir='ltr'><strong>hebdon‘iadariuscantor</strong></span> <span class='ocrx_word' id='word_1_427' title='bbox 1143 4451 1314 4504; x_wconf 81' lang='lat' dir='ltr'><strong>dextri</strong></span> <span class='ocrx_word' id='word_1_428' title='bbox 1346 4448 1493 4503; x_wconf 86' lang='lat' dir='ltr'><strong>chori</strong></span> <span class='ocrx_word' id='word_1_429' title='bbox 1533 4453 1583 4504; x_wconf 91' lang='lat' dir='ltr'><strong>in</strong></span> <span class='ocrx_word' id='word_1_430' title='bbox 1615 4448 1783 4520; x_wconf 79' lang='lat' dir='ltr'><strong>cappa</strong></span> 
     </span>
    </p>
   </div>
   <div class='ocr_carea' id='block_1_62' title="bbox 200 4517 1783 4590">
    <p class='ocr_par' dir='ltr' id='par_1_62' title="bbox 200 4517 1783 4590">
     <span class='ocr_line' id='line_1_62' title="bbox 200 4517 1783 4590; baseline 0.001 -18"><span class='ocrx_word' id='word_1_431' title='bbox 200 4521 394 4582; x_wconf 87' lang='lat' dir='ltr'><strong>serica,</strong></span> <span class='ocrx_word' id='word_1_432' title='bbox 424 4531 529 4573; x_wconf 85' lang='lat' dir='ltr'><strong>etc.</strong></span> <span class='ocrx_word' id='word_1_433' title='bbox 560 4521 594 4587; x_wconf 64' lang='grc' dir='ltr'><strong>πῆ</strong></span> <span class='ocrx_word' id='word_1_434' title='bbox 623 4517 831 4584; x_wconf 80' lang='lat' dir='ltr'><strong>Gaude,</strong></span> <span class='ocrx_word' id='word_1_435' title='bbox 880 4518 1074 4590; x_wconf 77' lang='lat' dir='ltr'><strong>Maria,</strong></span> <span class='ocrx_word' id='word_1_436' title='bbox 1119 4533 1372 4574; x_wconf 73' lang='lat' dir='ltr'><strong>cantores</strong></span> <span class='ocrx_word' id='word_1_437' title='bbox 1403 4521 1654 4590; x_wconf 86' lang='lat' dir='ltr'><strong>adjuncto</strong></span> <span class='ocrx_word' id='word_1_438' title='bbox 1683 4517 1783 4574; x_wconf 80' lang='lat' dir='ltr'><strong>sibi</strong></span> 
     </span>
    </p>
   </div>
   <div class='ocr_carea' id='block_1_63' title="bbox 201 4588 1785 4668">
    <p class='ocr_par' dir='ltr' id='par_1_63' title="bbox 201 4588 1785 4668">
     <span class='ocr_line' id='line_1_63' title="bbox 201 4588 1785 4668; baseline 0.001 -25"><span class='ocrx_word' id='word_1_439' title='bbox 201 4599 532 4668; x_wconf 64' lang='lat' dir='ltr'><strong>praecentore</strong></span> <span class='ocrx_word' id='word_1_440' title='bbox 555 4592 608 4644; x_wconf 89' lang='lat' dir='ltr'><strong>in</strong></span> <span class='ocrx_word' id='word_1_441' title='bbox 638 4604 806 4668; x_wconf 75' lang='lat' dir='ltr'><strong>cappa</strong></span> <span class='ocrx_word' id='word_1_442' title='bbox 841 4590 905 4641; x_wconf 91' lang='lat' dir='ltr'><strong>ad</strong></span> <span class='ocrx_word' id='word_1_443' title='bbox 931 4588 1098 4668; x_wconf 56' lang='lat' dir='ltr'><strong>gallos</strong></span> <span class='ocrx_word' id='word_1_444' title='bbox 1120 4599 1359 4668; x_wconf 75' lang='lat' dir='ltr'><strong>cantent,</strong></span> <span class='ocrx_word' id='word_1_445' title='bbox 1387 4588 1567 4643; x_wconf 74' lang='lat' dir='ltr'><strong>oninia</strong></span> <span class='ocrx_word' id='word_1_446' title='bbox 1593 4591 1785 4668; x_wconf 79' lang='lat' dir='ltr'><strong>altaria</strong></span> 
     </span>
    </p>
   </div>
   <div class='ocr_carea' id='block_1_64' title="bbox 201 4657 1786 4729">
    <p class='ocr_par' dir='ltr' id='par_1_64' title="bbox 201 4657 1786 4729">
     <span class='ocr_line' id='line_1_64' title="bbox 201 4657 1786 4729; baseline 0.003 -19"><span class='ocrx_word' id='word_1_447' title='bbox 201 4657 567 4729; x_wconf 84' lang='lat' dir='ltr'><strong>incensentur.</strong></span> <span class='ocrx_word' id='word_1_448' title='bbox 624 4660 932 4728; x_wconf 72' lang='lat' dir='ltr'><strong>Antiphone</strong></span> <span class='ocrx_word' id='word_1_449' title='bbox 985 4657 1115 4712; x_wconf 88' lang='lat' dir='ltr'><strong>Cum</strong></span> <span class='ocrx_word' id='word_1_450' title='bbox 1161 4661 1484 4722; x_wconf 78' lang='lat' dir='ltr'><strong>inducerent,</strong></span> <span class='ocrx_word' id='word_1_451' title='bbox 1533 4678 1652 4729; x_wconf 74' lang='lat' dir='ltr'><strong>qua:</strong></span> <span class='ocrx_word' id='word_1_452' title='bbox 1705 4663 1786 4715; x_wconf 88' lang='lat' dir='ltr'><strong>bis</strong></span> 
     </span>
    </p>
   </div>
   <div class='ocr_carea' id='block_1_65' title="bbox 203 4727 1782 4866">
    <p class='ocr_par' dir='ltr' id='par_1_65' title="bbox 203 4727 1782 4866">
     <span class='ocr_line' id='line_1_65' title="bbox 207 4727 1782 4800; baseline 0.003 -20"><span class='ocrx_word' id='word_1_453' title='bbox 207 4727 496 4796; x_wconf 90' lang='lat' dir='ltr'><strong>imponitur</strong></span> <span class='ocrx_word' id='word_1_454' title='bbox 535 4730 707 4800; x_wconf 85' lang='lat' dir='ltr'><strong>priori</strong></span> <span class='ocrx_word' id='word_1_455' title='bbox 755 4727 784 4782; x_wconf 89' lang='lat' dir='ltr'><strong>a</strong></span> <span class='ocrx_word' id='word_1_456' title='bbox 829 4739 1180 4798; x_wconf 78' lang='lat' dir='ltr'><strong>przecentore,</strong></span> <span class='ocrx_word' id='word_1_457' title='bbox 1207 4739 1261 4784; x_wconf 87' lang='lat' dir='ltr'><strong>et</strong></span> <span class='ocrx_word' id='word_1_458' title='bbox 1291 4739 1375 4784; x_wconf 87' lang='lat' dir='ltr'><strong>ter</strong></span> <span class='ocrx_word' id='word_1_459' title='bbox 1401 4727 1612 4785; x_wconf 85' lang='lat' dir='ltr'><strong>canitur</strong></span> <span class='ocrx_word' id='word_1_460' title='bbox 1641 4731 1782 4785; x_wconf 81' lang='lat' dir='ltr'><strong>Psal.</strong></span> 
     </span>
     <span class='ocr_line' id='line_1_66' title="bbox 203 4796 530 4866; baseline 0.006 -16"><span class='ocrx_word' id='word_1_461' title='bbox 203 4796 530 4866; x_wconf 68' lang='lat' dir='ltr'><strong>Magni/icui.</strong></span> 
     </span>
    </p>
   </div>
   <div class='ocr_carea' id='block_1_66' title="bbox 263 4810 530 4865">
    <p class='ocr_par' dir='ltr' id='par_1_66' title="bbox 263 4810 530 4865">
     <span class='ocr_line' id='line_1_67' title="bbox 263 4810 530 4865; baseline 0.015 -17"><span class='ocrx_word' id='word_1_462' title='bbox 263 4810 530 4865; x_wconf 75' lang='lat' dir='ltr'><strong>agni/teut.</strong></span> 
     </span>
    </p>
   </div>
   <div class='ocr_carea' id='block_1_67' title="bbox 271 4889 1782 4962">
    <p class='ocr_par' dir='ltr' id='par_1_67' title="bbox 271 4889 1782 4962">
     <span class='ocr_line' id='line_1_68' title="bbox 271 4889 1782 4962; baseline 0.003 -18"><span class='ocrx_word' id='word_1_463' title='bbox 271 4889 528 4962; x_wconf 79' lang='lat' dir='ltr'><strong>Sequitur</strong></span> <span class='ocrx_word' id='word_1_464' title='bbox 566 4893 633 4944; x_wconf 90' lang='lat' dir='ltr'><strong>de</strong></span> <span class='ocrx_word' id='word_1_465' title='bbox 672 4890 731 4945; x_wconf 90' lang='lat' dir='ltr'><strong>S.</strong></span> <span class='ocrx_word' id='word_1_466' title='bbox 762 4891 1028 4945; x_wconf 81' lang='lat' dir='ltr'><strong>Ansberto</strong></span> <span class='ocrx_word' id='word_1_467' title='bbox 1055 4892 1326 4962; x_wconf 88' lang='lat' dir='ltr'><strong>episcopo,</strong></span> <span class='ocrx_word' id='word_1_468' title='bbox 1360 4894 1424 4947; x_wconf 91' lang='lat' dir='ltr'><strong>de</strong></span> <span class='ocrx_word' id='word_1_469' title='bbox 1455 4907 1563 4961; x_wconf 88' lang='lat' dir='ltr'><strong>quo</strong></span> <span class='ocrx_word' id='word_1_470' title='bbox 1591 4893 1782 4948; x_wconf 86' lang='lat' dir='ltr'><strong>dicun-</strong></span> 
     </span>
    </p>
   </div>
   <div class='ocr_carea' id='block_1_68' title="bbox 204 4962 1786 5032">
    <p class='ocr_par' dir='ltr' id='par_1_68' title="bbox 204 4962 1786 5032">
     <span class='ocr_line' id='line_1_69' title="bbox 204 4962 1786 5032; baseline 0.005 -21"><span class='ocrx_word' id='word_1_471' title='bbox 204 4969 287 5032; x_wconf 87' lang='lat' dir='ltr'><strong>tur</strong></span> <span class='ocrx_word' id='word_1_472' title='bbox 311 4967 376 5016; x_wconf 86' lang='lat' dir='ltr'><strong>ad</strong></span> <span class='ocrx_word' id='word_1_473' title='bbox 413 4964 686 5032; x_wconf 84' lang='lat' dir='ltr'><strong>Vesperas</strong></span> <span class='ocrx_word' id='word_1_474' title='bbox 716 4972 771 5015; x_wconf 89' lang='lat' dir='ltr'><strong>et</strong></span> <span class='ocrx_word' id='word_1_475' title='bbox 796 4964 862 5015; x_wconf 86' lang='lat' dir='ltr'><strong>ad</strong></span> <span class='ocrx_word' id='word_1_476' title='bbox 905 4972 1197 5016; x_wconf 88' lang='lat' dir='ltr'><strong>nocturnos</strong></span> <span class='ocrx_word' id='word_1_477' title='bbox 1222 4965 1530 5031; x_wconf 82' lang='lat' dir='ltr'><strong>antiphona:</strong></span> <span class='ocrx_word' id='word_1_478' title='bbox 1571 4962 1786 5019; x_wconf 74' lang='lat' dir='ltr'><strong>furiales</strong></span> 
     </span>
    </p>
   </div>
   <div class='ocr_carea' id='block_1_69' title="bbox 200 5031 1788 5102">
    <p class='ocr_par' dir='ltr' id='par_1_69' title="bbox 200 5031 1788 5102">
     <span class='ocr_line' id='line_1_70' title="bbox 200 5031 1788 5102; baseline 0.004 -18"><span class='ocrx_word' id='word_1_479' title='bbox 200 5031 262 5086; x_wconf 84' lang='lat' dir='ltr'><strong>ad</strong></span> <span class='ocrx_word' id='word_1_480' title='bbox 289 5035 425 5087; x_wconf 89' lang='lat' dir='ltr'><strong>diem</strong></span> <span class='ocrx_word' id='word_1_481' title='bbox 455 5031 824 5102; x_wconf 80' lang='lat' dir='ltr'><strong>pertinentes,</strong></span> <span class='ocrx_word' id='word_1_482' title='bbox 853 5047 975 5102; x_wconf 84' lang='lat' dir='ltr'><strong>cum</strong></span> <span class='ocrx_word' id='word_1_483' title='bbox 1007 5033 1256 5102; x_wconf 88' lang='lat' dir='ltr'><strong>capitulis</strong></span> <span class='ocrx_word' id='word_1_484' title='bbox 1281 5037 1440 5087; x_wconf 85' lang='lat' dir='ltr'><strong>unius</strong></span> <span class='ocrx_word' id='word_1_485' title='bbox 1467 5033 1701 5102; x_wconf 86' lang='lat' dir='ltr'><strong>episcopi</strong></span> <span class='ocrx_word' id='word_1_486' title='bbox 1733 5045 1788 5089; x_wconf 84' lang='lat' dir='ltr'><strong>et</strong></span> 
     </span>
    </p>
   </div>
   <div class='ocr_carea' id='block_1_70' title="bbox 195 5101 1784 5171">
    <p class='ocr_par' dir='ltr' id='par_1_70' title="bbox 195 5101 1784 5171">
     <span class='ocr_line' id='line_1_71' title="bbox 195 5101 1784 5171; baseline 0.001 -14"><span class='ocrx_word' id='word_1_487' title='bbox 195 5101 542 5158; x_wconf 76' lang='lat' dir='ltr'><strong>confessoris.</strong></span> <span class='ocrx_word' id='word_1_488' title='bbox 577 5102 658 5154; x_wconf 85' lang='lat' dir='ltr'><strong>Ad</strong></span> <span class='ocrx_word' id='word_1_489' title='bbox 688 5101 994 5171; x_wconf 78' lang='lat' dir='ltr'><strong>Magni/ient</strong></span> <span class='ocrx_word' id='word_1_490' title='bbox 1022 5113 1129 5158; x_wconf 89' lang='lat' dir='ltr'><strong>aut.</strong></span> <span class='ocrx_word' id='word_1_491' title='bbox 1161 5104 1438 5158; x_wconf 85' lang='lat' dir='ltr'><strong>Similabo.</strong></span> <span class='ocrx_word' id='word_1_492' title='bbox 1469 5101 1548 5157; x_wconf 81' lang='lat' dir='ltr'><strong>Ad</strong></span> <span class='ocrx_word' id='word_1_493' title='bbox 1574 5103 1784 5159; x_wconf 85' lang='lat' dir='ltr'><strong>Laudes</strong></span> 
     </span>
    </p>
   </div>
   <div class='ocr_carea' id='block_1_71' title="bbox 189 5171 1784 5233">
    <p class='ocr_par' dir='ltr' id='par_1_71' title="bbox 189 5171 1784 5233">
     <span class='ocr_line' id='line_1_72' title="bbox 189 5171 1784 5233; baseline 0.001 -6"><span class='ocrx_word' id='word_1_494' title='bbox 189 5185 292 5229; x_wconf 87' lang='lat' dir='ltr'><strong>ant.</strong></span> <span class='ocrx_word' id='word_1_495' title='bbox 328 5175 464 5228; x_wconf 80' lang='lat' dir='ltr'><strong>Ecce</strong></span> <span class='ocrx_word' id='word_1_496' title='bbox 489 5172 772 5233; x_wconf 78' lang='lat' dir='ltr'><strong>sacerdos,</strong></span> <span class='ocrx_word' id='word_1_497' title='bbox 802 5181 905 5226; x_wconf 90' lang='lat' dir='ltr'><strong>etc.</strong></span> <span class='ocrx_word' id='word_1_498' title='bbox 935 5171 1016 5225; x_wconf 85' lang='lat' dir='ltr'><strong>Ad</strong></span> <span class='ocrx_word' id='word_1_499' title='bbox 1047 5172 1356 5228; x_wconf 72' lang='lat' dir='ltr'><strong>Benedictus</strong></span> <span class='ocrx_word' id='word_1_500' title='bbox 1382 5185 1491 5227; x_wconf 86' lang='lat' dir='ltr'><strong>ant.</strong></span> <span class='ocrx_word' id='word_1_501' title='bbox 1527 5171 1784 5228; x_wconf 73' lang='lat' dir='ltr'><strong>Sacerdos</strong></span> 
     </span>
    </p>
   </div>
   <div class='ocr_carea' id='block_1_72' title="bbox 183 5240 1788 5315">
    <p class='ocr_par' dir='ltr' id='par_1_72' title="bbox 183 5240 1788 5315">
     <span class='ocr_line' id='line_1_73' title="bbox 183 5240 1788 5315; baseline -0.001 -16"><span class='ocrx_word' id='word_1_502' title='bbox 183 5257 228 5299; x_wconf 77' lang='lat' dir='ltr'><strong>et</strong></span> <span class='ocrx_word' id='word_1_503' title='bbox 265 5244 533 5315; x_wconf 79' lang='lat' dir='ltr'><strong>pontifex.</strong></span> <span class='ocrx_word' id='word_1_504' title='bbox 587 5240 870 5315; x_wconf 68' lang='lat' dir='ltr'><strong>Similiter</strong></span> <span class='ocrx_word' id='word_1_505' title='bbox 895 5252 949 5297; x_wconf 90' lang='lat' dir='ltr'><strong>et</strong></span> <span class='ocrx_word' id='word_1_506' title='bbox 991 5243 1062 5315; x_wconf 8' lang='lat' dir='ltr'><strong>ad,</strong></span> <span class='ocrx_word' id='word_1_507' title='bbox 1097 5243 1269 5298; x_wconf 84' lang='lat' dir='ltr'><strong>Horas</strong></span> <span class='ocrx_word' id='word_1_508' title='bbox 1314 5253 1604 5313; x_wconf 75' lang='lat' dir='ltr'><strong>sequentes</strong></span> <span class='ocrx_word' id='word_1_509' title='bbox 1641 5245 1788 5315; x_wconf 10' lang='lat' dir='ltr'><strong>anti-r</strong></span> 
     </span>
    </p>
   </div>
   <div class='ocr_carea' id='block_1_73' title="bbox 183 5309 1787 5380">
    <p class='ocr_par' dir='ltr' id='par_1_73' title="bbox 183 5309 1787 5380">
     <span class='ocr_line' id='line_1_74' title="bbox 183 5309 1787 5380; baseline -0.002 -10"><span class='ocrx_word' id='word_1_510' title='bbox 183 5309 366 5380; x_wconf 74' lang='lat' dir='ltr'><strong>phona:</strong></span> <span class='ocrx_word' id='word_1_511' title='bbox 415 5309 468 5368; x_wconf 81' lang='lat' dir='ltr'><strong>et</strong></span> <span class='ocrx_word' id='word_1_512' title='bbox 505 5309 749 5380; x_wconf 86' lang='lat' dir='ltr'><strong>capitula</strong></span> <span class='ocrx_word' id='word_1_513' title='bbox 786 5312 939 5366; x_wconf 90' lang='lat' dir='ltr'><strong>unius</strong></span> <span class='ocrx_word' id='word_1_514' title='bbox 981 5313 1213 5380; x_wconf 82' lang='lat' dir='ltr'><strong>episeopi</strong></span> <span class='ocrx_word' id='word_1_515' title='bbox 1251 5325 1306 5368; x_wconf 89' lang='lat' dir='ltr'><strong>et</strong></span> <span class='ocrx_word' id='word_1_516' title='bbox 1353 5309 1683 5368; x_wconf 76' lang='lat' dir='ltr'><strong>confessoris</strong></span> <span class='ocrx_word' id='word_1_517' title='bbox 1718 5314 1787 5368; x_wconf 89' lang='lat' dir='ltr'><strong>ad</strong></span> 
     </span>
    </p>
   </div>
   <div class='ocr_carea' id='block_1_74' title="bbox 1822 1768 1860 1824">
    <p class='ocr_par' dir='ltr' id='par_1_74' title="bbox 1822 1768 1860 1824">
     <span class='ocr_line' id='line_1_75' title="bbox 1822 1768 1860 1824; baseline -0.053 0"><span class='ocrx_word' id='word_1_518' title='bbox 1822 1768 1860 1824; x_wconf 77' lang='grc'><strong>11</strong></span> 
     </span>
    </p>
   </div>
   <div class='ocr_carea' id='block_1_75' title="bbox 1813 3105 1855 3164">
    <p class='ocr_par' dir='ltr' id='par_1_75' title="bbox 1813 3105 1855 3164">
     <span class='ocr_line' id='line_1_76' title="bbox 1813 3105 1855 3164; baseline 0 -1"><span class='ocrx_word' id='word_1_519' title='bbox 1813 3105 1855 3164; x_wconf 86' lang='lat' dir='ltr'><strong><em>C</em></strong></span> 
     </span>
    </p>
   </div>
   <div class='ocr_carea' id='block_1_76' title="bbox 1889 488 3222 556">
    <p class='ocr_par' dir='ltr' id='par_1_76' title="bbox 1889 488 3222 556">
     <span class='ocr_line' id='line_1_77' title="bbox 1889 488 3222 556; baseline 0.002 -14"><span class='ocrx_word' id='word_1_520' title='bbox 1889 488 1966 542; x_wconf 83' lang='lat' dir='ltr'><strong>Ad</strong></span> <span class='ocrx_word' id='word_1_521' title='bbox 2001 489 2264 556; x_wconf 74' lang='lat' dir='ltr'><strong>Vesperas</strong></span> <span class='ocrx_word' id='word_1_522' title='bbox 2294 499 2403 542; x_wconf 89' lang='lat' dir='ltr'><strong>ant.</strong></span> <span class='ocrx_word' id='word_1_523' title='bbox 2441 491 2542 542; x_wconf 70' lang='lat' dir='ltr'><strong>dre</strong></span> <span class='ocrx_word' id='word_1_524' title='bbox 2575 490 2768 543; x_wconf 81' lang='lat' dir='ltr'><strong>Maria.</strong></span> <span class='ocrx_word' id='word_1_525' title='bbox 2802 488 2994 544; x_wconf 82' lang='lat' dir='ltr'><strong>Psalmi</strong></span> <span class='ocrx_word' id='word_1_526' title='bbox 3028 493 3090 545; x_wconf 89' lang='lat' dir='ltr'><strong>de</strong></span> <span class='ocrx_word' id='word_1_527' title='bbox 3120 493 3222 545; x_wconf 82' lang='lat' dir='ltr'><strong>die.</strong></span> 
     </span>
    </p>
   </div>
   <div class='ocr_carea' id='block_1_77' title="bbox 1963 559 3470 636">
    <p class='ocr_par' dir='ltr' id='par_1_77' title="bbox 1963 559 3470 636">
     <span class='ocr_line' id='line_1_78' title="bbox 1963 559 3470 636; baseline 0.003 -25"><span class='ocrx_word' id='word_1_528' title='bbox 1963 559 2036 636; x_wconf 81' lang='lat' dir='ltr'><strong>De</strong></span> <span class='ocrx_word' id='word_1_529' title='bbox 2079 569 2268 636; x_wconf 70' lang='lat' dir='ltr'><strong>sancto</strong></span> <span class='ocrx_word' id='word_1_530' title='bbox 2314 559 2492 636; x_wconf 63' lang='lat' dir='ltr'><strong>Marco</strong></span> <span class='ocrx_word' id='word_1_531' title='bbox 2538 561 2769 636; x_wconf 75' lang='lat' dir='ltr'><strong>taedium</strong></span> <span class='ocrx_word' id='word_1_532' title='bbox 2815 560 3009 636; x_wconf 60' lang='lat' dir='ltr'><strong>festum</strong></span> <span class='ocrx_word' id='word_1_533' title='bbox 3058 563 3256 629; x_wconf 79' lang='lat' dir='ltr'><strong>agitur,</strong></span> <span class='ocrx_word' id='word_1_534' title='bbox 3306 562 3470 636; x_wconf 64' lang='grc'><strong>344</strong></span> 
     </span>
    </p>
   </div>
   <div class='ocr_carea' id='block_1_78' title="bbox 1888 627 3466 699">
    <p class='ocr_par' dir='ltr' id='par_1_78' title="bbox 1888 627 3466 699">
     <span class='ocr_line' id='line_1_79' title="bbox 1888 627 3466 699; baseline 0.005 -21"><span class='ocrx_word' id='word_1_535' title='bbox 1888 632 2029 697; x_wconf 85' lang='lat' dir='ltr'><strong>quod</strong></span> <span class='ocrx_word' id='word_1_536' title='bbox 2076 627 2267 681; x_wconf 81' lang='lat' dir='ltr'><strong>festum</strong></span> <span class='ocrx_word' id='word_1_537' title='bbox 2316 629 2359 680; x_wconf 90' lang='lat' dir='ltr'><strong>si</strong></span> <span class='ocrx_word' id='word_1_538' title='bbox 2411 631 2462 681; x_wconf 92' lang='lat' dir='ltr'><strong>in</strong></span> <span class='ocrx_word' id='word_1_539' title='bbox 2511 630 2686 697; x_wconf 86' lang='lat' dir='ltr'><strong>aliqua</strong></span> <span class='ocrx_word' id='word_1_540' title='bbox 2737 632 3008 684; x_wconf 79' lang='lat' dir='ltr'><strong>Dominica</strong></span> <span class='ocrx_word' id='word_1_541' title='bbox 3057 627 3175 699; x_wconf 78' lang='lat' dir='ltr'><strong>post</strong></span> <span class='ocrx_word' id='word_1_542' title='bbox 3221 627 3466 687; x_wconf 59' lang='lat' dir='ltr'><strong>octavam</strong></span> 
     </span>
    </p>
   </div>
   <div class='ocr_carea' id='block_1_79' title="bbox 1891 699 3466 762">
    <p class='ocr_par' dir='ltr' id='par_1_79' title="bbox 1891 699 3466 762">
     <span class='ocr_line' id='line_1_80' title="bbox 1891 699 3466 762; baseline 0.003 -10"><span class='ocrx_word' id='word_1_543' title='bbox 1891 699 2110 752; x_wconf 76' lang='lat' dir='ltr'><strong>Pascha:</strong></span> <span class='ocrx_word' id='word_1_544' title='bbox 2139 699 2399 762; x_wconf 85' lang='lat' dir='ltr'><strong>evenerit,</strong></span> <span class='ocrx_word' id='word_1_545' title='bbox 2427 708 2593 751; x_wconf 89' lang='lat' dir='ltr'><strong>totum</strong></span> <span class='ocrx_word' id='word_1_546' title='bbox 2637 701 2728 751; x_wconf 85' lang='lat' dir='ltr'><strong>liet</strong></span> <span class='ocrx_word' id='word_1_547' title='bbox 2771 703 2835 754; x_wconf 89' lang='lat' dir='ltr'><strong>de</strong></span> <span class='ocrx_word' id='word_1_548' title='bbox 2866 701 3024 762; x_wconf 74' lang='lat' dir='ltr'><strong>festo,</strong></span> <span class='ocrx_word' id='word_1_549' title='bbox 3053 716 3174 753; x_wconf 90' lang='lat' dir='ltr'><strong>cmn</strong></span> <span class='ocrx_word' id='word_1_550' title='bbox 3208 704 3466 756; x_wconf 84' lang='lat' dir='ltr'><strong>memoria</strong></span> 
     </span>
    </p>
   </div>
   <div class='ocr_carea' id='block_1_80' title="bbox 1889 768 3465 834">
    <p class='ocr_par' dir='ltr' id='par_1_80' title="bbox 1889 768 3465 834">
     <span class='ocr_line' id='line_1_81' title="bbox 1889 768 3465 834; baseline 0.003 -13"><span class='ocrx_word' id='word_1_551' title='bbox 1889 768 1956 822; x_wconf 92' lang='lat' dir='ltr'><strong>de</strong></span> <span class='ocrx_word' id='word_1_552' title='bbox 1993 768 2268 822; x_wconf 84' lang='lat' dir='ltr'><strong>Dominica</strong></span> <span class='ocrx_word' id='word_1_553' title='bbox 2314 777 2365 820; x_wconf 81' lang='lat' dir='ltr'><strong>ct</strong></span> <span class='ocrx_word' id='word_1_554' title='bbox 2412 770 2572 822; x_wconf 76' lang='lat' dir='ltr'><strong>missa</strong></span> <span class='ocrx_word' id='word_1_555' title='bbox 2609 771 2939 834; x_wconf 86' lang='lat' dir='ltr'><strong>matutinali,</strong></span> <span class='ocrx_word' id='word_1_556' title='bbox 2972 781 3026 824; x_wconf 87' lang='lat' dir='ltr'><strong>et</strong></span> <span class='ocrx_word' id='word_1_557' title='bbox 3071 770 3121 822; x_wconf 93' lang='lat' dir='ltr'><strong>in</strong></span> <span class='ocrx_word' id='word_1_558' title='bbox 3172 772 3465 826; x_wconf 88' lang='lat' dir='ltr'><strong>crastinum</strong></span> 
     </span>
    </p>
   </div>
   <div class='ocr_carea' id='block_1_81' title="bbox 1890 836 3464 908">
    <p class='ocr_par' dir='ltr' id='par_1_81' title="bbox 1890 836 3464 908">
     <span class='ocr_line' id='line_1_82' title="bbox 1890 836 3464 908; baseline 0.004 -19"><span class='ocrx_word' id='word_1_559' title='bbox 1890 839 2162 906; x_wconf 81' lang='lat' dir='ltr'><strong>processio</strong></span> <span class='ocrx_word' id='word_1_560' title='bbox 2203 846 2256 891; x_wconf 90' lang='lat' dir='ltr'><strong>et</strong></span> <span class='ocrx_word' id='word_1_561' title='bbox 2283 836 2577 903; x_wconf 77' lang='lat' dir='ltr'><strong>jejunium;</strong></span> <span class='ocrx_word' id='word_1_562' title='bbox 2621 840 2663 890; x_wconf 90' lang='lat' dir='ltr'><strong>si</strong></span> <span class='ocrx_word' id='word_1_563' title='bbox 2713 841 2762 892; x_wconf 92' lang='lat' dir='ltr'><strong>in</strong></span> <span class='ocrx_word' id='word_1_564' title='bbox 2809 841 2936 908; x_wconf 88' lang='lat' dir='ltr'><strong>ipsis</strong></span> <span class='ocrx_word' id='word_1_565' title='bbox 2977 841 3180 893; x_wconf 81' lang='lat' dir='ltr'><strong>octavis</strong></span> <span class='ocrx_word' id='word_1_566' title='bbox 3222 843 3464 906; x_wconf 72' lang='lat' dir='ltr'><strong>Paschce,</strong></span> 
     </span>
    </p>
   </div>
   <div class='ocr_carea' id='block_1_82' title="bbox 1891 909 3463 977">
    <p class='ocr_par' dir='ltr' id='par_1_82' title="bbox 1891 909 3463 977">
     <span class='ocr_line' id='line_1_83' title="bbox 1891 909 3463 977; baseline 0.004 -17"><span class='ocrx_word' id='word_1_567' title='bbox 1891 910 2163 977; x_wconf 84' lang='lat' dir='ltr'><strong>processio</strong></span> <span class='ocrx_word' id='word_1_568' title='bbox 2217 910 2268 962; x_wconf 91' lang='lat' dir='ltr'><strong>in</strong></span> <span class='ocrx_word' id='word_1_569' title='bbox 2326 909 2412 960; x_wconf 90' lang='lat' dir='ltr'><strong>illo</strong></span> <span class='ocrx_word' id='word_1_570' title='bbox 2459 924 2600 960; x_wconf 89' lang='lat' dir='ltr'><strong>anno</strong></span> <span class='ocrx_word' id='word_1_571' title='bbox 2641 924 2706 961; x_wconf 78' lang='lat' dir='ltr'><strong>ex</strong></span> <span class='ocrx_word' id='word_1_572' title='bbox 2759 919 2868 963; x_wconf 89' lang='lat' dir='ltr'><strong>toto</strong></span> <span class='ocrx_word' id='word_1_573' title='bbox 2915 911 3219 975; x_wconf 81' lang='lat' dir='ltr'><strong>dimittitur,</strong></span> <span class='ocrx_word' id='word_1_574' title='bbox 3269 913 3463 965; x_wconf 81' lang='lat' dir='ltr'><strong>l‘estntn</strong></span> 
     </span>
    </p>
   </div>
   <div class='ocr_carea' id='block_1_83' title="bbox 1891 977 3462 1050">
    <p class='ocr_par' dir='ltr' id='par_1_83' title="bbox 1891 977 3462 1050">
     <span class='ocr_line' id='line_1_84' title="bbox 1891 977 3462 1050; baseline 0.003 -20"><span class='ocrx_word' id='word_1_575' title='bbox 1891 994 2017 1050; x_wconf 70' lang='lat' dir='ltr'><strong>vero</strong></span> <span class='ocrx_word' id='word_1_576' title='bbox 2057 987 2174 1045; x_wconf 89' lang='lat' dir='ltr'><strong>post</strong></span> <span class='ocrx_word' id='word_1_577' title='bbox 2215 986 2431 1032; x_wconf 85' lang='lat' dir='ltr'><strong>octavas</strong></span> <span class='ocrx_word' id='word_1_578' title='bbox 2471 977 2688 1032; x_wconf 77' lang='lat' dir='ltr'><strong>Paselne</strong></span> <span class='ocrx_word' id='word_1_579' title='bbox 2727 996 2846 1032; x_wconf 90' lang='lat' dir='ltr'><strong>cum</strong></span> <span class='ocrx_word' id='word_1_580' title='bbox 2882 981 3069 1050; x_wconf 83' lang='lat' dir='ltr'><strong>primis</strong></span> <span class='ocrx_word' id='word_1_581' title='bbox 3104 978 3351 1050; x_wconf 73' lang='lat' dir='ltr'><strong>VeSpcris</strong></span> <span class='ocrx_word' id='word_1_582' title='bbox 3378 997 3462 1036; x_wconf 89' lang='lat' dir='ltr'><strong>cc-</strong></span> 
     </span>
    </p>
   </div>
   <div class='ocr_carea' id='block_1_84' title="bbox 1889 1047 2144 1101">
    <p class='ocr_par' dir='ltr' id='par_1_84' title="bbox 1889 1047 2144 1101">
     <span class='ocr_line' id='line_1_85' title="bbox 1889 1047 2144 1101; baseline 0 -1"><span class='ocrx_word' id='word_1_583' title='bbox 1889 1047 2144 1101; x_wconf 83' lang='lat' dir='ltr'><strong>lebratut‘.</strong></span> 
     </span>
    </p>
   </div>
   <div class='ocr_carea' id='block_1_85' title="bbox 1960 1116 3463 1180">
    <p class='ocr_par' dir='ltr' id='par_1_85' title="bbox 1960 1116 3463 1180">
     <span class='ocr_line' id='line_1_86' title="bbox 1960 1116 3463 1180; baseline 0.003 -11"><span class='ocrx_word' id='word_1_584' title='bbox 1960 1117 2036 1169; x_wconf 82' lang='lat' dir='ltr'><strong>Ad</strong></span> <span class='ocrx_word' id='word_1_585' title='bbox 2071 1118 2308 1180; x_wconf 85' lang='lat' dir='ltr'><strong>missam,</strong></span> <span class='ocrx_word' id='word_1_586' title='bbox 2337 1117 2578 1172; x_wconf 82' lang='lat' dir='ltr'><strong>Oﬂicium</strong></span> <span class='ocrx_word' id='word_1_587' title='bbox 2615 1116 2912 1177; x_wconf 77' lang='lat' dir='ltr'><strong>Protexisn‘.</strong></span> <span class='ocrx_word' id='word_1_588' title='bbox 2946 1128 3046 1172; x_wconf 89' lang='lat' dir='ltr'><strong>etc.</strong></span> <span class='ocrx_word' id='word_1_589' title='bbox 3081 1119 3207 1172; x_wconf 83' lang='lat' dir='ltr'><strong>Post</strong></span> <span class='ocrx_word' id='word_1_590' title='bbox 3243 1119 3463 1174; x_wconf 70' lang='lat' dir='ltr'><strong>Sextum</strong></span> 
     </span>
    </p>
   </div>
   <div class='ocr_carea' id='block_1_86' title="bbox 1890 1186 3464 1258">
    <p class='ocr_par' dir='ltr' id='par_1_86' title="bbox 1890 1186 3464 1258">
     <span class='ocr_line' id='line_1_87' title="bbox 1890 1186 3464 1258; baseline 0.002 -20"><span class='ocrx_word' id='word_1_591' title='bbox 1890 1188 2013 1239; x_wconf 90' lang='lat' dir='ltr'><strong>dum</strong></span> <span class='ocrx_word' id='word_1_592' title='bbox 2045 1186 2239 1258; x_wconf 80' lang='lat' dir='ltr'><strong>fratres</strong></span> <span class='ocrx_word' id='word_1_593' title='bbox 2271 1187 2322 1240; x_wconf 91' lang='lat' dir='ltr'><strong>in</strong></span> <span class='ocrx_word' id='word_1_594' title='bbox 2356 1187 2728 1239; x_wconf 82' lang='lat' dir='ltr'><strong>dormitorium</strong></span> <span class='ocrx_word' id='word_1_595' title='bbox 2773 1205 2969 1256; x_wconf 87' lang='lat' dir='ltr'><strong>cappas</strong></span> <span class='ocrx_word' id='word_1_596' title='bbox 2999 1189 3218 1242; x_wconf 87' lang='lat' dir='ltr'><strong>induere</strong></span> <span class='ocrx_word' id='word_1_597' title='bbox 3246 1199 3464 1258; x_wconf 85' lang='lat' dir='ltr'><strong>propter</strong></span> 
     </span>
    </p>
   </div>
   <div class='ocr_carea' id='block_1_87' title="bbox 1890 1257 3463 1324">
    <p class='ocr_par' dir='ltr' id='par_1_87' title="bbox 1890 1257 3463 1324">
     <span class='ocr_line' id='line_1_88' title="bbox 1890 1257 3463 1324; baseline 0.003 -16"><span class='ocrx_word' id='word_1_598' title='bbox 1890 1257 2286 1324; x_wconf 82' lang='lat' dir='ltr'><strong>processiouem</strong></span> <span class='ocrx_word' id='word_1_599' title='bbox 2315 1259 2674 1324; x_wconf 79' lang='lat' dir='ltr'><strong>perrexcrint,</strong></span> <span class='ocrx_word' id='word_1_600' title='bbox 2702 1259 3026 1312; x_wconf 88' lang='lat' dir='ltr'><strong>secretarius</strong></span> <span class='ocrx_word' id='word_1_601' title='bbox 3067 1275 3227 1311; x_wconf 91' lang='lat' dir='ltr'><strong>unum</strong></span> <span class='ocrx_word' id='word_1_602' title='bbox 3259 1261 3322 1311; x_wconf 92' lang='lat' dir='ltr'><strong>de</strong></span> <span class='ocrx_word' id='word_1_603' title='bbox 3349 1257 3463 1312; x_wconf 88' lang='lat' dir='ltr'><strong>ma-</strong></span> 
     </span>
    </p>
   </div>
   <div class='ocr_carea' id='block_1_88' title="bbox 1884 1325 3462 1397">
    <p class='ocr_par' dir='ltr' id='par_1_88' title="bbox 1884 1325 3462 1397">
     <span class='ocr_line' id='line_1_89' title="bbox 1884 1325 3462 1397; baseline 0.002 -20"><span class='ocrx_word' id='word_1_604' title='bbox 1884 1325 2094 1392; x_wconf 78' lang='lat' dir='ltr'><strong>joribus</strong></span> <span class='ocrx_word' id='word_1_605' title='bbox 2117 1327 2284 1396; x_wconf 75' lang='lat' dir='ltr'><strong>signis</strong></span> <span class='ocrx_word' id='word_1_606' title='bbox 2318 1337 2398 1380; x_wconf 88' lang='lat' dir='ltr'><strong>ter</strong></span> <span class='ocrx_word' id='word_1_607' title='bbox 2428 1327 2693 1380; x_wconf 71' lang='lat' dir='ltr'><strong>modicum</strong></span> <span class='ocrx_word' id='word_1_608' title='bbox 2723 1328 2927 1394; x_wconf 82' lang='lat' dir='ltr'><strong>pulset;</strong></span> <span class='ocrx_word' id='word_1_609' title='bbox 2973 1329 3162 1381; x_wconf 87' lang='lat' dir='ltr'><strong>deinde</strong></span> <span class='ocrx_word' id='word_1_610' title='bbox 3191 1338 3307 1397; x_wconf 88' lang='lat' dir='ltr'><strong>post</strong></span> <span class='ocrx_word' id='word_1_611' title='bbox 3337 1345 3462 1396; x_wconf 87' lang='lat' dir='ltr'><strong>pau-</strong></span> 
     </span>
    </p>
   </div>
   <div class='ocr_carea' id='block_1_89' title="bbox 1889 1397 3463 1465">
    <p class='ocr_par' dir='ltr' id='par_1_89' title="bbox 1889 1397 3463 1465">
     <span class='ocr_line' id='line_1_90' title="bbox 1889 1397 3463 1465; baseline 0.001 -16"><span class='ocrx_word' id='word_1_612' title='bbox 1889 1398 2055 1450; x_wconf 89' lang='lat' dir='ltr'><strong>lulum</strong></span> <span class='ocrx_word' id='word_1_613' title='bbox 2086 1398 2294 1449; x_wconf 88' lang='lat' dir='ltr'><strong>cunctis</strong></span> <span class='ocrx_word' id='word_1_614' title='bbox 2326 1397 2374 1448; x_wconf 93' lang='lat' dir='ltr'><strong>in</strong></span> <span class='ocrx_word' id='word_1_615' title='bbox 2398 1397 2620 1449; x_wconf 86' lang='lat' dir='ltr'><strong>chorum</strong></span> <span class='ocrx_word' id='word_1_616' title='bbox 2665 1398 2913 1459; x_wconf 83' lang='lat' dir='ltr'><strong>reversis,</strong></span> <span class='ocrx_word' id='word_1_617' title='bbox 2955 1400 3127 1465; x_wconf 91' lang='lat' dir='ltr'><strong>primo</strong></span> <span class='ocrx_word' id='word_1_618' title='bbox 3169 1416 3195 1448; x_wconf 89' lang='lat' dir='ltr'><strong>a</strong></span> <span class='ocrx_word' id='word_1_619' title='bbox 3240 1409 3463 1450; x_wconf 84' lang='lat' dir='ltr'><strong>cantore</strong></span> 
     </span>
    </p>
   </div>
   <div class='ocr_carea' id='block_1_90' title="bbox 1890 1465 3465 1535">
    <p class='ocr_par' dir='ltr' id='par_1_90' title="bbox 1890 1465 3465 1535">
     <span class='ocr_line' id='line_1_91' title="bbox 1890 1465 3465 1535; baseline 0.001 -16"><span class='ocrx_word' id='word_1_620' title='bbox 1890 1467 2180 1534; x_wconf 86' lang='lat' dir='ltr'><strong>antiphona</strong></span> <span class='ocrx_word' id='word_1_621' title='bbox 2215 1465 2475 1534; x_wconf 68' lang='lat' dir='ltr'><strong>Exsurge.</strong></span> <span class='ocrx_word' id='word_1_622' title='bbox 2525 1465 2758 1528; x_wconf 78' lang='lat' dir='ltr'><strong>Domine,</strong></span> <span class='ocrx_word' id='word_1_623' title='bbox 2805 1469 3123 1535; x_wconf 86' lang='lat' dir='ltr'><strong>imponatur.</strong></span> <span class='ocrx_word' id='word_1_624' title='bbox 3172 1468 3465 1520; x_wconf 85' lang='lat' dir='ltr'><strong>Hebdoma-</strong></span> 
     </span>
    </p>
   </div>
   <div class='ocr_carea' id='block_1_91' title="bbox 1889 1536 3465 1606">
    <p class='ocr_par' dir='ltr' id='par_1_91' title="bbox 1889 1536 3465 1606">
     <span class='ocr_line' id='line_1_92' title="bbox 1889 1536 3465 1606; baseline 0.001 -17"><span class='ocrx_word' id='word_1_625' title='bbox 1889 1538 2092 1599; x_wconf 84' lang='lat' dir='ltr'><strong>darins,</strong></span> <span class='ocrx_word' id='word_1_626' title='bbox 2139 1536 2276 1589; x_wconf 88' lang='lat' dir='ltr'><strong>sicut</strong></span> <span class='ocrx_word' id='word_1_627' title='bbox 2323 1546 2406 1588; x_wconf 78' lang='lat' dir='ltr'><strong>est</strong></span> <span class='ocrx_word' id='word_1_628' title='bbox 2453 1537 2503 1588; x_wconf 92' lang='lat' dir='ltr'><strong>in</strong></span> <span class='ocrx_word' id='word_1_629' title='bbox 2555 1551 2721 1604; x_wconf 87' lang='lat' dir='ltr'><strong>cappa</strong></span> <span class='ocrx_word' id='word_1_630' title='bbox 2767 1553 2888 1600; x_wconf 89' lang='lat' dir='ltr'><strong>sua,</strong></span> <span class='ocrx_word' id='word_1_631' title='bbox 2931 1553 3149 1605; x_wconf 64' lang='lat' dir='ltr'><strong>a&lt;perso</strong></span> <span class='ocrx_word' id='word_1_632' title='bbox 3185 1538 3465 1606; x_wconf 85' lang='lat' dir='ltr'><strong>principali</strong></span> 
     </span>
    </p>
   </div>
   <div class='ocr_carea' id='block_1_92' title="bbox 1890 1606 3466 1675">
    <p class='ocr_par' dir='ltr' id='par_1_92' title="bbox 1890 1606 3466 1675">
     <span class='ocr_line' id='line_1_93' title="bbox 1890 1606 3466 1675; baseline 0.001 -17"><span class='ocrx_word' id='word_1_633' title='bbox 1890 1606 2076 1663; x_wconf 85' lang='lat' dir='ltr'><strong>altari,</strong></span> <span class='ocrx_word' id='word_1_634' title='bbox 2126 1615 2446 1658; x_wconf 88' lang='lat' dir='ltr'><strong>conventum</strong></span> <span class='ocrx_word' id='word_1_635' title='bbox 2493 1606 2652 1657; x_wconf 87' lang='lat' dir='ltr'><strong>etiam</strong></span> <span class='ocrx_word' id='word_1_636' title='bbox 2684 1607 2871 1659; x_wconf 82' lang='lat' dir='ltr'><strong>onliue</strong></span> <span class='ocrx_word' id='word_1_637' title='bbox 2905 1616 3166 1660; x_wconf 84' lang='lat' dir='ltr'><strong>consueto</strong></span> <span class='ocrx_word' id='word_1_638' title='bbox 3196 1618 3466 1675; x_wconf 77' lang='lat' dir='ltr'><strong>aspergat,</strong></span> 
     </span>
    </p>
   </div>
   <div class='ocr_carea' id='block_1_93' title="bbox 1890 1675 3469 1743">
    <p class='ocr_par' dir='ltr' id='par_1_93' title="bbox 1890 1675 3469 1743">
     <span class='ocr_line' id='line_1_94' title="bbox 1890 1675 3469 1743; baseline 0.003 -18"><span class='ocrx_word' id='word_1_639' title='bbox 1890 1685 2071 1743; x_wconf 81' lang='lat' dir='ltr'><strong>postea</strong></span> <span class='ocrx_word' id='word_1_640' title='bbox 2105 1675 2250 1728; x_wconf 86' lang='lat' dir='ltr'><strong>dicat</strong></span> <span class='ocrx_word' id='word_1_641' title='bbox 2289 1690 2500 1728; x_wconf 81' lang='lat' dir='ltr'><strong>versum</strong></span> <span class='ocrx_word' id='word_1_642' title='bbox 2533 1675 2757 1728; x_wconf 79' lang='lat' dir='ltr'><strong>Ostende</strong></span> <span class='ocrx_word' id='word_1_643' title='bbox 2800 1677 2962 1738; x_wconf 83' lang='lat' dir='ltr'><strong>nobis,</strong></span> <span class='ocrx_word' id='word_1_644' title='bbox 2997 1675 3232 1736; x_wconf 79' lang='lat' dir='ltr'><strong>Domine,</strong></span> <span class='ocrx_word' id='word_1_645' title='bbox 3267 1678 3469 1731; x_wconf 80' lang='lat' dir='ltr'><strong>miseri-</strong></span> 
     </span>
    </p>
   </div>
   <div class='ocr_carea' id='block_1_94' title="bbox 1890 1744 3468 1808">
    <p class='ocr_par' dir='ltr' id='par_1_94' title="bbox 1890 1744 3468 1808">
     <span class='ocr_line' id='line_1_95' title="bbox 1890 1744 3468 1808; baseline 0.003 -12"><span class='ocrx_word' id='word_1_646' title='bbox 1890 1747 2120 1798; x_wconf 82' lang='lat' dir='ltr'><strong>cordinm</strong></span> <span class='ocrx_word' id='word_1_647' title='bbox 2167 1757 2329 1796; x_wconf 73' lang='lat' dir='ltr'><strong>litant.</strong></span> <span class='ocrx_word' id='word_1_648' title='bbox 2381 1744 2637 1798; x_wconf 79' lang='lat' dir='ltr'><strong>Dominus</strong></span> <span class='ocrx_word' id='word_1_649' title='bbox 2665 1747 2942 1808; x_wconf 65' lang='lat' dir='ltr'><strong>vobiwum,</strong></span> <span class='ocrx_word' id='word_1_650' title='bbox 2971 1756 3024 1800; x_wconf 88' lang='lat' dir='ltr'><strong>et</strong></span> <span class='ocrx_word' id='word_1_651' title='bbox 3069 1746 3363 1800; x_wconf 85' lang='lat' dir='ltr'><strong>orationem</strong></span> <span class='ocrx_word' id='word_1_652' title='bbox 3402 1748 3468 1800; x_wconf 76' lang='lat' dir='ltr'><strong>de</strong></span> 
     </span>
    </p>
   </div>
   <div class='ocr_carea' id='block_1_95' title="bbox 1885 1815 3469 1884">
    <p class='ocr_par' dir='ltr' id='par_1_95' title="bbox 1885 1815 3469 1884">
     <span class='ocr_line' id='line_1_96' title="bbox 1885 1815 3469 1884; baseline 0.003 -19"><span class='ocrx_word' id='word_1_653' title='bbox 1885 1816 2112 1884; x_wconf 80' lang='lat' dir='ltr'><strong>jejunio.</strong></span> <span class='ocrx_word' id='word_1_654' title='bbox 2147 1815 2296 1884; x_wconf 85' lang='lat' dir='ltr'><strong>Tune</strong></span> <span class='ocrx_word' id='word_1_655' title='bbox 2341 1816 2585 1867; x_wconf 86' lang='lat' dir='ltr'><strong>ordinata</strong></span> <span class='ocrx_word' id='word_1_656' title='bbox 2635 1817 2974 1882; x_wconf 84' lang='lat' dir='ltr'><strong>proccssionc</strong></span> <span class='ocrx_word' id='word_1_657' title='bbox 3019 1818 3239 1884; x_wconf 86' lang='lat' dir='ltr'><strong>incipiat</strong></span> <span class='ocrx_word' id='word_1_658' title='bbox 3282 1826 3469 1869; x_wconf 81' lang='lat' dir='ltr'><strong>cantor</strong></span> 
     </span>
    </p>
   </div>
   <div class='ocr_carea' id='block_1_96' title="bbox 1889 1883 3466 1954">
    <p class='ocr_par' dir='ltr' id='par_1_96' title="bbox 1889 1883 3466 1954">
     <span class='ocr_line' id='line_1_97' title="bbox 1889 1883 3466 1954; baseline 0.001 -17"><span class='ocrx_word' id='word_1_659' title='bbox 1889 1883 2236 1951; x_wconf 80' lang='lat' dir='ltr'><strong>antiphonam</strong></span> <span class='ocrx_word' id='word_1_660' title='bbox 2266 1883 2330 1937; x_wconf 83' lang='lat' dir='ltr'><strong>In</strong></span> <span class='ocrx_word' id='word_1_661' title='bbox 2357 1885 2562 1954; x_wconf 61' lang='lat' dir='ltr'><strong>{nurnine</strong></span> <span class='ocrx_word' id='word_1_662' title='bbox 2590 1885 2818 1947; x_wconf 88' lang='lat' dir='ltr'><strong>Domini,</strong></span> <span class='ocrx_word' id='word_1_663' title='bbox 2851 1896 2904 1939; x_wconf 89' lang='lat' dir='ltr'><strong>et</strong></span> <span class='ocrx_word' id='word_1_664' title='bbox 2949 1886 3083 1939; x_wconf 85' lang='lat' dir='ltr'><strong>alias</strong></span> <span class='ocrx_word' id='word_1_665' title='bbox 3122 1883 3466 1954; x_wconf 81' lang='lat' dir='ltr'><strong>antiphonas,</strong></span> 
     </span>
    </p>
   </div>
   <div class='ocr_carea' id='block_1_97' title="bbox 1889 1953 3468 2023">
    <p class='ocr_par' dir='ltr' id='par_1_97' title="bbox 1889 1953 3468 2023">
     <span class='ocr_line' id='line_1_98' title="bbox 1889 1953 3468 2023; baseline 0.003 -18"><span class='ocrx_word' id='word_1_666' title='bbox 1889 1964 2149 2023; x_wconf 87' lang='lat' dir='ltr'><strong>quantum</strong></span> <span class='ocrx_word' id='word_1_667' title='bbox 2184 1970 2318 2021; x_wconf 90' lang='lat' dir='ltr'><strong>opus</strong></span> <span class='ocrx_word' id='word_1_668' title='bbox 2357 1953 2548 2017; x_wconf 76' lang='lat' dir='ltr'><strong>fuerit,</strong></span> <span class='ocrx_word' id='word_1_669' title='bbox 2593 1971 2760 2022; x_wconf 88' lang='lat' dir='ltr'><strong>nsque</strong></span> <span class='ocrx_word' id='word_1_670' title='bbox 2788 1957 2852 2008; x_wconf 89' lang='lat' dir='ltr'><strong>ad</strong></span> <span class='ocrx_word' id='word_1_671' title='bbox 2902 1957 3178 2008; x_wconf 89' lang='lat' dir='ltr'><strong>introitum</strong></span> <span class='ocrx_word' id='word_1_672' title='bbox 3226 1953 3468 2010; x_wconf 67' lang='lat' dir='ltr'><strong>ecclesize</strong></span> 
     </span>
    </p>
   </div>
   <div class='ocr_carea' id='block_1_98' title="bbox 1890 2023 3564 2094">
    <p class='ocr_par' dir='ltr' id='par_1_98' title="bbox 1890 2023 3564 2094">
     <span class='ocr_line' id='line_1_99' title="bbox 1890 2023 3564 2094; baseline 0 -16"><span class='ocrx_word' id='word_1_673' title='bbox 1890 2026 2074 2078; x_wconf 85' lang='lat' dir='ltr'><strong>Sancti</strong></span> <span class='ocrx_word' id='word_1_674' title='bbox 2105 2023 2347 2077; x_wconf 81' lang='lat' dir='ltr'><strong>Joannis.</strong></span> <span class='ocrx_word' id='word_1_675' title='bbox 2392 2024 2447 2077; x_wconf 90' lang='lat' dir='ltr'><strong>In</strong></span> <span class='ocrx_word' id='word_1_676' title='bbox 2479 2025 2698 2077; x_wconf 87' lang='lat' dir='ltr'><strong>introitu</strong></span> <span class='ocrx_word' id='word_1_677' title='bbox 2730 2027 2971 2079; x_wconf 66' lang='lat' dir='ltr'><strong>ecclesia:</strong></span> <span class='ocrx_word' id='word_1_678' title='bbox 2997 2027 3284 2094; x_wconf 67' lang='lat' dir='ltr'><strong>praulicta&#39;,</strong></span> <span class='ocrx_word' id='word_1_679' title='bbox 3315 2026 3348 2093; x_wconf 65' lang='grc' dir='ltr'><strong>ιῆ</strong></span> <span class='ocrx_word' id='word_1_680' title='bbox 3378 2025 3468 2078; x_wconf 85' lang='lat' dir='ltr'><strong>In-</strong></span> <span class='ocrx_word' id='word_1_681' title='bbox 3553 2026 3564 2035; x_wconf 90' lang='grc'><em>’</em></span> 
     </span>
    </p>
   </div>
   <div class='ocr_carea' id='block_1_99' title="bbox 1887 2094 3465 2150">
    <p class='ocr_par' dir='ltr' id='par_1_99' title="bbox 1887 2094 3465 2150">
     <span class='ocr_line' id='line_1_100' title="bbox 1887 2094 3465 2150; baseline 0.001 -4"><span class='ocrx_word' id='word_1_682' title='bbox 1887 2105 1965 2146; x_wconf 83' lang='lat' dir='ltr'><strong>ter</strong></span> <span class='ocrx_word' id='word_1_683' title='bbox 1994 2105 2139 2146; x_wconf 83' lang='lat' dir='ltr'><strong>natos</strong></span> <span class='ocrx_word' id='word_1_684' title='bbox 2169 2094 2466 2146; x_wconf 83' lang='lat' dir='ltr'><strong>mnherunt.</strong></span> <span class='ocrx_word' id='word_1_685' title='bbox 2499 2095 2717 2148; x_wconf 86' lang='lat' dir='ltr'><strong>Interim</strong></span> <span class='ocrx_word' id='word_1_686' title='bbox 2759 2098 3010 2150; x_wconf 86' lang='lat' dir='ltr'><strong>sacerdos</strong></span> <span class='ocrx_word' id='word_1_687' title='bbox 3038 2105 3092 2149; x_wconf 91' lang='lat' dir='ltr'><strong>ct</strong></span> <span class='ocrx_word' id='word_1_688' title='bbox 3136 2096 3365 2148; x_wconf 85' lang='lat' dir='ltr'><strong>ministri</strong></span> <span class='ocrx_word' id='word_1_689' title='bbox 3401 2097 3465 2148; x_wconf 84' lang='lat' dir='ltr'><strong>ad</strong></span> 
     </span>
    </p>
   </div>
   <div class='ocr_carea' id='block_1_100' title="bbox 1889 2165 3468 2232">
    <p class='ocr_par' dir='ltr' id='par_1_100' title="bbox 1889 2165 3468 2232">
     <span class='ocr_line' id='line_1_101' title="bbox 1889 2165 3468 2232; baseline 0.002 -16"><span class='ocrx_word' id='word_1_690' title='bbox 1889 2165 2108 2217; x_wconf 87' lang='lat' dir='ltr'><strong>missam</strong></span> <span class='ocrx_word' id='word_1_691' title='bbox 2147 2180 2204 2217; x_wconf 89' lang='lat' dir='ltr'><strong>se</strong></span> <span class='ocrx_word' id='word_1_692' title='bbox 2244 2165 2495 2218; x_wconf 83' lang='lat' dir='ltr'><strong>velociter</strong></span> <span class='ocrx_word' id='word_1_693' title='bbox 2522 2177 2822 2232; x_wconf 70' lang='lat' dir='ltr'><strong>przeparent</strong></span> <span class='ocrx_word' id='word_1_694' title='bbox 2858 2166 3258 2219; x_wconf 88' lang='lat' dir='ltr'><strong>celebrandam.</strong></span> <span class='ocrx_word' id='word_1_695' title='bbox 3294 2166 3468 2219; x_wconf 77' lang='lat' dir='ltr'><strong>Finito</strong></span> 
     </span>
    </p>
   </div>
   <div class='ocr_carea' id='block_1_101' title="bbox 1891 2234 3469 2303">
    <p class='ocr_par' dir='ltr' id='par_1_101' title="bbox 1891 2234 3469 2303">
     <span class='ocr_line' id='line_1_102' title="bbox 1891 2234 3469 2303; baseline 0.001 -17"><span class='ocrx_word' id='word_1_696' title='bbox 1891 2235 2230 2303; x_wconf 89' lang='lat' dir='ltr'><strong>responsorio</strong></span> <span class='ocrx_word' id='word_1_697' title='bbox 2270 2235 2411 2288; x_wconf 89' lang='lat' dir='ltr'><strong>dicat</strong></span> <span class='ocrx_word' id='word_1_698' title='bbox 2447 2238 2699 2303; x_wconf 73' lang='lat' dir='ltr'><strong>sacerdos</strong></span> <span class='ocrx_word' id='word_1_699' title='bbox 2729 2251 2941 2288; x_wconf 85' lang='lat' dir='ltr'><strong>versum</strong></span> <span class='ocrx_word' id='word_1_700' title='bbox 2979 2234 3100 2287; x_wconf 78' lang='lat' dir='ltr'><strong>Fuit</strong></span> <span class='ocrx_word' id='word_1_701' title='bbox 3153 2236 3303 2287; x_wconf 77' lang='lat' dir='ltr'><strong>homo</strong></span> <span class='ocrx_word' id='word_1_702' title='bbox 3344 2237 3469 2294; x_wconf 83' lang='lat' dir='ltr'><strong>mis-</strong></span> 
     </span>
    </p>
   </div>
   <div class='ocr_carea' id='block_1_102' title="bbox 1885 2302 3470 2377">
    <p class='ocr_par' dir='ltr' id='par_1_102' title="bbox 1885 2302 3470 2377">
     <span class='ocr_line' id='line_1_103' title="bbox 1885 2302 3470 2377; baseline -0.001 -21"><span class='ocrx_word' id='word_1_703' title='bbox 1885 2302 1994 2366; x_wconf 78' lang='lat' dir='ltr'><strong>sus,</strong></span> <span class='ocrx_word' id='word_1_704' title='bbox 2023 2314 2076 2377; x_wconf 75' lang='lat' dir='ltr'><strong>et</strong></span> <span class='ocrx_word' id='word_1_705' title='bbox 2105 2305 2402 2377; x_wconf 84' lang='lat' dir='ltr'><strong>orationem</strong></span> <span class='ocrx_word' id='word_1_706' title='bbox 2433 2302 2663 2377; x_wconf 45' lang='lat' dir='ltr'><strong>frusta,</strong></span> <span class='ocrx_word' id='word_1_707' title='bbox 2696 2321 3013 2377; x_wconf 65' lang='lat' dir='ltr'><strong>qutesmnus,</strong></span> <span class='ocrx_word' id='word_1_708' title='bbox 3039 2305 3198 2377; x_wconf 59' lang='grc'><strong>345</strong></span> <span class='ocrx_word' id='word_1_709' title='bbox 3236 2308 3470 2377; x_wconf 73' lang='lat' dir='ltr'><strong>enimpo-</strong></span> 
     </span>
    </p>
   </div>
   <div class='ocr_carea' id='block_1_103' title="bbox 1887 2373 3466 2443">
    <p class='ocr_par' dir='ltr' id='par_1_103' title="bbox 1887 2373 3466 2443">
     <span class='ocr_line' id='line_1_104' title="bbox 1887 2373 3466 2443; baseline 0.001 -17"><span class='ocrx_word' id='word_1_710' title='bbox 1887 2384 1997 2427; x_wconf 74' lang='lat' dir='ltr'><strong>tens</strong></span> <span class='ocrx_word' id='word_1_711' title='bbox 2024 2375 2183 2436; x_wconf 76' lang='lat' dir='ltr'><strong>Deus,</strong></span> <span class='ocrx_word' id='word_1_712' title='bbox 2229 2385 2282 2426; x_wconf 81' lang='lat' dir='ltr'><strong>ut</strong></span> <span class='ocrx_word' id='word_1_713' title='bbox 2311 2374 2536 2443; x_wconf 80' lang='lat' dir='ltr'><strong>familia.</strong></span> <span class='ocrx_word' id='word_1_714' title='bbox 2567 2373 2811 2429; x_wconf 82' lang='lat' dir='ltr'><strong>Ollicium</strong></span> <span class='ocrx_word' id='word_1_715' title='bbox 2843 2373 3134 2428; x_wconf 60' lang='lat' dir='ltr'><strong>Exaudtcit&#39;</strong></span> <span class='ocrx_word' id='word_1_716' title='bbox 3164 2373 3230 2428; x_wconf 73' lang='lat' dir='ltr'><strong>de</strong></span> <span class='ocrx_word' id='word_1_717' title='bbox 3255 2375 3466 2441; x_wconf 81' lang='lat' dir='ltr'><strong>templo.</strong></span> 
     </span>
    </p>
   </div>
   <div class='ocr_carea' id='block_1_104' title="bbox 1888 2444 3465 2513">
    <p class='ocr_par' dir='ltr' id='par_1_104' title="bbox 1888 2444 3465 2513">
     <span class='ocr_line' id='line_1_105' title="bbox 1888 2444 3465 2513; baseline 0 -15"><span class='ocrx_word' id='word_1_718' title='bbox 1888 2444 2076 2498; x_wconf 89' lang='lat' dir='ltr'><strong>Oratio</strong></span> <span class='ocrx_word' id='word_1_719' title='bbox 2121 2451 2340 2504; x_wconf 80' lang='lat' dir='ltr'><strong>lrwsta,</strong></span> <span class='ocrx_word' id='word_1_720' title='bbox 2382 2461 2701 2513; x_wconf 77' lang='lat' dir='ltr'><strong>quwsumus.</strong></span> <span class='ocrx_word' id='word_1_721' title='bbox 2756 2445 2830 2498; x_wconf 85' lang='lat' dir='ltr'><strong>De</strong></span> <span class='ocrx_word' id='word_1_722' title='bbox 2877 2448 2934 2499; x_wconf 79' lang='lat' dir='ltr'><strong>S.</strong></span> <span class='ocrx_word' id='word_1_723' title='bbox 2972 2445 3178 2500; x_wconf 81' lang='lat' dir='ltr'><strong>Joanne</strong></span> <span class='ocrx_word' id='word_1_724' title='bbox 3225 2445 3316 2499; x_wconf 37' lang='lat' dir='ltr'><strong>l’iat</strong></span> <span class='ocrx_word' id='word_1_725' title='bbox 3353 2460 3465 2498; x_wconf 85' lang='lat' dir='ltr'><strong>tne-</strong></span> 
     </span>
    </p>
   </div>
   <div class='ocr_carea' id='block_1_105' title="bbox 1886 2515 3468 2582">
    <p class='ocr_par' dir='ltr' id='par_1_105' title="bbox 1886 2515 3468 2582">
     <span class='ocr_line' id='line_1_106' title="bbox 1886 2515 3468 2582; baseline 0 -14"><span class='ocrx_word' id='word_1_726' title='bbox 1886 2515 2055 2568; x_wconf 84' lang='lat' dir='ltr'><strong>moria</strong></span> <span class='ocrx_word' id='word_1_727' title='bbox 2086 2530 2206 2566; x_wconf 83' lang='lat' dir='ltr'><strong>cum</strong></span> <span class='ocrx_word' id='word_1_728' title='bbox 2243 2515 2486 2567; x_wconf 89' lang='lat' dir='ltr'><strong>oratione</strong></span> <span class='ocrx_word' id='word_1_729' title='bbox 2534 2515 2802 2582; x_wconf 71' lang='lat' dir='ltr'><strong>praedicta.</strong></span> <span class='ocrx_word' id='word_1_730' title='bbox 2853 2516 2919 2568; x_wconf 84' lang='lat' dir='ltr'><strong>de</strong></span> <span class='ocrx_word' id='word_1_731' title='bbox 2965 2516 3216 2568; x_wconf 90' lang='lat' dir='ltr'><strong>omnibus</strong></span> <span class='ocrx_word' id='word_1_732' title='bbox 3264 2516 3468 2568; x_wconf 81' lang='lat' dir='ltr'><strong>sanctis</strong></span> 
     </span>
    </p>
   </div>
   <div class='ocr_carea' id='block_1_106' title="bbox 1887 2583 3468 2656">
    <p class='ocr_par' dir='ltr' id='par_1_106' title="bbox 1887 2583 3468 2656">
     <span class='ocr_line' id='line_1_107' title="bbox 1887 2583 3468 2656; baseline 0 -20"><span class='ocrx_word' id='word_1_733' title='bbox 1887 2585 2144 2656; x_wconf 82' lang='lat' dir='ltr'><strong>memoria</strong></span> <span class='ocrx_word' id='word_1_734' title='bbox 2172 2599 2293 2636; x_wconf 90' lang='lat' dir='ltr'><strong>cum</strong></span> <span class='ocrx_word' id='word_1_735' title='bbox 2321 2585 2565 2656; x_wconf 85' lang='lat' dir='ltr'><strong>oratione</strong></span> <span class='ocrx_word' id='word_1_736' title='bbox 2596 2583 2853 2656; x_wconf 76' lang='lat' dir='ltr'><strong>Concede,</strong></span> <span class='ocrx_word' id='word_1_737' title='bbox 2896 2601 3219 2656; x_wconf 76' lang='lat' dir='ltr'><strong>quwsumus,</strong></span> <span class='ocrx_word' id='word_1_738' title='bbox 3249 2595 3354 2638; x_wconf 83' lang='lat' dir='ltr'><strong>etc.</strong></span> <span class='ocrx_word' id='word_1_739' title='bbox 3389 2585 3468 2636; x_wconf 85' lang='lat' dir='ltr'><strong>Ad</strong></span> 
     </span>
    </p>
   </div>
   <div class='ocr_carea' id='block_1_107' title="bbox 1889 2654 3468 2721">
    <p class='ocr_par' dir='ltr' id='par_1_107' title="bbox 1889 2654 3468 2721">
     <span class='ocr_line' id='line_1_108' title="bbox 1889 2654 3468 2721; baseline 0.001 -16"><span class='ocrx_word' id='word_1_740' title='bbox 1889 2656 2026 2707; x_wconf 71' lang='lat' dir='ltr'><strong>lianc</strong></span> <span class='ocrx_word' id='word_1_741' title='bbox 2053 2654 2269 2706; x_wconf 75' lang='lat' dir='ltr'><strong>missam</strong></span> <span class='ocrx_word' id='word_1_742' title='bbox 2296 2654 2476 2706; x_wconf 89' lang='lat' dir='ltr'><strong>omnia</strong></span> <span class='ocrx_word' id='word_1_743' title='bbox 2509 2671 2627 2721; x_wconf 81' lang='lat' dir='ltr'><strong>qua:</strong></span> <span class='ocrx_word' id='word_1_744' title='bbox 2663 2655 2734 2708; x_wconf 88' lang='lat' dir='ltr'><strong>ibi</strong></span> <span class='ocrx_word' id='word_1_745' title='bbox 2779 2657 2844 2708; x_wconf 90' lang='lat' dir='ltr'><strong>ad</strong></span> <span class='ocrx_word' id='word_1_746' title='bbox 2889 2654 3165 2708; x_wconf 81' lang='lat' dir='ltr'><strong>servitium</strong></span> <span class='ocrx_word' id='word_1_747' title='bbox 3212 2665 3338 2708; x_wconf 89' lang='lat' dir='ltr'><strong>sunt</strong></span> <span class='ocrx_word' id='word_1_748' title='bbox 3373 2670 3468 2707; x_wconf 87' lang='lat' dir='ltr'><strong>ne-</strong></span> 
     </span>
    </p>
   </div>
   <div class='ocr_carea' id='block_1_108' title="bbox 1887 2723 3471 2791">
    <p class='ocr_par' dir='ltr' id='par_1_108' title="bbox 1887 2723 3471 2791">
     <span class='ocr_line' id='line_1_109' title="bbox 1887 2723 3471 2791; baseline 0 -15"><span class='ocrx_word' id='word_1_749' title='bbox 1887 2724 2120 2777; x_wconf 88' lang='lat' dir='ltr'><strong>cessaria</strong></span> <span class='ocrx_word' id='word_1_750' title='bbox 2164 2723 2439 2777; x_wconf 86' lang='lat' dir='ltr'><strong>secretarii</strong></span> <span class='ocrx_word' id='word_1_751' title='bbox 2484 2725 2786 2791; x_wconf 84' lang='lat' dir='ltr'><strong>provisione</strong></span> <span class='ocrx_word' id='word_1_752' title='bbox 2823 2725 2947 2778; x_wconf 91' lang='lat' dir='ltr'><strong>illnc</strong></span> <span class='ocrx_word' id='word_1_753' title='bbox 2973 2725 3170 2778; x_wconf 83' lang='lat' dir='ltr'><strong>debent</strong></span> <span class='ocrx_word' id='word_1_754' title='bbox 3195 2740 3312 2777; x_wconf 65' lang='lat' dir='ltr'><strong>essm</strong></span> <span class='ocrx_word' id='word_1_755' title='bbox 3345 2733 3471 2776; x_wconf 85' lang='lat' dir='ltr'><strong>ante</strong></span> 
     </span>
    </p>
   </div>
   <div class='ocr_carea' id='block_1_109' title="bbox 1886 2793 3473 2862">
    <p class='ocr_par' dir='ltr' id='par_1_109' title="bbox 1886 2793 3473 2862">
     <span class='ocr_line' id='line_1_110' title="bbox 1886 2793 3473 2862; baseline -0.001 -15"><span class='ocrx_word' id='word_1_756' title='bbox 1886 2793 2083 2847; x_wconf 88' lang='lat' dir='ltr'><strong>delata.</strong></span> <span class='ocrx_word' id='word_1_757' title='bbox 2121 2793 2343 2862; x_wconf 75' lang='lat' dir='ltr'><strong>Expleta</strong></span> <span class='ocrx_word' id='word_1_758' title='bbox 2396 2793 2559 2846; x_wconf 85' lang='lat' dir='ltr'><strong>missa</strong></span> <span class='ocrx_word' id='word_1_759' title='bbox 2605 2797 2786 2845; x_wconf 88' lang='lat' dir='ltr'><strong>statim</strong></span> <span class='ocrx_word' id='word_1_760' title='bbox 2825 2796 2929 2846; x_wconf 87' lang='lat' dir='ltr'><strong>duo</strong></span> <span class='ocrx_word' id='word_1_761' title='bbox 2967 2793 3160 2846; x_wconf 69' lang='lat' dir='ltr'><strong>fratres</strong></span> <span class='ocrx_word' id='word_1_762' title='bbox 3195 2794 3246 2846; x_wconf 92' lang='lat' dir='ltr'><strong>in</strong></span> <span class='ocrx_word' id='word_1_763' title='bbox 3296 2794 3473 2845; x_wconf 79' lang='lat' dir='ltr'><strong>medio</strong></span> 
     </span>
    </p>
   </div>
   <div class='ocr_carea' id='block_1_110' title="bbox 1887 2863 3472 2932">
    <p class='ocr_par' dir='ltr' id='par_1_110' title="bbox 1887 2863 3472 2932">
     <span class='ocr_line' id='line_1_111' title="bbox 1887 2863 3472 2932; baseline -0.001 -17"><span class='ocrx_word' id='word_1_764' title='bbox 1887 2872 2096 2916; x_wconf 80' lang='lat' dir='ltr'><strong>stantes</strong></span> <span class='ocrx_word' id='word_1_765' title='bbox 2121 2863 2359 2918; x_wconf 77' lang='lat' dir='ltr'><strong>litauiatn</strong></span> <span class='ocrx_word' id='word_1_766' title='bbox 2392 2863 2686 2932; x_wconf 89' lang='lat' dir='ltr'><strong>incipiant:</strong></span> <span class='ocrx_word' id='word_1_767' title='bbox 2712 2863 2957 2926; x_wconf 79' lang='lat' dir='ltr'><strong>Domine,</strong></span> <span class='ocrx_word' id='word_1_768' title='bbox 2991 2864 3208 2929; x_wconf 61' lang='lat' dir='ltr'><strong>defende</strong></span> <span class='ocrx_word' id='word_1_769' title='bbox 3245 2879 3356 2914; x_wconf 80' lang='lat' dir='ltr'><strong>nos.</strong></span> <span class='ocrx_word' id='word_1_770' title='bbox 3386 2863 3472 2914; x_wconf 90' lang='lat' dir='ltr'><strong>ln-</strong></span> 
     </span>
    </p>
   </div>
   <div class='ocr_carea' id='block_1_111' title="bbox 1889 2933 3471 3002">
    <p class='ocr_par' dir='ltr' id='par_1_111' title="bbox 1889 2933 3471 3002">
     <span class='ocr_line' id='line_1_112' title="bbox 1889 2933 3471 3002; baseline -0.001 -16"><span class='ocrx_word' id='word_1_771' title='bbox 1889 2933 2043 2986; x_wconf 82' lang='lat' dir='ltr'><strong>terim</strong></span> <span class='ocrx_word' id='word_1_772' title='bbox 2074 2934 2323 2988; x_wconf 79' lang='lat' dir='ltr'><strong>sacerdos</strong></span> <span class='ocrx_word' id='word_1_773' title='bbox 2349 2944 2405 2988; x_wconf 91' lang='lat' dir='ltr'><strong>et</strong></span> <span class='ocrx_word' id='word_1_774' title='bbox 2436 2934 2664 2986; x_wconf 85' lang='lat' dir='ltr'><strong>ministri</strong></span> <span class='ocrx_word' id='word_1_775' title='bbox 2693 2950 2750 2986; x_wconf 90' lang='lat' dir='ltr'><strong>se</strong></span> <span class='ocrx_word' id='word_1_776' title='bbox 2774 2934 3119 3002; x_wconf 77' lang='lat' dir='ltr'><strong>expedientes</strong></span> <span class='ocrx_word' id='word_1_777' title='bbox 3151 2935 3200 2985; x_wconf 91' lang='lat' dir='ltr'><strong>in</strong></span> <span class='ocrx_word' id='word_1_778' title='bbox 3227 2933 3471 2986; x_wconf 87' lang='lat' dir='ltr'><strong>ordinem</strong></span> 
     </span>
    </p>
   </div>
   <div class='ocr_carea' id='block_1_112' title="bbox 1887 3002 3472 3072">
    <p class='ocr_par' dir='ltr' id='par_1_112' title="bbox 1887 3002 3472 3072">
     <span class='ocr_line' id='line_1_113' title="bbox 1887 3002 3472 3072; baseline -0.002 -15"><span class='ocrx_word' id='word_1_779' title='bbox 1887 3019 2044 3057; x_wconf 87' lang='lat' dir='ltr'><strong>suum</strong></span> <span class='ocrx_word' id='word_1_780' title='bbox 2077 3006 2317 3058; x_wconf 87' lang='lat' dir='ltr'><strong>redeant.</strong></span> <span class='ocrx_word' id='word_1_781' title='bbox 2346 3004 2608 3057; x_wconf 78' lang='lat' dir='ltr'><strong>Cantores</strong></span> <span class='ocrx_word' id='word_1_782' title='bbox 2639 3019 2760 3058; x_wconf 89' lang='lat' dir='ltr'><strong>cum</strong></span> <span class='ocrx_word' id='word_1_783' title='bbox 2794 3005 3300 3072; x_wconf 82' lang='lat' dir='ltr'><strong>pronuntiaverint:</strong></span> <span class='ocrx_word' id='word_1_784' title='bbox 3330 3002 3472 3056; x_wconf 84' lang='lat' dir='ltr'><strong>San-</strong></span> 
     </span>
    </p>
   </div>
   <div class='ocr_carea' id='block_1_113' title="bbox 1888 3072 3473 3142">
    <p class='ocr_par' dir='ltr' id='par_1_113' title="bbox 1888 3072 3473 3142">
     <span class='ocr_line' id='line_1_114' title="bbox 1888 3072 3473 3142; baseline -0.001 -16"><span class='ocrx_word' id='word_1_785' title='bbox 1888 3085 1965 3126; x_wconf 84' lang='lat' dir='ltr'><strong>cte</strong></span> <span class='ocrx_word' id='word_1_786' title='bbox 1991 3073 2222 3127; x_wconf 81' lang='lat' dir='ltr'><strong>Joannes</strong></span> <span class='ocrx_word' id='word_1_787' title='bbox 2245 3073 2505 3142; x_wconf 84' lang='lat' dir='ltr'><strong>Baptista,</strong></span> <span class='ocrx_word' id='word_1_788' title='bbox 2530 3091 2622 3126; x_wconf 90' lang='lat' dir='ltr'><strong>ora</strong></span> <span class='ocrx_word' id='word_1_789' title='bbox 2644 3090 2737 3142; x_wconf 85' lang='lat' dir='ltr'><strong>pro</strong></span> <span class='ocrx_word' id='word_1_790' title='bbox 2768 3075 2935 3138; x_wconf 87' lang='lat' dir='ltr'><strong>nobis,</strong></span> <span class='ocrx_word' id='word_1_791' title='bbox 2966 3073 3147 3126; x_wconf 87' lang='lat' dir='ltr'><strong>redeat</strong></span> <span class='ocrx_word' id='word_1_792' title='bbox 3179 3072 3473 3140; x_wconf 87' lang='lat' dir='ltr'><strong>processio,</strong></span> 
     </span>
    </p>
   </div>
   <div class='ocr_carea' id='block_1_114' title="bbox 1892 3144 3472 3212">
    <p class='ocr_par' dir='ltr' id='par_1_114' title="bbox 1892 3144 3472 3212">
     <span class='ocr_line' id='line_1_115' title="bbox 1892 3144 3472 3212; baseline -0.002 -17"><span class='ocrx_word' id='word_1_793' title='bbox 1892 3144 2074 3196; x_wconf 90' lang='lat' dir='ltr'><strong>Iitania</strong></span> <span class='ocrx_word' id='word_1_794' title='bbox 2110 3160 2234 3198; x_wconf 87' lang='lat' dir='ltr'><strong>vero</strong></span> <span class='ocrx_word' id='word_1_795' title='bbox 2265 3145 2558 3198; x_wconf 87' lang='lat' dir='ltr'><strong>secumlum</strong></span> <span class='ocrx_word' id='word_1_796' title='bbox 2591 3144 2948 3212; x_wconf 87' lang='lat' dir='ltr'><strong>quantitatem</strong></span> <span class='ocrx_word' id='word_1_797' title='bbox 2973 3144 3179 3196; x_wconf 78' lang='lat' dir='ltr'><strong>itineris</strong></span> <span class='ocrx_word' id='word_1_798' title='bbox 3207 3144 3472 3210; x_wconf 76' lang='lat' dir='ltr'><strong>pt‘tidttra-</strong></span> 
     </span>
    </p>
   </div>
   <div class='ocr_carea' id='block_1_115' title="bbox 1892 3213 3474 3281">
    <p class='ocr_par' dir='ltr' id='par_1_115' title="bbox 1892 3213 3474 3281">
     <span class='ocr_line' id='line_1_116' title="bbox 1892 3213 3474 3281; baseline -0.001 -15"><span class='ocrx_word' id='word_1_799' title='bbox 1892 3225 1978 3266; x_wconf 90' lang='lat' dir='ltr'><strong>tur</strong></span> <span class='ocrx_word' id='word_1_800' title='bbox 2006 3213 2086 3266; x_wconf 82' lang='lat' dir='ltr'><strong>vel</strong></span> <span class='ocrx_word' id='word_1_801' title='bbox 2119 3213 2408 3268; x_wconf 86' lang='lat' dir='ltr'><strong>brevietur.</strong></span> <span class='ocrx_word' id='word_1_802' title='bbox 2444 3215 2544 3279; x_wconf 79' lang='lat' dir='ltr'><strong>Qui</strong></span> <span class='ocrx_word' id='word_1_803' title='bbox 2571 3231 2689 3268; x_wconf 89' lang='lat' dir='ltr'><strong>eam</strong></span> <span class='ocrx_word' id='word_1_804' title='bbox 2723 3215 3021 3281; x_wconf 55' lang='lat' dir='ltr'><strong>praecinunt</strong></span> <span class='ocrx_word' id='word_1_805' title='bbox 3056 3213 3108 3266; x_wconf 90' lang='lat' dir='ltr'><strong>in</strong></span> <span class='ocrx_word' id='word_1_806' title='bbox 3138 3214 3312 3265; x_wconf 80' lang='lat' dir='ltr'><strong>inedio</strong></span> <span class='ocrx_word' id='word_1_807' title='bbox 3343 3229 3474 3265; x_wconf 85' lang='lat' dir='ltr'><strong>con-</strong></span> 
     </span>
    </p>
   </div>
   <div class='ocr_carea' id='block_1_116' title="bbox 1891 3283 3480 3349">
    <p class='ocr_par' dir='ltr' id='par_1_116' title="bbox 1891 3283 3480 3349">
     <span class='ocr_line' id='line_1_117' title="bbox 1891 3283 3480 3349; baseline -0.001 -14"><span class='ocrx_word' id='word_1_808' title='bbox 1891 3295 2050 3336; x_wconf 86' lang='lat' dir='ltr'><strong>ventu</strong></span> <span class='ocrx_word' id='word_1_809' title='bbox 2107 3284 2266 3337; x_wconf 91' lang='lat' dir='ltr'><strong>simul</strong></span> <span class='ocrx_word' id='word_1_810' title='bbox 2321 3285 2591 3338; x_wconf 90' lang='lat' dir='ltr'><strong>incedant.</strong></span> <span class='ocrx_word' id='word_1_811' title='bbox 2645 3283 2820 3336; x_wconf 84' lang='lat' dir='ltr'><strong>Finita</strong></span> <span class='ocrx_word' id='word_1_812' title='bbox 2880 3284 3098 3346; x_wconf 88' lang='lat' dir='ltr'><strong>litania,</strong></span> <span class='ocrx_word' id='word_1_813' title='bbox 3155 3283 3220 3335; x_wconf 90' lang='lat' dir='ltr'><strong>ad</strong></span> <span class='ocrx_word' id='word_1_814' title='bbox 3279 3285 3480 3349; x_wconf 67' lang='lat' dir='ltr'><strong>gradus</strong></span> 
     </span>
    </p>
   </div>
   <div class='ocr_carea' id='block_1_117' title="bbox 1889 3352 3474 3422">
    <p class='ocr_par' dir='ltr' id='par_1_117' title="bbox 1889 3352 3474 3422">
     <span class='ocr_line' id='line_1_118' title="bbox 1889 3352 3474 3422; baseline -0.001 -17"><span class='ocrx_word' id='word_1_815' title='bbox 1889 3353 2038 3406; x_wconf 90' lang='lat' dir='ltr'><strong>chori</strong></span> <span class='ocrx_word' id='word_1_816' title='bbox 2085 3355 2229 3407; x_wconf 88' lang='lat' dir='ltr'><strong>dicat</strong></span> <span class='ocrx_word' id='word_1_817' title='bbox 2273 3356 2526 3408; x_wconf 88' lang='lat' dir='ltr'><strong>sacerdos</strong></span> <span class='ocrx_word' id='word_1_818' title='bbox 2570 3355 2600 3422; x_wconf 64' lang='grc' dir='ltr'><strong><em>Ῡ</em></strong></span> <span class='ocrx_word' id='word_1_819' title='bbox 2645 3352 2758 3407; x_wconf 77' lang='lat' dir='ltr'><strong>Vox</strong></span> <span class='ocrx_word' id='word_1_820' title='bbox 2807 3353 3027 3415; x_wconf 76' lang='lat' dir='ltr'><strong>ltrtititc,</strong></span> <span class='ocrx_word' id='word_1_821' title='bbox 3075 3361 3128 3405; x_wconf 90' lang='lat' dir='ltr'><strong>et</strong></span> <span class='ocrx_word' id='word_1_822' title='bbox 3176 3354 3474 3422; x_wconf 87' lang='lat' dir='ltr'><strong>orationem</strong></span> 
     </span>
    </p>
   </div>
   <div class='ocr_carea' id='block_1_118' title="bbox 1890 3421 3475 3492">
    <p class='ocr_par' dir='ltr' id='par_1_118' title="bbox 1890 3421 3475 3492">
     <span class='ocr_line' id='line_1_119' title="bbox 1890 3421 3475 3492; baseline -0.001 -18"><span class='ocrx_word' id='word_1_823' title='bbox 1890 3421 2189 3476; x_wconf 82' lang='lat' dir='ltr'><strong>Clamantes</strong></span> <span class='ocrx_word' id='word_1_824' title='bbox 2212 3425 2281 3476; x_wconf 84' lang='lat' dir='ltr'><strong>nd</strong></span> <span class='ocrx_word' id='word_1_825' title='bbox 2314 3437 2378 3486; x_wconf 83' lang='lat' dir='ltr'><strong>te,</strong></span> <span class='ocrx_word' id='word_1_826' title='bbox 2405 3424 2645 3478; x_wconf 86' lang='lat' dir='ltr'><strong>Domine.</strong></span> <span class='ocrx_word' id='word_1_827' title='bbox 2679 3423 2830 3477; x_wconf 86' lang='lat' dir='ltr'><strong>Tunc</strong></span> <span class='ocrx_word' id='word_1_828' title='bbox 2860 3423 3116 3492; x_wconf 81' lang='lat' dir='ltr'><strong>depositis</strong></span> <span class='ocrx_word' id='word_1_829' title='bbox 3145 3423 3328 3490; x_wconf 78' lang='lat' dir='ltr'><strong>eappis</strong></span> <span class='ocrx_word' id='word_1_830' title='bbox 3359 3421 3475 3488; x_wconf 88' lang='lat' dir='ltr'><strong>pul-</strong></span> 
     </span>
    </p>
   </div>
   <div class='ocr_carea' id='block_1_119' title="bbox 1889 3493 3477 3556">
    <p class='ocr_par' dir='ltr' id='par_1_119' title="bbox 1889 3493 3477 3556">
     <span class='ocr_line' id='line_1_120' title="bbox 1889 3493 3477 3556; baseline -0.001 -11"><span class='ocrx_word' id='word_1_831' title='bbox 1889 3505 2040 3546; x_wconf 87' lang='lat' dir='ltr'><strong>setur</strong></span> <span class='ocrx_word' id='word_1_832' title='bbox 2067 3494 2130 3546; x_wconf 90' lang='lat' dir='ltr'><strong>ad</strong></span> <span class='ocrx_word' id='word_1_833' title='bbox 2163 3493 2387 3547; x_wconf 82' lang='lat' dir='ltr'><strong>Nonam.</strong></span> <span class='ocrx_word' id='word_1_834' title='bbox 2437 3495 2491 3547; x_wconf 93' lang='lat' dir='ltr'><strong>ln</strong></span> <span class='ocrx_word' id='word_1_835' title='bbox 2541 3495 2828 3548; x_wconf 84' lang='lat' dir='ltr'><strong>rel&#39;ectorio</strong></span> <span class='ocrx_word' id='word_1_836' title='bbox 2873 3494 3030 3548; x_wconf 83' lang='lat' dir='ltr'><strong>lectio</strong></span> <span class='ocrx_word' id='word_1_837' title='bbox 3079 3493 3208 3556; x_wconf 84' lang='lat' dir='ltr'><strong>Quis</strong></span> <span class='ocrx_word' id='word_1_838' title='bbox 3253 3506 3477 3545; x_wconf 73' lang='lat' dir='ltr'><strong>vestrum</strong></span> 
     </span>
    </p>
   </div>
   <div class='ocr_carea' id='block_1_120' title="bbox 1889 3561 3476 3632">
    <p class='ocr_par' dir='ltr' id='par_1_120' title="bbox 1889 3561 3476 3632">
     <span class='ocr_line' id='line_1_121' title="bbox 1889 3561 3476 3632; baseline -0.001 -19"><span class='ocrx_word' id='word_1_839' title='bbox 1889 3563 2093 3614; x_wconf 77' lang='lat' dir='ltr'><strong>habebit</strong></span> <span class='ocrx_word' id='word_1_840' title='bbox 2120 3564 2366 3616; x_wconf 83' lang='lat' dir='ltr'><strong>amicum.</strong></span> <span class='ocrx_word' id='word_1_841' title='bbox 2394 3563 2698 3617; x_wconf 85' lang='lat' dir='ltr'><strong>Notandum</strong></span> <span class='ocrx_word' id='word_1_842' title='bbox 2726 3565 2892 3632; x_wconf 87' lang='lat' dir='ltr'><strong>quod,</strong></span> <span class='ocrx_word' id='word_1_843' title='bbox 2917 3564 3128 3632; x_wconf 85' lang='lat' dir='ltr'><strong>quando</strong></span> <span class='ocrx_word' id='word_1_844' title='bbox 3156 3564 3254 3614; x_wconf 86' lang='lat' dir='ltr'><strong>hoc.</strong></span> <span class='ocrx_word' id='word_1_845' title='bbox 3282 3561 3476 3632; x_wconf 67' lang='lat' dir='ltr'><strong>l&#39;cstum</strong></span> 
     </span>
    </p>
   </div>
   <div class='ocr_carea' id='block_1_121' title="bbox 1892 3631 3480 3702">
    <p class='ocr_par' dir='ltr' id='par_1_121' title="bbox 1892 3631 3480 3702">
     <span class='ocr_line' id='line_1_122' title="bbox 1892 3631 3480 3702; baseline 0.001 -19"><span class='ocrx_word' id='word_1_846' title='bbox 1892 3632 2028 3684; x_wconf 77' lang='lat' dir='ltr'><strong>inira</strong></span> <span class='ocrx_word' id='word_1_847' title='bbox 2056 3632 2444 3688; x_wconf 72' lang='lat' dir='ltr'><strong>hebdomadam</strong></span> <span class='ocrx_word' id='word_1_848' title='bbox 2474 3631 2779 3702; x_wconf 86' lang='lat' dir='ltr'><strong>paschalem</strong></span> <span class='ocrx_word' id='word_1_849' title='bbox 2802 3631 3066 3692; x_wconf 66' lang='lat' dir='ltr'><strong>evenerit,</strong></span> <span class='ocrx_word' id='word_1_850' title='bbox 3091 3631 3335 3685; x_wconf 71' lang='lat' dir='ltr'><strong>differtur</strong></span> <span class='ocrx_word' id='word_1_851' title='bbox 3363 3631 3480 3697; x_wconf 78' lang='lat' dir='ltr'><strong>ejus</strong></span> 
     </span>
    </p>
   </div>
   <div class='ocr_carea' id='block_1_122' title="bbox 1890 3702 3481 3772">
    <p class='ocr_par' dir='ltr' id='par_1_122' title="bbox 1890 3702 3481 3772">
     <span class='ocr_line' id='line_1_123' title="bbox 1890 3702 3481 3772; baseline -0.001 -18"><span class='ocrx_word' id='word_1_852' title='bbox 1890 3703 2165 3772; x_wconf 75' lang='lat' dir='ltr'><strong>servitium</strong></span> <span class='ocrx_word' id='word_1_853' title='bbox 2197 3718 2369 3772; x_wconf 84' lang='lat' dir='ltr'><strong>usque</strong></span> <span class='ocrx_word' id='word_1_854' title='bbox 2405 3705 2456 3756; x_wconf 91' lang='lat' dir='ltr'><strong>in</strong></span> <span class='ocrx_word' id='word_1_855' title='bbox 2501 3705 2690 3756; x_wconf 77' lang='lat' dir='ltr'><strong>feriam</strong></span> <span class='ocrx_word' id='word_1_856' title='bbox 2728 3713 2846 3770; x_wconf 89' lang='lat' dir='ltr'><strong>post</strong></span> <span class='ocrx_word' id='word_1_857' title='bbox 2889 3702 3240 3766; x_wconf 82' lang='lat' dir='ltr'><strong>Quasimodo;</strong></span> <span class='ocrx_word' id='word_1_858' title='bbox 3271 3718 3481 3768; x_wconf 84' lang='lat' dir='ltr'><strong>proces-</strong></span> 
     </span>
    </p>
   </div>
   <div class='ocr_carea' id='block_1_123' title="bbox 1891 3771 3481 3841">
    <p class='ocr_par' dir='ltr' id='par_1_123' title="bbox 1891 3771 3481 3841">
     <span class='ocr_line' id='line_1_124' title="bbox 1891 3771 3481 3841; baseline -0.001 -19"><span class='ocrx_word' id='word_1_859' title='bbox 1891 3771 1970 3823; x_wconf 88' lang='lat' dir='ltr'><strong>sio</strong></span> <span class='ocrx_word' id='word_1_860' title='bbox 1996 3788 2122 3824; x_wconf 80' lang='lat' dir='ltr'><strong>vero</strong></span> <span class='ocrx_word' id='word_1_861' title='bbox 2154 3772 2268 3841; x_wconf 82' lang='lat' dir='ltr'><strong>ipso</strong></span> <span class='ocrx_word' id='word_1_862' title='bbox 2285 3771 2378 3826; x_wconf 84' lang='lat' dir='ltr'><strong>die</strong></span> <span class='ocrx_word' id='word_1_863' title='bbox 2417 3789 2522 3841; x_wconf 86' lang='lat' dir='ltr'><strong>quo</strong></span> <span class='ocrx_word' id='word_1_864' title='bbox 2553 3772 2748 3825; x_wconf 81' lang='lat' dir='ltr'><strong>festum</strong></span> <span class='ocrx_word' id='word_1_865' title='bbox 2777 3773 3016 3826; x_wconf 87' lang='lat' dir='ltr'><strong>evenerit</strong></span> <span class='ocrx_word' id='word_1_866' title='bbox 3045 3773 3348 3825; x_wconf 67' lang='lat' dir='ltr'><strong>cett-bratur</strong></span> <span class='ocrx_word' id='word_1_867' title='bbox 3379 3772 3481 3824; x_wconf 88' lang='lat' dir='ltr'><strong>hoc</strong></span> 
     </span>
    </p>
   </div>
   <div class='ocr_carea' id='block_1_124' title="bbox 1892 3840 3481 3910">
    <p class='ocr_par' dir='ltr' id='par_1_124' title="bbox 1892 3840 3481 3910">
     <span class='ocr_line' id='line_1_125' title="bbox 1892 3840 3481 3910; baseline 0.001 -19"><span class='ocrx_word' id='word_1_868' title='bbox 1892 3840 2068 3892; x_wconf 72' lang='lat' dir='ltr'><strong>modo.</strong></span> <span class='ocrx_word' id='word_1_869' title='bbox 2112 3840 2370 3910; x_wconf 82' lang='lat' dir='ltr'><strong>ordinata</strong></span> <span class='ocrx_word' id='word_1_870' title='bbox 2413 3840 2762 3910; x_wconf 86' lang='lat' dir='ltr'><strong>processioue</strong></span> <span class='ocrx_word' id='word_1_871' title='bbox 2809 3843 2994 3894; x_wconf 87' lang='lat' dir='ltr'><strong>statim</strong></span> <span class='ocrx_word' id='word_1_872' title='bbox 3039 3842 3144 3894; x_wconf 92' lang='lat' dir='ltr'><strong>duo</strong></span> <span class='ocrx_word' id='word_1_873' title='bbox 3176 3842 3238 3894; x_wconf 87' lang='lat' dir='ltr'><strong>ad</strong></span> <span class='ocrx_word' id='word_1_874' title='bbox 3280 3842 3481 3910; x_wconf 77' lang='lat' dir='ltr'><strong>gradus</strong></span> 
     </span>
    </p>
   </div>
   <div class='ocr_carea' id='block_1_125' title="bbox 1891 3909 3481 3981">
    <p class='ocr_par' dir='ltr' id='par_1_125' title="bbox 1891 3909 3481 3981">
     <span class='ocr_line' id='line_1_126' title="bbox 1891 3909 3481 3981; baseline 0.001 -19"><span class='ocrx_word' id='word_1_875' title='bbox 1891 3910 2154 3977; x_wconf 89' lang='lat' dir='ltr'><strong>incipiant</strong></span> <span class='ocrx_word' id='word_1_876' title='bbox 2198 3909 2373 3973; x_wconf 73' lang='lat' dir='ltr'><strong>Salve,</strong></span> <span class='ocrx_word' id='word_1_877' title='bbox 2417 3909 2557 3981; x_wconf 72' lang='lat' dir='ltr'><strong>festa</strong></span> <span class='ocrx_word' id='word_1_878' title='bbox 2589 3912 2728 3981; x_wconf 84' lang='lat' dir='ltr'><strong>dies,</strong></span> <span class='ocrx_word' id='word_1_879' title='bbox 2759 3921 3058 3981; x_wconf 78' lang='lat' dir='ltr'><strong>conventus</strong></span> <span class='ocrx_word' id='word_1_880' title='bbox 3102 3927 3196 3978; x_wconf 86' lang='lat' dir='ltr'><strong>per</strong></span> <span class='ocrx_word' id='word_1_881' title='bbox 3235 3909 3481 3981; x_wconf 56' lang='lat' dir='ltr'><strong>singulos</strong></span> 
     </span>
    </p>
   </div>
   <div class='ocr_carea' id='block_1_126' title="bbox 1892 3979 3479 4050">
    <p class='ocr_par' dir='ltr' id='par_1_126' title="bbox 1892 3979 3479 4050">
     <span class='ocr_line' id='line_1_127' title="bbox 1892 3979 3479 4050; baseline 0.002 -21"><span class='ocrx_word' id='word_1_882' title='bbox 1892 3995 2078 4032; x_wconf 70' lang='lat' dir='ltr'><strong>\&#39;(‘l&#39;.~llS</strong></span> <span class='ocrx_word' id='word_1_883' title='bbox 2105 3991 2312 4049; x_wconf 81' lang='lat' dir='ltr'><strong>repetat</strong></span> <span class='ocrx_word' id='word_1_884' title='bbox 2336 3979 2477 4035; x_wconf 87' lang='lat' dir='ltr'><strong>nunc</strong></span> <span class='ocrx_word' id='word_1_885' title='bbox 2500 3980 2678 4044; x_wconf 87' lang='lat' dir='ltr'><strong>Salve,</strong></span> <span class='ocrx_word' id='word_1_886' title='bbox 2703 3997 2848 4034; x_wconf 89' lang='lat' dir='ltr'><strong>nunc</strong></span> <span class='ocrx_word' id='word_1_887' title='bbox 2876 3980 2993 4044; x_wconf 82' lang='lat' dir='ltr'><strong>Qua</strong></span> <span class='ocrx_word' id='word_1_888' title='bbox 3023 3981 3182 4050; x_wconf 71' lang='lat' dir='ltr'><strong>Deus,</strong></span> <span class='ocrx_word' id='word_1_889' title='bbox 3211 3979 3375 4050; x_wconf 68' lang='grc'><strong>346</strong></span> <span class='ocrx_word' id='word_1_890' title='bbox 3408 3983 3479 4050; x_wconf 80' lang='lat' dir='ltr'><strong>ita</strong></span> 
     </span>
    </p>
   </div>
   <div class='ocr_carea' id='block_1_127' title="bbox 1891 4048 3478 4118">
    <p class='ocr_par' dir='ltr' id='par_1_127' title="bbox 1891 4048 3478 4118">
     <span class='ocr_line' id='line_1_128' title="bbox 1891 4048 3478 4118; baseline 0.001 -19"><span class='ocrx_word' id='word_1_891' title='bbox 1891 4048 2481 4118; x_wconf 76' lang='lat' dir='ltr'><strong>cantandoprocedant</strong></span> <span class='ocrx_word' id='word_1_892' title='bbox 2512 4051 2578 4103; x_wconf 89' lang='lat' dir='ltr'><strong>ad</strong></span> <span class='ocrx_word' id='word_1_893' title='bbox 2609 4051 2895 4104; x_wconf 88' lang='lat' dir='ltr'><strong>ecclesiam</strong></span> <span class='ocrx_word' id='word_1_894' title='bbox 2934 4052 3115 4102; x_wconf 79' lang='lat' dir='ltr'><strong>Sancti</strong></span> <span class='ocrx_word' id='word_1_895' title='bbox 3144 4048 3395 4118; x_wconf 56' lang='lat' dir='ltr'><strong>Joannis.</strong></span> <span class='ocrx_word' id='word_1_896' title='bbox 3425 4048 3478 4100; x_wconf 84' lang='lat' dir='ltr'><strong>Ia</strong></span> 
     </span>
    </p>
   </div>
   <div class='ocr_carea' id='block_1_128' title="bbox 1893 4116 3481 4188">
    <p class='ocr_par' dir='ltr' id='par_1_128' title="bbox 1893 4116 3481 4188">
     <span class='ocr_line' id='line_1_129' title="bbox 1893 4116 3481 4188; baseline 0 -18"><span class='ocrx_word' id='word_1_897' title='bbox 1893 4120 2111 4172; x_wconf 89' lang='lat' dir='ltr'><strong>introitu</strong></span> <span class='ocrx_word' id='word_1_898' title='bbox 2168 4116 2410 4174; x_wconf 76' lang='lat' dir='ltr'><strong>ecclesiae</strong></span> <span class='ocrx_word' id='word_1_899' title='bbox 2460 4122 2493 4188; x_wconf 61' lang='grc' dir='ltr'><strong>[ἢ</strong></span> <span class='ocrx_word' id='word_1_900' title='bbox 2544 4119 2692 4173; x_wconf 84' lang='lat' dir='ltr'><strong>Inter</strong></span> <span class='ocrx_word' id='word_1_901' title='bbox 2737 4130 2906 4182; x_wconf 83' lang='lat' dir='ltr'><strong>natos.</strong></span> <span class='ocrx_word' id='word_1_902' title='bbox 2959 4135 3080 4171; x_wconf 90' lang='lat' dir='ltr'><strong>cum</strong></span> <span class='ocrx_word' id='word_1_903' title='bbox 3156 4133 3309 4171; x_wconf 81' lang='lat' dir='ltr'><strong>versu</strong></span> <span class='ocrx_word' id='word_1_904' title='bbox 3352 4116 3481 4170; x_wconf 81' lang='lat' dir='ltr'><strong>Fuit</strong></span> 
     </span>
    </p>
   </div>
   <div class='ocr_carea' id='block_1_129' title="bbox 1889 4188 3479 4260">
    <p class='ocr_par' dir='ltr' id='par_1_129' title="bbox 1889 4188 3479 4260">
     <span class='ocr_line' id='line_1_130' title="bbox 1889 4188 3479 4260; baseline 0.001 -22"><span class='ocrx_word' id='word_1_905' title='bbox 1889 4190 2064 4253; x_wconf 82' lang='lat' dir='ltr'><strong>homo,</strong></span> <span class='ocrx_word' id='word_1_906' title='bbox 2098 4202 2150 4244; x_wconf 90' lang='lat' dir='ltr'><strong>et</strong></span> <span class='ocrx_word' id='word_1_907' title='bbox 2170 4192 2415 4245; x_wconf 88' lang='lat' dir='ltr'><strong>oratione</strong></span> <span class='ocrx_word' id='word_1_908' title='bbox 2443 4191 2670 4254; x_wconf 69' lang='lat' dir='ltr'><strong>Pra’sta,</strong></span> <span class='ocrx_word' id='word_1_909' title='bbox 2699 4205 3018 4260; x_wconf 79' lang='lat' dir='ltr'><strong>quwsumns,</strong></span> <span class='ocrx_word' id='word_1_910' title='bbox 3041 4197 3098 4260; x_wconf 80' lang='lat' dir='ltr'><strong>et</strong></span> <span class='ocrx_word' id='word_1_911' title='bbox 3129 4198 3250 4242; x_wconf 90' lang='lat' dir='ltr'><strong>tunc</strong></span> <span class='ocrx_word' id='word_1_912' title='bbox 3283 4188 3479 4260; x_wconf 84' lang='lat' dir='ltr'><strong>ibidem</strong></span> 
     </span>
    </p>
   </div>
   <div class='ocr_carea' id='block_1_130' title="bbox 1892 4258 3482 4327">
    <p class='ocr_par' dir='ltr' id='par_1_130' title="bbox 1892 4258 3482 4327">
     <span class='ocr_line' id='line_1_131' title="bbox 1892 4258 3482 4327; baseline -0.001 -15"><span class='ocrx_word' id='word_1_913' title='bbox 1892 4261 2057 4314; x_wconf 80' lang='lat' dir='ltr'><strong>missa</strong></span> <span class='ocrx_word' id='word_1_914' title='bbox 2106 4277 2212 4314; x_wconf 87' lang='lat' dir='ltr'><strong>non</strong></span> <span class='ocrx_word' id='word_1_915' title='bbox 2253 4261 2579 4326; x_wconf 85' lang='lat' dir='ltr'><strong>celebratur,</strong></span> <span class='ocrx_word' id='word_1_916' title='bbox 2615 4258 2719 4313; x_wconf 84' lang='lat' dir='ltr'><strong>sed</strong></span> <span class='ocrx_word' id='word_1_917' title='bbox 2752 4261 2894 4313; x_wconf 83' lang='lat' dir='ltr'><strong>facto</strong></span> <span class='ocrx_word' id='word_1_918' title='bbox 2929 4259 3286 4327; x_wconf 81' lang='lat' dir='ltr'><strong>qualicunque</strong></span> <span class='ocrx_word' id='word_1_919' title='bbox 3315 4258 3482 4311; x_wconf 82' lang='lat' dir='ltr'><strong>inter-</strong></span> 
     </span>
    </p>
   </div>
   <div class='ocr_carea' id='block_1_131' title="bbox 1889 4328 3483 4401">
    <p class='ocr_par' dir='ltr' id='par_1_131' title="bbox 1889 4328 3483 4401">
     <span class='ocr_line' id='line_1_132' title="bbox 1889 4328 3483 4401; baseline -0.001 -21"><span class='ocrx_word' id='word_1_920' title='bbox 1889 4331 2048 4401; x_wconf 85' lang='lat' dir='ltr'><strong>vallo,</strong></span> <span class='ocrx_word' id='word_1_921' title='bbox 2099 4332 2347 4386; x_wconf 88' lang='lat' dir='ltr'><strong>ordinata</strong></span> <span class='ocrx_word' id='word_1_922' title='bbox 2394 4330 2736 4401; x_wconf 83' lang='lat' dir='ltr'><strong>processionc</strong></span> <span class='ocrx_word' id='word_1_923' title='bbox 2784 4339 3034 4383; x_wconf 82' lang='lat' dir='ltr'><strong>cantores</strong></span> <span class='ocrx_word' id='word_1_924' title='bbox 3083 4329 3134 4380; x_wconf 93' lang='lat' dir='ltr'><strong>in</strong></span> <span class='ocrx_word' id='word_1_925' title='bbox 3184 4328 3483 4390; x_wconf 70' lang='lat' dir='ltr'><strong>redeundo,</strong></span> 
     </span>
    </p>
   </div>
   <div class='ocr_carea' id='block_1_132' title="bbox 1893 4400 3481 4468">
    <p class='ocr_par' dir='ltr' id='par_1_132' title="bbox 1893 4400 3481 4468">
     <span class='ocr_line' id='line_1_133' title="bbox 1893 4400 3481 4468; baseline -0.001 -19"><span class='ocrx_word' id='word_1_926' title='bbox 1893 4400 1980 4454; x_wconf 89' lang='lat' dir='ltr'><strong>ubi</strong></span> <span class='ocrx_word' id='word_1_927' title='bbox 2018 4403 2166 4467; x_wconf 90' lang='lat' dir='ltr'><strong>prius</strong></span> <span class='ocrx_word' id='word_1_928' title='bbox 2199 4400 2468 4466; x_wconf 86' lang='lat' dir='ltr'><strong>linicrant,</strong></span> <span class='ocrx_word' id='word_1_929' title='bbox 2513 4402 2848 4468; x_wconf 85' lang='lat' dir='ltr'><strong>incipientes,</strong></span> <span class='ocrx_word' id='word_1_930' title='bbox 2897 4401 3169 4452; x_wconf 77' lang='lat' dir='ltr'><strong>residuum</strong></span> <span class='ocrx_word' id='word_1_931' title='bbox 3202 4412 3481 4459; x_wconf 80' lang='lat' dir='ltr'><strong>versuum,</strong></span> 
     </span>
    </p>
   </div>
   <div class='ocr_carea' id='block_1_133' title="bbox 1889 4468 3481 4542">
    <p class='ocr_par' dir='ltr' id='par_1_133' title="bbox 1889 4468 3481 4542">
     <span class='ocr_line' id='line_1_134' title="bbox 1889 4468 3481 4542; baseline -0.001 -22"><span class='ocrx_word' id='word_1_932' title='bbox 1889 4482 2148 4538; x_wconf 81' lang='lat' dir='ltr'><strong>quantum</strong></span> <span class='ocrx_word' id='word_1_933' title='bbox 2179 4488 2313 4542; x_wconf 88' lang='lat' dir='ltr'><strong>opus</strong></span> <span class='ocrx_word' id='word_1_934' title='bbox 2341 4473 2521 4533; x_wconf 80' lang='lat' dir='ltr'><strong>fuerit,</strong></span> <span class='ocrx_word' id='word_1_935' title='bbox 2565 4480 2980 4540; x_wconf 80' lang='lat' dir='ltr'><strong>prosequuntur,</strong></span> <span class='ocrx_word' id='word_1_936' title='bbox 3022 4469 3221 4538; x_wconf 79' lang='lat' dir='ltr'><strong>quibus</strong></span> <span class='ocrx_word' id='word_1_937' title='bbox 3263 4469 3314 4520; x_wconf 90' lang='lat' dir='ltr'><strong>in</strong></span> <span class='ocrx_word' id='word_1_938' title='bbox 3353 4468 3481 4542; x_wconf 76' lang='lat' dir='ltr'><strong>cho-</strong></span> 
     </span>
    </p>
   </div>
   <div class='ocr_carea' id='block_1_134' title="bbox 1891 4535 3489 4612">
    <p class='ocr_par' dir='ltr' id='par_1_134' title="bbox 1891 4535 3489 4612">
     <span class='ocr_line' id='line_1_135' title="bbox 1891 4535 3489 4612; baseline -0.001 -20"><span class='ocrx_word' id='word_1_939' title='bbox 1891 4535 2008 4612; x_wconf 68' lang='lat' dir='ltr'><strong>rum</strong></span> <span class='ocrx_word' id='word_1_940' title='bbox 2054 4535 2286 4597; x_wconf 77' lang='lat' dir='ltr'><strong>reversis</strong></span> <span class='ocrx_word' id='word_1_941' title='bbox 2327 4535 2584 4597; x_wconf 81' lang='lat' dir='ltr'><strong>sacerdos</strong></span> <span class='ocrx_word' id='word_1_942' title='bbox 2628 4544 2693 4596; x_wconf 87' lang='lat' dir='ltr'><strong>ad</strong></span> <span class='ocrx_word' id='word_1_943' title='bbox 2723 4535 2920 4612; x_wconf 66' lang='lat' dir='ltr'><strong>gradus</strong></span> <span class='ocrx_word' id='word_1_944' title='bbox 2949 4535 3092 4595; x_wconf 79' lang='lat' dir='ltr'><strong>dicat</strong></span> <span class='ocrx_word' id='word_1_945' title='bbox 3120 4554 3331 4593; x_wconf 88' lang='lat' dir='ltr'><strong>versum</strong></span> <span class='ocrx_word' id='word_1_946' title='bbox 3373 4535 3489 4590; x_wconf 71' lang='lat' dir='ltr'><strong>Vox-</strong></span> 
     </span>
    </p>
   </div>
   <div class='ocr_carea' id='block_1_135' title="bbox 1887 4610 2945 4682">
    <p class='ocr_par' dir='ltr' id='par_1_135' title="bbox 1887 4610 2945 4682">
     <span class='ocr_line' id='line_1_136' title="bbox 1887 4610 2945 4682; baseline 0.002 -20"><span class='ocrx_word' id='word_1_947' title='bbox 1887 4610 2106 4666; x_wconf 76' lang='lat' dir='ltr'><strong>lwlitite.</strong></span> <span class='ocrx_word' id='word_1_948' title='bbox 2145 4613 2330 4668; x_wconf 87' lang='lat' dir='ltr'><strong>Oratio</strong></span> <span class='ocrx_word' id='word_1_949' title='bbox 2371 4613 2591 4677; x_wconf 67' lang='lat' dir='ltr'><strong>Pra&#39;slu,</strong></span> <span class='ocrx_word' id='word_1_950' title='bbox 2624 4610 2945 4682; x_wconf 67' lang='lat' dir='ltr'><strong>quaesumus.</strong></span> 
     </span>
    </p>
   </div>
   <div class='ocr_carea' id='block_1_136' title="bbox 1961 4675 3490 4754">
    <p class='ocr_par' dir='ltr' id='par_1_136' title="bbox 1961 4675 3490 4754">
     <span class='ocr_line' id='line_1_137' title="bbox 1961 4675 3490 4754; baseline -0.026 13"><span class='ocrx_word' id='word_1_951' title='bbox 1961 4685 2034 4737; x_wconf 74' lang='lat' dir='ltr'><strong>De</strong></span> <span class='ocrx_word' id='word_1_952' title='bbox 2079 4684 2334 4754; x_wconf 66' lang='grc' dir='ltr'><strong>θνοειαιίδ</strong></span> <span class='ocrx_word' id='word_1_953' title='bbox 2365 4675 2607 4752; x_wconf 69' lang='grc' dir='ltr'><strong>ίίιίιίριιὸ</strong></span> <span class='ocrx_word' id='word_1_954' title='bbox 2634 4675 2702 4754; x_wconf 61' lang='grc' dir='ltr'><strong>’(ζι</strong></span> <span class='ocrx_word' id='word_1_955' title='bbox 2731 4681 2953 4754; x_wconf 70' lang='lat' dir='ltr'><strong>Jacobo,</strong></span> <span class='ocrx_word' id='word_1_956' title='bbox 2981 4680 3044 4733; x_wconf 85' lang='lat' dir='ltr'><strong>ad</strong></span> <span class='ocrx_word' id='word_1_957' title='bbox 3085 4678 3349 4754; x_wconf 76' lang='lat' dir='ltr'><strong>secundas</strong></span> <span class='ocrx_word' id='word_1_958' title='bbox 3382 4675 3490 4731; x_wconf 74' lang='lat' dir='ltr'><strong>Vc-.</strong></span> 
     </span>
    </p>
   </div>
   <div class='ocr_carea' id='block_1_137' title="bbox 1888 4752 3484 4822">
    <p class='ocr_par' dir='ltr' id='par_1_137' title="bbox 1888 4752 3484 4822">
     <span class='ocr_line' id='line_1_138' title="bbox 1888 4752 3484 4822; baseline -0.006 -15"><span class='ocrx_word' id='word_1_959' title='bbox 1888 4768 2075 4822; x_wconf 86' lang='lat' dir='ltr'><strong>speras</strong></span> <span class='ocrx_word' id='word_1_960' title='bbox 2105 4752 2218 4809; x_wconf 83' lang='lat' dir='ltr'><strong>ant.</strong></span> <span class='ocrx_word' id='word_1_961' title='bbox 2251 4753 2495 4816; x_wconf 85' lang='lat' dir='ltr'><strong>Domine,</strong></span> <span class='ocrx_word' id='word_1_962' title='bbox 2525 4765 2631 4807; x_wconf 91' lang='lat' dir='ltr'><strong>etc.</strong></span> <span class='ocrx_word' id='word_1_963' title='bbox 2663 4753 2791 4806; x_wconf 86' lang='lat' dir='ltr'><strong>Post</strong></span> <span class='ocrx_word' id='word_1_964' title='bbox 2823 4752 3088 4820; x_wconf 80' lang='lat' dir='ltr'><strong>Vesperas</strong></span> <span class='ocrx_word' id='word_1_965' title='bbox 3125 4753 3357 4822; x_wconf 75' lang='lat' dir='ltr'><strong>inempta</strong></span> <span class='ocrx_word' id='word_1_966' title='bbox 3384 4763 3484 4799; x_wconf 69' lang='grc' dir='ltr'><strong>ειη-ι</strong></span> 
     </span>
    </p>
   </div>
   <div class='ocr_carea' id='block_1_138' title="bbox 1889 4818 3484 4893">
    <p class='ocr_par' dir='ltr' id='par_1_138' title="bbox 1889 4818 3484 4893">
     <span class='ocr_line' id='line_1_139' title="bbox 1889 4818 3484 4893; baseline -0.003 -16"><span class='ocrx_word' id='word_1_967' title='bbox 1889 4818 2109 4893; x_wconf 83' lang='lat' dir='ltr'><strong>tiphona</strong></span> <span class='ocrx_word' id='word_1_968' title='bbox 2143 4825 2285 4879; x_wconf 65' lang='lat' dir='ltr'><strong>Crux.</strong></span> <span class='ocrx_word' id='word_1_969' title='bbox 2308 4825 2502 4892; x_wconf 79' lang='lat' dir='ltr'><strong>ﬁdelis,</strong></span> <span class='ocrx_word' id='word_1_970' title='bbox 2542 4840 2662 4878; x_wconf 88' lang='lat' dir='ltr'><strong>cmn</strong></span> <span class='ocrx_word' id='word_1_971' title='bbox 2694 4818 3036 4893; x_wconf 80' lang='lat' dir='ltr'><strong>processione</strong></span> <span class='ocrx_word' id='word_1_972' title='bbox 3063 4822 3129 4873; x_wconf 86' lang='lat' dir='ltr'><strong>ad</strong></span> <span class='ocrx_word' id='word_1_973' title='bbox 3157 4818 3484 4893; x_wconf 49' lang='lat' dir='ltr'><strong>crucilisutn</strong></span> 
     </span>
    </p>
   </div>
   <div class='ocr_carea' id='block_1_139' title="bbox 1886 4885 3484 4962">
    <p class='ocr_par' dir='ltr' id='par_1_139' title="bbox 1886 4885 3484 4962">
     <span class='ocr_line' id='line_1_140' title="bbox 1886 4885 3484 4962; baseline -0.005 -16"><span class='ocrx_word' id='word_1_974' title='bbox 1886 4885 2102 4958; x_wconf 59' lang='lat' dir='ltr'><strong>caleant,</strong></span> <span class='ocrx_word' id='word_1_975' title='bbox 2132 4885 2360 4962; x_wconf 81' lang='lat' dir='ltr'><strong>indeque</strong></span> <span class='ocrx_word' id='word_1_976' title='bbox 2385 4885 2505 4947; x_wconf 84' lang='lat' dir='ltr'><strong>cum</strong></span> <span class='ocrx_word' id='word_1_977' title='bbox 2534 4885 2829 4961; x_wconf 82' lang='lat' dir='ltr'><strong>antiphona</strong></span> <span class='ocrx_word' id='word_1_978' title='bbox 2856 4893 2921 4946; x_wconf 86' lang='lat' dir='ltr'><strong>de</strong></span> <span class='ocrx_word' id='word_1_979' title='bbox 2948 4890 3294 4962; x_wconf 86' lang='lat' dir='ltr'><strong>martyribus,</strong></span> <span class='ocrx_word' id='word_1_980' title='bbox 3322 4885 3484 4938; x_wconf 59' lang='lat' dir='ltr'><strong>Filias</strong></span> 
     </span>
    </p>
   </div>
   <div class='ocr_carea' id='block_1_140' title="bbox 1885 4961 3484 5034">
    <p class='ocr_par' dir='ltr' id='par_1_140' title="bbox 1885 4961 3484 5034">
     <span class='ocr_line' id='line_1_141' title="bbox 1885 4961 3484 5034; baseline -0.005 -18"><span class='ocrx_word' id='word_1_981' title='bbox 1885 4963 2202 5029; x_wconf 85' lang='lat' dir='ltr'><strong>Jerusalem,</strong></span> <span class='ocrx_word' id='word_1_982' title='bbox 2235 4961 2287 5018; x_wconf 81' lang='lat' dir='ltr'><strong>in</strong></span> <span class='ocrx_word' id='word_1_983' title='bbox 2317 4965 2543 5016; x_wconf 90' lang='lat' dir='ltr'><strong>chorum</strong></span> <span class='ocrx_word' id='word_1_984' title='bbox 2590 4963 2831 5034; x_wconf 82' lang='lat' dir='ltr'><strong>redeant.</strong></span> <span class='ocrx_word' id='word_1_985' title='bbox 2880 4963 2934 5015; x_wconf 86' lang='lat' dir='ltr'><strong>In</strong></span> <span class='ocrx_word' id='word_1_986' title='bbox 2967 4961 3237 5034; x_wconf 80' lang='lat' dir='ltr'><strong>Laudibus</strong></span> <span class='ocrx_word' id='word_1_987' title='bbox 3268 4970 3484 5034; x_wconf 57' lang='lat' dir='ltr'><strong>procesa</strong></span> 
     </span>
    </p>
   </div>
   <div class='ocr_carea' id='block_1_141' title="bbox 1889 5031 3488 5101">
    <p class='ocr_par' dir='ltr' id='par_1_141' title="bbox 1889 5031 3488 5101">
     <span class='ocr_line' id='line_1_142' title="bbox 1889 5031 3488 5101; baseline -0.006 -14"><span class='ocrx_word' id='word_1_988' title='bbox 1889 5034 1969 5087; x_wconf 88' lang='lat' dir='ltr'><strong>sio</strong></span> <span class='ocrx_word' id='word_1_989' title='bbox 1996 5036 2058 5088; x_wconf 87' lang='lat' dir='ltr'><strong>ad</strong></span> <span class='ocrx_word' id='word_1_990' title='bbox 2102 5035 2444 5098; x_wconf 65' lang='lat' dir='ltr'><strong>cruciﬁxum,</strong></span> <span class='ocrx_word' id='word_1_991' title='bbox 2480 5036 2530 5088; x_wconf 90' lang='lat' dir='ltr'><strong>in</strong></span> <span class='ocrx_word' id='word_1_992' title='bbox 2564 5032 2739 5086; x_wconf 85' lang='lat' dir='ltr'><strong>reditu</strong></span> <span class='ocrx_word' id='word_1_993' title='bbox 2768 5034 2834 5086; x_wconf 76' lang='lat' dir='ltr'><strong>de</strong></span> <span class='ocrx_word' id='word_1_994' title='bbox 2865 5031 3192 5101; x_wconf 87' lang='lat' dir='ltr'><strong>martyribus</strong></span> <span class='ocrx_word' id='word_1_995' title='bbox 3223 5031 3488 5086; x_wconf 69' lang='lat' dir='ltr'><strong>memoria</strong></span> 
     </span>
    </p>
   </div>
   <div class='ocr_carea' id='block_1_142' title="bbox 1887 5104 3456 5174">
    <p class='ocr_par' dir='ltr' id='par_1_142' title="bbox 1887 5104 3456 5174">
     <span class='ocr_line' id='line_1_143' title="bbox 1887 5104 3456 5174; baseline -0.001 -15"><span class='ocrx_word' id='word_1_996' title='bbox 1887 5104 2437 5174; x_wconf 68' lang='lat' dir='ltr'><strong>Luxperpetua,et_c.</strong></span> <span class='ocrx_word' id='word_1_997' title='bbox 2677 5172 2685 5174; x_wconf 20' lang='grc'><strong><em>4</em></strong></span> <span class='ocrx_word' id='word_1_998' title='bbox 2767 5171 2775 5174; x_wconf 18' lang='grc' dir='ltr'><strong>Α</strong></span> <span class='ocrx_word' id='word_1_999' title='bbox 2885 5173 2894 5174; x_wconf 17' lang='lat'><em>7</em></span> <span class='ocrx_word' id='word_1_1000' title='bbox 3165 5167 3175 5174; x_wconf 38' lang='lat'><em>.</em></span> <span class='ocrx_word' id='word_1_1001' title='bbox 3327 5164 3359 5174; x_wconf 85' lang='lat'>__</span> <span class='ocrx_word' id='word_1_1002' title='bbox 3443 5161 3456 5173; x_wconf 50' lang='grc' dir='ltr'><strong><em>ο</em></strong></span> 
     </span>
    </p>
   </div>
   <div class='ocr_carea' id='block_1_143' title="bbox 1962 5164 3487 5246">
    <p class='ocr_par' dir='ltr' id='par_1_143' title="bbox 1962 5164 3487 5246">
     <span class='ocr_line' id='line_1_144' title="bbox 1962 5164 3487 5246; baseline -0.01 -17"><span class='ocrx_word' id='word_1_1003' title='bbox 1962 5164 2036 5229; x_wconf 76' lang='lat' dir='ltr'><strong>De</strong></span> <span class='ocrx_word' id='word_1_1004' title='bbox 2064 5164 2354 5246; x_wconf 58' lang='lat' dir='ltr'><strong>S.&#39;Joaime</strong></span> <span class='ocrx_word' id='word_1_1005' title='bbox 2382 5172 2624 5245; x_wconf 84' lang='lat' dir='ltr'><strong>Baptista</strong></span> <span class='ocrx_word' id='word_1_1006' title='bbox 2658 5171 2849 5246; x_wconf 74' lang='lat' dir='ltr'><strong>duplex</strong></span> <span class='ocrx_word' id='word_1_1007' title='bbox 2877 5173 3069 5246; x_wconf 70' lang='lat' dir='ltr'><strong>festum</strong></span> <span class='ocrx_word' id='word_1_1008' title='bbox 3097 5167 3290 5246; x_wconf 70' lang='lat' dir='ltr'><strong>printre</strong></span> <span class='ocrx_word' id='word_1_1009' title='bbox 3311 5164 3487 5246; x_wconf 48' lang='lat' dir='ltr'><strong>dig-m-</strong></span> 
     </span>
    </p>
   </div>
   <div class='ocr_carea' id='block_1_144' title="bbox 1890 5234 3488 5315">
    <p class='ocr_par' dir='ltr' id='par_1_144' title="bbox 1890 5234 3488 5315">
     <span class='ocr_line' id='line_1_145' title="bbox 1890 5234 3488 5315; baseline -0.01 -15"><span class='ocrx_word' id='word_1_1010' title='bbox 1890 5247 2032 5300; x_wconf 87' lang='lat' dir='ltr'><strong>tatis.</strong></span> <span class='ocrx_word' id='word_1_1011' title='bbox 2081 5247 2159 5298; x_wconf 83' lang='lat' dir='ltr'><strong>Ad</strong></span> <span class='ocrx_word' id='word_1_1012' title='bbox 2194 5234 2475 5315; x_wconf 56' lang='lat' dir='ltr'><strong>Vesperas&#39;</strong></span> <span class='ocrx_word' id='word_1_1013' title='bbox 2503 5254 2618 5300; x_wconf 88' lang='lat' dir='ltr'><strong>ant.</strong></span> <span class='ocrx_word' id='word_1_1014' title='bbox 2661 5234 2994 5315; x_wconf 62' lang='lat' dir='ltr'><strong>Descendiug</strong></span> <span class='ocrx_word' id='word_1_1015' title='bbox 3016 5234 3212 5294; x_wconf 84' lang='lat' dir='ltr'><strong>Psalmi</strong></span> <span class='ocrx_word' id='word_1_1016' title='bbox 3262 5235 3329 5287; x_wconf 85' lang='lat' dir='ltr'><strong>de</strong></span> <span class='ocrx_word' id='word_1_1017' title='bbox 3351 5234 3488 5315; x_wconf 45' lang='lat' dir='ltr'><strong>.die,</strong></span> 
     </span>
    </p>
   </div>
   <div class='ocr_carea' id='block_1_145' title="bbox 1885 5312 3484 5380">
    <p class='ocr_par' dir='ltr' id='par_1_145' title="bbox 1885 5312 3484 5380">
     <span class='ocr_line' id='line_1_146' title="bbox 1885 5312 3484 5380; baseline -0.011 -10"><span class='ocrx_word' id='word_1_1018' title='bbox 1885 5316 2190 5380; x_wconf 74' lang='lat' dir='ltr'><strong>Antiphonta</strong></span> <span class='ocrx_word' id='word_1_1019' title='bbox 2236 5312 2485 5380; x_wconf 77' lang='lat' dir='ltr'><strong>Ingresso</strong></span> <span class='ocrx_word' id='word_1_1020' title='bbox 2533 5317 2618 5370; x_wconf 85' lang='lat' dir='ltr'><strong>bis</strong></span> <span class='ocrx_word' id='word_1_1021' title='bbox 2661 5313 2951 5378; x_wconf 86' lang='lat' dir='ltr'><strong>imponitur</strong></span> <span class='ocrx_word' id='word_1_1022' title='bbox 2995 5321 3050 5366; x_wconf 83' lang='lat' dir='ltr'><strong>et</strong></span> <span class='ocrx_word' id='word_1_1023' title='bbox 3094 5312 3484 5380; x_wconf 52' lang='lat' dir='ltr'><strong>terucanitttr.</strong></span> 
     </span>
    </p>
   </div>
  </div>
