3938 5380
153 255 271 310 937

1383 259 1563 315 ACTA
1606 259 1904 316 VETEBA.
1947 289 2014 302 —-
2049 260 2341 316 APPEND.

3324 271 3434 329 958

235 368 504 436 culiares,
535 367 633 423 nisi
661 383 690 422 a
721 368 1054 438 parentibus,
1085 369 1294 433 amicis,
1319 380 1412 424 aut
1435 371 1765 424 exsecutori-
1793 385 1838 438 Α
1870 371 2161 436 resideant,
2195 371 2298 426 nisi
2321 385 2486 426 causa
2513 369 2750 439 legitima
2783 367 3071 432 existente,
3095 383 3218 424 cum
3243 367 3454 434 eisdem

157 385 272 494 bis
303 440 576 493 dictorum
607 439 975 494 defunctorum
1011 441 1321 494 specialiter
1350 441 1524 494 vocati
1565 441 1766 494 fuerint
1869 456 1962 494 uer
1991 457 2088 494 nos
2131 457 2223 494 seu
2253 443 2483 494 vicarios
2513 450 2728 494 nostros
2761 437 3077 492 duxeiinus
3124 437 3453 494 dispensan-

201 455 272 494 us
303 440 576 493 dictorum
607 439 975 494 defunctorum
1011 441 1321 509 specialiter
1350 441 1524 496 vocati
1565 441 1766 496 fuerint

158 519 219 564 et
249 510 490 564 invitati.

234 577 306 631 γ.
345 579 506 643 Item,
534 581 674 648 quod
709 580 878 649 pileos
911 579 964 633 in
1005 578 1252 634 ecclesiis
1280 577 1564 634 olliciando
1593 579 1765 635 nulla-

158 654 332 703 tenus
365 651 670 718 deportant,
705 651 797 704 sed
835 651 1046 719 caputia
1077 651 1300 705 honesta
1329 651 1584 713 habeant,
1615 651 1766 704 habi-

161 719 317 790 tibus
349 720 628 774 diSsOltllis
661 722 709 774 in
739 722 918 776 colore
947 731 1001 773 et
1029 721 1266 775 factione
1294 721 1510 790 penitus
1540 721 1765 785 relictis,

161 789 564 858 tabernasque,
593 791 693 844 nisi
721 807 880 846 causa
921 793 1260 845 necessitatis
1296 789 1552 860 tauquam
1599 791 1768 844 viato-

163 871 282 922 res,
315 861 530 913 intrare
557 878 660 916 non
690 863 929 916 audeant
955 865 1022 914 ad
1049 863 1481 916 comessationes
1506 872 1563 916 et
1592 865 1769 917 ebrie-

164 940 317 982 tates
355 929 676 996 sectandas;
729 934 945 986 mittere
991 941 1170 1002 tamen
1224 942 1477 1002 poterunt
1527 935 1623 1001 pro
1669 950 1764 988 sua

163 1003 508 1054 necessitate
554 1003 622 1056 ad
654 1010 838 1070 polum
886 1002 944 1056 in
991 1001 1192 1056 eisdem
1230 1001 1476 1058 tabernis
1520 1019 1768 1072 quiet-en-

164 1072 320 1124 dum.

244 1138 333 1194 'v'l.
374 1141 690 1214 lnhibentes
727 1141 952 1196 ulterius
983 1139 1345 1214 Ecclesiarum
1378 1143 1538 1214 hujus
1568 1145 1769 1198 dioece-

165 1210 244 1263 sis
300 1213 615 1266 rectm-ibus
690 1222 744 1265 et
787 1228 974 1266 eorum
1028 1211 1250 1266 \icariis
1297 1231 1362 1266 ne
1414 1210 1465 1267 in
1519 1215 1769 1270 domibus

163 1279 717 1354 presbyteralihus3
763 1284 1017 1336 tabernas
1048 1291 1290 1346 teneant,
1336 1299 1428 1337 seu
1469 1285 1638 1339 teucri
1686 1289 1765 1338 l‘a-

167 1355 343 1421 ciant,
375 1361 472 1404 aut
505 1356 819 1421 permittant
848 1354 1042 1421 quovis
1075 1354 1255 1414 modo,
1290 1371 1387 1408 nec
1419 1355 1562 1408 viros
1590 1355 1767 1408 eccle-

167 1419 432 1476 siasticos
464 1419 564 1476 sibi
595 1423 804 1492 ignotus
825 1419 892 1474 ad
923 1440 1141 1476 sacrum
1171 1426 1506 1479 saecrdmale
1533 1425 1768 1478 ollirium

168 1493 693 1563 exsequendumin
745 1493 857 1546 suis
907 1493 1165 1546 Ecelesiis
1211 1495 1500 1547 admittant
1562 1498 1769 1563 absque

169 1571 454 1634 nostraet
477 1562 859 1634 «illiciariorum
909 1571 1218 1617 nostrorum
1268 1563 1482 1618 licentia
1523 1562 1769 1634 speciali,

171 1633 391 1686 etiamsi
426 1632 663 1702 religiosi
696 1632 921 1696 fuerint,
953 1634 1053 1686 nisi
1087 1649 1117 1687 a
1144 1634 1256 1688 suis
1283 1636 1522 1702 praelatis
1557 1632 1771 1689 litteras

171 1703 474 1784 habuerint
497 1703 843 1768 obedienti.e,
874 1713 929 1758 et
956 1706 1226 1772 quomodo
1255 1716 1383 1759 sunt
1416 1706 1564 1760 missi
1593 1721 1623 1759 a
1653 1707 1770 1760 suis
1802 1724 1844 1784 Β

169 1773 436 1840 praelatis.

249 1842 358 1897 \‘ll.
401 1843 560 1907 Item,
609 1845 754 1914 quod
783 1860 941 1899 casus
992 1845 1059 1897 ad
1113 1861 1211 1900 nos
1270 1845 1578 1900 reservatus
1621 1847 1766 1900 scire

173 1914 451 1972 studeant.
488 1931 554 1968 ne
588 1931 720 1970 suos
767 1917 1126 1984 parochianos
1178 1916 1246 1969 ab
1299 1917 1504 1970 eisdem
1553 1918 1771 1971 casibus

174 1984 514 2038 absolvendo
573 1987 875 2057 decipiant;
943 1985 1387 2057 manipulumque
1455 1999 1768 2041 curaturum

178 2069 283 2106 una
333 2071 460 2126 cum
514 2056 715 2110 nostris
763 2056 1118 2126 praesentibus
1160 2063 1378 2110 Statiitts
1417 2057 1772 2126 synodalibus

177 2123 414 2193 propriis
440 2135 494 2178 et
523 2142 629 2179 non
672 2123 1092 2182 accommodatis
1119 2141 1302 2180 secum
1339 2123 1538 2181 habere
1582 2137 1772 2182 curent

175 2195 317 2248 infra
352 2195 551 2250 festum
579 2197 932 2251 Pentecostes
960 2195 1173 2250 Domini
1203 2197 1448 2265 proxime
1468 2198 1767 2262 venientis;

174 2275 231 2318 et
271 2266 343 2318 ad
379 2265 649 2322 Kalendas
675 2280 888 2322 nostras
929 2266 1157 2346 singulis
1199 2267 1357 2322 annis
1396 2269 1768 2331 celebrandas,

175 2351 392 2390 necnon
441 2347 652 2406 regesta
703 2347 1293 2392 CXCOlllIIIUlllcauN'Ulll
1339 2354 1560 2391 suarum
1608 2354 1768 2407 pulit)"

175 2407 428 2476 cbiarum
476 2419 532 2460 et
583 2415 1029 2462 testamentorum
1072 2421 1256 2461 coram
1301 2408 1381 2462 eis
1425 2418 1767 2476 passatorum

173 2491 299 2544 qua:
326 2475 513 2548 facere
555 2487 844 2541 tenentur,
869 2479 1024 2546 juxta
1056 2486 1256 2530 statuta
1310 2475 1613 2548 syimdalia,
1663 2491 1770 2532 tam

173 2563 204 2598 a
243 2546 408 2600 nobis
431 2565 594 2616 quam
629 2566 656 2601 a
690 2548 1177 2617 pr:e.leressoriims
1209 2546 1410 2603 nostris
1455 2549 1622 2613 edita,
1655 2565 1773 2618 pro-

173 2618 377 2688 inotori
408 2628 596 2672 nostro
625 2621 942 2682 exhibeant,
990 2633 1056 2672 ac
1103 2620 1154 2672 iu
1185 2619 1407 2688 synudis
1437 2628 1492 2672 et
1520 2618 1772 2672 Kalendis

175 2687 384 2741 nostris
427 2703 554 2742 cuin
586 2690 854 2743 habilibus
888 2699 943 2742 et
994 2687 1298 2757 superlieiis
1347 2690 1608 2754 honestis,
1655 2706 1774 2742 res-

175 2768 333 2811 sante
399 2758 643 2827 legitimo
697 2759 1082 2830 impedimento
1136 2760 1495 2828 personaliter
1554 2773 1772 2828 compa-

178 2837 359 2880 reanl.

254 2896 386 2952 \‘lll.
429 2901 586 2962 Item,
634 2900 776 2968 quod
824 2901 1006 2954 divina
1072 2899 1291 2956 servitia
1335 2909 1388 2954 et
1429 2909 1772 2956 sacramenta

177 2969 553 3042 ecclesiastica
603 2986 724 3024 cum
757 2973 953 3027 debitis
979 2973 1210 3037 honore,
1239 2973 1507 3042 gravitate
1536 2983 1590 3026 et
1620 2986 1770 3042 reve-

179 3040 376 3102 rentia,
405 3043 524 3095 suis
555 3043 904 3110 parocliianis
939 3040 1276 3106 ministrent,
1311 3041 1772 3110 clandestinisth

175 3111 528 3178 sponsalibus
575 3129 680 3164 non
726 3113 995 3168 intersint.
1027 3112 1093 3167 Et
1123 3127 1250 3166 casu
1301 3113 1480 3166 subito
1523 3129 1618 3167 seu
1667 3111 1776 3164 for-

181 3181 322 3253 tuito
349 3183 570 3236 occisos
609 3192 663 3236 ct
692 3184 1013 3238 decedentes
1053 3183 1260 3253 absque
1303 3193 1486 3236 nostra
1517 3201 1608 3237 seu
1640 3198 1776 3250 pra:-

177 3251 450 3305 dictorum
482 3263 796 3308 nostrorum
821 3251 1206 3311 ozltciariorutii
1233 3255 1451 3309 licentia
1487 3256 1775 3308 iuhumare

179 3336 286 3374 non
312 3334 666 3390 praesumant.
687 3331 708 3350 ·’

255 3391 346 3463 lx.
390 3393 544 3456 ltcm,
593 3395 735 3463 quod
779 3411 906 3450 vasa
947 3404 1004 3449 et
1030 3405 1347 3450 ornnmcuta
1380 3394 1773 3456 ecclesiastica,

183 3461 352 3535 cultui
394 3473 451 3516 et
489 3461 716 3518 servitio
756 3464 940 3519 divino
973 3466 1331 3522 deservientia
1377 3479 1430 3519 et
1477 3466 1732 3535 deputata
1759 3505 1774 3526 ,

185 3534 387 3586 uni-ida
439 3545 495 3588 et
528 3536 698 3589 nitida
739 3551 1148 3600 conserventur,
1205 3537 1364 3591 nullis
1405 3534 1633 3590 maculis
1683 3543 1778 3589 aut

184 3605 440 3658 sordibus
465 3606 689 3659 polluta.

253 3671 417 3746 57X.
451 3671 723 3730 Pneterea
768 3677 894 3746 quia
928 3676 1117 3732 vitium
1152 3676 1406 3732 falsitatis
1454 3675 1540 3730 his
1587 3674 1776 3729 diebus

183 3745 560 3820 ultipiiciter
605 3748 772 3820 (unde
788 3745 934 3816 proh
980 3749 1180 3820 dolor!)
1216 3747 1474 3820 inolevit;
1503 3762 1626 3820 nam
1659 3747 1778 3820 qni-

185 3813 308 3867 dem
342 3817 496 3871 falsis
545 3813 854 3890 nominibus
902 3813 1778 3890 nuncupantesrobligatoria:in-

184 3897 516 3952 Stramenta,
547 3899 603 3942 et
636 3888 954 3957 quittatoria
981 3929 996 3953 ,
1049 3887 1362 3944 uiemoralia
1409 3899 1464 3941 et
1521 3887 1774 3940 mandata

183 3967 378 4029 contra
415 3959 550 4012 alios
581 3959 896 4028 impetrant,
937 3971 992 4014 et
1031 3977 1252 4029 paSSare
1303 3959 1509 4012 faciunt
1557 3957 1778 4029 fraudu-

183 4025 364 4081 lenter
395 4039 456 4082 ut
479 4029 614 4084 alios
643 4025 748 4084 sibi
776 4025 1320 4099 obligmoédeneaut,
1363 4039 1415 4082 et
1443 4043 1537 4082 eos
1576 4027 1778 4099 quibus

183 4107 314 4151 sunt
341 4100 562 4154 obnoxii
594 4100 816 4154 eludant
841 4141 856 4165 ,
885 4098 941 4156 et
971 4101 1298 4156 absolutoria
1337 4115 1432 4154 sua
1477 4098 1778 4168 disquisitis

187 4169 384 4242 mediis
415 4171 679 4226 fallaciter
699 4172 1013 4240 extorqueri
1045 4173 1251 4242 possint
1267 4182 1321 4226 et
1344 4169 1776 4242 valeant,_quan-

186 4239 366 4304 doque
405 4243 497 4295 alii
546 4242 699 4296 falsis
745 4250 800 4294 et
845 4237 1166 4296 adulterinis
1211 4250 1437 4296 utuntur
1475 4237 1667 4308 sigillis
1715 4238 1779 4291 de

187 4307 339 4382 factor
358 4313 883 4366 excominunicando
923 4321 976 4366 et
1022 4313 1408 4382 propemodum
1429 4307 1778 4382 absolvemlo

185 4381 468 4448 proximos
494 4399 642 4448 suos,
670 4394 725 4438 et
773 4385 980 4451 seipsos
1006 4377 1324 4451 decipiendi)
1352 4399 1364 4434 :
1391 4380 1482 4434 alii
1513 4395 1644 4432 vero
1689 4377 1774 4430 di-

187 4464 380 4523 versos
405 4455 540 4509 alios
562 4456 750 4509 modos
777 4455 1087 4523 excogitant
1113 4453 1385 4518 falsitatis,
1410 4461 1484 4523 et,
1513 4459 1774 4520 quantum

189 4522 244 4573 in
282 4524 366 4576 eis
411 4535 514 4588 est,
560 4528 628 4580 ad
657 4522 972 4579 damnatum
1019 4527 1316 4593 perducunt
1361 4522 1778 4576 ellectumznos

190 4594 416 4671 proinde
440 4597 564 4671 huic
593 4597 867 4667 pestilenti
904 4597 1110 4671 morbo,
1154 4606 1416 4671 quantum
1467 4603 1774 4671 possumus,

188 4664 412 4718 obviare
441 4663 753 4736 cupientes,
788 4665 1078 4720 statuimus
1121 4663 1187 4720 ui
1227 4666 1404 4719 nulius
1428 4663 1778 4736 ecclesiasti-

189 4751 288 4790 cus
316 4738 398 4789 νει
424 4735 1116 4807 sircularis,cujuscunque
1143 4735 1571 4807 comlitionisaut
1583 4743 1776 4796 status,

192 4807 540 4876 imposteruin
569 4803 882 4880 liujusnimti
925 4803 1174 4880 falsitatis
1198 4808 1323 4861 vitia
1366 4815 1462 4880 aut
1507 4803 1607 4858 alia
1636 4819 1780 4880 quies

191 4892 400 4947 cunque
438 4876 788 4935 committere
833 4877 1202 4934 fraudulenter
1239 4887 1332 4931 aut
1359 4876 1560 4947 dolose!
1585 4876 1781 4928 audeat

193 4947 273 5000 vel
312 4945 632 5018 'pm'smnat,
685 4966 786 5006 seu
837 4964 1035 5015 opem,
1081 4948 1367 5004 copsilium
1415 4946 1496 5000 vel
1539 4945 1777 5000 favorem

191 5022 420 5072 scienter
445 5019 924 5072 conmiitteutibus
973 5018 1279 5072 iumartiri:
1329 5019 1472 5072 uuod
1523 5018 1567 5071 si
1621 5029 1781 5070 secus

1867 456 1962 510 per
1991 457 2088 496 nos
2131 457 2223 495 seu
2253 443 2483 495 vurarios
2513 437 2728 494 nostros
2761 437 3077 510 duxeiinus
3111 437 3453 510 dispensan-

1866 507 2024 605 ilqm.
2055 521 2110 593 et
2139 511 2374 566 maxime
2418 511 2714 566 residentes
2760 509 2816 564 in
2863 518 3046 564 nostra
3091 507 3313 565 ditecesi
3352 507 3458 563 Ba-

1888 598 2093 635 U't'Cllhl.

1863 595 2143 720 ³0ἶὲδῖξί1.
2186 650 2424 707 Ulterius
2465 649 2794 720 iniungimus
2844 637 2909 703 ad
2954 661 3168 718 prauam
3208 645 3459 704 emendo

1868 722 2172 790 arbitrariae
2211 723 2464 774 munibus
2517 733 2570 776 et
2603 722 2827 789 singulis
2873 721 3202 790 presbyteris
3260 731 3460 774 nostra:

1869 789 2180 858 Bajoceusis
2203 792 2452 846 dimcesis
2477 807 2542 846 ne
2566 792 2630 844 ad
2643 792 2811 844 alltars
2831 805 2930 858 pro
2946 789 3106 844 miSsa
3127 790 3458 846 celebratiua

1870 865 2130 916 accedere
2178 871 2536 930 prmsuiuant,
2580 861 2682 915 nisi
2717 863 2938 916 missam
2989 862 3360 930 prevideaut,
3405 871 3454 914 et

1874 932 2102 986 habeant
2134 948 2258 985 mnu
2285 950 2313 986 ιι
2342 931 2443 985 sibi
2469 933 2774 987 necessaria
2803 948 2899 1001 pio
2919 932 3084 986 missa
3112 931 3459 1002 peragenda;

1873 1013 2054 1071 utpote
2090 1019 2312 1072 panem,
2342 1003 2556 1065 tinum,
2579 1002 2806 1064 librmn,
2839 1002 3061 1056 calicem
3087 1041 3100 1065 ,
3127 1013 3460 1056 ornamenta

1871 1071 2270 1132 ecclesiastica,
2309 1074 2483 1142 ignem
2514 1083 2570 1127 et
2602 1071 2856 1126 clericum
2904 1076 2970 1127 ad
3016 1073 3459 1142 respondendum

1873 1146 2048 1196 cidem
2081 1143 2300 1196 missam
2325 1143 2641 1196 celebranti.

1943 1211 2076 1283 Xlll.
2123 1214 2346 1267 Demum
2382 1223 2440 1267 et
2483 1214 2717 1267 llualitrr
2754 1212 3116 1283 prmcipimus,
3161 1210 3454 1269 statuimus

1871 1292 1927 1336 et
1964 1282 2291 1352 irjnnginus
2321 1284 2570 1338 omnibus
2618 1292 2672 1337 et
2713 1282 2939 1352 singulis
2989 1284 3210 1338 deeanis
3250 1285 3454 1340 nostris

1873 1353 2176 1416 ruralibus,
2203 1365 2260 1408 ut
2286 1371 2408 1408 cum
2431 1356 2575 1409 omni
2601 1353 2876 1424 dcl'gentizi
2899 1355 2968 1410 ad
2995 1356 3302 1424 relevaineu
3326 1352 3454 1408 sub-

1873 1425 2107 1476 ditorum
2163 1434 2472 1478 nostrorum
2520 1423 2930 1479 iiiforinationes
2962 1439 3124 1494 super
3150 1423 3362 1494 delictis
3398 1433 3456 1480 et

1872 1495 2193 1569 excessibus
2241 1510 2710 1569 (ιιιοιιιιιιοιιιιίιιιεξΔ
2739 1495 2946 1564 absque
2988 1493 3347 1569 protelatione
3396 1505 3457 1550 et

1873 1565 2229 1618 excusatione
2257 1579 2580 1634 quacunque
2607 1565 2813 1620 faciant
2833 1574 2886 1618 et
2919 1567 3180 1629 referant,
3195 1573 3251 1618 et
3297 1581 3452 1619 nian-

1873 1635 1996 1688 data
2013 1645 2196 1706 nostra
2222 1637 2426 1704 absque
2445 1651 2594 1689 mora
2619 1645 2986 1704 exsequantur
3006 1643 3063 1689 et
3085 1635 3308 1704 exsequi
3323 1649 3454 1706 pro-

1874 1703 2067 1758 curent’
2085 1745 2100 1767 ,
2127 1717 2290 1774 atque
2314 1703 2590 1760 olliciariis
2615 1703 2816 1760 nostris
2845 1715 3120 1775 reportent
3140 1703 3457 1760 exsecutata

1873 1784 1928 1828 et
1970 1776 2193 1829 relatata
2244 1777 2345 1830 sub
2391 1791 2550 1844 pinna
2588 1775 2907 1846 pecuniaria
2939 1785 2993 1830 et
3030 1779 3262 1846 emenda
3308 1777 3455 1830 arbi-

1874 1846 2037 1898 traria
2063 1860 2162 1914 pro
2175 1847 2417 1914 quolibet
2443 1844 2654 1900 defectu
2675 1847 2838 1915 (quod
2863 1844 3047 1916 absit!)
3077 1845 3130 1898 in
3162 1847 3457 1914 praemissis

1873 1931 1968 1984 per
1995 1932 2088 1970 eos
2119 1917 2393 1982 faciendo;
2423 1919 2567 1987 quod
2608 1917 2654 1970 si
2694 1917 2746 1970 in
2788 1919 3082 1985 pranmssis
3119 1917 3458 1987 negligentes

1873 1999 1928 2038 et
1957 1987 2163 2041 remissi
2190 1990 2454 2056 comperti
2485 1986 2718 2050 fuerint,
2752 1987 2998 2041 volumus
3027 2002 3120 2042 eos
3151 1986 3309 2055 paena
3331 2003 3458 2055 gra-

1875 2056 2007 2126 viori
2042 2057 2219 2126 puniri
2247 2067 2302 2111 et
2321 2058 2520 2126 corrigi
2543 2099 2557 2120 ,
2590 2058 2711 2111 aliis
2736 2058 2955 2112 statutis
2989 2068 3045 2112 et
3091 2057 3454 2112 ordinationi-

1875 2125 1972 2208 bus
1991 2125 2378 2208 synodalibus,
2413 2125 2612 2208 dudum
2655 2144 2684 2181 a
2726 2128 3298 2208 prxdeeeSsoribus-n-
3323 2128 3456 2182 stris

1872 2198 2032 2249 elitis
2058 2199 2110 2250 in
2135 2214 2240 2264 suo
2273 2199 2465 2253 robore
2496 2198 2802 2261 duratutis,
2837 2212 2958 2266 qua:
2983 2199 3330 2268 praesentium
3361 2213 3460 2268 per

1875 2273 2116 2320 tenorem
2147 2282 2464 2322 renovamus
2485 2309 2500 2327 ,
2527 2279 2581 2322 et
2609 2271 2752 2322 vires
2773 2270 3019 2323 obtinere
3045 2280 3311 2324 votumus.

1943 2336 2061 2405 Ipsa
2101 2353 2288 2391 eanem
2348 2348 2545 2392 statuta
2599 2348 2924 2394 reuovantes
2965 2339 3217 2394 duximus
3271 2338 3458 2394 decla-

1876 2409 2079 2480 randa,
2107 2409 2467 2480 et__uonuulta
2493 2409 2598 2462 alia
2637 2409 2844 2464 eisdem
2887 2412 3226 2464 decrevimus
3265 2424 3460 2480 super-

1873 2477 2136 2546 adilenda.
2170 2478 2232 2530 Et
2257 2481 2456 2546 primo:
3017 2535 3021 2540 _
3139 2525 3141 2528 ι

1946 2543 2084 2598 XlV.
2133 2543 2288 2601 Ciica
2325 2549 2547 2602 nimiam
2590 2548 2981 2619 longitudinem
3024 2549 3104 2604 \el
3133 2549 3456 2606 brevitatem

1876 2621 2104 2684 vestium
2160 2620 2398 2671 vitorum
2439 2619 2967 2684 ecclesiasticorum,
3017 2621 3359 2678 detlaramus
3399 2630 3462 2674 ut

1875 2682 2012 2740 infra
2040 2685 2236 2758 festum
2261 2689 2510 2742 Omnium
2537 2690 2863 2744 Sanctorum
2892 2682 3138 2758 proxime
3168 2698 3456 2744 venturum

1877 2759 2073 2828 tunicae
2099 2757 2370 2826 longioies
2402 2763 2716 2813 coruindem
2761 2761 2831 2814 ad
2875 2757 3010 2814 talos
3047 2775 3220 2828 usque
3253 2771 3309 2814 et
3347 2775 3458 2814 non

1877 2825 2018 2904 ultra
2051 2825 2469 2904 protrahantur,
2507 2829 2785 2904 breviores
2806 2845 2940 2904 vero
2966 2831 3108 2884 ultra
3133 2825 3370 2904 inediam
3401 2830 3462 2904 θ

1878 2897 2064 2972 tibiam
2135 2913 2193 2952 se
2247 2899 2575 2972 extendant,
2638 2901 3304 2972 quotidiequecaputimn
3361 2897 3460 2956 sein

1874 2965 2086 3020 domino
2116 2971 2280 3036 panni
2311 2969 2448 3038 nigri
2479 2980 2574 3023 aut
2599 2965 2879 3025 cometam
2902 2965 3182 3024 'defera'nt.
3216 2970 3284 3024 Et
3312 2971 3457 3040 pileo

1877 3047 2040 3120 atque
2077 3050 2298 3120 corueta
2343 3041 2611 3120 praecipue
2659 3041 2713 3094 in
2751 3041 2980 3120 ecclesia
3025 3041 3315 3120 olliciando
3351 3042 3452 3096 de-

1875 3108 2096 3182 pastis,
2140 3119 2430 3182 utautura
2470 3119 2698 3182 _Ca.'lt‘l'd
2753 3108 2966 3182 captiuo
3015 3112 3313 3181 vulgariter
3363 3123 3460 3182 (tm

1876 3179 2110 3248 domino)
2146 3179 2624 3253 ct_aliis_insigniis
2656 3179 3002 3238 clericalibus
3044 3179 3184 3238 iuet
3226 3183 3294 3236 ad
3339 3179 3460 3253 ρ’ω-

1877 3265 2000 3302 nam
2029 3251 2270 3303 emenda:
2299 3250 2622 3304 arbitrariae.

1949 3318 2064 3373 XV.
2109 3322 2424 3374 Statucutes
2456 3322 2676 3392 insuper
2702 3330 2762 3376 ut
2786 3322 2963 3377 utullus
2989 3322 3221 3378 clericus
3253 3327 3458 3377 nostra:

1877 3389 2192 3464 Bajocensis
2224 3391 2474 3446 diteeesis
2515 3389 2711 3448 futuris
2756 3394 3196 3464 teniporibnsad
3239 3407 3460 3464 sacrum

1879 3461 2301 3515 sub..iaconatus
2331 3471 2384 3516 et
2407 3478 2716 3530 superiores
2737 3461 2958 3518 ordines
2983 3465 3035 3516 in
3065 3463 3170 3517 vim
3201 3463 3337 3518 tituli
3363 3477 3461 3532 per

1879 3540 2131 3600 parentes
2163 3541 2218 3584 et
2251 3533 2457 3586 amicos
2505 3536 2888 3603 quoquomodo
2933 3533 3193 3604 assignati
3227 3535 3462 3602 recipia-

1881 3610 1968 3675 tur
1989 3618 2084 3675 seu
2113 3606 2414 3675 promoveri
2437 3606 2805 3670 permittatur,
2836 3605 2938 3657 nisi
2971 3605 3462 3675 priusassignator

1883 3673 2018 3726 tituli
2039 3683 2100 3744 et
2125 3671 2353 3744 clericus
2375 3688 2461 3726 cui
2497 3675 2863 3744 assignabitur
2891 3671 3247 3744 personaliter
3265 3671 3460 3730 coram

1881 3743 2081 3814 nostris
2127 3742 2450 3814 ollicialibus
2494 3743 2546 3795 in
2593 3742 2799 3811 judicio
2832 3742 3239 3814 cdmparueriut
3268 3753 3326 3798 et
3365 3762 3460 3800 eo-

1883 3828 1998 3866 rum
2025 3812 2356 3880 juramentis
2381 3814 2742 3882 mediantibns
2773 3812 3075 3882 respeclive
3097 3815 3458 3882 asseruerint.

1881 3878 2132 3936 videlicet
2162 3882 2472 3951 assignatur
2501 3881 2638 3936 tituli
2663 3899 2722 3937 se
2743 3878 3022 3936 annuatim
3047 3883 3258 3938 solvere
3285 3878 3460 3939 inten-

1881 3955 2010 4008 dere
2034 3951 2252 4004 realiter
2274 3950 2329 4006 et
2359 3951 2424 4006 de
2447 3950 2594 4006 facto
2619 3955 2822 4021 absque
2845 3954 3030 4007 fraude
3054 3953 3230 4008 eidem
3255 3953 3460 4012 clerico

1879 4037 1932 4078 et
1951 4023 2252 4076 soluturum
2273 4039 2392 4076 esse
2417 4038 2686 4077 summam
2713 4023 3062 4077 sullieientcm
3079 4063 3094 4087 ,
3118 4025 3185 4078 ad
3214 4040 3376 4092 quam
3395 4040 3458 4080 se

1879 4093 2160 4163 obligabit.
2194 4093 2378 4148 Dictus
2419 4108 2549 4147 vero
2587 4093 2816 4149 clericus
2846 4093 3154 4162 bujusmodi
3183 4109 3456 4150 summam

1881 4165 1982 4218 sibi
2016 4164 2345 4232 assignatam
2375 4179 2495 4218 cum
2519 4164 2714 4220 ell'ectu
2751 4165 2996 4234 exigere,
3044 4175 3100 4220 et
3149 4165 3458 4221 nullomodo

1882 4233 2120 4308 alienare
2147 4248 2241 4308 seu
2269 4236 2544 4308 remittere
2567 4237 2668 4308 nisi
2693 4233 2872 4290 forsan
2899 4235 3188 4308 contigerit
3205 4235 3460 4308 eumdem

1882 4305 2233 4376 clei-zrcinnde
2263 4307 2528 4376 beneﬁcio
2557 4307 2871 4361 sullicientis
2920 4307 3119 4360 valoris
3148 4306 3458 4376 provideri.

1883 4375 2027 4444 quod
2058 4373 2156 4428 sibi
2189 4390 2296 4432 non
2324 4375 2484 4430 liceat
2512 4378 2676 4431 etiam
2710 4391 2838 4431 casu
2876 4373 3230 4444 adveniente,
3260 4379 3362 4432 nisi
3392 4379 3462 4433 de

1882 4445 2100 4500 licentia
2137 4455 2192 4499 et
2239 4450 2504 4514 permLssu
2551 4449 2783 4513 nostris,
2821 4447 2961 4500 etin
2993 4448 3239 4502 absentia
3272 4457 3462 4504 nostra

1876 4515 2764 4604 intii‘lieiali‘tercOi-anroflieialibps'
2775 4519 3006 4604 nostris,
3021 4529 3079 4572 ut
3093 4520 3460 4604 praemittitur.
3491 4567 3494 4570 .

1894 4586 2128 4658 l‘itulans
2155 4594 2332 4640 autem
2375 4597 2430 4642 et
2479 4587 2772 4643 titulandus
2809 4602 2869 4642 se
2900 4586 3108 4642 nullaui
3153 4591 3460 4658 pactionem

1883 4657 2276 4722 Sinioiiiacam,
2328 4667 2421 4712 aut
2463 4659 2600 4714 alias
2643 4660 2886 4713 illicitam
2938 4657 3355 4716 coiivent.onein
3403 4661 3462 4716 in

1882 4729 2179 4800 prmiiiissis
2219 4727 2414 4784 fecisse
2461 4739 2554 4784 aut
2598 4733 2842 4784 facturos
2887 4744 3026 4784 esse.
3078 4731 3464 4800 I’t'aecipientes

1881 4798 2234 4870 nihilominus
2281 4801 2347 4853 de
2389 4809 2446 4855 et
2475 4814 2638 4866 super
2667 4801 3031 4870 assignatione
3059 4801 3190 4855 dicti
3223 4798 3365 4854 tituli
3401 4813 3460 4856 et

1883 4870 2004 4924 aliis
2033 4868 2230 4936 inquiri
2261 4871 2439 4924 solitis
2469 4883 2565 4936 per
2590 4868 2828 4926 decanos
2851 4868 3066 4926 IIOSlI'OS
3087 4872 3322 4927 debitam
3343 4873 3463 4927 lieri

1882 4939 2342 5011 informationem.
2373 4941 2483 4994 Pro
2513 4955 2618 5008 qua
2650 4940 2880 4996 tideliter
2907 4942 3190 4997 referenda
3216 4951 3463 5011 reporta-

1882 5011 2016 5066 bunt
2057 5024 2085 5061 a
2117 5009 2396 5067 titulandis
2445 5027 2716 5066 summam
2750 5021 2954 5066 tantum
2989 5011 3179 5072 viginti
3221 5009 3464 5072 quinque
