3938 5380
62 290 193 356 265
1589 290 1688 351 Cll

1791 289 1897 351 TA.
3266 294 3377 356 256

62 402 205 485 jure
234 413 374 476 erat,
406 408 652 466 ecclesiae
706 407 767 465 3.
833 407 1080 465 Audoeni
1127 422 1356 465 assensu
1408 408 1681 465 Gnillelmi
1713 420 1760 474 Α
1786 408 2073 480 praesentia
2103 409 2206 466 hoc
2254 408 2457 467 factum
2488 410 2611 479 fuit,
2648 409 2975 469 auctoritate
3003 410 3206 469 domini
3228 428 3383 485 papa!

72 516 219 559 tunc
243 502 400 558 ducis
432 500 893 566 Normannorum,
934 512 989 556 et
1020 499 1258 571 Malgerii
1287 499 1683 569 archiepiscopi
1786 502 2031 574 Gregorii
2059 510 2114 557 et
2144 503 2291 574 regia
2332 514 2622 574 potestate,
2657 505 2912 562 omnibus
2965 507 3272 563 Itazredibus
3321 517 3382 564 et

70 594 526 666 Rotomagensis,
556 603 613 648 et
658 593 877 664 Rogerii
920 592 988 649 de
1013 591 1224 648 Mortuo
1257 591 1410 655 Mari,
1444 591 1495 646 in
1530 589 1686 660 cuius
1787 591 2193 648 successoribus.
2224 593 2537 659 nostris,-ut
2577 595 2745 651 abbas
2778 593 2838 649 S.
2869 595 3114 653 Audoeni
3143 598 3382 667 accipiat

70 686 243 744 feodo
278 696 421 752 erat,
454 701 555 758 pro
596 686 771 742 salute
818 685 1013 741 animm
1059 700 1173 741 suae
1195 685 1421 740 dederat
1463 684 1514 739 in
1544 685 1686 739 eice-

69 793 408 850 mosynam;
467 786 524 833 et
572 778 625 831 in
674 775 905 832 ecclesia
971 776 1030 831 8.
1079 774 1324 830 Audocni
1381 775 1686 829 monachus

71 867 307 925 eii'ectus
347 868 525 923 fuerat
560 881 683 922 cum
737 866 975 938 quodam
1024 863 1252 919 nutritio
1308 877 1411 919 suo
1468 863 1687 919 nomine

70 962 348 1017 Gilberto.
396 960 465 1015 Et
495 960 752 1029 pnefatns
782 958 1047 1029 Rogerius
1073 957 1345 1013 concessit
1388 964 1445 1010 ut
1478 964 1687 1010 tantum

73 1053 319 1108 reditum
348 1060 570 1122 angeret
599 1048 847 1105 ecclesiae
878 1048 938 1104 8.
992 1046 1226 1102 Victoris
1256 1055 1314 1102 et
1350 1045 1595 1102 ecclesiae
1623 1044 1683 1099 S.

74 1141 353 1205 Audoeni,
411 1150 473 1195 ut
520 1138 819 1196 honoriﬁce
865 1137 940 1193 ibi
1003 1136 1116 1193 Deo
1169 1136 1425 1193 monachi
1479 1136 1688 1192 servire

74 1244 328 1306 possent,
382 1244 441 1290 et
482 1235 562 1290 eis
599 1234 763 1305 digne
800 1230 1092 1295 suliiceret,
1114 1239 1171 1286 et
1206 1229 1365 1300 quale
1387 1227 1686 1287 dominium

76 1326 348 1382 inbuerat
369 1333 530 1380 antea
555 1322 787 1380 ecclesia
833 1322 894 1377 8.
924 1320 1173 1376 Audoeni
1208 1322 1263 1374 in
1288 1321 1555 1391 prioratu,
1580 1321 1688 1375 tale

76 1426 268 1488 postea
319 1417 374 1471 in
406 1416 623 1471 abbatia
654 1412 988 1470 :cternaliter
1013 1413 1337 1484 possideret.
1368 1413 1505 1468 Cum
1556 1425 1687 1466 vero

77 1508 376 1578 praedictus
435 1508 608 1564 abbas
655 1506 912 1563 Nicotaus
940 1519 1169 1561 assensu
1221 1503 1443 1575 capituli
1494 1502 1599 1563 sui.
1630 1512 1687 1558 et

79 1608 277 1668 rogatu
308 1609 519 1662 nostro,
547 1605 605 1654 et
653 1612 843 1655 amore
868 1595 1087 1667 Rogerii
1124 1603 1179 1651 et
1199 1595 1387 1650 uxoris
1410 1609 1543 1657 sum.
1572 1595 1687 1650 lucc

79 1689 465 1751 concessisset.
494 1686 833 1758 Radnlpltum
854 1686 1147 1756 quemdam
1178 1684 1503 1740 monachum
1526 1699 1682 1739 suum

1785 683 2073 739 ecclesiam
2111 684 2388 755 prioratus
2436 686 2518 742 sui
2567 686 2627 743 8.
2690 685 2927 743 Victoris
2973 703 3097 742 cum
3131 688 3387 743 omnibus

1788 776 2114 847 appenditiis
2155 778 2267 833 suis
2299 787 2426 833 tunc
2480 778 2553 835 ibi
2608 780 2859 844 inventis,
2902 780 2956 835 in
3008 780 3275 845 ecclesiis,
3324 780 3382 835 in

1787 867 2033 930 decimis.
2082 877 2139 922 et
2185 868 2308 925 aliis
2362 870 2699 935 substantiis,
2755 880 2812 926 et
2859 881 3028 943 ponat
3063 873 3302 943 priorem
3327 871 3384 927 in

1787 959 2015 1015 ecclesia
2069 959 2159 1015 illa
2212 961 2353 1016 sicut
2381 970 2540 1018 antea
2565 963 2795 1029 solebat,
2821 979 2891 1020 ne
2925 963 3156 1020 ecclesia
3188 964 3247 1019 8.
3272 964 3388 1017 Au-

1788 1050 1946 1105 doeni
1998 1065 2097 1122 pro
2153 1052 2484 1110 liberalitate
2552 1069 2649 1109 sua
2705 1055 3090 1110 detrimentum
3140 1056 3388 1126 patiatur

1788 1144 1981 1201 fraude
2030 1154 2087 1201 et
2116 1146 2259 1212 dolo,
2291 1162 2452 1218 quam
2481 1160 2856 1205 antecessores
2888 1150 3057 1205 nostri
3086 1164 3186 1220 pro
3207 1145 3385 1205 salute

1787 1234 2090 1289 animarum
2115 1250 2339 1291 suarum
2367 1236 2751 1293 fundaverunt.
2790 1237 2942 1295 Hanc
2969 1239 3385 1295 conventionem

1786 1328 2112 1384 auctoritate
2145 1338 2327 1384 nostra
2373 1330 2443 1385 ab
2470 1332 2666 1386 abbate
2707 1330 2930 1387 Nicolao
2969 1339 3025 1388 et
3081 1308 3291 1403 liogero
3317 1332 3388 1386 de

1788 1417 2000 1474 Mortuo
2058 1417 2193 1475 Mari
2252 1434 2567 1476 concessam
2616 1434 2798 1477 coram
2858 1435 3005 1491 rege,
3057 1429 3232 1476 ratam
3264 1433 3387 1476 esse

1787 1516 2093 1581 statuimus,
2137 1523 2194 1571 et
2236 1516 2519 1586 prtesentis
2555 1515 2742 1585 scripti
2792 1514 3098 1586 privilegio,
3121 1523 3177 1568 et
3222 1512 3388 1584 sigilli

1790 1605 1963 1661 nostri
2022 1606 2347 1662 auctoritate
2390 1605 2858 1670 confirmavimus,
2911 1612 2967 1659 et
3013 1602 3391 1674 prohibuimus

1787 1712 1890 1767 ego
1912 1696 2152 1754 Joannes
2194 1697 2611 1769 Rotomagensis
2640 1695 3081 1768 archiepiscopus
3110 1694 3213 1751 sub
3244 1709 3384 1750 ana-

80 1780 155 1834 ibi
199 1782 454 1835 abbatem
510 1777 812 1850 praeticiens
833 1777 902 1833 ad
926 1792 1093 1847 supra
1123 1776 1326 1832 dictum
1357 1775 1532 1831 locum
1558 1790 1688 1831 con-

1791 1762 2050 1855 themate,
2075 1803 2144 1844 ne
2172 1789 2297 1861 quis
2326 1762 2552 1845 ulterius
2597 1762 2845 1843 clericus—
2864 1786 2947 1843 vel
2980 1762 3155 1841 laicus
3180 1784 3381 1841 audeat

81 1873 417 1927 stituendum
473 1871 642 1936 misit,
693 1880 751 1927 et
790 1886 916 1925 cum
959 1884 1027 1926 eo
1076 1871 1145 1926 de
1168 1868 1453 1925 monachis
1481 1868 1597 1924 suis
1625 1868 1686 1922 8.

82 1967 353 2033 Audoeni,
406 1967 742 2029 Fulbertum,
779 1965 1148 2022 Gislebertum
1170 1962 1444 2031 Fanoetel,
1470 1962 1686 2020 "uber-

85 2068 199 2113 tum
255 2057 452 2114 Tretou
491 2066 548 2115 et
593 2057 966 2122 Guilleltnum,
1019 2056 1113 2112 tali
1155 2065 1334 2113 tamen
1379 2056 1690 2112 conditione

84 2155 227 2222 quod
244 2154 549 2209 dominium
579 2168 737 2209 suum
767 2152 829 2207 S.
857 2152 1118 2207 Audoeno
1143 2151 1197 2206 in
1229 2151 1392 2206 domo
1423 2150 1485 2206 S.
1515 2151 1692 2207 Victo-

86 2249 165 2302 ris
191 2245 341 2301 nullo
367 2246 529 2303 modo
557 2246 915 2308 minueretur,
947 2243 1044 2298 sed
1075 2242 1146 2297 ibi
1177 2251 1404 2313 poneret
1430 2242 1684 2297 abbatem

85 2340 194 2395 alio
226 2339 507 2403 defuncto,
560 2337 697 2393 sicut
734 2335 972 2407 priorem
1004 2348 1207 2404 ponere
1255 2334 1484 2398 solebat,
1539 2334 1698 2389 salva

89 2432 351 2499 dignitate
366 2431 425 2484 S.
451 2428 719 2484 Audoeni.
746 2425 860 2483 Hoc
880 2425 1026 2481 enim
1054 2423 1410 2479 constitutum
1436 2432 1521 2479 est
1546 2424 1692 2479 inter

88 2537 189 2579 nos
216 2533 391 2575 ratum
411 2528 471 2575 et
499 2522 715 2573 lirmum
740 2531 863 2573 esse
892 2516 948 2571 in
996 2523 1353 2585 perpetuum,
1402 2512 1557 2582 cujus
1610 2513 1688 2568 rei

90 2624 254 2671 testes
302 2629 490 2669 sumus
541 2629 607 2669 ex
654 2621 885 2679 utraque
912 2617 1087 2679 parte.
1130 2607 1188 2664 Si
1230 2607 1376 2661 enim
1426 2606 1479 2661 in
1506 2606 1691 2677 dispo-

90 2709 269 2766 nendo
322 2706 520 2763 abbate
571 2702 821 2759 monachi
868 2700 954 2756 vel
1002 2699 1126 2755 laici
1167 2699 1398 2755 rebelles
1444 2699 1690 2755 ecclesia:

93 2799 151 2854 S.
209 2797 458 2853 Audoeni
506 2795 730 2859 fuerint,
781 2791 1072 2849 statuimus
1101 2800 1157 2847 et
1186 2788 1416 2846 firmiter
1443 2790 1689 2863 praccipi-

93 2906 215 2946 mus
240 2889 563 2945 Guillelmus
608 2902 728 2951 rex,
754 2894 810 2943 et
836 2898 936 2957 ego
962 2883 1379 2955 Rotomagensls
1424 2882 1693 2954 archiepi-

92 2998 292 3053 scopus
337 2991 394 3038 et
451 2980 722 3052 Rotgerus
762 2979 831 3035 de
886 2976 1100 3031 Mortuo
1156 2974 1315 3043 Mari,
1370 2976 1425 3031 in
1460 2990 1691 3047 quorum

1790 1884 1895 1939 hoc
1926 1881 2223 1953 infringere
2249 1880 2739 1952 prtcsentibusistis
2759 1880 3054 1951 episcopis,
3085 1886 3141 1935 et
3170 1892 3385 1933 mecum

1788 1975 2411 2031 excommunicantibns.
2453 1973 2764 2031 Gislebcrto
2817 1972 3151 2029 Ebroicensi'
3173 1970 3391 2042 episco-

1790 2078 1880 2133 po,
1906 2062 2093 2119 Odone
2143 2062 2446 2133 Bajocensi,
2492 2062 2719 2131 liugone
2773 2060 3118 2126 Lexovicnsi,
3151 2059 3391 2116 Βοιωτίη

1788 2152 2060 2225 Sagiensi,
2089 2167 2320 2223 quorum
2351 2153 2698 2207 anathemate
2725 2166 2915 2207 omnes
2937 2149 3205 2205 fractares
3227 2146 3387 2215 hujus

1786 2246 1969 2315 operis
1992 2243 2398 2300 confodiautur.
2435 2242 2700 2299 Pracfatus
2752 2253 2934 2299 autem
2962 2257 3055 2298 rex
3091 2240 3389 2311 Anglorum

1786 2334 2106 2393 Guillelmus
2158 2337 2432 2407 prohibuit
2459 2334 2561 2391 sub
2592 2335 2727 2391 foris
2769 2334 2981 2390 factura
3003 2349 3075 2388 xx
3106 2333 3391 2387 tutelarum

1790 2428 1907 2483 auri
1960 2426 2357 2484 reddendarum
2383 2427 2505 2484 duci
2535 2427 2904 2492 Normanniae,
2935 2434 2991 2482 et
3018 2441 3091 2480 xx
3126 2425 3386 2480 librarum

1792 2524 2175 2597 Rotomagensi
2200 2510 2630 2595 archiepiscopo.
2658 2539 2724 2579 ne
2754 2525 2822 2579 ab
2850 2523 3032 2593 aliquo
3059 2523 3392 2594 infringatur

1796 2616 2025 2672 testibus
2051 2616 2326 2687 praediolis
2351 2616 2640 2688 episcopis,
2670 2626 2726 2671 et
2760 2616 3014 2671 Fulbcrto
3044 2615 3387 2670 archidiaco:

1796 2722 1867 2763 no
1889 2718 1945 2764 et
1968 2708 2279 2780 Rogem‘de
2307 2708 2520 2763 Mortuo
2561 2706 2718 2775 Mari,
2750 2707 2803 2761 in
2836 2721 3066 2777 quorum
3098 2702 3389 2775 prmseutia

1798 2798 1903 2855 hoc
1974 2797 2179 2855 factum
2236 2797 2339 2854 fuit
2393 2812 2537 2853 anno
2586 2795 2660 2851 ab
2734 2794 3112 2853 Incarnatione
3175 2788 3391 2847 Domini

1794 2887 1955 2946 1074.

108 3174 3355 3222 Mm

92 3517 347 3598 Dejure
365 3517 823 3598 institutionis,
860 3515 1318 3598 destitut‘t'om's,
1348 3511 2333 3598 procurationis,correctionis,
2361 3518 2511 3585 etc.,
2543 3509 2716 3593 quod
2752 3513 3090 3598 episcopus
3121 3512 3365 3576 Abrin-

356 3614 574 3659 carum
601 3596 784 3678 plene
810 3588 1078 3658 retinuit
1108 3595 1175 3656 t'n
1203 3588 1651 3657 monasterium
1674 3594 1743 3656 S.
1776 3588 2128 3659 Michaelis.
2151 3589 2431 3653 abbatem
2460 3599 2516 3653 et
2549 3588 2653 3673 itt
2684 3588 3048 3654 canonicos.

1502 3756 1716 3839 (Anno
1753 3752 1965 3836 1061.)

466 3925 691 3995 (Pet-tr,
729 3924 990 3981 Theodori
1012 3921 1401 3985 Paenitentiale.
1433 3919 1498 3987 ll,
1530 3918 1657 3988 664,
1687 3933 1754 3975 ex
1780 3917 1950 3974 Libro
1968 3916 2273 3975 Pontificali
2297 3915 2556 3976 Ecclesia:
2583 3920 2973 3977 Abrincarnm.
3004 3923 3024 3993 )

170 4185 336 4241 Anno
380 4183 452 4241 ab
502 4183 884 4241 lncarnatione
929 4182 1146 4240 Domini
1175 4182 1345 4247 1061,
1392 4182 1689 4248 Banulfus,
1720 4186 1767 4250 ο
1796 4182 1853 4239 in
1875 4150 2263 4238 Puriﬁcatione
2290 4158 2494 4237 Sancta:
2528 4179 2744 4247 Mariae,
2777 4197 2943 4236 unum
2982 4160 3202 4238 scilicet
3252 4180 3389 4238 alba:

94 4275 474 4333 abbasllontis
491 4276 551 4333 S.
565 4275 967 4341 Micltaelis,vir
988 4283 1182 4331 cautus
1197 4271 1262 4329 in
1287 4267 1552 4347 regimine
1575 4284 1685 4328 tam

98 4370 232 4424 cieri
259 4378 317 4424 et
342 4369 549 4440 populi,
595 4384 760 4438 quam
802 4366 1140 4423 mouachalis
1179 4365 1422 4433 ordinis,
1451 4365 1686 4422 conveni

97 4459 363 4518 Joannem
390 4463 759 4519 venerabilem
785 4461 1148 4518 Abrincarum
1177 4461 1487 4533 pontiﬁcem
1523 4474 1689 4531 super

99 4555 424 4625 quibusdam
488 4557 929 4628 gravaminibus,
986 4570 1108 4626 quae
1177 4555 1379 4611 ﬁebant
1430 4569 1461 4610 a
1523 4553 1690 4609 minis

98 4646 498 4719 episcopalibus
526 4647 967 4719 frequentissime
994 4662 1158 4719 super
1195 4647 1401 4702 clerum
1431 4654 1486 4702 et
1513 4660 1690 4717 popu-

102 4734 218 4789 lum
234 4735 453 4793 Montis.
472 4736 823 4809 Cogebantur
843 4737 1031 4793 venire
1051 4738 1354 4803 Abrincas,
1378 4736 1445 4792 ad
1470 4749 1691 4806 respono

102 4827 337 4884 dendum
360 4830 428 4886 de
457 4844 786 4901 quacunque
806 4830 1155 4886 accusatione
1193 4837 1386 4885 contra
1418 4827 1688 4884 Christia-

103 4921 363 4991 nitatem,
407 4939 510 4980 nec
538 4937 808 4981 excusare
832 4931 1047 4995 poterat
1074 4938 1167 4980 eos
1193 4938 1344 4979 mare
1376 4922 1688 4998 insurgens,

104 5028 211 5069 nec
232 5013 513 5073 Britonum
541 5017 780 5083 insidiae,
820 5016 950 5088 quia
994 5016 1282 5088 przcveniri
1315 5023 1605 5086 poterant,
1632 5030 1689 5077 et
1732 5023 1739 5035 ‘

108 5104 179 5144 ilo
232 5121 370 5144 am
409 5111 464 5144 ε..
517 5111 769 5144 ΤΛι-ἷΐιιηιη
801 5117 855 5144 ΔΙ
900 5111 1312 5144 Δηιιιηιιαιῖηηιια
1352 5107 1686 5144 ΔηῖοΛΛησιΙΑισ

1792 4292 1933 4335 certe
1962 4276 2125 4334 unius
2153 4275 2433 4347 ponderis,
2466 4275 2534 4332 ad
2559 4277 2753 4332 manus
2780 4275 3054 4348 episcopi,
3078 4280 3215 4333 duos
3245 4276 3389 4331 alte-

1791 4370 1907 4427 rius
1951 4383 2092 4427 cerae
2140 4370 2301 4428 unius
2345 4369 2605 4441 ponderis
2662 4369 2730 4426 ad
2758 4369 2951 4427 decani
2978 4377 3031 4427 et
3054 4368 3389 4427 tbcsaurarii

1796 4476 2013 4518 manus.
2046 4461 2348 4534 Episcopus
2366 4478 2499 4519 vero
2524 4460 2816 4533 prchatus,
2848 4470 2911 4517 ut
2934 4471 3054 4518 erat
3111 4463 3304 4518 animo
3334 4472 3392 4517 et

1795 4567 1996 4625 genere
2035 4553 2267 4618 nobilis,
2309 4553 2559 4626 petitioni
2608 4552 2822 4608 abbatis
2849 4552 3070 4618 annuit,
3101 4561 3158 4608 ct
3204 4543 3392 4607 archi-A

1798 4646 2090 4704 diaconum
2117 4661 2275 4702 suum
2302 4646 2356 4701 in
2385 4645 2569 4702 Monte
2615 4660 2741 4700 cum
2771 4645 2901 4700 iecit
2931 4661 2946 4699 :
3008 4643 3086 4700 ita
3116 4654 3302 4699 tamen
3330 4650 3391 4696 ut

1798 4744 1943 4810 quod
1985 4739 2123 4795 bene
2155 4752 2261 4794 non
2299 4736 2642 4803 faceret,ch
2683 4752 2791 4792 non
2844 4744 3059 4807 posset,
3104 4735 3394 4806 episcopus

1798 4828 2105 4900 corrigeret
2132 4827 2417 4893 Abriucis,
2449 4837 2505 4881 et
2543 4826 2918 4884 ecclesiastico
2955 4826 3164 4898 judicio
3197 4825 3391 4882 termio

1800 4928 2004 4976 naret:
2041 4922 2108 4976 de
2150 4918 2414 4993 coniugiis
2446 4927 2624 4975 autem
2675 4920 2919 4986 illicitis,
2950 4920 2998 4975 si
3048 4917 3142 4989 qui
3187 4917 3392 4988 legales

1801 5010 1973 5071 testes
2002 5015 2391 5085 procederent,
2421 5011 2563 5081 apud
2593 5012 2906 5083 episcopum
2955 5017 3296 5081 audirentur,
3338 5021 3397 5069 et

1798 5118 1898 5144 nm-
1925 5111 2327 5144 ch-nmonmm
2363 5103 2600 5144 incnrnm
2631 5102 2746 5144 Inoa
2789 5103 3181 5144 Maenia-mnum-
3245 5108 3391 5144 nnan
