3938 5380
538 303 640 358 267

1617 297 1922 357 JOANNES
1960 299 2382 358 ARCIIIEPISC.
2425 300 2779 360 ROTOMAG.

3731 305 3830 363 268

538 417 667 486 quia
711 416 779 472 ad
823 416 1138 488 episcopum
1183 416 1420 488 pertinet
1451 414 1754 482 ordinatio,
1793 425 1850 471 et
1891 417 1960 473 ad
2003 417 2120 486 ejus
2149 420 2197 480 Α
2224 417 2627 471 excusationem
2653 414 3018 487 praetenderit.
3043 413 3162 470 Non
3187 416 3623 473 communicabit
3650 417 3830 474 abbas

533 507 798 577 judicium
820 509 1116 578 pertineret
1137 508 1484 579 degradatio;
1510 508 1794 578 suspensio
1816 522 1946 562 vero
1965 506 2124 562 ollicii

540 613 640 667 pro
673 596 972 654 levioribus
1018 598 1188 668 culpis
1221 599 1274 653 in
1309 599 1522 654 abbatis
1561 597 1824 668 judicium
1872 606 2018 654 esset
2059 598 2126 652 ad

541 690 962 759 correptionem.
999 689 1145 744 Talis
1171 689 1315 743 inter
1349 689 1666 760 episcopum
1699 697 1755 744 et
1777 690 2028 744 abbatem
2061 689 2127 742 de

541 779 666 834 villa
701 779 894 835 Montis
921 780 1064 836 facta
1094 789 1179 836 est
1207 781 1520 835 conventio.
1558 781 1613 836 In
1643 781 1974 836 monasterio
1998 795 2126 836 vero

542 870 602 926 S.
635 870 911 928 Michaelis
959 872 1012 926 in
1050 873 1338 938 abbatem,
1385 881 1442 927 et
1486 872 1782 928 monachos
1803 913 1818 938 ,
1845 880 1901 928 et
1931 888 2007 926 xu
2038 888 2126 928 ca.

543 962 769 1018 nonicos
800 961 1081 1031 totumjus
1110 963 1417 1033 episcopale
1463 963 1692 1019 retinuit
1738 963 2046 1035 episcopus.
2069 963 2126 1017 lu

541 1056 871 1111 monasterio
919 1055 1085 1110 habet
1130 1055 1366 1110 officium
1421 1053 1603 1111 facere
1651 1057 2037 1123 dedicationis,
2075 1066 2128 1111 et

539 1145 803 1216 quidquid
831 1145 1050 1201 interim
1077 1145 1363 1202 oll‘errctur
1389 1146 1457 1200 ad
1486 1145 1688 1212 altare,
1721 1147 1962 1217 episcopi
2005 1155 2089 1201 est
2108 1184 2126 1212 ,

539 1245 596 1293 et
617 1237 761 1307 quod
787 1236 1016 1292 offertur
1039 1237 1105 1292 ad
1134 1253 1328 1294 manus
1357 1238 1760 1308 capellanorum
1790 1255 2046 1306 suorum,
2075 1249 2131 1296 et

541 1326 656 1397 ipse
678 1334 736 1381 et
759 1341 949 1382 omnes
994 1327 1087 1397 qui
1116 1341 1239 1382 cum
1270 1343 1337 1384 eo
1380 1330 1662 1395 venerint,
1699 1330 2040 1384 abundanter
2074 1338 2129 1385 et

542 1419 840 1474 honoritice
873 1419 1074 1474 debent
1103 1421 1414 1489 procurari;
1463 1429 1520 1476 et
1549 1421 1706 1491 equi,
1753 1435 1894 1490 aqua
1927 1421 2127 1485 dulcis,

539 1518 594 1563 et
619 1519 814 1565 caetera
845 1512 1156 1567 necessaria
1198 1511 1396 1567 debent
1423 1512 1474 1566 in
1503 1512 1837 1567 monasterio
1874 1511 2126 1567 inveniri.

541 1603 620 1656 Eo
648 1603 736 1658 die
764 1602 925 1659 debet
954 1618 1072 1660 esse
1096 1613 1295 1674 praesto
1325 1604 1491 1659 vestis
1521 1605 1743 1673 praafata
1772 1605 2045 1674 episcopi,
2075 1612 2131 1658 et

541 1709 670 1750 cera
693 1735 708 1759 ,
741 1704 796 1750 et
825 1696 1001 1766 piper,
1028 1706 1083 1751 et
1110 1696 1389 1752 incensum
1409 1735 1426 1762 ,
1459 1697 1603 1752 cerei
1643 1705 1751 1752 tres
1781 1697 1848 1751 ad
1877 1697 2131 1767 puriﬁca-

542 1787 743 1842 tionem
770 1787 829 1842 S.
857 1765 1060 1852 Mariae,
1091 1788 1304 1843 etiamsi
1332 1789 1620 1858 episcopus
1667 1765 1933 1854 defuerit,
1963 1789 2130 1844 abbas
2160 1765 2203 1824 Β

540 1893 663 1934 cum
691 1878 900 1935 duobus
929 1880 997 1935 de
1039 1881 1317 1936 canonicis
1348 1881 1432 1936 bis
1463 1881 1516 1935 in
1545 1897 1692 1938 anno
1719 1881 1881 1937 debet
1910 1897 2035 1938 esse
2060 1881 2129 1936 ad

539 1971 843 2041 synodum,
882 1972 982 2026 nisi
1032 1972 1099 2028 de
1145 1972 1362 2027 licentia
1406 1972 1645 2043 episcopi
1693 1973 2045 2037 remanserit,
2078 1981 2135 2026 et

540 2064 854 2120 sacerdotes
884 2063 1100 2120 Montis.
1154 2065 1378 2132 Quoties
1423 2066 1590 2120 etiam
1623 2065 1902 2136 graviores
1953 2079 2132 2119 causae

540 2157 900 2222 emerserint,
933 2158 1222 2228 episcopus
1267 2157 1549 2212 mandabit
1589 2156 1806 2219 abbati,
1836 2164 1891 2210 et
1918 2155 2134 2211 vocabit

541 2261 695 2310 eum,
723 2258 780 2303 et
808 2248 993 2304 venire
1039 2249 1229 2313 debet,
1263 2249 1365 2304 nisi
1416 2248 1783 2304 inevitabilem
1814 2255 1868 2302 et
1897 2246 2128 2318 legalem

2228 507 2702 561 excommunicato
2746 506 2988 576 episcopi
3023 507 3280 571 scienter,
3316 521 3416 563 nec
3445 510 3830 563 excommuni-

2228 595 2376 651 cabit
2421 597 2760 651 nominatum
2841 597 3077 666 aliquem
3140 598 3529 668 parochianum
3583 599 3831 670 episcopi
3905 653 3910 660 ,

2229 697 2382 742 extra
2434 687 2669 742 Montem
2733 687 3143 750 consistentem,
3194 687 3502 742 inconsulto
3545 689 3830 759 episcopo.

2229 779 2479 836 Monachi
2513 781 2701 850 quinta
2746 779 2879 834 leria
2923 779 3275 836 Pentecostes
3303 782 3526 836 venient
3556 782 3834 835 Abrincas

2229 887 2352 926 cum
2381 872 2558 941 capite
2589 871 2648 925 S.
2676 870 2904 926 Auberti
2929 871 2995 924 ad
3025 871 3311 926 ecclesiam
3342 870 3532 926 Sancti
3558 871 3826 931 Andreae.

2230 966 2283 1019 in
2313 979 2419 1034 qua
2453 966 2568 1034 ipse
2597 965 2887 1035 episcopus
2917 963 3078 1029 sedit,
3104 978 3224 1017 cum
3251 964 3605 1034 processione
3636 977 3830 1031 magna

2232 1063 2339 1109 tam
2368 1055 2694 1110 clericorum
2725 1070 2887 1124 quam
2933 1053 3195 1108 laicorum
3241 1053 3487 1108 omnium
3517 1053 3612 1121 qui
3644 1051 3832 1106 domos

2231 1155 2448 1200 tenent:
2476 1154 2532 1200 et
2559 1145 2872 1201 denariatas
2899 1158 3040 1198 certe
3064 1143 3307 1198 matricis
3328 1143 3577 1198 ecclesia:
3609 1143 3828 1203 debent,

2230 1246 2290 1291 ut
2319 1237 2433 1292 sedi
2463 1236 2790 1306 episcopali,
2836 1235 2901 1290 de
2931 1250 3038 1304 qua
3083 1235 3352 1304 recipiunt
3383 1233 3684 1288 consilium
3718 1233 3827 1286 ani-

2230 1342 2443 1390 marum
2465 1368 2480 1394 ,
2523 1335 2580 1382 et
2625 1327 2793 1382 abbas
2823 1341 2919 1398 per
2966 1339 3025 1381 se
3046 1365 3062 1392 ,
3109 1325 3192 1380 vel
3221 1340 3316 1395 per
3352 1325 3623 1380 decanum
3652 1339 3828 1388 suum,

2230 1421 2409 1478 oleum
2439 1431 2495 1477 et
2520 1423 2791 1486 chrisma,
2829 1421 2896 1476 ad
2937 1421 3271 1490 erogandum
3303 1427 3360 1473 et
3388 1417 3740 1488 presbyteris
3767 1417 3827 1469 ad

2231 1515 2698 1571 Christianitatem
2748 1513 3077 1569 faciendam.
3145 1511 3405 1567 Canonici
3470 1523 3672 1564 omnes
3736 1508 3828 1562 sub

2233 1611 2472 1680 episcopi
2505 1610 2686 1680 priore
2712 1617 2862 1674 sunt,
2888 1616 2944 1662 et
2967 1607 3281 1669 canonicas,
3307 1605 3460 1659 idest
3485 1600 3824 1672 praebendas.

2234 1720 2356 1758 cum
2386 1703 2590 1759 fuerint
2616 1717 2825 1767 vacuae,
2851 1701 3181 1756 distribuere
3206 1700 3367 1753 debet
3385 1737 3400 1763 ,
3423 1697 3568 1751 sicut
3601 1693 3822 1762 dignum

2232 1795 2552 1850 decreverit.
2582 1793 2782 1850 Beatus
2807 1807 2939 1849 vero
2966 1793 3270 1854 Aubertus,
3316 1789 3402 1844 cui
3433 1788 3558 1842 divo
3601 1799 3823 1840 munere

2233 1885 2385 1941 Mons
2445 1887 2534 1941 ille
2583 1885 2816 1941 collatus
2851 1894 2965 1949 est,
3014 1899 3109 1939 eos
3151 1881 3462 1944 constituit;
3510 1888 3566 1932 ct
3616 1877 3689 1932 de
3735 1890 3822 1930 suo

2231 1978 2539 2050 episcopio,
2582 1977 2827 2033 ecclesia:
2859 1990 3022 2046 quam
3069 1971 3401 2036 construxit,
3448 1970 3582 2026 duas
3640 1966 3822 2027 villas,

2231 2071 2386 2126 Ilium
2417 2071 2628 2126 scilicet
2671 2079 2727 2126 et
2767 2069 3102 2137 Genecium,
3136 2067 3203 2123 ad
3234 2081 3394 2122 usum
3422 2077 3580 2119 suum
3612 2069 3674 2116 et
3706 2060 3818 2113 illo-

2235 2175 2356 2214 rum
2391 2159 2644 2215 contulit.

1384 2583 2062 2677 CONCILIUM
2145 2582 3034 2677 ROTOMAGENSE

544 2777 618 2852 In
656 2775 920 2856 basilica
949 2775 1010 2837 S.
1054 2774 1268 2838 Maria:
1300 2776 1637 2854 Rotomagi
1681 2777 1760 2839 ab
1789 2777 2037 2839 Joanne
2075 2775 2592 2856 archiepisc0po,
2628 2794 2771 2840 cum
2833 2777 2975 2839 suis
3013 2777 3438 2855 sulfraganeis
3483 2777 3805 2841 Willehno

626 2855 982 2934 Anglorum
1022 2874 1168 2935 rege
1198 2856 1659 2935 Normanniam
1702 2857 2128 2934 gubernante,
2196 2855 2621 2930 celebratum,
2681 2875 2854 2922 anno
2885 2857 3126 2920 Christi
3166 2859 3346 2935 1072,
3373 2856 3723 2921 Alexandri
3758 2857 3806 2917 ll

623 2952 802 3015 papae
820 2951 994 2998 anno
1021 2934 1116 3008 xr,
1154 2934 1430 3015 Philippi
1469 2935 1494 2996 I
1529 2936 1926 2998 Francorum
1963 2935 2134 3013 regis
2170 2952 2338 2998 anno
2378 2954 2525 2998 xm.

1755 3097 1978 3171 (luens,
2010 3096 2270 3166 Consilia,
2301 3099 2392 3166 IX,
2420 3099 2608 3171 1225.)

1035 3381 1266 3442 TITULI
1315 3379 1673 3438 CANONUM.

549 3490 591 3546 I.
634 3488 700 3545 Ut
729 3494 1000 3566 episcopus
1023 3495 1254 3550 chrisma
1287 3503 1343 3566 et
1362 3493 1531 3547 oleum
1562 3493 1693 3546 hora
1729 3495 2060 3561 competenti,
2085 3503 2133 3549 et

623 3576 739 3616 cum
761 3564 1037 3620 duodecim
1064 3564 1422 3619 sacerdotibus
1449 3573 1736 3618 consecret.

548 3631 611 3687 Il.
657 3631 812 3698 Quod
864 3646 1032 3691 totum
1075 3637 1303 3690 chrisma
1340 3646 1388 3690 et
1419 3634 1594 3689 oleum
1630 3635 1696 3688 ab
1743 3633 2133 3690 archidiaconis

623 3706 976 3761 renovandum
1007 3709 1098 3761 sit.

549 3772 657 3896 illa
691 3773 822 3894 bQua
857 3793 984 3832 cura
1014 3777 1258 3832 distribui
1289 3794 1322 3831 a
1355 3775 1569 3831 decanis
1607 3775 1838 3830 chrisma
1890 3784 1936 3832 et
1965 3774 2134 3831 oleum

661 3859 688 3896 e
721 3857 863 3896 eant.

661 3857 863 3902 abeant.

672 3913 751 3988 _Ut
778 3919 866 3988 qui
893 3918 1109 3973 missam
1142 3916 1365 3972 celebrat
1399 3917 1612 3988 omnino
1651 3917 2020 3972 communicet.

555 3982 623 4059 Χ,
667 3982 732 4059 Ut
768 3982 1010 4043 sacerdos
1029 3989 1248 4059 jejunus
1275 3998 1321 4041 et
1349 4005 1467 4042 cum
1489 3987 1610 4040 alba
1633 4004 1696 4059 ac
1725 3987 1861 4041 stola
1888 3989 2129 4056 baptizet.

552 4052 642 4109 Vl.
679 4052 744 4109 Ut
771 4052 1244 4130 viaticum'et'aqua
1271 4059 1538 4130 benedicta
1586 4057 1726 4130 ultra
1753 4067 1868 4111 octo
1894 4052 2005 4112 dies
2033 4075 2135 4112 non

623 4140 915 4192 serventur,
955 4141 1000 4184 et
1034 4128 1351 4184 consecrata:
1389 4129 1574 4182 hostire
1627 4128 1816 4182 iterum
1867 4144 1969 4181 non
2007 4145 2134 4182 con-

628 4213 710 4250 sec
718 4211 915 4253 rentur.

547 4265 658 4340 ξζιι,
674 4267 714 4322 C
719 4269 822 4340 art/5
830 4271 1016 4324 rmatio
1021 4269 1221 4340 jejunis
1235 4285 1267 4322 a
1270 4268 1350 4338 jej
1356 4269 1470 4322 unis
1483 4277 1531 4340 et
1542 4283 1658 4320 cum
1665 4268 1789 4340 igne
1800 4269 2135 4340 conferenda.

551 4336 685 4408 VIII.
726 4336 795 4392 Ut
846 4336 1266 4403 ordine's'sacri,
1321 4336 1435 4408 post
1459 4338 1595 4391 diem
1653 4336 2002 4404 Sabbati,'vel
2051 4339 2136 4394 die

621 4407 903 4462 Dominica
957 4427 1152 4477 mane,
1207 4409 1412 4478 jejunis
1457 4427 1487 4462 a
1536 4407 1904 4477 jejunantibus
1954 4409 2133 4477 confe-

622 4488 829 4532 rantur.

449 4565 458 4572 ·
551 4546 640 4600 ιχ.
686 4546 753 4601 Ut
783 4548 1026 4612 Quatuor
1057 4548 1367 4615 Temporum
1394 4558 1580 4602 exacta
1607 4548 1673 4602 sit
1713 4547 2026 4604 observatio.

551 4616 802 4689 Χριωά
817 4620 1146 4689 depositione
1179 4621 1324 4689 digni
1359 4619 1461 4673 sint
1497 4619 1586 4689 qui
1616 4618 1796 4688 furtim
1852 4630 1946 4673 aut
1983 4621 2134 4678 inde-

624 4687 726 4758 bite
756 4687 826 4741 ad
852 4687 1029 4742 sacros
1056 4687 1263 4744 ordines
1287 4687 1660 4758 provehantur,

551 4757 642 4814 XI.
683 4757 758 4830 De
784 4759 848 4830 iis
879 4760 969 4829 qui
1006 4775 1227 4814 coronas
1276 4755 1594 4829 relinquunt.
1632 4756 1702 4812 Et
1729 4767 1785 4813 ut
1843 4761 2126 4818 ordinandi
2151 4755 2204 4814 D
2230 4775 2444 4830 semper
2465 4761 2690 4829 virginis
2734 4761 2943 4824 Mariae,
2986 4763 3070 4816 cui

622 4828 692 4882 ad
711 4828 1006 4900 episcopum
1033 4831 1168 4900 feria
1192 4831 1375 4899 quinta
1407 4828 1634 4884 veniant.

553 4891 667 4971 ξίΙΙ.
711 4891 776 4971 Ut
811 4891 1051 4971 monachi
1101 4891 1215 4971 vagi
1251 4901 1326 4955 vel
1381 4900 1602 4970 expulsi,
1657 4901 1879 4971 itemque
1926 4905 2125 4958 sancti-

553 4969 898 5050 :Haaoniales,
938 4971 1006 5025 ad
1034 4989 1132 5025 sua
1167 4969 1489 5054 monasteria
1526 4971 1692 5024 redire
1725 4969 2125 5042 compellantur.

2159 3367 2205 3430 ο
2236 3359 2545 3436 χιι-ιιιηιιτε
2565 3360 2792 3414 absentis
2832 3361 2930 3416 viri
2967 3377 3103 3436 uxor
3125 3361 3277 3436 alteri
3314 3363 3475 3417 nubat
3505 3365 3802 3436 priusquam

2306 3433 2370 3485 de
2397 3433 2492 3485 viri
2523 3443 2686 3484 morte
2719 3444 3039 3500 compertum
3083 3432 3290 3486 habeat.

2234 3500 2502 3575 XlX.__Ne
2552 3501 2746 3575 clerici,
2790 3503 2844 3555 in
2907 3501 3171 3575 publicum
3221 3505 3417 3559 crimen
3463 3505 3625 3575 lapsi,
3661 3505 3809 3560 sacris

2307 3571 2576 3641 ordinibus
2620 3571 2775 3641 facile
2817 3573 3176 3626 restituantur.

2234 3640 2351 3696 XX.
2398 3640 2463 3694 Ut
2511 3640 2786 3715 episcopus
2840 3644 2928 3712 qui
2967 3643 3036 3715 ad
3083 3643 3218 3712 lapsi
3244 3644 3622 3715 depositione":
3653 3646 3808 3699 venire

2307 3729 2408 3765 non
2433 3722 2594 3767 potest
2626 3714 2878 3765 vicarium
2905 3714 3097 3767 mittat.

2235 3781 2376 3836 XXI.
2430 3781 2500 3905 Ut;
2559 3793 2679 3836 ante
2721 3784 2906 3836 horam
2956 3785 3295 3850 vespertinam
3323 3788 3376 3841 in
3400 3786 3807 3859 Quadragesinta

2309 3869 2462 3905 none
2505 3863 2649 3905 atnr.

2309 3869 2410 3906 non
2437 3863 2649 3906 edatur.

2236 3922 2403 3978 XXII.
2436 3921 2501 3976 Ut
2527 3923 2746 3979 Sabbati
2768 3921 2990 3978 Pascha:
3029 3923 3263 3994 ofﬁcium
3278 3937 3398 3981 ante
3417 3927 3602 3981 horam
3633 3942 3806 3982 nonam

2310 4011 2414 4048 non
2441 3995 2737 4049 inchoatur.

2237 4062 2422 4137 ἔξω.
2454 4064 2529 4137 De
2571 4076 2873 4137 sanctorum
2916 4066 3282 4137 festivitatibus
3313 4067 3713 4137 transferendis.

2230 4132 2427 4206 Χξιν.
2459 4133 2523 4188 Ut
2559 4137 2799 4205 generale
2833 4132 3088 4206 baptisma
3115 4138 3215 4190 nisi
3253 4132 3483 4192 sabbato
3526 4139 3743 4193 Pascha:
3764 4145 3804 4190 et

2309 4205 2640 4259 Pentecostes
2687 4223 2791 4260 non
2835 4205 2952 4274 ﬁat.
3005 4205 3224 4261 Parvuli
3249 4224 3556 4277 quocunque
3597 4219 3805 4277 tempore

2306 4277 2604 4350 petierint,
2636 4277 3003 4350 baptisentur;
3046 4277 3220 4333 nullus
3261 4276 3318 4333 in
3366 4276 3671 4350 Epiphania
3703 4276 3807 4335 sine

2308 4346 2634 4416 inﬁrmitatis
2658 4349 2983 4402 necessitate.

2842 4459 3232 4518 PBASFATIO.

2307 4548 2463 4603 Anno
2488 4549 2556 4624 ab
2583 4550 2953 4624 incarnatione
2984 4551 3397 4624 Domini_1072,
3428 4560 3800 4624 congregatum

2238 4629 2322 4676 est
2347 4621 2650 4692 concilium
2670 4621 2722 4674 in
2748 4622 3158 4691 metropolitano
3211 4621 3656 4692 Rotomagensis'
3674 4621 3805 4676 urbis

2238 4692 2383 4751 sede.
2416 4693 2468 4744 in
2503 4690 2963 4763 basilica__beatie
3013 4701 3066 4747 et
3123 4693 3370 4763 gloriosae
3418 4690 3512 4747 Dei
3543 4695 3803 4763 genitricis

3152 4778 3354 4818 oannes
3393 4762 3639 4832 ejusdem
3674 4762 3804 4817 urbis

2231 4833 2674 4904 archiepiscopus
2701 4843 2952 4899 prmerat,
2978 4843 3032 4888 et
3057 4834 3283 4904 vestigia
3334 4833 3561 4888 Patrum
3605 4847 3802 4890 secutus

2231 4903 2451 4957 utilitati
2499 4902 2883 4957 ecclesiastica:
2943 4902 3270 4958 omnimodis
3316 4905 3662 4970 consulebat,
3699 4917 3802 4959 cum

2231 4973 2594 5060 suifraga'neilsl
2609 4971 2998 5060 suis.n0tlone.
3029 4973 3328 5060 Ilajo'cen'si,
3351 5045 3366 5060 Α
3387 4975 3612 5060 μιιεςοιιε
3650 4977 3803 5055 Lusc-
