3938 5380
129 290 249 353 ξω

264 412 269 415 ⁷
759 415 1097 475 CANONES.

127 526 176 582 1.
207 526 280 582 Ut
331 527 600 605 episcopus
637 529 865 605 chrisma
915 541 964 586 et
1005 531 1179 605 oleum
1230 532 1362 587 hora
1416 535 1727 605 competenti

320 609 370 653 et
400 614 518 652 cum
541 600 815 654 duodecim
876 603 1233 658 sacerdotibus
1260 600 1543 659 consecret;

204 690 268 745 In
300 691 493 760 primis
518 698 780 748 statutum
827 702 910 749 cst
938 710 966 748 a
986 694 1144 750 nobis
1164 704 1247 761 ut,
1277 697 1575 752 secundum
1614 707 1726 753 sta-

118 788 254 834 tuta
307 778 553 845 Patrum,
609 781 926 838 chrismatis
973 792 1030 838 et
1077 784 1205 851 olei,
1268 786 1614 857 baptismatis
1669 797 1726 844 et

115 870 416 925 unctionis
444 871 784 927 consecratio
806 911 822 937 ,
850 876 1177 944 competenti
1200 877 1358 942 hora,
1403 878 1457 933 id
1481 889 1567 935 est
1606 889 1728 950 post

118 976 365 1027 nonam,
397 962 691 1017 secundum
720 972 922 1019 statuta
950 979 1258 1022 sanctorum
1316 967 1563 1036 Patrum,
1610 974 1723 1027 liat.

118 1052 251 1107 Hoc
309 1052 473 1107 etiam
520 1052 681 1115 debet
733 1056 1020 1127 episcopus
1055 1058 1351 1126 praevidere
1381 1068 1441 1115 ut
1500 1060 1556 1115 in
1608 1061 1725 1131 ipsa

123 1143 552 1198 consecratione
588 1143 869 1199 duodecim
925 1149 1264 1215 sacerdotes,
1295 1152 1725 1209 sacerdotalibus

126 1236 387 1289 vestibus
409 1236 645 1300 indutos,
670 1236 754 1291 vel
783 1240 1156 1309 quamplures,
1195 1257 1382 1299 secum
1430 1244 1650 1300 habeat.

124 1325 199 1380 II.
254 1324 416 1392 Quod
450 1338 617 1381 totum
666 1329 895 1383 chrisma
924 1341 971 1385 et
1001 1332 1173 1386 oleum
1225 1334 1292 1387 ab
1335 1336 1725 1393 arcltidiaconis

690 1402 1047 1462 renovandum
1074 1404 1165 1457 sit.

203 1485 344 1540 Item
395 1486 448 1540 in
500 1487 824 1556 quibusdam
864 1492 1162 1559 provinciis
1214 1509 1335 1550 mos
1381 1495 1724 1554 detestabilis

130 1576 362 1632 inolevit
387 1581 529 1647 quod
556 1581 774 1649 quidam
798 1584 1186 1652 archidiaconi,
1209 1599 1429 1659 pastore
1451 1601 1723 1659 carentes,

130 1670 205 1725 ab
253 1671 441 1740 aliquo
494 1673 748 1745 episcopo
801 1676 1099 1746 particulas
1141 1680 1246 1735 olei
1304 1690 1361 1736 et
1410 1684 1725 1740 chrismatis

131 1764 433 1833 accipiunt,
470 1776 525 1821 et
593 1767 669 1822 ita
716 1768 836 1824 oleo
866 1784 967 1826 suo
1015 1775 1400 1836 commiscent;
1462 1777 1607 1846 quod
1670 1782 1801 1842 etB

131 1853 456 1908 damnatum
506 1865 612 1911 est.
685 1858 793 1913 Sed
858 1862 1227 1933 unusquisque
1262 1914 1271 1925 ,
1303 1866 1720 1923 archidiaconus

131 1949 373 2003 chrisma
406 1962 460 2004 et
502 1950 678 2006 oleum
695 1970 851 2009 suum
893 1964 1064 2010 totum
1110 1959 1364 2029 episcopo
1388 1976 1416 2013 a
1445 1977 1552 2032 quo
1592 1977 1722 2018 con-

130 2040 464 2107 secrabitur,
494 2052 553 2096 ut
571 2047 790 2115 proprio
823 2048 1100 2119 episcopo,
1127 2062 1437 2119 praesentet.

130 2152 220 2208 III.
254 2153 377 2220 Qua
407 2173 538 2213 cura
572 2160 817 2215 distribui
846 2180 878 2216 α
908 2164 1122 2219 decanis
1177 2168 1407 2221 chrisma
1456 2179 1506 2223 et
1547 2167 1721 2224 oleum

803 2236 1046 2291 debeant.

207 2321 344 2377 Item
410 2322 725 2381 chrismatis
778 2334 835 2382 et
890 2328 997 2384 olei
1050 2329 1365 2387 distributio
1422 2346 1453 2388 a
1501 2334 1722 2391 decanis

130 2431 347 2470 summa
388 2417 666 2487 diligentia
708 2430 763 2475 et
808 2422 1091 2478 honestate
1134 2423 1321 2480 ﬁatita
1369 2435 1430 2481 ut
1478 2427 1717 2494 interim,

128 2506 262 2562 dum
287 2510 687 2578 distribuerint,
722 2513 858 2569 albis
903 2516 1015 2570 sint
1043 2517 1252 2583 induti;
1290 2525 1346 2573 et
1374 2519 1573 2575 talibus
1597 2536 1723 2579 vas-

131 2599 272 2654 culis
311 2601 673 2655 distribuatur
703 2613 760 2657 ut
806 2606 942 2661 nihil
990 2606 1115 2663 inde
1162 2608 1346 2678 aliqua
1391 2610 1720 2682 negligentia

129 2702 341 2761 pereat.

129 2782 220 2837 IV.
265 2784 338 2839 Ut
406 2789 498 2858 qui
541 2790 755 2845 missam
804 2792 1030 2848 celebrat
1086 2793 1298 2848 omnino
1353 2798 1717 2851 communicet.

202 2874 335 2929 Item
353 2884 615 2932 statutum
651 2888 735 2935 est
763 2890 823 2936 ut
865 2881 1045 2937 nullus
1075 2882 1300 2937 missam
1345 2885 1584 2941 celebret
1626 2886 1720 2955 qui

130 2982 239 3020 non
271 2971 660 3027 communicet.

135 3056 201 3113 ν.
234 3057 305 3113 Ut
330 3063 580 3117 sacerdos
595 3064 841 3133 jejunus,
866 3075 916 3121 et
941 3083 1059 3121 cum
1085 3068 1208 3122 alba
1230 3084 1293 3122 ac
1315 3068 1451 3124 stola
1468 3069 1717 3141 baptizet.

1419 294 1789 365 CONCILIUM
1830 296 2189 359 ROTOMAG.

1754 429 1805 487 Α
1888 418 1979 505 IX.
2013 419 2083 475 Ut
2113 420 2357 486 Quatuor
2388 421 2702 495 Temporum
2730 433 2916 482 exacta
2945 427 3014 483 sit
3044 430 3359 496 observatio.

3309 318 3418 382 270

1899 530 2034 586 Item
2055 571 2070 597 ,
2107 531 2354 599 Quatuor
2377 534 2708 606 Temporum
2736 536 3051 598 observatio
3080 548 3415 618 competenti

1827 630 2070 694 tempore
2104 627 2401 682 secundum
2441 628 2676 684 divinam
2706 630 3101 710 institutionem
3142 643 3418 698 communi

1826 717 2167 774 observantia
2197 735 2228 775 a
2257 720 2414 777 nobis
2441 732 2720 790 servetur,
2750 724 2804 779 id
2832 736 2955 796 est,
2991 726 3075 799 pri
3091 747 3165 786 ua
3202 735 3420 791 ltcbdra-

1826 808 1984 862 mada
2035 808 2257 873 Martii,
2309 814 2543 867 secunda
2589 814 2775 882 Junii,
2828 821 2985 876 tertia
3035 822 3404 900 Septcmcm,

1827 899 2014 953 eadem
2067 901 2386 959 Decembris
2424 905 2495 959 ob
2533 910 2894 967 reverentiam
2937 915 3234 977 Dominica:
3273 899 3418 993 nali-

1824 991 2031 1047 vitatis.
2060 993 2341 1065 lndignum
2368 996 2513 1051 enim
2543 999 2696 1055 valde
2725 1013 2807 1057 est
2835 1014 2894 1059 ut
2922 1020 3231 1066 sanctorum
3262 991 3417 1071 iusti.

1830 1081 1964 1137 tutio
2002 1082 2274 1153 aliquibus
2310 1090 2758 1159 occupationibus
2792 1094 2875 1151 vel
2915 1100 3175 1158 mundiali
3213 1105 3415 1163 sollici.

1829 1173 2014 1228 tudine
2042 1175 2390 1234 destituatur.

1898 1264 1966 1319 Χ.
2004 1267 2517 1351 ρμομρεροεῇιὶοηθ
2548 1273 2700 1351 digni
2727 1290 2848 1331 sunt
2868 1320 2881 1344 ,
2914 1283 3003 1344 qui
3031 1283 3217 1351 furtim
3248 1299 3341 1344 aut

2041 1338 2265 1393 indebite
2287 1344 2356 1394 ad
2378 1358 2559 1397 sacros
2584 1338 2795 1401 drdines
2814 1338 3192 1417 prone/uinth

1866 1429 2062 1494 ‘Item,
2103 1431 2323 1499 clerici,
2358 1437 2452 1506 qui
2490 1448 2598 1493 non
2648 1439 2846 1507 electi,
2898 1456 2999 1501 nec
3051 1452 3263 1518 vocati,
3317 1466 3412 1510 aut

1828 1522 2106 1578 nesciente
2142 1526 2432 1598 episcopo,
2472 1531 2644 1587 sacris
2696 1535 2980 1594 ordinibus
3027 1555 3086 1596 se
3133 1543 3411 1604 intromit‘

1828 1784 2207 1859 diacones'aut
2231 1807 2533 1879 presbyteri
2560 1823 2990 1883 consecrantur;
3024 1817 3077 1872 hi
3110 1820 3257 1892 digni
3287 1834 3416 1880 sunt

1827 1890 2180 1962 depositione.

1827 1980 1918 2036 XI.
1959 1981 2039 2038 De
2073 1986 2166 2066 Itis.
2191 1989 2282 2066 qui
2317 2006 2560 2066 coronas“
2581 1992 2925 2066 relinquunt;
2957 2012 3004 2053 et
3037 2012 3094 2056 ut
3126 2005 3413 2061 ordinandi

2096 2059 2166 2110 ad
2197 2059 2497 2130 episcopum
2532 2060 2668 2132 feria
2696 2059 2879 2135 quinta
2906 2059 3144 2127 ueniant.

1895 2143 2029 2201 Item
2046 2186 2062 2212 ,
2085 2147 2176 2217 qui
2204 2163 2435 2205 coronas
2457 2144 2770 2212 benedictas
2790 2159 3093 2217 habuerunt
3114 2175 3169 2221 et
3190 2167 3419 2239 relique-

1825 2246 1993 2303 runt,
2032 2254 2201 2309 usque
2232 2242 2300 2297 ad
2325 2244 2541 2316 dignam
2577 2248 3008 2309 satisfactionem
3046 2263 3419 2317 excommuni-

1824 2336 2038 2381 centur.
2069 2328 2298 2396 Clerici,
2330 2333 2423 2403 qui
2456 2336 2744 2393 ordinandi
2777 2350 2932 2408 sunt,
2970 2344 3024 2399 in
3056 2350 3243 2417 quinta
3274 2350 3412 2408 feria

1823 2419 2047 2475 veniant
2076 2421 2145 2477 ad
2174 2426 2508 2497 episcopum.

1825 2509 2318 2603 Xll.‘:U'tntonqchi
2353 2522 2471 2591 vagi
2500 2523 2579 2578 vel
2603 2526 2842 2603 expulsi,
2874 2530 3098 2603 itemque
3126 2541 3431 2594 sanctimod»

1915 2582 2113 2650 niales,
2144 2588 2213 2639 ad
2245 2582 2563 2648 monas'term
2592 2582 2691 2650 sua
2719 2582 3319 2674 redii‘eicornpell'dn‘tur;

1895 2672 2026 2728 Item
2047 2715 2063 2740 ,
2089 2679 2339 2734 monachi
2368 2690 2425 2737 et
2448 2686 2924 2761 sanctimoniales,
2951 2672 3044 2765 qui
3072 2696 3275 2753 relictis
3301 2700 3416 2758 suis

1825 2764 2072 2821 ecclesiis
2101 2784 2200 2839 per
2228 2771 2417 2827 orbem
2451 2786 2734 2846 vagantur,
2765 2780 2855 2835 alii
2887 2798 2987 2852 pro
3018 2789 3275 2857 nequitiis
3300 2792 3415 2847 suis

1825 2870 1854 2909 a
1898 2860 2245 2917 monasteriis
2283 2864 2532 2934 expulsi;
2576 2884 2713 2939 quos
2766 2875 3027 2941 pastorali
3082 2882 3413 2938 auctoritate

1824 2956 2042 3018 oportet
2063 2953 2389 3022 compellere
2415 2964 2477 3011 ut
2500 2959 2566 3012 ad
2590 2964 2924 3020 monasteria
2949 2983 3043 3022 sua
3069 2971 3318 3027 redeant.
3348 2970 3416 3029 Et

1825 3040 1870 3094 si
1901 3041 2154 3111 expulsos
2180 3044 2412 3103 abbates’
2432 3049 2675 3116 recipere
2702 3046 3010 3121 noluerint,
3038 3060 3242 3118 victum
3268 3064 3413 3119 elec-

199 3151 336 3206 Item
366 3154 546 3210 nullus
602 3158 855 3215 sacerdos
896 3160 1132 3229 baptizet
1182 3160 1479 3228 infantem,
1514 3135 1615 3217 nisi
1637 3162 1721 3234 je-
1749 3147 1795 3213 C
1827 3135 2593 3234 m°slnwei5lfiltuant,quas
2609 3159 2868 3201 manuum
2892 3147 3078 3206 labore
3094 3154 3403 3223 acquirunt.

119 3241 292 3313 jnnus
315 3253 371 3299 et
401 3246 622 3302 indutus
658 3248 777 3302 alba
805 3257 861 3304 et
883 3251 1044 3317 stola,
1075 3251 1177 3306 nisi
1218 3254 1566 3310 necessitate.

127 3358 218 3414 VI.
248 3355 319 3414 Ut
357 3361 605 3416 viaticum
632 3374 678 3417 et
701 3381 838 3435 aqua
866 3364 1133 3422 benedicta
1162 3368 1305 3422 ultra
1330 3378 1446 3424 octo
1473 3370 1585 3425 dies
1616 3386 1721 3427 non

197 3444 490 3505 serventur,
531 3442 581 3487 et
616 3446 931 3493 consecrata:
977 3438 1163 3493 hostia:
1216 3441 1406 3494 iterum
1443 3458 1550 3496 non
1594 3459 1722 3498 con-

198 3513 491 3558 secrentur.

199 3609 335 3665 Item
366 3620 495 3666 sunt
523 3613 743 3684 quidam
786 3618 876 3687 qui
919 3618 1179 3676 viaticum
1230 3630 1284 3677 et
1316 3637 1514 3692 aquam
1551 3623 1718 3680 bene-

125 3704 330 3760 dictam
358 3707 499 3761 ultra
528 3719 776 3765 octavum
794 3712 938 3767 diem
967 3724 1279 3781 reservant;
1315 3717 1460 3785 quod
1486 3724 1542 3771 et
1564 3717 1718 3771 dam-

124 3806 318 3852 natum
357 3806 459 3853 est.
502 3799 612 3854 Alii
640 3816 793 3866 vero,
818 3818 925 3859 non
977 3805 1239 3861 habentes
1265 3806 1493 3873 hostias,
1517 3822 1717 3863 conse-

124 3895 313 3945 cratas
367 3888 567 3945 iterum
598 3904 950 3963 consecrant;
1005 3898 1149 3966 quod
1187 3897 1507 3953 terribiliter
1544 3901 1718 3954 inter-

127 3978 335 4034 dictum
360 3988 464 4036 est.

125 4065 243 4125 VII.
285 4070 635 4140 Conﬁrmatio
656 4073 859 4218 jejun’is
900 4095 932 4132 a
959 4078 1167 4201 (jejunis
1196 4089 1246 4135 et
1272 4095 1393 4135 cum
1432 4082 1550 4152 igne
1592 4098 1718 4137 con—

833 4165 954 4202 eren
996 4169 1049 4204 a.

833 4165 1049 4204 erenaa.

196 4231 356 4299 Item,
385 4234 586 4290 donum
617 4239 788 4293 sancti
838 4240 1093 4310 Spiritus,
1143 4250 1204 4297 ut
1255 4258 1362 4297 non
1414 4244 1573 4300 detur
1609 4243 1716 4300 nisi

118 4317 342 4389 jejunis,
373 4332 477 4379 eta
502 4324 734 4394 jejums;
762 4345 939 4401 neque
983 4331 1100 4402 ipsa
1123 4332 1468 4390 conﬁrmatio
1509 4336 1718 4407 absque

123 4412 250 4484 igne
280 4414 378 4470 ﬁat
397 4425 666 4475 statutum
695 4431 799 4478 est.

122 4523 256 4579 VIII.
268 4524 353 4605 .Ut
377 4529 590 4586 ordines
602 4536 747 4605 sacri
766 4544 882 4604 post
903 4537 1040 4591 diem
1062 4535 1283 4593 Sabbati
1296 4582 1311 4604 ,
1338 4541 1415 4595 uel
1436 4543 1520 4597 die
1542 4542 1720 4598 Domi-

222 4602 345 4652 πίω
374 4617 529 4655 mane
547 4642 563 4667 ,
581 4602 785 4672 jejunis
812 4624 844 4660 a
861 4607 1229 4677 jejunantibus
1254 4602 1614 4681 conferantur.

195 4708 315 4767 Iioc
348 4714 513 4769 etiam
548 4724 812 4774 statutum
853 4729 936 4775 est
966 4738 1035 4778 ne
1062 4724 1115 4779 in
1145 4725 1336 4781 dandis
1364 4728 1538 4784 sacris
1565 4729 1715 4784 ordi-

120 4802 288 4859 nibus
316 4807 626 4875 apostulica:
655 4811 1001 4870 auctoritatis
1030 4816 1320 4875 violatores
1351 4821 1713 4880 inveniamur.

121 4889 345 4963 Legitur
372 4896 521 4950 enim
547 4897 600 4952 in
629 4898 866 4956 decretis
890 4902 1088 4961 Leonis
1113 4922 1263 4978 papae
1288 4911 1430 4979 quod
1458 4928 1562 4968 non
1591 4930 1714 4985 pas-

116 4986 227 5039 sim
264 4987 457 5044 diebus
493 4992 744 5050 omnibus
774 4999 917 5051 sacri
951 5001 1172 5057 ordines
1201 5003 1581 5074 celebrentur;
1612 5010 1708 5065 sed

115 5087 245 5146 post
294 5079 437 5133 diem
477 5080 734 5153 Sabbati,
773 5087 830 5141 in
867 5087 986 5156 ejus
1024 5094 1201 5148 noctis
1233 5096 1458 5151 exordio
1495 5115 1615 5170 qua:
1655 5104 1708 5158 in

116 5169 297 5214 nrima
344 5168 563 5214 Sahhoti
599 5176 819 5214 Ini-aeni!
905 5178 985 5214 hic
1024 5183 1112 5214 nn:

1024 5188 1112 5214 IIII;
1152 5199 1407 5214 Annal-nlla
1419 5188 1503 5214 ιιιθξ
1544 5206 1636 5214 ιιι...
1649 5201 1663 5214 ι

1826 3238 2113 3295 quousque
2151 3227 2197 3281 si
2230 3228 2399 3284 vitam
2433 3245 2588 3286 suam
2620 3237 3036 3294 emandaverint
3067 3243 3376 3301 videantur.
3422 3310 3427 3315 δ

1896 3313 2030 3369 XIII.
2065 3314 2150 3371 Ne
2182 3335 2324 3374 cura:
2349 3324 2639 3393 pastorales
2672 3330 2969 3384 vendantur
2995 3344 3042 3387 et
3072 3346 3337 3391 emuntur.

1895 3404 2061 3473 Item,
2111 3420 2368 3465 emuntur
2413 3422 2471 3469 et
2514 3416 2828 3473 vendantur
2876 3436 3021 3477 curae
3071 3427 3408 3495 pastorales,

1822 3496 2035 3553 scilicet
2063 3501 2308 3557 ecclesia:
2335 3506 2708 3575 parocltiantc,
2740 3519 2848 3565 tam
2892 3527 2922 3567 a
2976 3513 3127 3571 laicis
3170 3515 3330 3586 quam
3376 3535 3410 3575 a

1822 3593 2071 3662 clericis,
2106 3598 2330 3671 insuper
2358 3603 2522 3657 etiam
2560 3620 2592 3659 a
2626 3606 2950 3677 monachis;
2997 3615 3139 3682 quod
3175 3630 3244 3670 ne
3267 3632 3403 3673 .atn—

1820 3686 1961 3756 plius
1990 3687 2083 3742 liat
2116 3689 2462 3748 interdictum
2495 3705 2596 3751 est.

1929 3779 2068 3835 XIV.
2095 3780 2175 3836 De
2207 3783 2326 3866 ritu.
2345 3788 2680 3866 nuptiarum,
2714 3808 2777 3846 ne
2805 3792 2860 3847 in
2889 3794 3094 3851 occulto
3124 3797 3257 3866 ﬁant
3277 3840 3294 3866 ,

2249 3856 2326 3908 vel
2356 3858 2495 3911 inter
2524 3865 2962 3932 consanguineos.

1866 3941 2059 4009 'Item,
2112 3946 2315 4014 nuptiae
2360 3963 2466 4003 non
2517 3950 2571 4006 in
2625 3955 2840 4011 occulto
2886 3957 3020 4013 ﬁant
3063 3972 3240 4031 neque
3285 3968 3411 4034 post

1819 4032 2145 4100 prandium;
2188 4035 2283 4091 sed
2323 4051 2557 4106 sponsus
2593 4049 2650 4096 et
2687 4057 2886 4112 sponsa
2924 4046 3095 4116 jejuni
3141 4065 3173 4105 a
3218 4032 3403 4108 sacer-

1821 4121 1946 4177 dote
1980 4121 2168 4195 jejuno
2211 4126 2266 4181 in
2309 4131 2643 4187 monasterio
2682 4133 3110 4205 benedicantur;
3156 4150 3213 4195 et
3249 4152 3406 4200 ante-

1818 4228 1982 4283 quam
2013 4206 2360 4290 copulentur,
2390 4226 2679 4294 progenies
2717 4236 3073 4301 utrorumque
3114 4234 3413 4306 diligenter

1820 4304 2147 4376 inquiratur.
2188 4310 2256 4365 Et
2292 4312 2337 4367 si
2377 4312 2517 4369 infra
2549 4319 2839 4387 septimam
2864 4304 3271 4391 generationem
3322 4330 3419 4385 ali-

1756 4468 1761 4473 δ
1818 4415 1925 4471 qua
1954 4406 2397 4476 consanguinitas
2425 4408 2648 4468 inventa
2691 4412 2887 4481 fuerit,
2918 4425 2975 4473 et
3015 4417 3060 4473 si
3087 4419 3285 4491 aliquis
3321 4437 3418 4479 eo-

1744 4497 1798 4559 D
1825 4507 1943 4546 rum
1957 4493 2215 4552 dimissus
2237 4497 2421 4563 fuerit,
2449 4518 2557 4559 non
2582 4505 3001 4581 conjungantur.
3026 4511 3294 4572 Sacerdos
3325 4518 3416 4586 qui

1815 4592 2003 4638 contra
2035 4585 2139 4642 hoc
2166 4585 2360 4646 fecerit
2389 4592 2710 4662 deponatur.

1816 4674 1935 4730 XV.
1966 4676 2048 4764 De
2074 4679 2275 4736 clericis
2306 4688 2565 4764 uxorntis.
2608 4698 2665 4742 ut
2699 4689 2926 4764 ecclesiis
2953 4710 3057 4750 non
3087 4697 3414 4764 ministrent,

1890 4750 2224 4829 necfructus
2258 4756 2547 4829 percipiant
2574 4775 2594 4823 ;
2622 4770 2670 4812 et
2707 4762 2887 4829 quales
2923 4780 3035 4819 esse
3072 4750 3408 4825 debeantur:

1890 4819 2190 4875 cltidiaconi
2223 4819 2266 4875 et
2299 4819 2507 4879 decani.

1891 4909 1970 4965 De
2008 4914 2417 4981 sacerdotibus,
2451 4926 2503 4972 et
2533 4917 2737 4976 Levitis
2763 4929 2819 4976 et
2847 4923 3273 4982 subdiaconibus
3310 4926 3405 4997 qui

1823 4998 2052 5056 feminas
2101 5003 2204 5058 sibi
2251 5019 2687 5074 usurpaverunt,
2731 5011 3022 5071 concilium
3067 5016 3408 5072 Luxoviense

1820 5092 2163 5161 observetur,
2198 5110 2266 5149 ne
2294 5096 2556 5155 ecclesias
2583 5117 2678 5172 per
2705 5116 2766 5156 se
2804 5111 2970 5173 atque
3013 5122 3110 5178 per
3148 5107 3410 5177 suil'raga-

1819 5200 1947 5214 vanas
1982 5199 2168 5214 ..Λα--..ι
2236 5205 2334 5214 ..ΛΑ
2369 5190 2530 5214 ,ΙΞι---ξ
