3938 5380
498 331 601 391 2'“

1442 317 1735 377 APPEND.
1775 318 1868 373 AI)
1891 317 2213 376 JOANNEM
2262 315 2859 375 ROTOIIAGENSEM.

3668 312 3774 375 172

497 412 730 517 quorum
759 442 871 500 vita
898 455 1008 499 non
1034 438 1106 497 sit
1132 435 1381 505 infamis,
1404 436 1499 493 sed
1536 434 1732 491 merita
1760 433 2083 506 praeferatur
2112 441 2158 499 Α
2190 433 2330 488 XXI.
2373 431 2442 487 Ut
2480 442 2602 486 ante
2639 432 2824 487 horam
2864 430 3206 517 vespertinam
3248 429 3306 485 in
3346 428 3775 503 Quadragesinm

498 538 751 597 subditis.

499 632 641 690 XVI.
682 628 751 684 Ut
784 626 960 683 nullus
997 633 1207 680 mortua
1241 638 1406 677 uxore
1437 619 1585 673 illam
1619 619 1845 689 accipiat
1879 619 1945 675 de
1980 635 2086 691 qua

959 706 1079 751 ante
1106 695 1279 765 fuerat
1310 692 1618 762 infamatus.

550 791 736 856 'Item,
768 788 1113 844 interdictum
1145 791 1229 840 est
1256 801 1325 839 ne
1353 781 1582 853 aliquis,
1615 778 1708 852 qui
1736 780 1955 836 vivente
1984 795 2085 837 sua

501 898 674 942 uxore
714 883 782 938 de
822 879 1088 936 adulterio
1129 877 1494 934 calumniatus
1536 874 1749 941 fuerat,
1778 883 1906 945 post
1935 889 2084 928 mor-

505 987 610 1032 tem
639 973 783 1030 illius
810 985 1049 1041 unquam
1080 968 1147 1023 de
1176 981 1282 1039 qua
1313 964 1677 1022 calumniatus
1704 964 1805 1019 fuit
1833 963 2085 1034 accipiat.

503 1064 666 1121 Multa
695 1062 840 1120 enim
869 1062 1008 1117 mala
1039 1060 1164 1115 inde
1193 1065 1513 1114 evenerunt.
1553 1054 1689 1112 Nam
1724 1055 1944 1128 plurimi
1984 1056 2089 1112 bac

505 1158 574 1211 de
604 1169 771 1211 causa
807 1168 936 1209 suas
963 1150 1377 1206 interfecerunt.

534 1246 697 1305 XVII.
745 1243 942 1299 Nullus
987 1259 1149 1298 uxore
1176 1240 1348 1298 velata
1373 1241 1648 1313 superstite
1680 1239 1842 1295 aliam
1871 1240 2053 1295 ducat.

573 1338 742 1404 Item,
778 1336 990 1401 nullus,
1026 1334 1180 1404 cujus
1216 1349 1359 1389 uxor
1400 1332 1577 1389 velata
1619 1331 1817 1399 fuerit,
1861 1331 1978 1403 ipsa
2007 1330 2089 1385 vi-

503 1438 665 1485 vente
693 1442 931 1498 unquam
960 1426 1121 1482 aliam
1152 1425 1409 1497 accipiat.

504 1520 693 1577 XVIII.
735 1517 820 1576 Ne
849 1519 1077 1589 absentis
1100 1518 1196 1572 ciri
1219 1532 1355 1572 uxor
1378 1515 1532 1571 alteri
1561 1517 1756 1589 nubat,
1782 1517 2092 1589 priusquam

816 1590 880 1643 de
910 1588 1008 1643 uiri
1034 1596 1200 1643 morte
1226 1598 1546 1662 compertum
1575 1588 1783 1641 habeat.

590 1681 724 1737 Item
743 1719 758 1744 ,
789 1680 835 1736 si
864 1694 1000 1735 uxor
1029 1678 1129 1734 viri
1160 1677 1251 1749 qui
1280 1691 1508 1748 peregre
1537 1686 1633 1733 aut
1656 1677 1794 1733 alias
1819 1675 2096 1749 prolectus

508 1774 675 1830 fuerit
718 1773 806 1829 alii
856 1772 973 1828 viro
1012 1772 1291 1843 nupserit,
1324 1785 1608 1843 quousque
1656 1771 1855 1843 prioris
1897 1773 2092 1841 mortis

2827 518 2931 556 non
2965 501 3172 555 edatur.

2257 619 2423 685 Item,
2470 625 2735 673 statutum
2777 628 2864 672 est
2905 625 2965 672 ut
3010 615 3193 672 nullus
3237 615 3291 671 in
3340 614 3776 684 Quadragcsima

2186 711 2485 782 prandeat,
2530 719 2856 779 antequam,
2906 711 3036 763 hora
3078 723 3219 764 nona
3258 716 3516 778 peracta,
3553 723 3777 779 vesper-

2191 805 2301 860 tina
2331 804 2575 874 incipiat.
2606 802 2722 858 Non
2752 804 2895 858 enim
2931 801 3143 873 jejunat
3172 803 3265 874 qui
3296 812 3425 859 ante
3459 804 3775 859 manducat.

2195 900 2244 919 ω
2299 917 2465 974 XXII.
2499 916 2563 973 Ut
2595 917 2813 974 Sabbati
2844 917 3068 974 Pasrha!
3096 918 3318 989 oﬂicium
3346 927 3469 974 ante
3498 920 3691 973 lteram

2655 1004 2848 1043 nonam
2878 1005 2982 1044 non
3011 990 3307 1044 inclinetur.

2261 1103 2423 1167 item,
2452 1109 2713 1159 statutum
2738 1111 2823 1157 est
2846 1111 2903 1156 ut
2927 1102 2983 1156 in
3010 1101 3248 1158 Sabbato
3275 1102 3503 1158 Pascha:
3533 1101 3776 1157 ollicium

2192 1203 2321 1249 ante
2359 1208 2558 1248 nonam
2603 1200 2725 1248 non
2754 1192 3066 1262 incipiatur.
3113 1192 3193 1249 Ad
3238 1202 3453 1249 noctem
3498 1194 3647 1248 enim
3681 1193 3780 1247 Do-

2194 1289 2407 1344 minica:
2454 1286 2874 1343 resurrectionis
2914 1286 3169 1357 respicit,
3204 1285 3275 1343 ob
3323 1286 3479 1357 cujus
3526 1301 3783 1341 revereno

2198 1380 2327 1435 tiam
2377 1378 2563 1434 Gloria
2608 1379 2662 1432 in
2710 1377 2927 1433 excelsis
2975 1377 3085 1432 Deo
3130 1386 3185 1434 et
3225 1376 3459 1432 Alleluia
3501 1386 3779 1433 cantatur.

2194 1472 2349 1541 Quod
2394 1452 2569 1528 etiam.
2612 1471 2665 1525 in
2718 1469 2888 1527 Ollicii
2937 1471 3129 1536 initio,
3175 1470 3319 1526 cerei
3365 1469 3577 1525 scilicet
3623 1468 3783 1524 bene-

2196 1561 2472 1630 dictione,
2503 1570 2861 1618 monstratur.
2892 1561 3094 1617 Narrat
3135 1561 3303 1618 Liber
3342 1560 3606 1618 Oﬂicialis
3644 1559 3783 1629 quod

2198 1652 2251 1708 in
2281 1653 2385 1709 hoc
2432 1652 2596 1709 biduo
2623 1669 2730 1709 non
2774 1653 2834 1707 fit
2879 1654 3208 1709 sacramenti
3257 1652 3571 1709 celebratio.
3620 1653 3784 1707 Vocat

2199 1755 2382 1800 autem
2438 1743 2540 1800 hoc
2578 1745 2800 1800 biduum
2856 1754 3068 1800 sextam
3107 1745 3301 1801 feriam
3355 1754 3411 1800 et
3451 1744 3782 1806 Sabbatum.

510 1863 893 1922 “nundinam
924 1834 1120 1918 haben}
1139 1902 1155 1927 ν
1182 1834 1685 1918 ειέοιξιηιυηεέειυξ.
1711 1875 1886 1933 usque
1913 1838 1979 1918 ad
2007 1861 2090 1919 di,
2121 1842 2169 1903 Β
2198 1835 2251 1892 in
2282 1851 2388 1905 quo
2418 1835 2675 1890 recolitnr
2716 1834 2896 1891 luctus
2928 1844 2984 1891 et
3013 1837 3275 1892 mmstitia
3305 1836 3699 1907 apostolorum.

508 1974 669 2029 gnam
697 1955 1144 2013 satisfactionem.

580 2048 722 2107 XIX.
756 2047 837 2104 Ne
863 2048 1035 2104 clerici
1062 2049 1117 2103 in
1141 2048 1409 2119 publicum
1445 2050 1641 2104 crimen
1679 2049 1817 2119 lapsi
1844 2050 2013 2105 sacris

864 2118 1147 2174 ordinibus
1173 2118 1331 2188 facile
1369 2120 1737 2174 restituantur.

577 2211 712 2267 Item
732 2249 749 2276 ,
780 2217 1046 2265 statutum
1073 2217 1158 2264 est
1184 2224 1253 2265 ne
1281 2209 1337 2265 1ιί
1369 2208 1460 2279 qui
1487 2209 1705 2280 publice
1732 2208 1871 2279 lapsi
1902 2207 1956 2263 in
1989 2209 2097 2265 cri-

509 2302 801 2358 minalibus
838 2300 1080 2371 peccatis
1121 2299 1473 2355 inveniuntur
1514 2299 1779 2355 citissime
1820 2298 1875 2354 in
1920 2298 2098 2356 sacris

508 2392 796 2448 ordinibus
823 2390 1201 2447 restituantur.
1230 2389 1287 2446 Si
1317 2390 1461 2445 enim
1492 2390 1693 2462 lapsis,
1718 2398 1779 2445 ut
1803 2390 1878 2445 ait
1906 2390 2102 2446 beatus

508 2483 841 2556 Gregorius,
892 2481 961 2537 ad
1012 2496 1169 2536 suum
1222 2481 1469 2538 ordinem
1518 2482 1828 2539 revertendi
1879 2482 2098 2538 licentia

508 2571 856 2637 concedatur,
925 2570 1083 2643 vigor
1109 2572 1384 2627 canonica:
1411 2572 1600 2643 procul
1626 2572 1793 2629 dubio
1832 2572 2103 2645 frangitur

508 2662 808 2735 disciplina;
830 2704 847 2730 ,
869 2663 997 2719 dum
1019 2680 1116 2736 per
1137 2666 1467 2722 reversionis
1489 2681 1640 2736 spem
1664 2681 1847 2738 pravm
1869 2667 2101 2723 actionis

510 2757 778 2814 desideria
808 2758 1038 2828 quisque
1065 2758 1354 2827 concipere
1382 2773 1490 2812 non
1517 2758 1794 2815 formidat.
1821 2756 1976 2814 Unde
1998 2759 2103 2815 hoc

510 2857 693 2905 ratum
720 2864 946 2905 manere
972 2857 1188 2918 oportet
1209 2857 1269 2904 ut
1296 2849 1348 2904 in
1379 2849 1609 2905 crimine
1647 2849 1868 2920 publico
1894 2849 2099 2920 lapsus,

512 2947 637 2994 ante
660 2950 943 3010 peractam
972 2939 1352 3010 paenitentiam
1384 2938 1437 2994 in
1468 2939 1700 3010 pristino
1729 2939 1902 3011 gradu
1925 2939 2102 2994 nulla-

513 3039 672 3083 tenus
717 3029 1066 3094 restituatur,
1098 3029 1200 3083 nisi
1232 3045 1446 3084 summa
1476 3030 1840 3095 necessitate,
1870 3039 1992 3101 post
2018 3030 2102 3087 di-

511 3134 675 3191 gnam
720 3119 937 3189 quidem
978 3118 1151 3189 longae
1178 3119 1517 3191 poenitentiae
1543 3120 1993 3177 satisfactionem.

2269 1948 2455 2004 XXIII.
2485 1947 2561 2003 De
2584 1960 2887 2004 sanctorum
2912 1949 3281 2020 festivitatibus
3308 1949 3717 2020 transferendis.

2267 2058 2430 2124 Item,
2463 2059 2509 2115 si
2536 2057 2768 2129 alicujus
2797 2058 2974 2114 sancti
3005 2058 3276 2114 festivitas
3305 2058 3360 2113 in
3401 2058 3517 2129 ipsa
3549 2056 3637 2112 die
3669 2071 3785 2112 eve-

2198 2136 2368 2214 nerit,
2412 2149 2467 2205 in
2510 2164 2616 2219 qua
2655 2148 2918 2205 celebrari
2961 2165 3069 2205 non
3112 2149 3312 2220 possit,
3355 2166 3463 2204 non
3509 2159 3668 2215 ante,
3694 2147 3785 2204 sed

2200 2241 2340 2298 infra
2369 2248 2618 2297 octavum
2650 2241 2793 2297 diem
2822 2240 3145 2297 celebretur.

2200 2353 2395 2425 XXIV.
2438 2352 2507 2408 Ut
2546 2354 2787 2425 generale
2824 2355 3114 2424 baptisma,
3146 2356 3248 2409 nisi
3284 2353 3520 2410 Sabbato
3556 2353 3777 2408 Pasclut

2270 2438 2319 2482 et
2353 2424 2711 2492 Pentecastes,
2745 2443 2852 2480 non
2878 2426 2994 2494 ﬁat.
3030 2425 3279 2489 Parvuli,
3307 2441 3624 2495 quocunque
3650 2437 3777 2478 tent-

2274 2512 2400 2568 pore
2421 2497 2674 2568 petierint
2699 2535 2714 2560 ,
2745 2493 3120 2564 baptizentur;
3153 2493 3330 2550 nullus
3356 2496 3412 2550 in
3446 2493 3746 2565 Epiphania
3765 2533 3781 2559 ,

2273 2566 2386 2621 sine
2411 2566 2736 2634 inﬁrmitatis
2768 2568 3097 2621 necessitate.

2279 2679 2449 2745 Item,
2483 2679 2640 2750 juxta
2683 2687 2996 2735 sanctorum
3033 2678 3257 2734 Patrum
3288 2678 3514 2734 decreta
3535 2719 3550 2745 ,
3581 2677 3781 2733 scilicet

2202 2771 2500 2828 Innocentii
2544 2786 2695 2842 papae
2734 2779 2790 2826 et
2830 2771 3062 2837 Leonis,
3106 2772 3400 2827 statuimus
3429 2785 3501 2827 ne
3533 2769 3782 2841 generale

2204 2863 2473 2934 baptisma
2510 2863 2614 2919 nisi
2647 2862 2887 2918 Sabbato
2925 2863 3150 2919 Pascha:
3186 2872 3243 2919 et
3278 2863 3634 2920 Pentecostes
3672 2862 3780 2916 ﬁat.

2206 2953 2322 3011 Hoc
2369 2956 2588 3026 quidem
2641 2965 2889 3023 servato,
2939 2958 3084 3026 quod
3133 2955 3415 3028 parvulis,
3465 2970 3783 3027 quocunque

2206 3056 2486 3119 tempore,
2532 3063 2856 3119 quocunque
2902 3048 2989 3102 die
3032 3048 3324 3118 petierint,
3356 3047 3786 3118 regenerationis

2205 3138 2481 3193 lavacrum
2515 3155 2622 3193 non
2654 3148 2900 3209 negetur.
2931 3138 3126 3209 Vigilia
3158 3138 3242 3193 vel
3272 3139 3359 3194 die
3390 3138 3710 3209 Epiphaniae
3733 3146 3785 3192 ut

440 3230 443 3231 ⁷
508 3216 634 3288 XX.
676 3229 747 3286 Ut
777 3233 1078 3302 episcopus,
1105 3233 1196 3303 qui
1229 3232 1300 3287 ad
1330 3232 1468 3300 lapsi
1512 3233 1891 3304 depositionem
1924 3235 2100 3291 venire
2130 3221 2172 3278 C
2207 3229 2419 3295 nullus,
2451 3229 2555 3284 nisi
2586 3228 2920 3285 infirmitatis
2953 3229 3279 3284 necessitate
3300 3269 3319 3295 ,
3344 3226 3661 3300 baptizetnr
3680 3242 3786 3282 om-

874 3318 978 3356 nun
1005 3313 1198 3373 potest,
1232 3304 1488 3358 vicarium
1519 3305 1717 3358 mittat.

586 3392 718 3448 Item
737 3433 754 3461 ,
781 3394 828 3449 si
861 3394 1059 3465 aliquis
1089 3394 1274 3466 lapsus
1302 3395 1498 3467 dignus
1525 3396 1866 3467 depositione
1914 3412 2102 3468 reper-

518 3491 607 3540 tus
635 3482 831 3550 fuerit,
860 3493 915 3538 et
945 3484 1013 3539 ad
1042 3498 1164 3539 eum
1206 3485 1585 3557 deponendum
1629 3495 1710 3542 tot
1748 3488 2101 3558 coepiscopos

517 3583 651 3647 quot
677 3575 974 3631 auctoritas
1002 3574 1281 3645 postulat,
1312 3577 1523 3634 scilicet
1552 3578 1606 3634 in
1637 3580 1947 3635 sacerdotis
1974 3596 2100 3647 sex,

410 3706 419 3713 ι
519 3666 575 3720 in
605 3664 818 3720 diaconi
846 3666 1180 3736 depositione
1209 3676 1321 3724 tres
1347 3685 1362 3735 ;
1392 3673 1764 3742 unusquisque
1788 3672 1880 3742 qui
1910 3675 2104 3730 adesse

477 3766 631 3813 non
680 3756 919 3827 poterit,
969 3757 1234 3819 vicarium
1284 3773 1442 3816 suum
1489 3776 1615 3816 cum
1645 3778 1743 3817 sua
1774 3763 2103 3819 auctoritate

518 3849 875 3906 transmittat.

2208 3323 2339 3379 nino
2369 3321 2771 3378 interdicimus.

2283 3434 2426 3490 lluic
2456 3433 2693 3490 concilio
2721 3443 3116 3489 consenserunt
3152 3431 3392 3488 Joannes
3429 3429 3790 3501 archiepisco-

2249 3521 2348 3578 us,
2394 3505 2849 3578 Ilotomagensis,
2898 3503 3013 3578 Odo
3052 3502 3430 3578 Bajocensium
3475 3502 3784 3578 episcopus.

2241 3575 2437 3631 Iicltael
2464 3570 2874 3630 Abrincatensis
2895 3576 3213 3644 episcopus,
3243 3572 3592 3629 Gislebertus
3618 3570 3794 3644 Elii-oi-

2211 3648 2395 3721 censis
2437 3647 2754 3721 episcopus,
2782 3654 2837 3701 et
2861 3639 3211 3715 quatnplures
3249 3645 3416 3721 etiam
3447 3639 3790 3721 venerabiles

2212 3718 2439 3771 abhates
2456 3711 2483 3780 ,⁷
2502 3711 2730 3786 quibus,
2760 3731 2826 3769 eo
2868 3711 3111 3784 tempore
3151 3714 3401 3771 cmnobia
3430 3711 3796 3786 ‘Normannia:

2214 3787 2472 3911 noll’iiliter
2518 3783 2827 3856 pollebant,
2872 3794 2929 3841 et
2974 3783 3357 3841 monachicum
3397 3784 3641 3855 rigorem
3682 3796 3787 3837 ser-

2214 3872 2273 3910 va
2316 3872 2381 3911 an
2415 3895 2430 3910 .

2209 3863 2430 3911 vabanl.

1902 3997 3786 4023 WG-

1796 4115 2492 4223 APPENDIX.

1072 4379 1585 4461 MONITUM
1665 4380 1776 4459 IN
1842 4380 2484 4460 OPUSCULUM
2546 4382 3243 4480 SUBSEQUENS.

1512 4516 1687 4591 (Apud
1714 4511 1915 4572 Mabill.
1949 4515 2188 4572 Analect.
2217 4528 2324 4572 vet.
2351 4518 2510 4596 edit.,
2535 4535 2660 4592 pag.
2686 4520 2839 4593 222.)

591 4715 1843 4793 Pontiﬁcum_Rotomagensium_acta_litteris
1885 4720 2161 4777 mandavit
2208 4694 2512 4793 anonymus
2552 4722 2784 4778 ρωποΒῆ
2827 4721 3015 4780 Sancti
3066 4723 3313 4781 Andoeni
3360 4722 3613 4793 ejusdem
3650 4724 3795 4779 urbis

521 4790 848 4861 monachus,
882 4789 949 4844 ad
986 4789 1145 4861 cujus
1186 4788 1581 4861 autograpbum
1613 4790 1729 4846 haec
1770 4792 1939 4861 editio
1966 4800 2157 4846 exacta
2186 4800 2289 4846 est.

2374 4794 2470 4866 i_xit
2497 4795 2543 4849 is
2577 4793 2960 4866 GregorioVII
3002 4794 3287 4866 pontifice,
3325 4793 3542 4866 Joanne
3583 4796 3787 4851 archie-

518 4859 740 4983 piscopo
768 4859 1179 4942 Rotomagensi,
1208 4859 1403 4916 abbate
1419 4859 1744 4944 monasterii
1772 4860 1959 4943 Sancti
1982 4861 2225 4944 Audoenj
2250 4861 2500 4928 Nicolao;
2539 4878 2644 4946 nan
2674 4859 2812 4946 alius
2841 4859 3025 4919 forsan
3053 4881 3215 4935 quam
3240 4863 3536 4921 Fulbertus
3559 4866 3789 4935 ejusdem

539 4943 625 4983 oet
655 4931 961 4983 cmnobtta.
990 4945 1084 4983 aut
1115 4931 1310 4983 Itbrnm
1346 4931 1423 4983 De
1457 4932 1736 4983 miraculis
1766 4941 1938 4983 sancti
1970 4932 2246 4983 Andoem.
2290 4933 2551 4983 hactenus
2579 4936 2870 4983 Illedllllm.
2901 4936 3078 4983 eidem
3112 4935 3334 4983 Nicolan
3374 4936 3563 4983 abbati
3595 4951 3789 4983 nuncu-

539 4929 961 5005 oci_cmnobita,
990 4929 1084 5005 qui
1115 4931 1310 5005 librum
1346 4931 1423 4985 De
1457 4932 1736 5005 miraculis
1766 4932 2255 5005 sanctilindoeni,
2290 4933 2551 5005 hactenus
2579 4934 2870 5005 iueditum,
2901 4929 3088 4990 eidcm'
3111 4935 3334 4991 Nieolao
3374 4936 3563 5005 abbati
3589 4929 3790 4990 huncn-

517 4999 699 5071 pavit;
733 4999 1262 5074 aut_'I‘lteodericus,_
1281 5017 1310 5055 a
1338 5017 1445 5072 quo
1474 5002 1646 5074 sancti
1670 5002 1914 5074 Audoeni
1946 5003 2064 5074 Vita
2100 5001 2323 5074 metrica
2352 5001 2573 5074 Nicolao
2594 5004 2779 5059 itidem
2811 5005 3070 5074 inscripta
3099 5016 3202 5059 est.
3231 5007 3329 5061 llis
3352 5005 3493 5061 actis
3523 4999 3790 5061 uberiores

519 5068 681 5145 notas
709 5068 979 5145 subjicere
1006 5072 1333 5145 supersedeo
1346 5068 1371 5145 ρ’
1384 5088 1511 5145 eum
1540 5073 1678 5127 satis
1709 5072 1974 5128 illustrata
2007 5073 2078 5126 sit
2107 5071 2585 5145 Rotomagensium
2610 5074 2899 5144 praesulum
2929 5068 3188 5139 historia,
3221 5091 3385 5145 quam
3419 5087 3611 5131 noster
3637 5076 3791 5130 Frano

518 5140 699 5215 eiscus
735 5138 1309 5215 Po’meraius'Gallico
1342 5142 1602 5215 idiomate
1645 5150 1770 5215 ante
1808 5155 2011 5215 paucos
2047 5156 2220 5215 annos
2260 5138 2472 5196 eru'dite
2513 5151 2569 5198 et
2607 5138 2860 5215 accurate
2908 5138 3254 5215 composuit;
3285 5160 3420 5202 usus
3456 5147 3786 5215 superiorum

514 5209 798 5294 aeternam
821 5209 1087 5279 lectione,
1130 5226 1255 5293 quae
1298 5211 1466 5282 ipsius
1508 5211 1751 5294 historiae
1786 5209 2125 5294 probationis
2170 5210 2287 5266 loco
2321 5226 2442 5294 esse
2477 5222 2749 5294 poterunt.
2784 5214 2882 5294 Hic
2924 5209 3561 5294 dupltautumnohservgi.
3599 5214 3787 5294 Quum,

516 5278 1124 5380 it.‘s.'..‘.‘.?:°:t?a‘:':§?§
1142 5278 1911 5380 ;?.t*:?"22:223.'."m.‘3(£ii
1930 5278 3029 5380 etiileﬁ':mellissa;Sami.
3047 5285 3221 5356 λίθεηί
3256 5286 3366 5380 ίέιίο
3383 5326 3398 5349 ν
3418 5285 3593 5380 frias
3619 5286 3787 5380 “te:

516 5348 798 5380 “n't'n:nuio
830 5348 1110 5380 All:n‘nnrnunn
1142 5348 1305 5380 Aa‘—:.‘:I
1350 5348 1605 5380 -t\-Im1'nn|
1631 5366 1759 5380 ιὶΛΙΙΙι

1942 5365 2162 5380 ιιι-Μηηη

2260 5350 2405 5380 :I‘Inn
2432 5353 2864 5380 n-n's:nn:nnnnnn
2892 5353 2929 5380 ί)
2942 5365 3254 5380 ...ΑΜ-.-Διαι-
