3938 5380
168 217 303 272 273

1333 229 1512 285 ACTA
1553 229 1981 287 ARCIIIEPISC.
2020 231 2375 290 ROTOMAG.

3369 230 3478 287 214

191 340 3475 380 MM

726 440 987 538 ACTA
1063 443 2053 544 ARCHIEPISCOPORUM
2111 442 2978 544 ROTOMAGENSIUM.

262 598 463 656 Galliae
513 601 807 670 provincia:
849 613 976 658 sunt
1015 605 1203 661 decem
1248 617 1304 663 et
1343 618 1506 664 octo:
1559 627 1788 681 quarunt
1818 622 1864 675 Α

183 707 307 746 una
358 693 544 749 existit
587 694 996 765 Lugdunensis,
1057 713 1178 768 qua:
1242 711 1470 757 vocatur
1515 704 1784 767 secunda,

182 784 248 836 in
291 799 408 854 qua
454 797 539 842 est
583 787 777 842 nobilis
818 798 874 844 et
917 791 1091 861 ampla
1138 791 1361 856 civitas,
1411 808 1530 864 qua:
1567 804 1792 849 vocatur

154 875 487 934 -Rodomus
528 881 608 934 vel
657 880 1017 953 Rotomagus,
1058 901 1223 956 super
1267 885 1487 942 ﬂuvium
1528 887 1793 958 Sequanae

182 970 329 1022 s‘tt.
396 967 568 1039 Hujus
615 972 851 1026 civitatis
900 973 1127 1031 ecclesia
1175 977 1230 1031 in
1275 977 1481 1035 honore
1525 979 1694 1034 beatae
1737 989 1793 1036 ct

185 1059 454 1128 gloriosa:
501 1063 591 1118 Dei
638 1064 932 1122 Geuitricis
976 1083 1192 1138 semper
1236 1070 1461 1141 virginis
1501 1071 1682 1126 Mariae
1711 1082 1795 1128 est

187 1163 548 1208 consecrata.
583 1153 707 1210 Haec
734 1172 864 1210 vero
891 1169 974 1212 est
1005 1161 1319 1230 metropolis
1348 1177 1364 1216 :
1398 1177 1493 1218 sex
1523 1164 1670 1218 enim
1693 1165 1795 1219 sub

188 1259 254 1299 se
287 1243 545 1321 civitates
573 1247 906 1318 episcopales
935 1251 1200 1316 continet,
1225 1253 1434 1309 scilicet
1465 1254 1692 1324 primam
1718 1255 1796 1310 ci-

189 1332 428 1389 vitatem
485 1335 891 1404 Bajocatarum,
938 1341 1231 1397 secundam
1279 1343 1551 1400 civitatem
1598 1345 1798 1400 Abrin-

192 1435 489 1488 mtarum,
525 1437 737 1482 tertiam
779 1430 1053 1485 civitatem
1087 1432 1468 1502 Evatinorum,
1505 1451 1625 1505 qua:
1659 1415 1793 1491 dici;

195 1530 292 1572 tur
352 1519 649 1586 libroicas;
709 1532 961 1591 quartam
1019 1523 1294 1580 civitatem
1354 1525 1612 1581 Salanum
1677 1542 1799 1598 qua

192 1619 435 1668 vocatur
483 1611 738 1683 Sagium;
788 1615 1031 1684 quintam
1076 1618 1351 1674 civitatem
1404 1618 1797 1687 Lexoviorum,

199 1715 416 1760 sextam
434 1707 712 1762 civitatem
737 1707 1241 1765 Constantiuormn.

273 1797 334 1852 ln
362 1796 589 1867 prazfata
625 1799 843 1856 civitate
874 1801 1508 1874 liotontagensi'exstitit
1548 1803 1801 1876 egregius

196 1887 472 1944 )ltllouus
519 1890 573 1944 in
619 1890 808 1945 ordine
849 1890 1075 1959 primus.
1124 1891 1422 1948 Nonnullos
1469 1894 1661 1948 horum
1705 1909 1800 1964 po-

133 2024 136 2026 ν
197 1982 245 2034 si
276 1981 334 2036 io
373 1983 662 2038 verborum
685 1987 964 2054 pertubat,
999 2001 1105 2040 non
1132 1986 1266 2042 satis
1296 1986 1486 2043 idonee
1513 1987 1799 2058 speculan-

204 2083 322 2139 tes,
361 2077 618 2144 quoniam
650 2093 836 2132 eorum
871 2077 1036 2143 velle,
1078 2079 1282 2135 scilicet
1311 2080 1683 2136 beatissimum
1711 2079 1804 2137 Ni-

202 2169 418 2238 gtsium
477 2169 882 2238 prteuomiuatze
933 2171 1170 2227 civitatis
1217 2173 1450 2241 primum
1503 2173 1802 2227 antistitem

202 2259 507 2321 exstitisse,
533 2259 836 2315 nullatenus
861 2261 961 2316 bac
983 2276 1042 2316 re
1079 2272 1367 2332 pugnatur,
1397 2263 1441 2317 si
1467 2263 1804 2332 expositione

203 2352 746 2422 qumttulumcuuquc
795 2354 978 2409 subtili
1008 2354 1283 2409 l'ulciatur.
1314 2354 1610 2409 Attendant
1641 2354 1804 2424 igitur

206 2456 320 2498 tam
354 2445 539 2500 clerici
569 2461 730 2515 quam
765 2446 1011 2502 monachi
1053 2461 1122 2501 ne
1155 2457 1372 2511 errent,
1405 2446 1638 2516 qualiter
1670 2447 1804 2501 serio

206 2549 400 2610 pun-as
455 2541 821 2610 perspicacius
885 2542 1236 2611 indagantes,
1295 2549 1584 2610 utrumque
1645 2555 1804 2609 posse

207 2631 359 2685 haud
412 2631 858 2688 iuconvenienter
916 2643 1065 2688 stare
1119 2633 1436 2704 dijudiceut.
1501 2619 1800 2697 Deceuter,

209 2723 469 2790 inquam,
515 2724 800 2794 inquiunt,
842 2727 933 2795 qui
965 2726 1254 2781 Mallonum
1292 2726 1345 2780 in
1380 2726 1509 2781 sede
1543 2724 1804 2780 Rotoma-

208 2816 362 2885 gensi
417 2814 587 2872 fuisse
632 2819 864 2887 primum
916 2829 1187 2874 aSseruut.
1240 2817 1429 2874 Nullus
1483 2818 1627 2872 enim
1677 2832 1802 2872 eum

209 2907 456 2975 pneivit,
519 2921 781 2977 quantum
840 2911 907 2964 ad
973 2910 1468 2981 archiepiscopatus
1530 2909 1806 2966 usumfru-

211 3008 358 3053 ctum
388 3017 403 3053 :
445 3015 547 3054 nec
582 3011 758 3054 tamen
792 3001 931 3055 male
967 3001 1296 3070 pra-dicant,
1335 3000 1427 3070 qui
1465 2998 1679 3054 beatum
1711 2998 1805 3054 Ni-

213 3091 424 3158 gasium
463 3091 708 3158 ejusdem
766 3076 911 3146 sedis
963 3093 1429 3162 archiepiscopum
1479 3091 1647 3148 fuisse
1691 3091 1796 3162 pri-

215 3199 364 3238 mum
399 3185 774 3255 comprobant.
805 3184 1144 3254 Quippejam
1173 3202 1278 3240 non
1309 3185 1496 3255 paucis
1537 3200 1663 3240 reor
1691 3199 1804 3238 ma-

214 3277 529 3330 nifestatum
559 3293 710 3339 esse,
742 3277 883 3330 hunc
906 3275 1092 3331 Roma:
1118 3293 1146 3331 a
1179 3278 1337 3332 beato
1367 3291 1501 3347 papa
1523 3275 1803 3332 Clemente

1963 608 2236 664 Mactabat
2271 608 2495 663 Dotuino
2520 624 2578 664 se
2607 625 2821 678 se'uper
2845 623 3000 662 sacra
3032 606 3237 661 litando
3261 645 3278 670 ,

1964 701 2284 771 Perpetuam
2318 715 2505 770 pacem
2544 699 2842 768 deposcens
2869 708 3033 770 atque
3059 697 3312 753 salutem.

1965 792 2036 848 Ut
2065 795 2262 848 charos
2293 793 2519 856 fratres,
2555 792 2806 846 servabat
2837 791 3067 846 dulciter
3093 790 3299 844 hostes.

1965 886 2064 942 llic
2092 886 2310 941 humilis
2330 928 2342 951 ,
2369 885 2609 948 sobrius,
2646 900 2851 939 necnon
2876 894 2930 939 et
2951 884 3112 938 corde
3134 883 3380 953 pudicus.

1966 982 2230 1037 Sardibus
2257 979 2540 1044 immunis,
2575 978 2834 1032 virtutum
2868 977 3113 1049 lampade
3142 976 3310 1032 fulsit.

1893 1073 2040 1132 Obiit
2075 1075 2128 1129 in
2154 1071 2372 1128 Christo
2401 1087 2433 1126 χ
2461 1071 2731 1126 Kalendas
2762 1069 3100 1126 Novembris.

1966 1166 2132 1222 Beato
2162 1181 2292 1222 vero
2316 1163 2549 1220 Mallono
2577 1163 2891 1218 Avidiamus
2917 1163 3212 1229 successit,
3246 1163 3336 1233 qui
3381 1162 3482 1218 sub

1896 1259 2055 1315 beato
2081 1272 2218 1329 papa
2245 1256 2506 1312 Silvestro
2536 1263 2591 1310 et
2615 1253 2970 1311 Constantino
2991 1254 3316 1324 imperatore
3347 1268 3486 1324 pra}.

1899 1351 2062 1407 fatam
2095 1352 2234 1408 rexit
2265 1347 2584 1406 Ecclesiant.
2615 1348 2666 1404 Is
2701 1361 2832 1403 vero
2861 1348 3096 1417 prudens
3133 1356 3187 1403 et
3228 1356 3484 1403 strenuus

1899 1451 2083 1512 pastor
2116 1441 2216 1496 fuit
2237 1441 2289 1494 in
2318 1439 2538 1510 populo,
2571 1439 2662 1509 qui
2692 1437 2995 1493 Arelatensi
3020 1437 3253 1493 concilio
3281 1418 3484 1506 primo:

1898 1534 2042 1605 quod
2084 1533 2272 1588 eodem
2323 1542 2566 1602 tempore
2610 1546 2719 1600 quo
2765 1528 2982 1584 Nicaena
3018 1528 3255 1599 synodus
3299 1525 3484 1582 habita
3568 1585 3570 1588 ,

1899 1637 2008 1693 est,
2039 1633 2422 1696 congregatum
2456 1624 2508 1678 in
2536 1622 2835 1678 canonibus
2877 1620 3180 1684 invenitur,
3212 1633 3336 1675 cum
3367 1615 3486 1670 Ma-

1901 1728 2055 1773 terno
2107 1717 2413 1773 Coloniensi
2470 1717 2723 1785 episcOpo
2773 1712 3035 1768 interfuit.
3085 1709 3210 1766 Fuit
3252 1720 3490 1778 namque

1901 1809 1989 1863 hic
2023 1808 2215 1864 beatus
2242 1805 2484 1878 pontifex
2525 1803 2747 1875 ingenio
2782 1802 3016 1872 probus,
3047 1799 3321 1862 moribus,
3356 1797 3492 1852 insi-

1900 1899 2043 1969 guis,
2074 1898 2412 1954 subditorum
2443 1895 2544 1951 sibi
2573 1893 2731 1950 saluti
2757 1891 3032 1964 providus.
3063 1889 3199 1944 lluic
3225 1887 3492 1944 successit

1833 1999 1877 2060 Β
1908 1989 2176 2054 Severus,
2233 1989 2434 2044 Severo
2478 1984 2774 2050 Eusebius,
2825 1982 3057 2039 Eusebio
3115 1979 3489 2046 Marcellinus,

1904 2081 2217 2136 Marcellino
2241 2079 2456 2143 Petrus,
2487 2078 2651 2133 Petro
2674 2077 2985 2132 Victricius.

1973 2173 2099 2230 Fuit
2132 2187 2262 2229 vero
2303 2173 2392 2228 hic
2420 2172 2473 2226 in
2518 2170 2683 2243 regali
2724 2171 2874 2225 curia
2906 2165 3141 2222 nutritus
3166 2179 3290 2220 cum
3331 2163 3492 2218 beato

1901 2268 2218 2324 Innocentio
2268 2281 2440 2338 papa,
2487 2274 2548 2320 ut
2589 2265 2644 2320 in
2690 2265 2934 2334 ejusdem
2971 2277 3122 2333 papa:
3151 2258 3378 2331 epistola
3422 2259 3490 2313 de

1903 2361 2153 2418 castitate
2190 2357 2561 2415 conservanda
2607 2367 2663 2413 et
2703 2357 2827 2412 aliis
2870 2355 3132 2411 institutis
3170 2352 3492 2409 Christianae

1906 2453 2196 2526 religionis,
2225 2451 2400 2508 eidem
2421 2449 2678 2506 Victricio
2697 2449 2885 2514 missa,
2911 2446 3203 2502 invenitur.
3235 2444 3324 2497 Ait
3343 2442 3490 2496 enim

1904 2549 2044 2604 inter
2071 2556 2268 2602 caetera
2294 2561 2312 2601 :
2343 2544 2614 2599 Prteterea
2655 2541 2970 2613 frequenter
3010 2539 3228 2610 quidam
3265 2552 3332 2591 ex
3378 2534 3490 2588 fra-

1903 2641 2079 2695 tribus
2111 2639 2314 2694 nostris
2336 2635 2598 2701 curiales,
2627 2633 2712 2688 vel
2736 2631 3068 2702 quibuslibet
3105 2628 3336 2700 publicis
3369 2626 3492 2680 fun-

1903 2729 2176 2786 ctionibus
2219 2735 2545 2798 occupatos,
2601 2724 2831 2779 clericos
2878 2721 3061 2777 facere
3107 2717 3482 2775 contendunt:

1903 2819 2099 2890 quibus
2144 2822 2329 2889 postea
2377 2814 2550 2886 major
2598 2813 2819 2869 tristitia
2863 2827 2986 2868 cum
3043 2811 3110 2865 de
3168 2805 3492 2864 revocandis

1903 2914 1982 2968 eis
2014 2910 2216 2981 aliquid
2258 2909 2327 2964 ab
2360 2908 2690 2978 imperatore
2729 2905 3071 2976 przecipitur,
3112 2917 3274 2973 quam
3314 2901 3490 2971 gratia

1904 3004 2159 3058 nascitur.
2205 3000 2290 3057 Sit
2335 3009 2482 3056 certe
2508 2999 2562 3055 in
2608 2998 2916 3068 exemplum
2962 2995 3268 3052 sollicitudo
3299 3002 3355 3046 et
3393 2991 3491 3044 tri-

1904 3097 2051 3152 stitia
2081 3096 2340 3159 fratrum,
2388 3108 2552 3162 quam
2598 3106 2740 3158 saepe
2788 3088 3111 3160 pertulimus
3161 3087 3492 3156 imperatore

1905 3197 2205 3259 praesente,
2257 3202 2380 3241 cum
2429 3201 2526 3256 pro
2575 3184 2706 3255 ipsis
2752 3181 2902 3253 prius
2949 3195 3296 3251 rogaremus,
3343 3176 3489 3246 quod

1904 3281 2019 3350 ipse
2047 3279 2326 3334 nobiscum
2358 3277 2565 3347 positus
2587 3273 2908 3344 cognovisti.
2947 3270 3154 3339 Quibus
3178 3284 3284 3323 non
3316 3266 3492 3323 solum

218 3365 701 3438 Rotomagensium
748 3363 897 3424 urbis
940 3369 1238 3424 antistitem
1283 3369 1588 3424 ordinatum
1635 3366 1802 3423 fuisse
1830 3361 1874 3420 C
1906 3371 2192 3427 inferiores
2229 3369 2414 3424 clerici
2453 3383 2516 3422 ex
2547 3364 2868 3429 curialibus,
2893 3376 3082 3416 verum
3111 3359 3276 3415 etiam
3317 3357 3370 3411 iu
3403 3373 3492 3410 sa-

221 3462 456 3515 noudutu
493 3463 628 3531 jugo
667 3461 918 3530 pastorali
954 3461 1249 3531 cuiuspiam
1281 3461 1546 3516 obnoxiae.
1585 3459 1696 3514 Nec
1721 3466 1807 3515 est

220 3548 504 3615 frivolum,
548 3554 644 3607 sel
676 3551 890 3607 firmum
921 3562 974 3606 et
1001 3563 1211 3616 ratum,
1244 3562 1399 3621 prout
1437 3567 1534 3606 sua
1575 3560 1808 3606 testatur

221 3640 430 3710 passio,
478 3657 602 3695 cum
650 3641 807 3696 beato
833 3641 1097 3698 sociatum
1129 3643 1418 3714 Dionysio,
1450 3641 1806 3711 permissione

221 3731 513 3785 Clementis
540 3747 694 3803 papze
725 3733 867 3788 hunc
893 3735 1141 3789 emudem
1173 3735 1240 3787 ad
1261 3747 1387 3789 oras
1415 3732 1650 3790 Gallicas
1676 3747 1808 3787 con-

224 3823 454 3879 descend
476 3840 596 3890 sse;
638 3833 694 3879 ct
721 3825 1039 3896 priusquam
1073 3827 1139 3880 ad
1175 3842 1352 3894 suam,
1386 3842 1546 3896 quam
1585 3825 1806 3890 Roiuaz,

208 3916 362 3988 _sicut
417 3918 678 3982 diximus,
707 3927 1016 3988 acceperat,
1058 3921 1241 3974 sedem
1273 3930 1454 3990 posset
1484 3920 1802 3989 pervenire;

227 4007 547 4078 Intrlyl‘lllm
601 4017 850 4065 truncato
897 4011 1103 4080 capite,
1161 4021 1340 4067 tamen
1386 4012 1614 4067 vicinius
1661 4013 1810 4067 circa

229 4098 360 4153 lines
387 4097 844 4156 Nortbmannicos
877 4117 1000 4156 cum
1031 4103 1258 4170 Quirino
1290 4112 1346 4158 et
1372 4102 1660 4159 Scuviculo
1688 4117 1812 4172 per-

231 4190 431 4244 tulisse.
460 4193 579 4258 Quo
607 4191 662 4245 fit
687 4200 746 4247 ut
774 4194 840 4247 de
871 4203 1119 4264 utroque,
1155 4195 1249 4250 sed
1276 4194 1382 4249 alio
1406 4203 1461 4250 ct
1489 4194 1596 4248 alio
1625 4194 1807 4258 modo,

229 4295 351 4333 vera
404 4282 787 4349 praedicatione
834 4285 1160 4352 praedicetur
1199 4285 1433 4354 primus,
1483 4285 1550 4340 de
1591 4284 1811 4353 Nigasio

231 4371 441 4438 quidem
472 4372 770 4426 secundum
791 4373 1187 4428 ordinationem
1214 4392 1227 4434 ;
1263 4375 1327 4428 de
1360 4373 1589 4429 Mallono
1620 4389 1806 4430 secun-

229 4461 352 4515 dum
391 4461 494 4516 loci
537 4463 1007 4518 inhabitationem.
1052 4463 1121 4519 Ut
1165 4465 1244 4519 sic
1286 4466 1517 4529 dicatur,
1561 4463 1815 4536 Nigasius

230 4551 324 4606 fuit
357 4550 773 4624 Rototnagensis
813 4551 964 4608 urbis
990 4554 1218 4609 antistes
1248 4555 1454 4622 primus
1481 4553 1770 4609 ordinatus
1795 4570 1809 4607 :

227 4652 278 4735 at
307 4641 566 4699 Mallonus
607 4643 709 4698 fuit
743 4643 950 4712 primus
979 4645 1033 4699 in
1073 4646 1203 4701 sede
1236 4645 1459 4701 locatus.

296 4778 384 4836 Sic
413 4781 459 4835 is
491 4797 598 4836 non
631 4797 824 4837 versus
849 4783 1044 4851 poterit
1074 4781 1375 4837 consistere
1401 4796 1612 4836 versus.

295 4933 513 4989 Exslitit
540 4935 795 5006 egregius
816 4932 1079 4991 Mallonus
1118 4935 1172 4989 in
1201 4938 1392 4990 ordine
1419 4937 1647 5006 primus,

292 5027 528 5081 Moribus
551 5038 799 5092 ornatus,
829 5021 977 5082 clara
1018 5043 1234 5098 quoque
1265 5032 1437 5098 stirpe
1465 5040 1701 5087 creatus.

295 5120 500 5175 Enituit
529 5121 731 5183 verbis,
761 5118 1024 5188 pne-fulsit
1052 5131 1106 5176 et
1131 5122 1341 5177 actibus
1367 5121 1525 5176 almis
1553 5140 1565 5174 :

295 5211 526 5272 Daczili:
556 5213 609 5266 Ea
638 5211 889 5272 cunctis,
918 5210 1151 5267 clemens
1182 5224 1236 5266 et
1262 5214 1444 5272 largus
1472 5213 1677 5272 egenis.

1907 3464 2206 3521 cet-dolium
2242 3459 2549 3524 constituti,
2585 3457 2786 3530 ingenti
2818 3455 3064 3511 molestia
3108 3463 3168 3509 ut
3206 3453 3496 3508 redderen-

1909 3565 1999 3611 tur
2049 3555 2310 3610 instabat.
2369 3553 2499 3606 Erat
2535 3551 2684 3606 enim
2729 3558 2915 3620 pastor
2960 3545 3382 3618 gloriosissimus
3436 3543 3492 3595 in

1909 3646 2299 3720 persequendis
2334 3643 2519 3715 populi
2565 3642 2886 3698 criminibus
2926 3637 3153 3710 rigidus,
3203 3636 3491 3692 viduarum

1908 3748 1964 3794 et
2008 3738 2375 3808 orphanorum
2427 3743 2583 3804 pater
2620 3732 2970 3796 mitissimus,
3018 3729 3330 3785 misericors
3358 3742 3493 3795 pau-

1907 3829 2162 3899 peribus,
2195 3826 2410 3882 cunctis
2440 3824 2775 3894 compatiens
2809 3821 3041 3875 infirmis
3087 3827 3140 3872 et
3163 3818 3490 3874 dolentibus.

1981 3920 2079 3975 Cui
2137 3917 2398 3973 successit
2451 3913 2837 3976 Innocentius,
2897 3911 3209 3964 Innocentio
3274 3918 3498 3963 sanctus

1910 4017 2150 4081 Evodus,
2189 4015 2372 4070 Evodo
2403 4012 2686 4076 Silvester,
2720 4010 2984 4066 Silvestro
3009 4007 3317 4073 Malsonus,
3362 4006 3496 4060 Mal-

1912 4125 2046 4165 sono
2073 4107 2379 4163 Germanus
2399 4147 2414 4171 ,
2446 4103 2718 4160 Germano
2755 4101 3131 4162 Crescentius,
3160 4097 3500 4170 ‘Crescetttio

1913 4217 2042 4256 vero
2067 4199 2257 4256 beatus
2277 4196 2593 4259 Gildardus,
2625 4195 2794 4248 frater
2821 4191 2964 4246 beati
2991 4189 3496 4258 Medardi,quorutn

1913 4294 2084 4346 vitam
2132 4288 2424 4361 magnifico
2453 4285 2594 4357 stylo
2637 4286 2832 4340 beatus
2890 4281 3222 4337 Fortunatus
3275 4279 3501 4349 scripsit

1915 4384 2032 4440 Una
2065 4385 2209 4440 enim
2237 4383 2326 4437 die
2350 4381 2464 4436 nati
2487 4382 2737 4442 fuerunt,
2777 4391 2884 4431 una
2911 4375 3075 4430 etiam
3112 4375 3197 4430 die
3227 4371 3499 4438 ordinati,

1917 4493 2021 4531 una
2049 4489 2264 4543 quoque
2295 4471 2384 4528 die
2415 4472 2787 4541 migraverunt
2819 4468 2884 4522 ad
2913 4466 3210 4522 Christum.

1985 4569 2245 4626 Gildardo
2287 4567 2548 4623 successit
2591 4565 2783 4619 beatus
2830 4561 3070 4622 Flavius.
3093 4558 3247 4629 cujus
3289 4557 3507 4630 pontiﬁ-

1918 4672 2072 4720 catus
2094 4672 2336 4732 tempore
2358 4666 2668 4714 constructa
2690 4662 2776 4712 est
2797 4653 3027 4709 ecclesia
3055 4653 3108 4708 in
3132 4654 3337 4708 honore
3360 4649 3505 4705 beati

1918 4757 2063 4812 Petri
2091 4754 2321 4826 apostoli
2353 4753 2406 4807 itt
2439 4752 2697 4808 suburbio
2723 4747 2875 4803 urbis
2899 4745 3338 4816 Rotomagensis,
3364 4756 3509 4798 anno

1916 4849 2093 4921 primo
2136 4847 2398 4904 Clotbarii
2446 4843 2588 4914 regis
2637 4843 3000 4905 Francorum,
3041 4837 3294 4894 nobiliter
3336 4832 3510 4890 ωᾱίιὶσε

1918 4951 2072 5008 cata,
2115 4942 2168 4996 in
2207 4955 2316 5011 qua
2356 4952 2555 5006 corpus
2593 4935 2737 4991 beati
2775 4931 3021 4987 Audoeni
3057 4928 3389 4987 successoris
3427 4923 3514 5000 siti

1918 5033 2208 5101 sepultura:
2263 5031 2519 5084 traditum
2569 5036 2675 5083 est.
2735 5025 2832 5080 Hic
2877 5037 3009 5077 vero
3060 5023 3250 5077 beatus
3296 5016 3518 5072 Flavius

1921 5140 2064 5178 anno
2093 5121 2598 5195 quingentesimo...
2634 5116 2927 5174 Dominicte
2956 5110 3350 5170 lncarnationis
3379 5107 3523 5163 mul-

1921 5216 1990 5269 tis
2038 5217 2334 5271 virtutibus
2383 5211 2683 5272 uneditus,
2735 5209 2902 5266 divini
2951 5209 3156 5264 amoris
3230 5197 3522 5272 ﬂagrantia
