3938 5380
473 373 582 427 2Ἱ5

1424 373 1718 432 APPEND.
1753 375 1848 434 AD
1876 374 2201 460 JOANNI‘EM
2255 374 2850 434 ROTOMAGENSEM.

3634 376 3754 431 276

476 482 715 539 delitatis
752 500 875 540 cum
914 484 1267 556 Fredegunde
1312 485 1477 557 impia
1522 503 1690 544 uxore
1729 505 1828 545 sua
1853 490 2059 563 ingenti
2087 496 2134 552 Α
2162 490 2528 557 Ranilandus,
2568 492 2652 546 vir
2684 490 3004 547 venerabilis
3030 498 3084 545 et
3118 489 3398 545 honestus.
3445 487 3763 543 Ranilando

474 585 668 632 contra
690 576 1000 645 pontiﬁcem
1025 577 1149 634 odio
1173 579 1398 633 exarsit.
1427 578 1603 634 Causa
1630 596 1762 639 vero
1787 581 1897 637 odii
1926 582 2065 637 nihil

475 667 623 723 aliud
667 668 771 723 fuit
806 669 911 724 nisi
957 670 1081 739 quia
1129 667 1355 726 fratrem
1401 684 1560 725 suum
1600 670 1930 743 Sigibertum
1971 688 2062 729 re-

472 774 619 830 gem,
652 760 744 832 qui
781 759 973 815 fraude
1003 759 1294 829 Cbilperici
1323 761 1539 818 occisus
1566 761 1688 829 fuit,
1719 763 1951 818 multum
1980 763 2064 818 di-

475 852 711 917 lexerat,
736 861 792 909 et
812 852 1056 909 eamdem
1082 854 1426 909 dilectionem
1448 855 1795 913 Childeberto
1820 857 1927 913 ﬁlio
1949 855 2067 925 ejus

474 954 530 997 et
560 944 721 1019 matri
752 944 1087 1000 Brunichildi
1126 945 1399 1001 servabat.
1433 946 1545 1001 Hac
1588 947 1656 1002 de
1700 963 1864 1003 causa
1893 948 2066 1005 iratus

474 1038 814 1112 Chilperieus
849 1040 951 1095 sibi
990 1039 1315 1095 calumniam
1353 1040 1638 1109 imposuit,
1678 1042 1889 1098 scilicet
1916 1043 2061 1113 quod

477 1150 728 1205 magnam
759 1141 970 1205 partem
1004 1134 1243 1189 thesauri
1303 1133 1493 1190 fratris
1525 1136 1608 1190 sui
1638 1134 1894 1207 Sigiberti
1923 1136 2065 1207 apud

475 1241 538 1283 se
568 1225 902 1280 reconditam
933 1226 1216 1290 habuerat,
1245 1242 1407 1296 quam
1438 1236 1722 1298 postquam
1753 1227 2068 1285 Childeber-

477 1326 568 1379 ius
596 1334 765 1391 nepos
789 1319 906 1390 ejus
935 1318 1083 1373 litem
1111 1328 1300 1374 contra
1327 1335 1450 1375 eum
1480 1320 1707 1386 inierat,
1740 1321 1789 1376 ei
1823 1321 2069 1377 reddide-

477 1424 585 1470 rat.
618 1414 744 1470 ldeo
782 1414 835 1469 in
867 1422 1081 1468 tantum
1112 1424 1431 1483 persecutus
1460 1422 1544 1470 est
1574 1430 1730 1481 eum,
1763 1416 1909 1484 quod
1943 1430 2067 1471 eum

476 1506 547 1560 ab
588 1508 904 1576 episcopatu
949 1504 1268 1560 destitutum
1314 1505 1550 1575 expulit,
1586 1513 1639 1561 et
1678 1505 1732 1561 in
1774 1506 2068 1577 quamdam

476 1601 710 1656 insulam
746 1601 799 1655 in
837 1599 1278 1656 Constantinensi
1306 1614 1445 1670 pago
1470 1599 1520 1654 in
1551 1600 1688 1655 mari
1720 1600 1881 1655 sitam
1910 1615 2071 1654 exsu-

479 1693 651 1756 lavit,
706 1702 761 1747 et
810 1692 864 1746 in
923 1691 1044 1748 loco
1092 1691 1210 1761 ejus
1255 1690 1569 1747 Melantium
1622 1692 2071 1747 archidiaconum

479 1784 792 1854 episcopum
816 1782 1057 1837 ordinari
1087 1780 1237 1838 fecit.
1270 1781 1458 1838 Modus
1483 1783 1819 1853 expulsionis
1846 1799 1960 1839 sua:
1992 1795 2072 1840 ta-

2165 595 2387 640 sanctus
2418 584 2599 655 Hugo,
2629 585 2719 655 qui
2752 583 3076 640 venerabilis
3106 584 3231 639 vitae
3265 590 3318 637 et
3346 598 3559 652 magna:
3587 582 3762 637 hone-

2164 678 2322 732 statis
2353 674 2478 738 fuit,
2509 685 2567 729 ut
2600 676 2703 729 vita
2745 674 2862 744 ejus
2894 683 3143 731 testatur.
3179 671 3393 744 Hugoni
3426 668 3760 739 Ratbcrtus,

2163 767 2249 820 vir
2279 765 2513 837 prudens
2542 774 2597 821 et
2639 773 2912 820 strenuus.
2945 764 3205 819 Ratherto
3231 763 3441 819 Grimo.
3479 761 3579 816 Hic
3606 778 3765 816 nam-

2164 874 2270 930 que
2298 858 2381 913 vir
2415 872 2623 927 magna;
2657 856 2955 912 nobilitatis
2987 866 3043 911 et
3066 856 3354 931 probitatis
3389 855 3630 919 exstitit,
3658 869 3763 923 po-

2163 950 2458 1024 pulumque
2504 950 2603 1005 sibi
2654 950 2921 1006 creditum
2974 958 3082 1004 tam
3130 950 3394 1005 bonorum
3444 946 3708 1015 exemplis
3740 985 3763 1011 ,

2165 1057 2325 1112 quam
2351 1041 2823 1111 praedicationibus
2847 1041 3053 1111 Optime
3070 1040 3411 1111 gubernavit,
3438 1038 3765 1093 ecclesiam-

2167 1150 2272 1207 que
2302 1146 2500 1190 sancta:
2530 1135 2624 1190 Dei
2653 1133 2945 1190 Genitricis
2978 1133 3190 1198 Mariae,
3236 1132 3389 1201 cujus
3418 1133 3536 1188 sedi
3566 1146 3764 1201 praese-

2168 1227 2345 1290 derat,
2370 1225 2599 1296 propriis
2621 1224 2835 1295 praediis
2856 1239 2919 1279 ac
2942 1223 3183 1294 pluribus
3207 1222 3488 1279 beneﬁciis
3508 1237 3766 1291 augmen-

2169 1320 2324 1374 tavit.
2352 1317 2625 1373 Fontanus
2648 1318 2791 1373 enim
2815 1332 2977 1385 super
2997 1316 3217 1370 ﬂuvium
3246 1312 3453 1370 ltonam
3478 1314 3616 1368 sitas
3637 1329 3763 1369 cum

2168 1412 2421 1467 omnibus
2463 1411 2576 1466 suis
2616 1408 2945 1479 appendiciis
2988 1409 3153 1463 dedit.
3204 1406 3450 1464 Grimoni
3499 1407 3767 1485 successit

2169 1504 2527 1570 Rainfredus,
2554 1503 2640 1558 vir
2674 1502 2836 1558 nobili
2878 1500 3132 1572 progenie
3157 1510 3337 1566 ortus,
3365 1510 3421 1555 et
3453 1499 3763 1554 litterarum

2171 1596 2366 1652 studiis
2412 1596 2680 1663 imbutus,
2729 1594 2821 1665 qui
2865 1592 3151 1649 ecclesiam
3199 1592 3437 1662 propriis
3482 1590 3771 1646 beneﬁciis

2174 1686 2560 1758 augmentavit.
2603 1685 2760 1742 Dedit
2798 1685 2943 1741 enim
2974 1685 3023 1739 ei
3062 1684 3116 1739 in
3153 1683 3427 1739 territorio
3462 1682 3767 1738 Vilcassino

2174 1779 2357 1834 villam
2402 1794 2524 1849 quae
2559 1777 2759 1833 dicitur
2787 1777 3174 1833 Cramisiacdm
3200 1817 3216 1841 ,
3262 1785 3315 1832 et
3362 1774 3765 1848 quamplurima

478 1875 548 1930 lis
579 1874 699 1930 fuit.
736 1875 853 1931 Rex
886 1874 1173 1930 concilium
1202 1876 1483 1946 episcopos
1510 1891 1637 1932 suos
1667 1892 1968 1933 convocare
1995 1875 2073 1932 fe-
2103 1849 2147 1909 Β
2174 1871 2435 1928 beneﬁcia
2478 1886 2546 1926 ex
2584 1869 2853 1927 nobilibus
2896 1869 3027 1925 viris
3073 1870 3141 1924 ad
3190 1883 3326 1940 opus
3374 1883 3489 1923 suae
3525 1866 3769 1923 ecclesia:

482 1970 577 2033 cit,
603 1969 685 2024 cui
711 1969 794 2023 vir
814 1984 1023 2040 magna:
1045 1970 1386 2025 auctoritatis
1402 1978 1457 2025 et
1479 1970 1765 2040 probitatis
1785 1971 2078 2041 Gregorius

482 2062 921 2132 archiepiscopus
964 2063 1295 2121 Turonensis
1342 2065 1607 2122 interfuit.
1659 2067 1759 2123 Hic
1798 2081 1927 2124 vero
1977 2083 2077 2124 nec

480 2157 692 2213 callidae
730 2158 1144 2223 machinatioui,
1185 2174 1289 2228 qua
1330 2160 1616 2230 episcopus
1656 2160 1912 2228 deceptus
1952 2173 2077 2229 est,

480 2266 585 2305 nec
624 2250 835 2318 iniusta:
860 2251 1195 2307 destitutioni
1227 2268 1505 2308 assensum
1531 2254 1778 2322 praebuit.
1806 2254 1919 2310 Rex
1951 2271 2079 2312 vero

483 2342 647 2412 impia
676 2343 970 2398 calliditate
993 2344 1316 2411 quibusdam
1340 2345 1674 2414 episc0pis...
1704 2347 1977 2402 mandavit
2004 2349 2077 2414 ei,

484 2436 628 2504 quod
653 2437 697 2491 si
724 2451 845 2505 quae
866 2436 969 2492 sibi
993 2436 1263 2505 obiecerat
1292 2437 1344 2492 in
1368 2438 1620 2504 concilio,
1645 2451 2075 2511 recognosceret,

484 2538 537 2583 et
570 2527 692 2582 inde
718 2542 901 2583 coram
932 2542 1059 2599 rege
1088 2538 1391 2598 prostratus
1428 2545 1487 2586 se
1516 2546 1667 2586 reum
1694 2531 2078 2602 proclamaret,

484 2616 707 2703 omnino
732 2618 781 2672 ei
810 2617 1127 2673 dimitteret.
1161 2619 1263 2685 Qui
1293 2619 1507 2676 hortatu
1538 2622 1824 2692 impiorum
1866 2622 2079 2693 episco-

487 2724 677 2775 porum
709 2707 986 2778 deceptus,
1017 2709 1373 2766 fraudulentis
1405 2712 1547 2782 regis
1572 2714 1839 2769 mandatis
1864 2716 2083 2786 acquie-

485 2803 585 2855 vit.
613 2802 765 2858 Tunc
790 2817 881 2858 rex
907 2804 1141 2859 clamare
1162 2804 1324 2875 cmpit
1354 2822 1367 2858 :
1399 2824 1416 2855 ι
1448 2804 1690 2861 Audistis
1709 2821 1830 2860 eum
1855 2806 2083 2862 crimine

486 2895 795 2950 convictum
813 2933 830 2959 ,
870 2911 1013 2950 nunc
1037 2911 1199 2965 super
1225 2897 1328 2951 hoc
1354 2905 1559 2951 certam
1588 2898 1912 2952 sententiam
1947 2898 2081 2953 deﬁ-

486 2988 621 3044 nite.
658 3007 677 3041 ι
709 2987 773 3041 Et
802 2987 875 3041 ita
904 2988 1265 3056 deposuerunt
1296 3005 1441 3052 eum,
1468 3000 1523 3043 et
1547 2989 1601 3043 in
1628 2989 1911 3059 praefatum
1941 2990 2086 3045 exsi-

485 3079 618 3134 lium
652 3094 745 3134 rex
772 3082 1049 3135 retrudere
1070 3078 1249 3145 jussit.
1276 3079 1485 3133 Mortuo
1515 3072 1641 3134 vero
1669 3096 1813 3148 rege,
1842 3083 2084 3136 omnium

487 3174 780 3242 primatum
812 3182 867 3227 et
901 3173 1340 3241 coepiscoporum
1372 3172 1596 3228 consilio
1629 3184 1680 3228 et
1717 3173 1920 3242 judicio
1942 3214 1955 3237 ,
1989 3190 2086 3227 no-

489 3264 637 3319 lente
663 3263 1014 3334 Fredegunde
1045 3265 1225 3335 regina
1244 3305 1259 3328 ,
1286 3264 1354 3319 ad
1385 3264 1655 3334 propriam
1685 3263 1972 3319 ecclesiam
1999 3275 2085 3320 est

492 3364 808 3420 revocatus,
844 3363 898 3409 et
927 3356 1171 3424 deposito
1206 3354 1458 3411 Melantio
1503 3355 1556 3410 in
1592 3356 1861 3425 propriam
1900 3358 2084 3411 sedem

493 3448 909 3504 inthronizatus.
946 3446 1227 3502 Melantius
1257 3462 1386 3502 vero
1412 3430 1464 3501 in
1496 3445 1864 3501 familiaritate
1887 3447 2087 3503 Frede-

493 3545 687 3617 gundis
733 3543 1065 3611 impiissima:
1114 3542 1314 3611 regina:
1359 3540 1699 3611 permansit,
1752 3556 1875 3611 qua:
1929 3540 2088 3596 beato

491 3635 822 3691 Prtetextato
851 3647 1066 3701 semper
1091 3632 1367 3688 inimicata
1396 3642 1448 3688 et
1481 3631 1730 3687 insidiata
1761 3641 1845 3687 est
1876 3633 1929 3686 in
1969 3641 2089 3687 tan-

494 3740 630 3789 tum,
661 3734 719 3780 ut
747 3726 919 3797 pretio
952 3725 1307 3796 quorumdam
1340 3733 1548 3780 mentes
1580 3740 1700 3779 cum
1726 3725 1952 3794 praefato
1979 3723 2089 3781 Me-

400 3830 411 3837 ‘
493 3824 664 3879 lantio
701 3831 1071 3893 corrumperet
1102 3840 1114 3875 :
1149 3821 1222 3875 Ita
1255 3828 1345 3885 ut,
1387 3820 1528 3875 sicut
1564 3820 1757 3875 beatus
1791 3820 2087 3890 Gregorius

494 3912 832 3969 Turonensis
857 3912 910 3967 in
944 3911 1160 3980 scriptis
1189 3911 1303 3967 suis
1332 3920 1535 3973 narrat,
1570 3921 1727 3967 nocte
1754 3920 1942 3966 sancta
1986 3910 2089 3966 Pa-

494 4008 675 4070 sclue,
720 4007 771 4060 in
823 4005 938 4060 loco
984 4003 1313 4072 pontificali,
1363 4003 1453 4058 ubi
1500 4011 1647 4057 stare
1694 4010 2085 4068 consueverat,

495 4098 687 4170 gladiis
723 4113 845 4152 eum
898 4103 1278 4166 perculerant,
1332 4103 1388 4149 et
1435 4096 1506 4150 ita
1554 4095 1939 4150 interﬁcerent.
1985 4094 2086 4161 Qui

497 4209 620 4248 non
666 4201 727 4247 ut.
754 4190 976 4247 vulnera
1016 4188 1221 4253 sensit,
1246 4189 1315 4245 ad
1345 4188 1515 4243 altare
1545 4189 1828 4252 cucurrit,
1862 4196 1917 4243 et
1957 4188 2087 4242 illud

497 4282 870 4354 amplexatus,
911 4279 1111 4334 viatico
1145 4277 1410 4333 Dominici
1445 4276 1689 4347 corporis
1721 4285 1775 4331 et
1813 4276 2092 4347 sanguinis

498 4392 558 4432 se
588 4376 858 4439 muniens,
891 4373 1125 4427 animam
1155 4371 1266 4427 Deo
1297 4371 1548 4427 reddidit.
1579 4370 1787 4441 Corpus
1816 4385 1948 4426 vero
1975 4370 2092 4441 ejus

499 4480 689 4537 omnes
709 4465 980 4537 principes
1005 4462 1194 4531 patrias
1216 4476 1340 4515 cum
1361 4475 1558 4532 magno
1578 4461 1778 4530 ejulatu
1806 4470 1860 4516 et
1887 4461 2092 4516 lamen-

2176 1964 2488 2036 acquisivit.
2559 1994 2563 2003 ο

2247 2056 2540 2113 Rainfredo
2563 2056 2824 2112 successit
2847 2055 3019 2110 beatae
3040 2054 3315 2110 memoria:
3335 2053 3634 2124 Remigius.
3663 2052 3768 2107 llic

2177 2148 2281 2203 fuit
2312 2147 2454 2203 ﬁlius
2478 2147 2680 2211 Caroli,
2718 2147 2810 2217 qui
2842 2145 3014 2214 major
3041 2146 3233 2203 domus
3272 2146 3436 2215 regia:
3467 2144 3769 2215 appellatus

2178 2248 2280 2304 est,
2310 2238 2479 2293 frater
2504 2235 2846 2292 Carlomanni
2872 2277 2886 2301 ,
2917 2236 3008 2307 qui
3038 2235 3222 2291 relicta
3248 2225 3398 2306 parte
3426 2235 3578 2304 regni
3602 2248 3770 2303 quam

2179 2327 2515 2401 possidebat.
2545 2328 2598 2382 in
2623 2335 2807 2381 monte
2833 2325 3060 2381 Soracte
3087 2326 3386 2380 monachus
3412 2324 3635 2380 effectus
3659 2332 3767 2389 est,

2180 2421 2271 2476 ubi
2303 2419 2587 2503 ecclesiam
2625 2419 2678 2474 in
2723 2419 2929 2474 honore
2971 2418 3027 2472 S.
3064 2417 3308 2473 Silvestri
3351 2414 3680 2479 construxit,
3712 2424 3771 2470 et

2180 2513 2308 2570 inde
2335 2513 2400 2566 ad
2430 2512 2820 2567 monasterium
2859 2509 2916 2565 S.
2946 2510 3222 2566 Benedicti
3267 2510 3318 2565 in
3350 2518 3534 2564 monte
3573 2507 3770 2563 Casino

2182 2607 2416 2662 transiit.
2463 2605 2589 2660 Fuit
2616 2606 2780 2660 etiam
2811 2605 2951 2660 idem
2998 2603 3274 2675 Remigius
3305 2603 3476 2657 frater
3512 2600 3719 2671 Pippini
3752 2640 3772 2664 ,

2182 2713 2339 2769 quem
2377 2697 2683 2768 Stephanus
2724 2711 2860 2767 papa
2904 2711 3083 2767 regem
3116 2695 3479 2751 consecravit.
3516 2693 3614 2748 llic
3641 2706 3770 2745 vero

2181 2791 2441 2862 Pippinus
2471 2791 2724 2861 precibus
2751 2789 3098 2845 Carlomanrri
3128 2787 3411 2852 monachi,
3440 2786 3627 2841 fratris
3653 2783 3736 2839 sui
3753 2822 3769 2844 ,

2184 2883 2461 2939 mandavit
2492 2882 2735 2953 Remigio
2761 2881 2988 2952 prazl‘ato
3012 2879 3423 2949 archiepiscopo
3450 2919 3467 2942 ,
3500 2885 3558 2931 ut
3597 2875 3663 2930 ad
3688 2874 3772 2928 lu-

2184 2991 2306 3033 cum
2341 2976 2431 3046 qui
2470 2975 2670 3030 dicitur
2697 2972 2972 3028 Floriacus
3000 2979 3291 3043 pergeret,
3325 2979 3383 3025 et
3422 2983 3621 3038 corpus
3672 2964 3777 3019 Be-

2186 3072 2423 3137 nedicti,
2472 3071 2563 3141 qui
2616 3070 2687 3125 ibi
2730 3070 3138 3139 rcquiescebat,
3189 3068 3381 3137 legatis
3426 3065 3775 3122 Carlomanni

2191 3164 2455 3218 redderet.
2488 3162 2734 3232 Cumque
2762 3160 2826 3215 ad
2863 3160 3038 3214 locum
3066 3159 3297 3225 veniret,
3329 3168 3382 3212 et
3411 3158 3660 3212 abbatem
3682 3155 3777 3225 qui

2191 3265 2317 3310 tunc
2348 3254 2603 3323 temporis
2634 3252 3019 3308 monasterium
3054 3251 3306 3321 regebat,
3347 3261 3404 3305 et
3432 3249 3591 3304 Medo
3631 3249 3777 3302 dice-

2187 3348 2367 3409 batur,
2400 3356 2647 3407 vocaret,
2681 3345 2821 3414 regis
2848 3344 3020 3398 edicta
3049 3344 3382 3405 edisserens,
3415 3356 3540 3394 cum
3571 3338 3776 3411 legatis,

2187 3436 2531 3492 Carlmnanui
2566 3436 2847 3489 ecclesiam
2890 3434 3163 3505 ingressus
3193 3443 3294 3488 est.
3323 3432 3577 3501 Cumque
3604 3428 3780 3501 sepul-

2189 3546 2341 3584 (rum
2369 3529 2511 3583 beati
2540 3526 2640 3580 viri
2666 3526 3208 3596 appropinquassent,
3235 3525 3515 3593 repentina
3541 3523 3779 3578 caecitate

2191 3619 2403 3674 multati
2434 3627 2580 3674 sunt.
2628 3616 2861 3671 Proinde
2895 3624 3103 3671 terrore
3132 3614 3307 3669 valido
3346 3615 3629 3674 concussi.
3659 3623 3781 3666 ante

2191 3710 2473 3780 praefatum
2512 3708 2763 3763 abbatem
2816 3706 3119 3777 fratresque
3166 3705 3265 3760 loci
3315 3704 3458 3760 illius
3506 3704 3782 3758 solotenus

2190 3806 2628 3872 prosternuntur,
2662 3797 3085 3853 miscricordiam
3113 3797 3492 3867 deprecantes,
3519 3802 3783 3862 quatenus

2190 3910 2288 3966 pro
2316 3894 2394 3949 eis
2434 3892 2720 3947 Dominum
2760 3898 3052 3946 exorarent
3081 3899 3134 3944 ut
3165 3890 3244 3944 eis
3273 3887 3579 3957 indulgeret
3611 3901 3626 3940 :
3659 3900 3783 3956 pro-

2190 3987 2462 4057 mittitque
2482 3987 2672 4040 beatus
2696 3984 2970 4051 Remigius
2992 3982 3134 4053 quod
3164 3995 3437 4050 nunquam
3465 3970 3642 4034 Sancti
3670 3993 3785 4034 cor-

2190 4094 2291 4150 pus
2316 4078 2440 4133 inde
2468 4076 2700 4145 amplius
2729 4073 3071 4130 transferret.
3101 4072 3237 4140 Quid
3266 4072 3418 4141 plura
3438 4071 3463 4123 ?
3481 4069 3636 4125 Illico
3660 4077 3786 4124 sunt

2191 4169 2473 4234 exauditi,
2516 4177 2572 4223 et
2614 4169 2805 4223 beatus
2856 4166 3132 4234 Remigius
3172 4181 3294 4220 cum
3348 4163 3463 4217 suis
3510 4163 3786 4218 sodalibus

2192 4263 2474 4332 pristinam
2503 4261 2788 4316 sanitatem
2813 4259 3021 4328 recipit.
3054 4256 3312 4312 Precatus
3337 4263 3423 4308 est
3444 4262 3628 4307 autem
3653 4269 3787 4325 pra-n

2193 4353 2361 4408 fatum
2397 4352 2646 4407 abbatem
2695 4359 2755 4403 ut
2783 4348 3029 4419 corporis
3057 4346 3197 4402 beati
3226 4345 3328 4399 viri
3375 4344 3637 4414 reliquias
3682 4343 3786 4397 illis

2193 4444 2513 4510 exhiberet,
2557 4458 2624 4497 ne
2664 4441 2814 4497 locus
2852 4440 2905 4494 in
2948 4454 3057 4508 quo
3100 4438 3210 4492 Deo
3250 4438 3441 4493 devote
3481 4436 3784 4498 servierat,

501 4527 800 4614 talione'de
841 4555 973 4608 tanti
1020 4553 1254 4623 pastoris
1285 4527 1570 4621 patrocinii
1606 4527 1932 4607 desolatione
1959 4568 2079 4608 con-

2198 4549 2349 4594 tanto
2386 4536 2687 4608 patrocinio
2715 4542 3028 4591 cassaretur
3058 4551 3071 4586 :
3104 4533 3194 4602 qui
3223 4530 3455 4585 libenter
3495 4527 3784 4598 acquievit.

501 4652 776 4715 dolentes,
812 4642 1113 4718 sepulturae
1141 4644 1455 4700 honoriﬁcze
1495 4644 1850 4700 tradiderunt.
1896 4644 2090 4700 Postea

500 4765 631 4804 vero
672 4746 986 4810 Melantius,
1025 4744 1116 4815 qui
1159 4752 1402 4813 tempore
1433 4744 1516 4799 sui
1565 4743 1841 4798 exsulatus
1878 4739 2091 4812 episco~

500 4850 687 4914 patum
729 4845 1116 4907 usurpaverat,
1147 4837 1374 4893 consilio
1407 4845 1462 4891 et
1487 4835 1702 4907 ingenio
1744 4834 1980 4905 praefata:
2011 4850 2094 4889 re-

501 4934 641 5007 ginae
673 4934 727 4988 in
759 4932 945 4987 eadem
986 4930 1114 4986 sede
1140 4939 1224 4985 est
1255 4929 1557 4985 restitutus.

572 5023 710 5081 lluic
753 5024 1015 5079 successit
1053 5020 1245 5084 pracsul
1291 5018 1583 5083 Hildulfus,
1632 5017 1718 5073 vir
1762 5017 1998 5084 prudens
2040 5024 2096 5070 et

2197 4632 2397 4701 Sicque
2432 4630 2621 4701 legatis
2666 4626 3036 4684 remeantibus
3074 4625 3140 4679 ad
3170 4622 3417 4697 prepria,
3450 4621 3643 4675 beatus
3686 4618 3788 4673 Re-

2196 4724 2392 4794 migius
2422 4722 2579 4778 rediit
2606 4724 2674 4775 ad
2714 4735 2834 4775 sua.
2870 4719 2987 4789 Ipse
3013 4732 3143 4772 vero
3185 4713 3505 4784 quamplura
3535 4710 3789 4777 Ecclesia

2196 4831 2308 4871 sua:
2336 4812 2622 4883 acquisivit
2650 4809 2935 4872 beneﬁcia,
2966 4807 3122 4864 etde
3152 4806 3266 4861 suis
3294 4803 3528 4875 propriis
3563 4801 3789 4871 largitus

2194 4916 2279 4964 est
2305 4906 2490 4961 multa.
2517 4903 2694 4973 Super
2719 4914 2934 4974 gregem
2960 4900 3061 4956 sibi
3089 4898 3436 4953 commissum
3464 4894 3550 4948 vir
3569 4891 3790 4948 nobilis-

2198 4999 2369 5054 simus
2419 4994 2689 5067 pervigil,
2739 5009 2951 5050 necnon
3006 4991 3247 5047 moribus
3276 4997 3348 5059 .et
3397 5000 3565 5057 opere
3611 4985 3790 5040 clarus
