3938 5380
134 274 250 327 277

1265 280 1446 336 ACTA
1482 279 1906 340 ARClllEPlSC.
1949 283 2303 342 ROTOMAG.

3316 285 3422 343 278

136 388 254 440 etis
292 385 784 442 reverentissimus.
817 385 1090 448 Waniloni
1123 393 1388 447 successit
1412 394 1736 461 Adalardus,
1765 399 1810 458 Α
1840 396 2164 467 Anglorum,
2202 397 2488 454 assistente
2521 397 2728 467 praefati
2763 412 2915 470 papa
2958 397 3134 470 legato
3160 439 3176 466 ,
3215 399 3424 457 scilicet

143 487 319 545 τερος
348 475 616 531 Gunbaldi
649 473 1061 547 archiepiscopi,
1091 481 1181 550 qui
1215 481 1497 553 religiosus
1527 485 1579 538 in
1609 501 1741 548 cun-

135 572 248 624 ctis
273 571 536 640 operibus
563 571 685 625 fuit.
727 569 994 626 Adalardo
1023 571 1288 638 Riculfus,
1319 577 1400 629 vir
1433 577 1655 640 nobilis,
1686 585 1742 633 et

136 663 334 716 multis
361 661 517 716 dives
544 661 758 731 praediis
775 701 790 724 ,
815 661 1012 732 quibus
1038 664 1321 720 ecclesiam
1348 665 1448 720 sibi
1481 668 1738 722 commis-

138 768 260 806 sam
309 751 676 807 bzereditavit.
716 751 842 808 Fuit
878 760 1058 808 autem
1098 762 1338 825 tempore
1381 755 1561 810 Caroli
1599 757 1742 827 regis

138 845 321 913 patris
347 843 608 899 Ludovici
637 837 802 914 regis,
831 845 984 915 cujus
1012 846 1108 900 fuit
1138 846 1278 901 filius
1309 863 1396 901 rex
1427 847 1736 913 Lotharius,

141 939 195 992 in
218 952 336 1006 quo
358 939 647 1009 progenies
667 937 842 992 Caroli
857 937 1034 1009 Magni
1059 955 1267 1011 aregno
1289 941 1527 994 funditus
1548 941 1743 996 exstir-

137 1040 330 1099 patur.
357 1030 512 1101 Hugo
533 1032 674 1084 enim
697 1031 826 1095 dux,
843 1033 935 1102 qui
958 1035 1368 1104 cognominatus
1389 1044 1473 1088 est
1498 1033 1741 1103 Magnus,

142 1137 378 1192 regnum
416 1121 520 1178 sibi
559 1124 838 1194 usurpavit
871 1133 926 1179 et
965 1140 1060 1179 rex
1103 1135 1458 1180 consecratus
1495 1135 1594 1180 est.
1646 1125 1744 1181 Cui

141 1215 420 1270 successit
447 1215 740 1270 Rothertus
769 1217 820 1268 in
851 1215 1132 1284 regimine,
1169 1217 1312 1271 filius
1340 1217 1476 1288 ejus,
1510 1232 1601 1272 rex
1636 1217 1746 1274 Deo

143 1305 400 1358 devotus.
447 1304 714 1360 Praefatus
762 1319 891 1360 vero
941 1304 1188 1360 Riculfus
1232 1306 1454 1362 chartas
1503 1307 1746 1363 ecclesia:

144 1396 528 1463 supradictum
571 1409 752 1467 regem
790 1395 918 1451 fecit
957 1397 1123 1466 regali
1167 1397 1447 1452 sanctione
1490 1399 1746 1453 corrobo-

147 1503 294 1542 rare.
327 1487 543 1543 Rieulfo
565 1488 824 1544 successit
850 1487 1107 1553 Joannes,
1139 1491 1364 1546 devotus
1390 1501 1443 1544 et
1467 1491 1748 1561 religiosus

144 1579 380 1633 antistes
413 1576 611 1634 Joanni
654 1577 853 1645 Witlo,
896 1579 980 1634 vir
1011 1581 1373 1648 honorabilis,
1403 1591 1460 1637 et
1492 1597 1747 1637 reveren-

145 1671 397 1727 tissimus
427 1681 631 1740 pastor.

1842 485 2220 543 llermenfrido
2262 487 2558 545 Seduncnsi
2590 491 2843 561 episeopo
2865 531 2880 554 .
2911 491 3231 562 exterisque
3276 508 3427 548 eom-

1839 579 2260 650 provincialibus
2302 580 2598 651 episcopis,
2641 582 2693 636 in
2731 581 3049 638 Lexoviensi
3085 582 3312 638 ecclesia
3359 583 3428 639 ab

1840 670 2153 740 episcopatu
2183 685 2304 726 eum
2335 670 2602 736 destituit,
2637 673 2888 743 deditque
2918 681 3102 743 postea
3133 671 3206 728 illi
3237 689 3429 745 quam-

1841 765 1964 818 dam
1997 764 2223 818 insulam
2249 764 2301 818 in
2329 762 2784 820 Constantiuiensi
2813 780 2950 837 pago
2976 766 3028 820 in
3073 766 3210 821 mari
3242 767 3425 833 sitam,

1842 856 1895 910 in
1926 871 2029 926 qua
2061 855 2302 926 pluribus
2333 855 2517 920 annis,
2549 869 2655 909 non
2684 856 2902 926 quidem
2930 865 2988 910 ut
3019 855 3217 920 decuit,
3249 855 3383 910 vixit
3409 873 3424 922 ;

1844 957 2028 1017 postea
2059 962 2210 1010 vero,
2243 963 2350 1015 quo
2379 956 2560 1002 autem
2587 947 2768 1003 divino
2791 946 3013 1016 judicio,
3046 949 3346 1019 ignoratur,
3374 948 3430 1004 in

1845 1038 1978 1092 mari
2011 1040 2321 1094 submersus
2351 1049 2452 1093 est.

1916 1127 2174 1199 Malgerio
2201 1128 2462 1184 destituto
2489 1128 2651 1200 elegit
2679 1129 2784 1183 dux
2817 1128 3120 1184 Willelnms
3142 1130 3430 1200 quemdam

1847 1219 2210 1283 monachum,
2243 1219 2460 1274 nomine
2493 1218 2819 1284 Maurilium,
2849 1221 2940 1290 qui
2970 1220 3136 1276 nobili
3182 1222 3434 1292 prosapia

1846 1322 1911 1363 ex
1953 1306 2207 1362 Remensi
2251 1321 2385 1378 pago
2421 1316 2674 1374 exortus,
2719 1319 2774 1364 et
2823 1309 2875 1363 in
2918 1308 3155 1377 ejusdem
3199 1311 3434 1367 civitatis

1847 1398 2076 1454 ecclesia
2112 1396 2403 1464 educatus,
2433 1399 2556 1454 inde
2587 1400 2640 1454 in
2675 1399 2990 1456 Leodicensi
3017 1400 3258 1457 Ecclesia
3284 1403 3436 1458 onmi

1848 1488 2148 1544 liberalium
2198 1491 2394 1544 artium
2445 1491 2638 1560 peritia
2678 1491 2942 1556 imbutus,
2984 1490 3438 1548 llalverstatensis

1849 1579 2093 1634 ecclesia:
2117 1579 2476 1634 scholasticus
2500 1578 2722 1635 effectus
2747 1589 2856 1646 est;
2887 1580 2978 1650 qui
3011 1580 3162 1638 locus
3190 1581 3241 1635 in
3268 1579 3439 1637 Saxo-

1850 1673 1938 1728 nia
1970 1671 2269 1728 ditissimus
2297 1671 2544 1737 habetur,
2575 1671 2626 1726 in
2671 1687 2777 1741 quo
2806 1673 3048 1743 pluribus
3076 1673 3232 1729 annis
3269 1673 3440 1730 bono-

217 1763 448 1818 Wittoni
481 1763 723 1831 F‘ranco,
750 1766 988 1836 prudens
1017 1769 1260 1839 pontifex
1283 1779 1338 1825 et
1363 1769 1536 1824 bonus
1565 1768 1747 1840 populi
1779 1784 1822 1844 Β
1851 1764 2001 1819 rifice
2038 1763 2190 1818 vixit.
2221 1761 2429 1832 ,Postea
2471 1777 2600 1817 vero
2638 1777 2931 1818 succensus
2975 1778 3160 1820 amore
3201 1763 3442 1819 caelestis

146 1854 466 1909 auxiliator.
506 1855 674 1924 Hujus
699 1857 843 1913 enim
879 1867 1120 1930 tempore
1152 1861 1308 1917 Rollo
1341 1863 1446 1918 dux
1473 1862 1750 1917 Danorum

148 1945 384 2013 patriam
427 1945 648 2014 invasit,
687 1963 809 2018 quae
855 1960 1077 2005 vocatur
1114 1951 1342 2008 Francia
1369 1993 1385 2016 ,
1433 1967 1577 2007 nunc
1621 1966 1754 2006 vero

148 2033 488 2092 Normannia
533 2052 722 2094 eorum
771 2041 989 2096 nomine
1028 2042 1306 2113 insignita.
1345 2043 1512 2114 Cujus
1555 2042 1754 2099 mentis

149 2129 430 2184 feritatem
463 2139 573 2184 tam
605 2131 802 2186 divinis
830 2132 1058 2201 eloquiis
1086 2150 1246 2203 quam
1281 2135 1489 2190 devotis
1519 2134 1754 2191 servitiis

149 2221 226 2276 ita
259 2223 517 2289 dilinivit,
552 2231 612 2278 ut
641 2233 842 2280 terram
885 2225 987 2282 sibi
1020 2228 1341 2298 acquisitam
1381 2243 1504 2282 cum
1542 2244 1674 2299 pace
1699 2237 1755 2285 et

147 2313 362 2382 justitia
403 2322 637 2386 regeret.
680 2315 872 2370 Postea
903 2317 1287 2386 pmdieatione
1316 2319 1525 2388 praefati
1572 2321 1750 2389 ponti-

151 2405 276 2459 ﬁcis
300 2405 473 2476 legem
503 2404 866 2462 Christianam
889 2409 1225 2480 suscipiens,
1251 2413 1320 2467 ab
1345 2412 1535 2467 eodem
1570 2391 1764 2481 hapti-I

152 2508 314 2554 zatus
345 2507 452 2565 est,
483 2508 539 2554 et
568 2500 620 2554 in
655 2499 759 2555 fide
787 2502 1054 2559 catholica
1088 2519 1445 2574 perseverans
1475 2508 1616 2562 bono
1647 2507 1754 2563 fine

151 2590 407 2661 migravit
445 2591 515 2645 ad
555 2591 850 2647 Christum.
894 2592 1163 2672 F_ranconi
1210 2596 1476 2653 successit
1505 2597 1753 2653 Guuhar-

152 2684 283 2750 dus,
317 2683 404 2738 vir
437 2685 654 2754 sapiens
688 2696 746 2740 et
789 2685 842 2740 in
880 2687 1090 2744 eunetis
1135 2689 1412 2759 providus.
1458 2689 1754 2747 Gunhardo

151 2776 420 2832 successit
465 2775 639 2848 Hugo.
671 2775 770 2833 Hie
805 2791 934 2834 vero
978 2778 1082 2834 fuit
1113 2780 1363 2850 prosapia
1407 2781 1618 2844 clarus,
1658 2782 1754 2838 sed

154 2867 416 2937 ignobilis
433 2869 645 2924 eunetis
665 2871 938 2939 operibus.
965 2869 1260 2928 Monachus
1279 2873 1426 2929 enim
1451 2875 1592 2943 apud
1616 2875 1755 2930 San-

156 2972 304 3013 ctum
347 2958 663 3030 Dionysium
695 2969 841 3023 erat.
875 2963 1092 3032 quando
1125 2963 1428 3021 Willelmus
1454 2965 1597 3022 ﬁlius
1627 2967 1755 3022 Rol-

157 3051 320 3115 lonis,
353 3051 459 3106 dux
491 3050 960 3119 Normannorum,
994 3055 1045 3110 ei
1090 3056 1458 3127 episcopatum
1490 3059 1751 3124 tradidit;

1853 1856 2068 1927 patriae,
2100 1864 2291 1910 cuncta
2319 1869 2441 1926 quae
2468 1852 2652 1910 mundi
2683 1862 2809 1909 sunt
2842 1853 3152 1921 fastidiens,
3180 1854 3444 1909 monasti-

1853 1965 1974 2006 cam
2006 1950 2172 2005 vitam
2207 1949 2430 2020 appetiit
2457 1967 2470 2003 :
2503 1950 2690 2018 sicque
2725 1949 3107 2005 Fiscamnense
3133 1949 3442 2006 eaanobium

1854 2041 2042 2097 adiens
2069 2081 2084 2104 ,
2134 2041 2430 2096 monachus
2465 2039 2536 2095 ibi
2581 2039 2804 2095 effectus
2845 2048 2928 2096 est
2953 2081 2967 2104 ,
3007 2040 3058 2094 in
3106 2055 3216 2110 quo
3256 2049 3445 2096 sancte

1855 2133 2024 2189 multo
2054 2142 2298 2204 tempore
2337 2133 2505 2198 vixit,
2536 2132 2856 2202 czcterisque
2893 2133 3198 2203 exemplum
3241 2133 3444 2190 sancti-

1855 2227 1982 2283 tatis
2003 2227 2265 2283 exhibuit.
2294 2225 2537 2296 Denique
2558 2225 2681 2296 igne
2705 2225 2868 2281 divini
2895 2227 3096 2282 amoris
3117 2236 3441 2292 exaestuans,

1853 2319 2120 2375 acriorem
2149 2318 2311 2372 vitam
2357 2316 2593 2388 eligens,
2632 2316 2850 2372 licentia
2881 2317 2948 2372 ab
3001 2316 3198 2373 abbate
3233 2318 3327 2387 qui
3356 2332 3445 2374 ce-

1853 2411 2032 2467 clcsite
2068 2418 2300 2480 praeerat
2360 2418 2578 2479 accepta
2605 2448 2621 2475 ,
2682 2407 2890 2463 Italiam
2927 2408 3122 2479 petiit;
3166 2409 3446 2479 eremiquc

1852 2501 2030 2557 cultor
2047 2500 2344 2556 solitariam
2372 2500 2540 2555 vitam
2569 2500 2792 2566 ducens,
2818 2513 2981 2569 opere
3005 2514 3260 2553 manuum
3284 2499 3443 2554 vixit.

1852 2594 2116 2650 Defuncto
2145 2594 2328 2663 itaque
2354 2591 2549 2646 abbate
2578 2590 3006 2646 Florentinensis
3028 2589 3294 2655 ecclesiae,
3324 2605 3448 2660 quae

1853 2686 1906 2743 in
1939 2687 2143 2743 honore
2177 2685 2349 2741 beata:
2387 2684 2570 2740 Maria:
2607 2698 2825 2752 semper
2865 2683 3090 2754 virginis
3131 2693 3448 2739 constructa

1852 2787 1966 2845 est,
2006 2778 2170 2850 elegit
2204 2793 2327 2834 eum
2369 2779 2612 2835 marcbio
2654 2778 2997 2844 Bonifacius,
3041 2779 3128 2833 vir
3163 2778 3360 2834 nobilis
3393 2787 3450 2835 et

1851 2856 2289 2943 potentissimus;
2333 2881 2388 2924 et
2423 2871 2496 2926 ita
2524 2870 2650 2926 licet
2685 2870 2916 2935 invitus,
2951 2870 3216 2926 bonorum
3267 2879 3448 2923 tamen

1853 2965 2097 3020 virorum
2139 2963 2598 3019 admonitionibus
2637 2972 2953 3032 superatus,
2993 2961 3163 3018 abbas
3207 2959 3450 3030 ejusdem

1853 3058 1957 3113 loci
1985 3057 2268 3112 ordinatus
2307 3065 2392 3113 est
2421 3076 2435 3111 :
2469 3056 2560 3112 ubi
2605 3055 2774 3111 multo
2803 3065 3044 3126 tempore
3081 3054 3325 3111 subditos
3353 3070 3451 3126 pro

159 3141 252 3228 sed
281 3142 601 3212 postpositis
632 3153 832 3198 sanctae
857 3145 1054 3214 regula
1083 3146 1366 3214 institutis,
1393 3149 1572 3204 carnis
1597 3159 1753 3220 petu-
1781 3143 1827 3206 C
1858 3167 2017 3224 posse
2051 3166 2149 3207 suo
2178 3159 2366 3208 sancte
2395 3158 2449 3206 et
2477 3149 2800 3220 regulariter
2836 3150 2996 3206 rexit.
3029 3147 3135 3204 Sed
3169 3148 3295 3219 quia
3341 3147 3451 3202 vita

161 3231 343 3286 Ianthe
379 3248 440 3287 se
476 3234 698 3289 omnino
743 3237 988 3291 contulit.
1033 3237 1196 3294 Filios
1229 3240 1375 3295 enim
1409 3242 1758 3312 quamplures

163 3324 489 3392 procreavit,
517 3325 804 3382 ecclesiam
827 3336 882 3383 et
905 3344 990 3384 res
1013 3329 1257 3387 ecclesia:
1279 3332 1565 3389 destruxit.
1592 3333 1758 3390 Todi-

164 3417 381 3471 niacum
415 3418 560 3472 enim
594 3419 684 3488 qui
727 3419 782 3474 in
809 3419 1140 3477 dominieatu
1172 3423 1565 3494 archiepiscopi
1609 3435 1756 3492 erat,

167 3527 290 3564 cum
336 3511 589 3566 omnibus
637 3512 966 3582 appendiciis
1012 3515 1122 3570 suis
1162 3515 1316 3572 fratri
1361 3533 1460 3574 suo
1501 3518 1758 3586 Radulfo,

166 3603 545 3677 potentissimo
570 3603 710 3664 viro,
742 3605 849 3660 tilio
873 3605 1112 3677 Hugonis
1137 3609 1204 3664 de
1225 3610 1567 3680 Calvaeamp,
1593 3611 1760 3679 dedit,

168 3703 222 3748 et
262 3694 335 3748 ita
367 3710 396 3748 a
427 3696 762 3751 dominicam
796 3697 1290 3770 archiepiscopatus
1331 3717 1504 3773 uSque
1534 3703 1586 3758 in
1626 3717 1765 3773 prae-

169 3802 295 3841 sens
335 3787 612 3843 alienavit.

241 3877 378 3934 Huic
407 3881 676 3937 successit
704 3881 1031 3950 Rotbertus,
1062 3884 1148 3940 vir
1185 3885 1553 3944 nobilissimus
1588 3895 1644 3943 et
1671 3903 1770 3960 po-

173 3971 538 4036 tentissimus,
584 3972 843 4029 Riehardi
893 3976 1051 4045 primi
1086 3977 1248 4034 filius.
1294 3977 1394 4034 llic
1427 3979 1512 4035 vir
1558 3995 1768 4052 magnae

172 4064 389 4132 pietatis
419 4073 474 4120 et
503 4065 812 4122 honestatis
839 4065 972 4155 fuit,
1003 4076 1058 4124 et
1086 4068 1140 4124 in
1175 4070 1537 4126 mundialibus
1566 4071 1768 4129 divitiis

172 4157 307 4210 adeo
331 4154 582 4211 laudatus
606 4171 640 4211 a
667 4154 1014 4240 saecularibus
1040 4159 1199 4224 viris;
1229 4161 1324 4218 sed
1352 4161 1532 4216 carnis
1563 4159 1770 4230 fragili-

175 4254 284 4301 tate
321 4256 648 4316 superatus,
680 4248 1027 4319 quamplures
1059 4250 1199 4306 filios
1241 4251 1569 4321 procreavit.
1607 4251 1770 4307 Plura

174 4334 335 4391 etiam
367 4337 617 4394 ecclesiae
655 4339 795 4396 bona
833 4341 979 4396 fecit.
1017 4341 1314 4397 Ecelesiam
1345 4343 1490 4398 enim
1535 4360 1772 4414 praesen-

173 4439 281 4484 tem
307 4430 446 4486 miro
469 4446 638 4502 opere
662 4441 716 4487 et
741 4433 1108 4502 magnitudine
1128 4435 1398 4491 aedificare
1421 4437 1600 4506 erepit.
1627 4437 1769 4492 Ante

1854 3242 2125 3313 justorum
2147 3250 2230 3297 est
2249 3240 2635 3296 detrimentum
2657 3241 3039 3311 pessimorum,
3062 3239 3332 3306 monachi,
3359 3239 3452 3310 qui

1861 3345 2105 3406 tempore
2149 3334 2564 3406 praedecessoris
2597 3333 2681 3389 sui
2730 3332 3128 3404 indiseiplinate
3171 3333 3451 3398 vixerant,

1860 3426 2222 3484 constantiam
2253 3425 2453 3497 regula:
2481 3424 2657 3480 Patris
2688 3424 2999 3490 Benedicti,
3031 3440 3137 3496 qua
3169 3439 3262 3479 eos
3290 3439 3452 3494 regu-

1861 3519 2050 3575 lariter
2079 3518 2498 3586 constrinxerat,
2529 3516 2674 3573 ferre
2696 3516 2970 3585 nolentes,
2999 3516 3093 3572 sed
3118 3515 3171 3570 in
3201 3515 3455 3570 omnibus

1862 3609 2020 3664 bonis
2047 3608 2302 3678 operibus
2329 3605 2431 3662 sibi
2461 3607 2776 3661 resistentes
2795 3647 2809 3671 ,
2840 3605 3226 3660 detrimentum
3258 3605 3380 3658 vitze
3403 3605 3454 3659 ei

1865 3698 2162 3756 machinati
2191 3706 2338 3754 sunt.
2377 3695 2445 3752 Et
2469 3696 2596 3766 quia
2629 3695 2876 3766 pluribus
2905 3695 3062 3750 annis
3091 3693 3145 3750 in
3179 3695 3281 3748 hoc
3307 3693 3457 3748 labo-

1867 3806 2018 3857 rans,
2053 3790 2200 3845 nullo
2225 3789 2384 3845 modo
2412 3803 2469 3844 se
2496 3789 2550 3843 in
2573 3787 2653 3842 eis
2677 3786 2811 3842 vidit
2837 3785 3117 3856 proficere,
3142 3785 3300 3842 saluti
3330 3800 3455 3856 pro-

1864 3884 2000 3953 priae
2020 3879 2379 3953 prospiciens,
2407 3877 2678 3933 abbatiam
2707 3876 2980 3939 deseruit,
3009 3885 3064 3931 et
3086 3875 3152 3929 ad
3175 3876 3455 3946 proprium

1867 3976 2074 4040 locum,
2111 3973 2320 4028 scilicet
2368 3971 2748 4036 Fiseamnum,
2791 3969 2980 4033 rediit,
3021 3969 3074 4023 in
3120 3983 3228 4037 quo
3271 3978 3458 4023 sancte

1869 4081 2148 4138 usquequo
2179 4065 2232 4120 in
2260 4063 2570 4135 episcopatu
2596 4061 2999 4117 inthronizatus
3027 4068 3144 4124 est,
3171 4059 3326 4114 vixit.
3361 4058 3458 4114 llic

1867 4159 2155 4217 ecclesiam
2185 4173 2216 4212 a
2245 4157 2510 4212 Rotberto
2544 4153 2950 4224 archiepiscopo
2979 4151 3273 4221 inceptam
3303 4165 3456 4205 com-

1868 4251 2074 4324 plevit,
2122 4259 2177 4306 et
2227 4256 2439 4305 astante
2485 4245 2759 4303 Willelmo
2801 4243 3234 4300 Normannorum
3280 4243 3457 4305 duce,

1870 4351 2057 4413 postea
2101 4340 2394 4412 Anglorum
2444 4353 2599 4410 rege,
2645 4352 2766 4392 cum
2807 4335 3059 4391 omnibus
3105 4331 3460 4404 suﬂ‘raganeis

1872 4437 2007 4502 suis,
2039 4434 2328 4491 concilium
2355 4433 2407 4488 in
2431 4430 2817 4504 Rotomagensi
2865 4429 3097 4486 ecclesia
3119 4429 3185 4483 de
3209 4428 3462 4483 castitate

174 4523 379 4578 obitum
425 4539 614 4591 suum,
645 4528 817 4598 gratia
852 4527 942 4582 Dei
976 4529 1339 4596 praeveniente
1363 4569 1377 4593 ,
1413 4529 1580 4583 vitam
1615 4545 1768 4585 suam
1799 4516 1848 4575 Ι)
1875 4527 2246 4584 conservanda
2277 4535 2334 4581 et
2370 4523 2582 4581 caeteris
2625 4531 2936 4579 sanctorum
2981 4519 3202 4575 Patrum
3244 4519 3463 4574 institu-

175 4616 428 4670 correxit.
476 4615 755 4673 Feminam
785 4620 929 4674 enim
962 4617 1210 4689 reliquit,
1257 4630 1311 4675 et
1358 4622 1425 4676 de
1471 4621 1570 4676 hoc
1613 4632 1772 4679 caate-

177 4695 360 4778 risque
390 4709 572 4779 pravis
602 4711 813 4766 actibus
843 4711 958 4766 suis
995 4712 1365 4781 paenitentiam
1413 4715 1554 4785 egit;
1596 4724 1651 4770 et
1695 4715 1776 4770 sic

180 4801 320 4853 bono
349 4799 476 4868 fine,
510 4802 565 4856 in
596 4811 859 4873 quantum
889 4803 1124 4858 humana
1156 4801 1423 4876 fragilitas
1454 4821 1651 4875 capere
1681 4821 1777 4877 po-

181 4899 306 4953 test,
337 4891 562 4960 quievit.

248 4981 506 5038 Rntberto
549 4985 816 5042 successit
861 4983 1148 5052 Malgerins
1195 4976 1360 5057 nepos
1407 4983 1523 5053 ejus
1566 5005 1580 5041 :
1630 4988 1773 5043 iilius

1875 4618 2112 4675 tionibus
2153 4626 2430 4688 pastorum
2480 4615 2692 4671 incuria
2744 4612 3078 4684 negligenter
3114 4609 3460 4680 postpositis,

1871 4712 2104 4766 viriliter
2127 4709 2480 4766 restituendis
2507 4707 2758 4779 religiose
2783 4703 3098 4759 celebravit.
3121 4702 3315 4757 Postea
3344 4718 3464 4771 per-

1874 4809 2012 4862 l'ecta
2037 4804 2287 4867 ecclesia,
2316 4799 2585 4858 dedicavit
2612 4814 2753 4872 eam,
2786 4804 3001 4850 astante
3025 4793 3304 4851 Willelmo
3329 4791 3465 4844 Nor-

1873 4912 2196 4954 mannorum
2218 4895 2372 4959 duce,
2397 4908 2542 4948 anno
2566 4893 2704 4948 1063
2726 4887 3026 4944 Dominica:
3046 4882 3464 4945 Incarnationis,

1875 4999 2138 5058 regnante
2158 4985 2392 5042 Henrico
2409 4981 2746 5043 nobilissimo
2763 4993 2888 5051 rege
2907 4976 3266 5039 Francorum,
3289 4979 3467 5025 astan-

1901 5081 1930 5086 .-
2121 5080 2132 5086 -
2553 5077 2566 5086 .
2646 5081 2657 5086 -
2699 5077 2751 5086 ι..
2968 5071 2980 5082 ο
3129 5070 3140 5082 ο
3267 5063 3468 5086 -..ειε.,..ο
