3938 5380
557 330 669 389 279

1508 329 1890 389 ARNULFUS
1928 326 2487 388 MEDlOLANENSIS
2524 326 2881 384 CLERICUS.

3726 326 3815 383 280

554 438 828 507 insistens,
889 458 923 497 v
977 442 1102 500 ldus
1147 442 1375 514 Augusti
1434 444 1673 498 animam
1724 444 1835 499 Deo
1885 445 2137 502 reddidit.
2164 447 2216 507 Δ
2318 458 2337 493 ι
2374 439 2645 494 Desliwta
2685 436 3061 507 RowmaseﬂSi
3097 433 3335 505 Εςειθεία
3372 444 3637 504 P3810113.
3663 446 3767 492 etC-
3794 458 3811 490 ι

627 538 894 595 Defuncto
935 539 1231 596 venerabili
1268 539 1512 595 antistite
1554 537 1840 606 Maurilio,
1881 540 2137 610 praefatus

559 628 863 684 Willelmus
905 643 1000 685 rex
1026 627 1321 699 Anglorum
1357 628 1722 685 Lanl'rancum
1758 632 2135 688 reverentissi-

552 734 702 774 mum
731 720 980 775 abbatem
1015 718 1367 775 Cadomensis
1403 719 1675 786 Ecclesiae,
1713 721 1965 779 omnibus
2002 723 2135 779 libe~

558 808 763 865 ratibus
791 810 1000 865 artibus
1039 807 1305 864 imbututn
1324 849 1340 876 ,
1366 810 1573 865 sanctis
1606 811 1851 866 moribus
1882 823 1938 866 et
1961 811 2142 882 operi-

556 899 658 955 bus
702 908 951 954 ornatum
977 941 992 966 ,
1033 913 1194 969 quem
1235 908 1423 971 postea
1466 901 1840 974 (Jantuariensi
1886 901 2142 960 Ecclesia:

554 990 1047 1062 metrOpolitanumi
1073 993 1288 1049 nstituit
1306 993 1617 1065 episcopum
1647 1004 1703 1050 et
1718 996 2003 1067 primatem
2028 996 2140 1052 An-

551 1079 760 1149 glorum
786 1120 802 1146 ,
844 1080 1157 1139 Alexandro
1198 1097 1412 1137 summo
1455 1083 1698 1152 pontifici
1742 1095 1800 1141 et
1844 1085 2141 1144 venerabili

549 1183 703 1239 papae
733 1169 901 1234 misit,
930 1169 1212 1239 postulans
1236 1169 1354 1238 ejus
1383 1171 1671 1228 clementia
1698 1182 1757 1229 ut
1781 1174 1831 1229 ei
1859 1190 2139 1230 assensum

551 1260 822 1328 praeberet
845 1271 1116 1330 quatenus
1144 1262 1262 1332 ejus
1289 1264 1615 1321 auctoritate
1640 1264 1907 1322 Joannem
1938 1268 2141 1324 Abrin-

549 1350 745 1407 οςιιίιιω
773 1350 1033 1406 Ecclesia:
1072 1353 1384 1423 episcopum
1416 1356 1847 1427 metropolitanze
1881 1359 2141 1416 Ecclesiae

548 1440 852 1510 praeﬁceret
874 1483 891 1509 ,
922 1443 1082 1512 eique
1118 1458 1186 1500 ne
1234 1444 1415 1515 aliqua
1446 1448 1735 1504 occasione
1772 1449 1827 1504 in
1867 1450 1969 1507 hoc
2006 1450 2143 1506 resi-

552 1543 755 1598 steret,
791 1534 985 1591 litteris
1016 1535 1324 1606 apostolicis
1361 1540 1664 1596 mandaret.
1705 1540 1823 1611 lpse
1862 1557 1991 1598 vero
2024 1542 2143 1611 ejus

554 1623 843 1690 petitioni,
891 1626 1019 1693 quia
1065 1625 1313 1681 devotam
1356 1628 1492 1683 vidit
1516 1669 1542 1700 ,ι
1568 1629 1860 1702 acquievit.
1904 1630 2143 1689 Litteras

555 1712 611 1771 in
635 1713 681 1767 le
716 1713 958 1781 pontiﬁci
998 1715 1165 1773 misit.
1206 1717 1381 1773 Verba
1420 1712 1543 1790 quas
1586 1719 1781 1777 litterae
1826 1721 2138 1790 continent,

554 1801 671 1859 hinc
699 1811 865 1858 sunt:

641 1911 661 1945 ι
694 1893 1020 1952 Aenianes
1068 1897 1368 1971 Episcopus
1422 1914 1615 1959 servus
1667 1918 1949 1961 servorum
2002 1905 2096 1964 Dei
2122 1946 2139 1973 ,

552 1985 742 2043 10mm
769 1990 1182 2049 Abrincensium
1214 1996 1510 2051 venerabili
1537 1998 1793 2069 episcopo
1826 1998 2055 2057 salutem
2082 2011 2142 2058 et

557 2078 908 2144 apostolicam
947 2081 1401 2141 benedictionem.

2320 531 2450 589 Vide
2474 514 2859 588 in'Alea'andro
2887 529 2954 585 II
2975 545 3113 601 papa
3135 529 3206 585 ad
3231 544 3431 585 annum
3458 528 3611 584 1075
3635 526 3814 585 Patro-

2241 625 2412 696 logiaa,
2444 637 2570 679 tam.
2600 621 2741 679 CXL
2756 620 2851 679 γι.

2310 715 2546 772 Joannes
2583 730 2715 771 vero
2757 714 3040 785 episcopus
3075 711 3369 785 apostolica
3418 711 3701 783 legatione
3744 728 3819 767 re-

2241 815 2430 875 cepta,
2460 814 2515 861 et
2551 804 2794 860 omnium
2824 803 3357 875 comprovincialium
3378 803 3783 873 episcoporum
3802 843 3816 864 ,

2239 907 2669 968 cuuetorumque
2694 897 2857 953 etiam
2885 896 3123 968 ejusdem
3164 894 3410 951 ecclesiae
3437 896 3816 951 canonicorum
3882 912 3891 921 -

2238 986 2503 1044 electione
2527 988 2799 1044 communi
2831 1002 3097 1044 consensu
3131 986 3274 1042 facta
3295 1026 3310 1050 ,
3350 984 3817 1055 metropolitanaut

2237 1079 2467 1151 adeptus
2502 1090 2587 1137 est
2623 1080 2827 1136 sedem.
2866 1078 2968 1136 llic
2996 1094 3128 1135 vero
3158 1077 3261 1134 fuit
3296 1077 3563 1149 progenie
3605 1075 3815 1140 nobilis,

2239 1170 2550 1228 liberalibus
2589 1172 2825 1228 imbutus
2853 1169 3171 1241 disciplinis.
3216 1169 3267 1224 ls
3303 1168 3442 1222 alias
3497 1167 3642 1223 satis
3695 1176 3817 1220 stre.

2238 1276 2411 1325 unus.
2440 1271 2549 1316 etc.
2582 1260 2735 1316 Hanc
2757 1261 2821 1315 de
2833 1260 3040 1316 Joanne
3067 1260 3306 1315 notitiam
3332 1260 3598 1329 integram
3625 1256 3819 1319 extitit-

2237 1350 2313 1404 lia
2340 1349 2642 1406 Christiana
2663 1350 2901 1405 dedimus
2923 1350 2978 1404 in
3000 1351 3245 1420 praemio
3267 1349 3337 1403 ad
3356 1347 3651 1413 Joannem,
3674 1363 3823 1415 usque

2240 1442 2309 1496 ad
2334 1442 2486 1496 verba
2508 1442 2694 1512 quibus
2719 1440 2986 1495 clauditur
3014 1452 3035 1493 .°
3069 1457 3088 1491 ι
3118 1437 3188 1494 Et
3209 1431 3495 1507 honoriﬁce
3524 1438 3587 1494 in
3615 1440 3727 1508 ipsa
3746 1453 3817 1490 ec-

2240 1533 2399 1591 clesia
2427 1534 2717 1589 tumulatur
2743 1550 2774 1587 v
2801 1533 2935 1589 Idus
2967 1531 3302 1605 Septembris.
3333 1551 3354 1585 ι
3386 1529 3630 1601 Pergunt
3659 1531 3812 1585 Acta:

2311 1622 2587 1679 Successit
2631 1623 2756 1680 buie
2796 1623 2906 1678 imo
2943 1623 3218 1694 prmcessit
3256 1620 3403 1693 (nam
3445 1619 3667 1675 duobus
3705 1629 3814 1673 ante

2236 1714 2446 1768 obitum
2469 1713 2585 1783 ejus
2613 1715 2886 1770 mensibus
2909 1713 3265 1770 intronizatus
3288 1712 3392 1779 est)
3417 1710 3667 1766 Domnus
3685 1708 3814 1764 Guil-

2238 1806 2467 1874 lermus,
2497 1809 2735 1865 coenobii
2765 1807 3117 1865 Cadomensis
3146 1805 3343 1871 abbas,
3376 1820 3498 1860 cum
3532 1804 3813 1875 apostolica

2239 1898 2596 1962 auctoritate,
2640 1909 2752 1954 tum
2784 1898 2931 1970 regio
2969 1913 3194 1953 munere
3214 1938 3230 1964 ,
3262 1905 3374 1952 tum
3413 1896 3658 1966 denique
3686 1911 3815 1949 coni-

2240 1987 2389 2041 muni
2416 1988 2698 2054 electione,
2731 1990 2813 2044 vir
2835 2004 2965 2061 sane
2987 1998 3041 2044 et
3062 1987 3275 2059 generis
3299 1986 3587 2042 nobilitate
3611 1985 3824 2051 clueas,

2173 2088 2219 2145 Β
2248 2084 2304 2131 et
2335 2092 2543 2132 morum
2571 2082 2924 2153 praerogativa
2954 2078 3291 2151 praepollens.

622 2170 2634 2201 mm

564 2169 3802 2231 Wm

1476 2301 2894 2681 animus

1183 2695 1882 2871 CLERICUS
1982 2696 3187 2905 signioLANENsIs.

2016 2919 2428 2933 ψ

1467 2969 1983 3064 ΝΟΤΙΤῙΑ
2055 2975 2182 3066 ΙΝ
2254 2974 2958 3069 ARNULFUM.

678 3118 857 3191 [Apud
892 3117 1096 3184 Psnz,
1130 3118 1469 3197 Monumenta
1495 3118 1801 3197 Germania
1829 3123 2109 3197 trieterica,
2139 3121 2343 3197 Script.
2384 3132 2516 3197 tom.
2550 3123 2846 3197 Ylll,_pag.
2880 3126 2933 3191 1,
2964 3140 3201 3197 prooem.
3233 3126 3302 3183 ad
3328 3126 3534 3183 Arnum
3566 3126 3727 3184 Ceste

1272 3191 1790 3262 archiepiscOporum
1821 3191 2330 3260 Mediolanensiuin,
2353 3196 2550 3251 edente
2575 3195 2665 3249 W.
2690 3191 3115 3267 Wattembarh.1

627 3322 884 3424 Amulqu
906 3365 1316 3422 Mediolanensis
1341 3382 1519 3421 rerum
1541 3382 1663 3438 quae
1679 3368 1875 3424 saeculo
1900 3385 1954 3425 ιι
1981 3372 2048 3426 ad
2082 3387 2136 3426 a.
2165 3372 2213 3435 C
2244 3387 2313 3427 ex
2342 3387 2448 3441 quo
2472 3370 2614 3426 inter
2636 3370 2804 3426 Italize
2839 3371 2918 3444 (5)
2945 3370 3216 3442 principes
3236 3373 3467 3443 primum
3482 3374 3660 3428 locum
3689 3371 3809 3426 obti-

558 3476 729 3532 usque
760 3459 893 3516 l077
920 3459 1198 3515 Mediolani
1220 3458 1566 3525 acciderunt,
1596 3461 1813 3530 scripsit
1834 3462 2142 3530 historiam,

560 3551 807 3607 oculatus
859 3551 973 3620 ipse
1021 3550 1201 3614 testis,
1262 3551 1540 3621 praemissa
1590 3551 1742 3607 brevi
1791 3568 1975 3608 rerum
2025 3564 2148 3625 post

560 3660 612 3700 ιι.
664 3642 770 3700 9’25
817 3652 1091 3714 gestarum
1140 3645 1471 3700 narratione.
1519 3644 1596 3700 De
1631 3644 1749 3715 ipso
1783 3645 1918 3701 nihil
1952 3657 2147 3715 praeter

560 3752 626 3791 ea
665 3751 786 3806 qua:
830 3750 898 3790 ex
946 3735 1050 3790 hoc
1100 3750 1263 3806 opere
1310 3736 1634 3792 concludere
1677 3736 1829 3803 licet,
1882 3737 2147 3795 habemus

560 3838 915 3897 compertum.
964 3825 1168 3881 Nomen
1214 3836 1268 3882 et
1315 3843 1485 3897 genus
1514 3843 1557 3889 ι,
1607 3827 1675 3893 8,
1708 3828 2001 3903 indicavit,
2054 3830 2143 3887 ubi

562 3918 631 3974 de
664 3917 889 3973 Arnull‘o
919 3917 941 3972 ι
992 3919 1400 3989 archiepiscopo
1435 3919 1718 3992 (970-974)
1756 3921 1996 3986 locutus,
2032 3923 2148 3979 haec

563 4010 749 4066 addit:
805 4010 956 4080 cujus
992 4010 1284 4079 wquivocus
1313 4012 1480 4065 existo
1515 4024 1778 4081 gestorum
1801 4014 2027 4081 scriptor
2053 4028 2146 4081 ego

561 4101 919 4170 praesentium,
949 4100 1130 4169 fratris
1160 4116 1280 4157 vero
1306 4100 1453 4156 illius
1477 4118 1733 4172 pronepos
1758 4119 1928 4156 verus.
1958 4102 2147 4172 Itaque

562 4208 686 4246 eum
736 4192 1212 4248 Mediolauensium
1255 4194 1474 4248 ordines
1532 4194 1603 4247 ita
1670 4194 1812 4247 inter
1862 4208 1921 4249 se
1964 4205 2146 4250 essent

564 4285 910 4339 distincti'ut
957 4284 1364 4353 eapitaneorum
1418 4285 1706 4339 :estimatio
1762 4282 1923 4353 duplo
1976 4284 2147 4351 major

564 4385 710 4430 esset
739 4391 901 4446 quam
935 4390 1219 4430 vassorum
1242 4415 1257 4439 ,
1298 4389 1483 4431 vassos
1509 4376 1623 4446 pari
1645 4375 1930 4431 intervallo
1951 4390 2148 4445 seque-

563 4474 753 4521 rentur
796 4464 1192 4533 negotiatores,
1236 4464 1430 4520 deinde
1465 4465 1672 4535 reliqua
1711 4465 2000 4522 multitudo
2030 4467 2144 4537 (l),

563 4553 850 4610 Arnulfum
880 4556 1054 4625 primo
1078 4555 1254 4611 ordini
1283 4557 1558 4613 accenseri
1595 4574 1695 4627 par
1716 4570 1817 4613 est.
1860 4557 1995 4612 Nam
2024 4574 2144 4613 cum

564 4649 986 4705 decumanorum
1014 4649 1356 4721 primicerius
1384 4651 1450 4704 de
1476 4650 1673 4721 populo
1694 4659 1854 4706 natus
1877 4659 2020 4706 esset
2044 4651 2141 4722 (2),

2246 3471 2513 3529 nuerunt,
2562 3477 2627 3517 ex
2673 3476 2872 3534 genere
2931 3464 3227 3533 capitaneis
3272 3464 3529 3519 inferiore
3583 3476 3808 3533 sumptos

2246 3569 2369 3611 esse
2396 3594 2411 3619 ,
2437 3563 2492 3609 et
2513 3570 2610 3623 per
2636 3569 2697 3612 se
2729 3553 3022 3610 verisimile
3048 3563 3161 3622 est,
3191 3563 3247 3609 et
3276 3553 3525 3610 Widonis
3564 3562 3810 3611 monstrat

2245 3646 2467 3713 electio,
2526 3648 2612 3703 cui
2660 3648 2712 3703 id
2766 3648 2941 3718 ipsum
2990 3647 3133 3717 quod
3182 3647 3249 3702 de
3301 3661 3588 3703 vassornm
3641 3647 3810 3702 ordine

2245 3746 2390 3794 esset
2414 3740 2514 3809 (6),
2546 3738 2811 3791 maximas
2827 3737 3088 3792 excitavit
3115 3736 3410 3793 molestias.
3440 3734 3809 3805 Acceditun

2245 3830 2359 3899 ipse
2384 3828 2642 3882 Amulius
2671 3826 3007 3883 nobilitatem
3036 3827 3250 3897 generis
3284 3842 3388 3881 non
3415 3842 3525 3882 uno
3553 3826 3674 3883 loco
3702 3840 3804 3881 ma-

2246 3919 2446 3975 nifesto
2461 3919 2637 3988 prodit
2656 3933 2777 3974 eum
2791 3928 2844 3975 et
2866 3933 3044 3974 causa:
3058 3918 3257 3974 nobiliu
3269 3934 3317 3972 ιιι
3335 3927 3521 3989 aperte
3539 3916 3809 3987 faveat(7),

2245 4020 2300 4067 et
2323 4011 2601 4066 humiliter
2624 4020 2782 4065 natos
2801 4009 3035 4079 appellet
3060 4025 3198 4080 quos
3218 4008 3307 4063 alii
3332 4017 3597 4079 tauquam
3621 4007 3808 4063 nobiles

2245 4102 2543 4172 praedicant
2590 4101 2695 4173 (8),
2743 4100 2939 4155 milites
2991 4098 3107 4155 scil.
3139 4100 3395 4164 minores,
3436 4099 3504 4155 de
3533 4096 3810 4170 capitaueis

2246 4206 2426 4248 autem
2452 4210 2573 4248 cum
2602 4194 2968 4248 moderatione
2994 4192 3247 4260 loquatur
3270 4191 3368 4261 (9),
3402 4207 3636 4260 quorum
3663 4186 3809 4244 subli-

2247 4287 2492 4342 mitatem
2531 4301 2598 4341 ex
2634 4268 2743 4341 imo
2781 4284 2898 4339 loco
2935 4284 3290 4340 mirabundus
3332 4284 3560 4352 suspicit
3588 4284 3808 4336 Andreus

2246 4378 2569 4443 monachus,
2591 4378 2683 4448 qui
2710 4375 2914 4431 Arialdi
2947 4376 3118 4431 Vitam
3143 4374 3377 4444 scripsit.
3395 4373 3551 4442 Quod
3576 4374 3621 4427 si
3643 4358 3809 4427 obser-

2244 4470 2480 4534 vaveris,
2504 4469 2684 4524 multa:
2704 4476 3030 4524 evanescent
3053 4466 3392 4522 difﬁcultates
3407 4505 3424 4531 ,
3446 4481 3573 4521 cum
3590 4472 3808 4534 pugnam

2247 4559 2389 4619 inter
2425 4576 2483 4616 se
2511 4560 2792 4615 videantur
2817 4558 3101 4628 aequalium
3131 4559 3457 4630 scriptorum
3482 4556 3805 4613 assertionci.

2248 4654 2340 4724 qui
2373 4664 2572 4719 tamen,
2596 4653 2772 4709 verbis
2801 4653 2881 4708 usi
2909 4653 3158 4721 diversis,
3191 4652 3246 4706 in
3273 4651 3436 4707 rebus
3460 4647 3803 4706 consentiant.

567 4743 710 4797 inter
735 4742 1037 4798 ordinarios
1078 4758 1261 4812 regum
1304 4743 1610 4813 principum
1657 4752 1712 4797 et
1737 4743 2145 4812 eapitaneorum
2178 4736 2226 4796 D
2249 4775 2319 4784 —
2346 4744 2657 4799 Clericusne
2680 4758 2747 4797 an
2780 4743 2950 4798 laicus
2972 4741 3136 4797 fuerit
3158 4741 3441 4808 Arnull'us,
3497 4748 3651 4796 certo
3670 4733 3805 4792 testi-

566 4838 660 4894 lilii
675 4847 828 4894 erant
846 4822 951 4907 (3);
977 4838 1412 4908 archiepiscopos
1429 4848 1557 4892 vero
1569 4835 1662 4905 qui
1675 4835 2143 4892 deordinariorum

566 4944 793 4988 numero
819 4929 1029 5001 legendi
1050 4939 1236 4987 essent
1256 4929 1358 5001 (4),
1377 4942 1650 4998 nunquam
1676 4942 1772 4997 per
1789 4929 1904 4984 haec
1927 4928 2142 4996 smcula,

638 5063 717 5132 (1)
753 5061 888 5118 Vide
912 5077 1102 5133 pacem
1133 5060 1262 5117 anni
1292 5042 1473 5129 1067⁵,
1502 5075 1564 5117 ιιι
1593 5098 1609 5126 ,
1655 5058 1729 5115 20
1752 5101 1767 5127 ,
1816 5075 2149 5118 commemo-

568 5144 764 5189 ratam.

755 5201 930 5257 Land.
960 5216 1045 5277 tt_,
1073 5201 1166 5277 ξεί.
1220 5268 1238 5277 _
1315 5267 1324 5277 ,

917 5288 969 5380 ξ,
1090 5267 1329 5380 ιθῃᾶ..ιὶ
1352 5306 1367 5334 ,
1396 5267 1486 5322 35.

2254 4834 2438 4888 monio
2469 4849 2573 4887 non
2601 4843 2811 4888 constat
2835 4833 2945 4903 (10)
2972 4874 2986 4896 ,
3011 4833 3107 4887 sed
3138 4841 3307 4886 totum
3337 4830 3611 4887 scribendi
3636 4840 3804 4898 genus.

2250 4924 2478 4979 scientia
2520 4939 2700 4978 rerum
2724 4922 3214 4978 ecclesiasticarum
3243 4930 3299 4976 et
3324 4921 3540 4975 animus
3569 4920 3623 4975 in
3649 4914 3807 4974 causis

2321 5060 2399 5129 (7)
2440 5055 2594 5129 Quod
2621 5054 3155 5129 jameomesciulini
3176 5052 3587 5118 animadvertit,
3619 5050 3804 5106 Memoc

2251 5124 2406 5183 rie'di
2441 5126 2671 5190 Milano,
2708 5124 2804 5191 ill,
2842 5124 2969 5180 365.

2324 5198 2400 5265 (8)
2440 5197 2540 5263 ιιι,
2574 5195 2759 5257 2,10.

2325 5259 2402 5330 (θ’)
2446 5259 2600 5323 ωδε
2620 5263 2885 5319 Landull’o
2910 5270 2966 5318 et
2992 5261 3374 5319 Herlembaldo
3403 5277 3466 5316 ιιι
3493 5303 3509 5325 ,
3540 5261 3609 5315 10
3630 5301 3644 5325 ,
3668 5259 3747 5314 16.

2325 5339 2436 5380 (tm
2463 5336 2572 5380 Nisi
2597 5335 2732 5380 forte
2753 5335 2915 5380 verba
2949 5334 3056 5380 ι-1-
3085 5332 3226 5380 fidei-
3253 5345 3426 5380 tamen
3442 5348 3623 5380 serrus
3647 5334 3806 5380 catho-
