3938 5380
178 315 305 372 281

1152 318 1424 378 NOTITIA
1464 317 1834 375 HISTORICA
1872 315 1962 371 sr
2002 292 2443 374 cursuacta.

3350 320 3458 377 282
3484 343 3489 347 ι

167 430 525 484 clericorum
574 444 788 499 semper
820 437 1113 502 occupatus
1133 470 1150 497 ,
1180 446 1211 486 a
1242 431 1394 486 laicis
1426 439 1682 500 tanquam
1713 428 1781 483 ab
1808 434 1856 491 Α
1883 424 2121 482 breviter
2147 429 2489 498 perStrinxit,
2517 428 2670 485 libris
2693 430 2852 487 nullis
2887 434 3121 500 adjutus,
3151 433 3243 487 sed
3270 437 3453 491 audita

169 520 476 574 extraneis
500 534 750 582 aversus,
780 529 963 576 vctant
992 537 1060 576 ne
1084 537 1180 592 pro
1209 522 1345 578 laico
1373 523 1547 591 ipsum
1572 520 1771 576 habea-

171 627 335 666 mus.
379 611 444 664 A.
476 611 614 666 1077
634 612 888 683 legationi
924 628 955 666 a
982 614 1177 683 populo
1204 613 1679 669 Mediolanensium
1705 612 1773 667 ad

172 716 388 770 papam
420 701 675 768 directas,
717 718 826 773 quo
854 703 1107 759 Ecclesiae
1154 704 1412 759 Romana:
1451 703 1771 759 reconcilia-

174 802 386 847 rentur
409 833 427 858 ,
466 807 590 848 sese
634 793 944 850 interfuisse
978 803 1164 849 narrat
1190 810 1264 863 v,
1302 795 1356 852 9.
1413 793 1597 866 Neque
1624 793 1771 849 cnim

174 882 305 952 ipse
356 898 388 935 a
434 898 598 938 causa
647 892 965 940 ceterorum
989 884 1245 940 immunis
1297 884 1505 952 fuerat,
1558 882 1772 939 clericis

174 975 380 1028 favens
399 972 735 1043 coniugatis,
772 976 866 1031 sed
911 984 1039 1031 tunc
1080 976 1149 1031 de
1186 976 1506 1046 pra-teritis,
1563 973 1768 1044 inquit,

172 1061 563 1127 satisfaciens,
610 1064 663 1119 in
689 1063 874 1120 futuro
903 1066 1158 1137 castigari
1192 1066 1461 1136 promisit.
1502 1064 1768 1119 Nimirum

172 1152 353 1207 homo
381 1154 719 1211 verecundus
767 1166 820 1211 et
861 1171 963 1211 suo
1002 1158 1119 1228 ipse
1155 1157 1362 1226 judicio
1404 1156 1637 1224 diﬂisus,
1682 1171 1769 1211 res

173 1254 370 1300 autem
431 1261 598 1302 novas
646 1254 704 1303 et
745 1246 1110 1304 Herlembaldi
1167 1248 1413 1315 furorem
1457 1256 1765 1313 aversatus,

152 1324 346 1391 'anta
361 1351 486 1391 cum
508 1336 754 1409 plurimis
768 1339 1066 1394 suiordinis
1088 1339 1216 1395 viris
1228 1348 1493 1401 senserat,
1517 1336 1767 1409 quamvis

175 1444 289 1481 non
316 1429 501 1483 omnia
542 1443 730 1485 eorum
753 1438 904 1501 gesta
933 1429 1038 1487 sibi
1066 1431 1201 1500 prob
1220 1432 1282 1485 ari
1317 1430 1581 1485 fateretur
1604 1428 1716 1500 (ll)
1742 1444 1760 1496 ;

175 1527 464 1588 postremo
493 1531 673 1577 autem
695 1524 981 1578 arctiorem
1006 1522 1262 1578 Ecclesia:
1280 1521 1621 1591 disciplinam
1646 1521 1762 1591 ipse

174 1612 457 1680 probavit.
489 1611 595 1669 Sed
621 1629 744 1669 cum
773 1615 950 1686 magni
971 1617 1230 1679 momenti
1258 1623 1315 1671 et
1340 1630 1501 1686 quam
1527 1613 1765 1669 maxime

175 1706 562 1763 memorabiles
593 1707 646 1763 ei
678 1708 847 1762 turbae
874 1708 980 1763 illae
1015 1708 1364 1773 viderentur,
1392 1707 1589 1777 quibus
1618 1714 1761 1761 totus

1877 525 2106 585 tantum,
2126 530 2183 575 ut
2202 521 2317 591 ipse
2346 521 2444 585 ait,
2472 530 2741 600 utcunque
2761 522 3047 578 exsulllans
3070 523 3204 595 (l5).
3230 524 3451 581 Veniam

1875 608 2041 680 igitur
2068 611 2299 666 libenter
2328 611 2658 679 tribuemus,
2690 614 2735 668 si
2760 614 2812 667 in
2845 614 2929 669 bis
2957 615 3278 686 quandoque
3301 632 3453 670 erra-

1872 703 1981 766 vit,
2012 715 2135 756 cum
2160 716 2246 757 res
2271 701 2407 757 scitu
2428 701 2619 772 dignas
2647 702 2793 759 solus
2817 704 3115 759 servaverit
3140 712 3195 760 et
3215 704 3453 759 scienter

1871 805 1902 845 a
1933 805 2060 846 vero
2082 790 2434 847 declinavisse
2464 807 2728 861 nusquam
2751 794 2901 866 argui
2930 795 3121 865 possit.
3148 795 3449 850 Auctorutn

1870 891 2049 937 autem
2080 884 2399 939 idoneorum
2430 884 2585 954 capia
2623 885 2740 941 viro
2768 896 2875 940 tam
2907 886 3073 942 nobili
3101 900 3300 957 genere
3327 894 3450 942 orto

1871 973 2062 1027 deesse
2087 987 2192 1028 non
2206 982 2438 1044 poterat.
2451 974 2585 1030 Cum
2604 974 2678 1029 ita
2696 976 2836 1030 viam
2855 977 3308 1043 sibimunivisset,
3328 985 3452 1048 post

1869 1077 1919 1118 a.
1951 1062 2169 1120 l0l8'ea
2193 1080 2313 1134 qua:
2340 1067 2452 1135 ipse
2471 1066 2701 1122 videndo
2723 1068 2996 1138 cognovit,
3028 1085 3093 1124 ex
3124 1069 3443 1135 abundanti,

1868 1168 1925 1213 ut
1940 1160 2037 1224 ait,
2056 1168 2306 1214 eructare
2318 1160 2543 1215 studuit.
2558 1160 2817 1216 Adhibuit
2830 1170 3008 1217 autem
3025 1163 3090 1216 ad
3104 1161 3447 1217 scribendum

1866 1258 1989 1304 acta
2024 1251 2213 1321 synodi
2251 1250 2506 1306 Romanae
2541 1267 2592 1306 a.
2639 1253 2776 1307 1027
2800 1251 2933 1321 (16),
2974 1253 3386 1309 constitutiones
3414 1267 3448 1309 a

1864 1337 2057 1408 legatis
2104 1339 2362 1395 Romanis
2391 1340 2676 1397 Mediolani
2714 1342 2887 1398 factas
2914 1344 3026 1415 (l7)
3054 1383 3070 1410 ,
3103 1353 3157 1398 et
3186 1342 3446 1414 epistolas

1863 1431 2177 1500 pontificum
2207 1432 2356 1503 (18);
2399 1432 2607 1490 litteras
2646 1450 2777 1491 vero
2816 1437 2957 1506 parti
2985 1438 3225 1492 adversae
3265 1436 3434 1491 Roma

1864 1518 2098 1574 directas
2156 1534 2548 1579 commemorat
2598 1525 2813 1596 quidem
2870 1544 2954 1593 ιιι,
2995 1528 3061 1582 17
3089 1545 3104 1595 ;
3136 1543 3208 1592 tv,
3237 1526 3293 1594 2,
3346 1526 3445 1581 sed

1862 1607 2163 1678 inspexisse
2217 1625 2325 1665 non
2372 1612 2604 1668 videtur.
2661 1614 2852 1670 Omnia
2907 1632 3036 1671 vero
3090 1632 3210 1685 quae
3251 1629 3319 1670 ex
3359 1615 3446 1672 liis

1861 1710 2075 1756 servata
2101 1709 2224 1757 sunt
2255 1701 2413 1757 ﬁdem
2457 1704 2575 1774 ejus
2619 1706 2965 1772 conﬁrmant,
2993 1714 3047 1760 et
3085 1722 3208 1760 cum
3235 1723 3265 1761 a
3304 1705 3447 1761 Lan-

174 1799 438 1856 Εοειεείω
474 1799 887 1856 mediolanensis
922 1808 1099 1855 smus
1129 1799 1448 1861 immutatus
1479 1807 1597 1863 est,
1642 1804 1764 1868 post
1790 1783 1839 1844 B
1866 1792 2033 1858 dullo,
2079 1792 2318 1863 ejusdem
2353 1796 2522 1867 partis
2552 1797 2839 1868 scriptore,
2865 1798 3164 1869 saepissime
3204 1799 3442 1864 recedat,

173 1893 395 1948 Attonis
441 1891 760 1949 electionem
807 1908 859 1947 a.
906 1892 1046 1947 1072
1084 1891 1284 1948 factam
1325 1892 1394 1946 ad
1439 1905 1534 1947 eas
1566 1889 1763 1944 litteris

178 1984 575 2055 consignandas
618 1999 680 2040 se
721 1984 1021 2050 convertit,
1070 2000 1177 2040 non
1228 1984 1523 2053 cupiditate
1569 1981 1757 2046 famae,

178 2076 273 2129 sed
320 2090 388 2130 ne
445 2089 626 2129 rerum
660 2074 921 2130 memoria
969 2075 1347 2139 intercidetet,
1386 2087 1505 2143 qua:
1547 2070 1789 2128 civibus.

178 2167 293 2222 suis
341 2176 526 2238 postea
579 2166 719 2223 foret
769 2167 1027 2237 pretiosa.
1064 2167 1149 2221 Ad
1193 2181 1431 2238 praesens
1482 2164 1626 2221 enim
1657 2164 1757 2220 sub

178 2257 357 2313 modio
385 2257 599 2313 recondi
627 2273 764 2326 opus
793 2257 993 2323 voluit,
1023 2272 1121 2313 suo
1147 2265 1333 2327 postea
1356 2266 1596 2325 tempore
1619 2269 1752 2325 pro-

177 2349 455 2411 mendum,
480 2349 576 2404 sed
603 2348 743 2403 lines
772 2349 924 2404 urbis
936 2363 1210 2418 nunquam
1232 2360 1582 2402 excessurum
1614 2344 1752 2413 (12).

176 2439 379 2494 Tamen
409 2439 511 2494 hoc
537 2438 724 2494 statim
751 2424 1292 2509 tenipore'vulgatum
1320 2436 1490 2491 fuisse
1514 2435 1749 2501 videtur,

173 2544 296 2585 cum
326 2541 435 2584 tres
466 2529 676 2598 priores
701 2528 856 2594 libri,
902 2542 1041 2599 quos
1067 2527 1213 2583 solos
1248 2536 1375 2581 tunc
1411 2526 1749 2589 absolverat,

173 2635 267 2689 per
292 2634 354 2675 se
377 2619 635 2691 descripti
671 2619 807 2685 sint,
851 2633 1161 2690 quanquam
1188 2617 1511 2673 Landull'um
1545 2617 1751 2672 nullam

170 2712 286 2781 ejus
336 2710 583 2769 notitiam
638 2712 894 2769 habuisse
956 2723 1200 2783 apparef.
1253 2711 1513 2767 Arnulfus
1565 2720 1749 2767 autem

170 2812 353 2873 postea
386 2811 443 2857 et
469 2809 724 2872 quartum
755 2800 950 2857 librum
980 2801 1186 2857 addidit
1215 2808 1270 2857 et
1306 2800 1558 2870 quintum
1578 2838 1595 2866 ,
1621 2798 1750 2856 licet

170 2908 276 2948 non
308 2909 414 2949 uno
444 2903 685 2965 tempore
725 2895 991 2963 scriptos,
1022 2909 1145 2950 cum
1189 2907 1221 2949 a
1260 2894 1441 2965 priore
1478 2893 1748 2971 sententia

171 2987 367 3041 sensim
393 2987 697 3053 recederet,
716 2988 892 3045 donec
915 2990 1155 3055 tandem,
1181 2996 1241 3043 ut
1259 2988 1517 3055 diximus,
1544 2987 1746 3043 [toma-

170 3092 252 3132 ηπ
294 3077 737 3133 reconciliaretur
788 3079 1064 3135 Ecclesiae.
1125 3079 1300 3135 Simul
1353 3079 1508 3136 initio
1565 3080 1745 3150 operis

1859 1886 2062 1956 ubique
2086 1886 2200 1942 fere
2227 1887 2280 1942 in
2308 1902 2489 1942 rerum
2530 1897 2801 1959 gestarum
2835 1890 3145 1945 narratione
3175 1891 3444 1946 consentit

1859 1992 1982 2036 cum
2012 1979 2224 2036 Andrea
2262 1981 2456 2037 abbate
2477 1993 2663 2053 postea
2696 1984 2863 2039 Vallis
2903 1983 3203 2048 Umbrosaz,
3231 1982 3441 2039 Arialdi

1859 2072 2124 2144 discipulo
2175 2081 2231 2130 et
2277 2072 2490 2131 fautore
2538 2076 2935 2142 fervidissimo,
2989 2084 3046 2131 et
3100 2093 3223 2131 cum
3272 2074 3440 2129 Boni-

1858 2177 1998 2218 zone
2058 2162 2169 2235 (19)
2221 2165 2363 2234 parti
2413 2164 2702 2235 pontiﬁciis
2752 2181 2969 2236 prorsus
2998 2165 3232 2221 addicto.
3287 2160 3441 2229 Quod

1855 2251 2102 2322 profecto
2128 2269 2399 2310 summum
2436 2263 2519 2309 est
2547 2255 2703 2310 bona:
2729 2254 2847 2325 ejus
2876 2256 2999 2311 lidei
3029 2267 3437 2320 nocumentum,

1852 2359 1977 2399 cum
2007 2360 2270 2415 nusquam
2297 2345 2716 2403 dissimulaverit
2747 2346 2850 2402 sibi
2875 2346 3081 2401 Arialdi
3110 2354 3165 2403 et
3198 2346 3436 2415 reliquo-

1853 2449 1973 2489 rum
2004 2443 2184 2491 motus
2209 2436 2558 2491 vehementer
2580 2437 2868 2508 displicere
2892 2454 2907 2504 ;
2943 2438 3016 2492 ita
3044 2447 3222 2491 tamen
3244 2446 3438 2492 cantus

1850 2536 1906 2580 et
1937 2528 2269 2591 moderatus,
2323 2536 2384 2583 ut
2432 2529 2513 2582 vel
2570 2530 2637 2585 de
2684 2529 2948 2586 Landull‘o
2984 2528 3246 2599 judicium
3292 2530 3436 2584 ferre

1826 2626 2129 2685 ,recusaret
2188 2616 2301 2689 (20)
2335 2625 2391 2672 et
2417 2617 2645 2675 clericos
2673 2635 2739 2675 ex
2768 2630 2922 2690 parte
2977 2621 3029 2673 in
3069 2620 3226 2689 culpa
3259 2619 3427 2675 fuisse

1849 2708 2171 2766 concederet
2193 2709 2327 2780 (21).
2354 2708 2537 2781 Neque
2565 2712 2709 2766 enim
2738 2711 2949 2767 meliori
2980 2711 3107 2766 cleri
3132 2712 3432 2782 disriplinze

1850 2801 2208 2872 repugnabat,
2235 2815 2304 2856 ne
2330 2800 2574 2857 Romano
2600 2802 2818 2874 quidem
2844 2803 3086 2875 pontiﬁci
3122 2818 3181 2859 se
3217 2805 3432 2860 volebat

1847 2908 2142 2964 Opponere,
2190 2893 2286 2949 sed
2333 2908 2421 2950 res
2461 2894 2771 2949 tumultarie
2815 2904 3015 2966 gestas,
3057 2893 3317 2951 laicorum
3361 2896 3430 2951 de

1847 2983 2059 3039 clericis
2076 2983 2302 3054 judicia,
2338 2993 2395 3040 et
2441 2984 2865 3055 subjugationem
2896 2985 3147 3040 Ecclesiae
3172 2983 3429 3039 Mediola-

1846 3075 2030 3129 nensis
2065 3074 2410 3129 abominetur
2444 3074 2579 3146 (22).
2632 3074 2829 3131 Pacem
2871 3085 3052 3129 autem
3093 3090 3188 3145 per
3219 3075 3427 3146 legatos

167 3171 423 3242 pmmisit
459 3171 924 3242 przet‘atiunculam
952 3203 1024 3215 -
1058 3173 1106 3229 si
1146 3174 1306 3231 modo
1342 3165 1411 3229 ab
1452 3175 1572 3244 ipso
1594 3142 1747 3229 venit,
1770 3142 1815 3204 (ἶ
1844 3167 2119 3223 Romanos
2157 3183 2211 3223 a.
2263 3168 2420 3223 l067.
2455 3142 2815 3238 compositam
2859 3168 3041 3224 laudat
3064 3142 3146 3233 tu,
3182 3142 3426 3224 2|.vllzec

166 3293 238 3308 -—
259 3278 382 3319 cum
422 3265 733 3322 nominibus
758 3282 945 3338 regum
975 3278 1033 3323 et
1076 3269 1642 3340 archiepiscoporum,
1686 3279 1744 3326 et

166 3353 224 3407 in
264 3354 538 3423 prioribus
576 3356 756 3427 aliqua
794 3360 1065 3428 mutavit,
1108 3376 1229 3432 quae
1263 3376 1368 3417 non
1403 3362 1586 3435 magni
1615 3371 1742 3417 sunt

166 3447 452 3512 momenti,
496 3446 758 3515 ejusmodi
805 3460 984 3507 tamen
1011 3462 1072 3509 ut
1099 3456 1338 3511 auctoris
1370 3472 1586 3511 manum
1616 3471 1743 3526 pro-

164 3537 293 3591 dant
339 3538 473 3608 (i3).
503 3540 757 3598 Substitit
802 3544 918 3614 ipso
958 3545 1049 3600 illo
1092 3561 1147 3601 a.
1177 3547 1352 3613 1077,
1405 3563 1527 3603 cum
1572 3548 1740 3619 longo

162 3628 441 3683 sebismati
466 3629 590 3685 linis
608 3641 754 3688 esset
774 3633 1090 3705 impositus:
1134 3638 1453 3708 grandaevus
1476 3638 1588 3709 ipse
1614 3654 1737 3694 eum

160 3734 248 3775 res
273 3730 392 3791 post
420 3737 475 3776 a.
508 3721 643 3777 1018
669 3734 850 3795 gestas
871 3726 1103 3781 videndo
1130 3744 1190 3784 se
1218 3731 1539 3800 cognovisse
1568 3731 1734 3786 dicat.

230 3813 386 3870 Fides
412 3815 618 3871 Arnulll
649 3818 949 3877 editoribus
982 3820 1240 3878 Palatinis
1287 3824 1420 3878 satis
1448 3823 1589 3879 mala
1620 3825 1733 3879 visa

159 3913 268 3969 est,
290 3919 414 3959 eum
442 3907 715 3962 hominem
740 3908 1054 3966 heretieum
1074 3927 1174 3983 pro
1190 3913 1433 3987 mendaci
1450 3913 1732 3981 haberent,

157 3994 393 4066 neglecta
421 4000 763 4055 accuratiore
796 4001 1173 4071 inquisitione;
1227 4005 1319 4059 sed
1336 4003 1450 4075 jam
1475 4006 1527 4060 in
1553 4005 1732 4061 Murao

158 4087 297 4141 torii
314 4087 631 4158 praefatione
676 4092 812 4146 satis
856 4101 1109 4148 accurate
1159 4093 1445 4165 scripsisse
1492 4095 1729 4163 dicitur,

156 4181 297 4251 quod
316 4196 479 4251 quam
504 4197 688 4238 verum
711 4195 878 4251 esset,
902 4184 1111 4256 singula
1133 4196 1506 4257 perscrutatus
1528 4187 1730 4243 Giulini

155 4280 408 4342 expertus
435 4282 541 4329 est.
571 4271 757 4344 Neque
780 4289 906 4331 vero
948 4276 1126 4332 minus
1160 4276 1424 4346 judicium
1469 4277 1589 4349 ejus
1612 4278 1730 4332 lau-

153 4362 386 4419 dandum
420 4364 672 4429 videtur,
717 4381 841 4421 cum
885 4367 1115 4437 simplici
1160 4369 1321 4423 modo
1369 4382 1491 4440 quae
1525 4370 1733 4427 audivit

154 4458 364 4526 primo,
426 4458 625 4514 deinde
672 4459 787 4514 visa
813 4460 1059 4516 retulerit
1114 4460 1225 4533 (14)
1258 4501 1274 4527 ,
1338 4463 1536 4532 spretis
1583 4462 1725 4535 vulgi

154 4549 390 4615 fabeliis,
437 4565 576 4622 quas
604 4551 799 4621 cupide
836 4551 1132 4609 Laudulfus
1160 4554 1507 4623 conquisivit.
1560 4555 1730 4609 Exor-

153 4640 297 4697 dium
325 4642 556 4712 sumpsit
584 4657 616 4697 a
658 4658 825 4712 regno
846 4643 1092 4714 .Hugonis
1125 4643 1292 4699 Italiae
1313 4645 1455 4716 regis
1480 4686 1494 4710 ,
1518 4634 1580 4701 et
1607 4660 1728 4715 qua:

153 4744 269 4801 post
295 4734 408 4789 lucc
435 4736 503 4789 ad
532 4749 629 4791 sua
654 4749 827 4805 usque
858 4744 1100 4805 tempora
1124 4736 1176 4790 in
1197 4751 1364 4806 regno
1385 4737 1724 4802 acciderunt,

152 4821 562 4881 Mediolanensia
594 4832 777 4880 tamen
799 4824 1135 4895 potissimum
1168 4826 1492 4896 respiciens,
1544 4828 1724 4884 libror

216 4956 325 5024 (ιι)
361 4954 576 5020 111,14.

153 5163 183 5212 2
450 5027 605 5212 ξὲθ,
633 5097 695 5167 9,
729 5096 830 5163 ιι,
877 5094 1435 5167 16,20;n,8,12,
1469 5101 1566 5170 te;
1617 5102 1719 5168 tu.

1843 3257 2007 3327 igitur
2041 3258 2404 3329 scripsitcum
2439 3260 2617 3315 adhuc
2664 3259 2836 3315 turba:
2865 3259 2969 3314 illa:
2996 3259 3254 3313 durarent
3285 3258 3421 3331 (93),

1841 3350 2057 3404 vivente
2122 3347 2503 3411 Herlemhaldo
2552 3348 2664 3419 (24)
2720 3357 2777 3404 et
2825 3348 3129 3404 Alexandro
3190 3348 3234 3402 ll
3284 3348 3419 3419 (ΞΒ),

1840 3440 2423 3498 notidumconsecrato
2457 3437 2750 3496 Gotol’redo
2776 3439 2929 3511 (26),:
2954 3440 3009 3496 id
3046 3451 3128 3497 est
3162 3449 3288 3494 ante
3323 3454 3421 3495 ver

1840 3533 1966 3587 anni
1996 3532 2154 3587 l075.
2196 3532 2462 3603 Deinceps
2496 3533 2775 3589 silentium
2804 3549 3025 3590 servare
3062 3534 3163 3590 sibi
3213 3550 3414 3605 propo-

1839 3636 2044 3691 suerat,
2077 3626 2171 3681 sed
2197 3641 2320 3680 cum
2347 3627 2520 3681 turba:
2549 3627 2768 3682 modum
2791 3628 3104 3681 viderentur
3131 3626 3415 3691 excedere,

1804 3726 1809 3733 ‘
1838 3725 2014 3772 tamen
2043 3716 2309 3771 calamum
2343 3718 2653 3788 resumpsit,
2683 3732 2752 3772 ne
2779 3718 3039 3771 memoria
3071 3732 3250 3771 rerum
3279 3718 3419 3787 peri-

1835 3816 1937 3861 ret.
1974 3808 2193 3862 Addidit
2224 3808 2389 3879 igitur
2426 3809 2621 3864 librum
2666 3825 2745 3875 tv,
2789 3823 2896 3877 quo
2929 3809 3297 3862 narrationem
3347 3807 3416 3861 ad

1833 3895 2198 3953 llerlembaldi
2227 3908 2454 3952 mortem
2478 3898 2660 3969 (1075)
2702 3899 2941 3965 deduxit,
2968 3898 3125 3953 linem
3152 3897 3415 3953 schisma-

1834 3990 1905 4045 tis
1944 3999 2001 4044 ut
2050 3999 2177 4045 tunc
2226 3991 2471 4062 putabat.
2524 3991 2704 4047 Finito
2755 4000 2935 4046 autem
2984 4006 3147 4060 opere
3184 3991 3414 4061 ingenue

1833 4091 2169 4153 protestatur
2203 4099 2262 4139 se
2309 4083 2425 4140 solo
2479 4084 2726 4139 veritatis
2777 4084 2956 4139 studio
3007 4083 3226 4138 ductum
3271 4084 3412 4136 scri-

1832 4178 2021 4248 psisse,
2049 4193 2221 4248 neque
2244 4194 2273 4232 a
2309 4179 2552 4234 doctrina
2583 4194 2768 4233 eorum
2815 4178 2907 4248 qui
2937 4176 3284 4233 venalitatem
3319 4190 3411 4229 or-

1831 4269 2017 4325 dinum
2041 4285 2317 4326 sacrorum
2351 4278 2406 4326 et
2441 4270 2882 4326 incontinentiam
2923 4270 3263 4324 sacerdotum
3303 4268 3408 4322 im-

1830 4376 2140 4434 pugnarent
2173 4365 2497 4430 dissentire,
2531 4366 2623 4420 sed
2655 4364 2871 4420 modum
2902 4378 3009 4433 quo
3036 4361 3216 4418 omnia
3258 4370 3409 4433 gesta

1831 4464 2015 4510 essent
2069 4456 2399 4526 improbare.
2454 4457 2523 4511 Et
2578 4471 2702 4510 cum
2743 4457 2844 4510 hoc
2880 4454 2992 4523 jam
3038 4462 3237 4525 pugnet
3282 4468 3406 4506 eum

1830 4544 2107 4601 nonnullis
2135 4561 2254 4615 quae
2284 4556 2441 4602 antea
2472 4546 2716 4617 protulit,
2755 4545 3000 4613 sequenti
3034 4544 3208 4613 capite
3235 4541 3303 4595 15
3328 4541 3409 4597 di-

1830 4648 1975 4693 serte
1998 4638 2146 4693 addit
2175 4653 2234 4694 se
2264 4638 2422 4693 aliter
2450 4654 2593 4694 nunc
2623 4652 2784 4707 quam
2814 4637 2963 4704 prius
2990 4635 3214 4698 sentire,
3243 4643 3408 4703 atque

1827 4731 2151 4785 erubescere
2204 4744 2326 4784 cum
2366 4729 2586 4797 scriptis
2646 4726 2930 4784 scribenda
2990 4724 3278 4780 conferat:
3313 4739 3406 4777 nec

1829 4819 2182 4875 barbarismos
2219 4821 2275 4875 in
2317 4820 2484 4874 verbis
2525 4821 2710 4893 egisse,
2746 4817 2837 4872 sed
2878 4816 3108 4871 aliorum
3150 4815 3292 4868 dicta
3327 4812 3405 4867 vel

1898 4973 2008 5040 (Π)
2042 4972 2135 5037 ιιι,
2174 4972 2266 5036 ιιι,
2295 4972 2385 5026 2t.

1896 5043 2276 5184 El8)lll,12,
2312 5044 2411 5105 '20,

1928 5116 2008 5184 19)
2048 5115 2212 5184 Libro
2245 5113 2311 5168 ad
2349 5128 2542 5168 amtcu:

1827 5099 2639 5212 “0th
2664 5123 2823 5182 quem
2854 5109 3040 5209 tlEl'ele
3070 5102 3242 5166 edidit
3269 5099 3409 5153 inter
