3938 5380
454 355 567 409 285

1480 351 1782 409 ARNULFI
1831 345 2381 406 MEDIOLANENSIS
2419 344 2689 402 CLERICI

3636 343 3756 397 254

453 474 598 542 facta
638 479 826 523 temore
853 467 1147 539 judicaue,
1192 483 1311 521 cum
1342 465 1442 521 soli
1472 466 1582 522 Deo
1615 465 1851 520 cordium
1889 479 2032 518 reve-
2059 463 2108 523 Α
2136 475 2244 530 quo
2273 458 2601 515 Muralorius
2631 459 2684 512 in
2717 457 2954 514 editione
3002 471 3096 511 sua
3142 455 3460 512 adornanda
3502 453 3754 526 potissi-

454 562 630 616 lentur
653 560 878 613 occulta.
913 557 1011 614 Ubi
1048 558 1470 623 animadvertas,
1508 573 1712 628 quaeso,
1755 573 1877 611 eum
1925 571 2035 611 non

457 651 723 704 factorum
761 663 1013 719 perverse
1059 657 1428 710 narratorum,
1469 649 1561 702 sed
1602 631 1790 717 j'udicii
1829 652 2038 699 tantum

458 741 676 795 incaute
735 737 930 810 prolati
985 752 1134 792 reum
1181 753 1240 792 se
1283 738 1550 793 conﬁteri.
1599 737 1862 804 Mendacii
1911 750 2039 791 vero

460 841 643 886 nolam
675 833 848 900 primo
880 830 1000 884 libri
1047 834 1094 884 v'
1118 829 1293 899 capite
1323 829 1518 884 iterum
1546 829 1774 898 respuit.
1813 858 1886 868 ——
1912 827 2041 882 Post

459 925 575 978 haec
602 938 772 992 pauca
808 922 956 976 addit
989 923 1054 977 de
1092 921 1352 976 Thedaldi
1389 920 1654 977 electione
1684 931 1740 976 et
1773 922 1837 976 de
1867 919 2040 974 Hein-

461 1016 558 1069 rici
591 1015 656 1070 IV
683 1029 807 1069 cum
850 1012 1115 1084 Gregorio
1155 1003 1508 1075 dissensione,
1547 1013 1660 1082 jam
1703 1018 1888 1081 aperte
1918 1026 2043 1080 pro-

459 1105 631 1160 fcsms
663 1105 958 1160 Roman-un
989 1120 1261 1173 nunquam
1289 1105 1559 1160 erravisse
1584 1103 1881 1158 Ecclesiam
1907 1102 2040 1170 (27),

462 1199 634 1254 donec
677 1207 896 1268 peracta
940 1197 1419 1252 Mediulanensium
1457 1212 1580 1252 cum
1612 1212 1750 1267 papa
1796 1195 2044 1252 reconci-

461 1289 687 1346 liatione
713 1306 847 1360 opus
869 1291 1162 1346 clauditur.

533 1382 821 1436 Scribendi
850 1397 1046 1452 genere
1083 1398 1212 1436 usus
1255 1391 1337 1436 est
1385 1381 1612 1451 simplici
1653 1390 1707 1435 et
1734 1381 1865 1435 satis
1888 1395 2046 1449 puro,

464 1472 564 1526 etsi
605 1472 823 1526 curules
865 1471 1132 1540 quadrivii
1181 1478 1326 1526 rotas
1373 1485 1648 1540 nunquam
1694 1485 1751 1524 se
1783 1485 2048 1524 conscen»

465 1563 610 1617 disse
633 1563 861 1640 fatetur.
887 1561 1202 1617 Sallustium
1235 1569 1414 1616 tamen
1443 1561 1636 1631 legisse
1667 1561 1880 1615 videtur
1911 1559 2045 1631 (28).

466 1653 716 1710 Orosium
756 1669 840 1722 ιιι,
886 1653 941 1720 2,
983 1655 1134 1720 citat,
1181 1671 1260 1720 tv,
1306 1655 1392 1719 ll,
1445 1653 2052 1724 tomumEtymologia-

2141 566 2288 605 mum
2329 567 2460 606 usus
2503 561 2606 616 est,
2664 551 2862 605 iterum
2904 547 3155 604 conferre
3203 547 3534 618 superﬂuum
3584 545 3758 600 vide-

2140 647 2323 702 batur.

2215 737 2293 810 [3]
2323 738 2650 804 Sitouiamts,
2685 736 2838 805 cujus
2867 738 3234 810 apographum
3273 737 3542 793 beneﬁcio
3571 735 3762 793 Joan-

2142 829 2227 884 nis
2266 831 2330 884 de
2357 829 2564 884 Silonis
2593 829 2898 884 Leibnitius
2922 837 3114 884 nactus
3151 836 3261 893 est;
3294 829 3438 883 aliud
3456 826 3762 897 exemplar

2143 934 2209 974 ex
2240 921 2427 975 eodem
2452 922 2637 976 codice
2675 920 3001 975 Muratorius
3026 935 3078 974 a.
3116 920 3252 976 1699
3279 921 3419 990 apud
3446 917 3762 974 Camillum

2145 1010 2411 1076 Sitonum,
2441 1011 2665 1068 Joannis
2696 1021 2923 1082 patrem,
2955 1012 3315 1082 transcripsit,
3366 1011 3513 1080 quod
3549 1018 3761 1080 postea

2145 1117 2244 1172 ope
2267 1103 2385 1157 cod.
2411 1102 2655 1160 Estensis
2677 1103 3006 1157 emendavit.
3034 1103 3251 1158 Tertius
3279 1112 3579 1172 etquartus
3607 1100 3762 1154 liber

2147 1193 2220 1246 ibi
2252 1194 2326 1258 iu
2351 1207 2516 1246 unum
2560 1192 2828 1246 contracti
2880 1201 3035 1257 sunt;
3076 1193 3314 1262 capitum
3355 1190 3761 1261 inscriptiones

2146 1284 2331 1338 nullae.
2369 1283 2475 1338 Nos
2509 1300 2628 1353 quae
2658 1284 2797 1353 apud
2833 1283 3156 1339 Leibnitium
3199 1285 3403 1355 pariter
3450 1300 3516 1339 ac
3563 1283 3763 1338 Mura-

2150 1381 2348 1434 torium
2404 1379 2709 1450 leguntur?’
2753 1380 3106 1452 signavimus,
3141 1396 3263 1450 quae
3316 1381 3381 1435 L.
3439 1380 3591 1435 solus
3657 1380 3761 1433 ha—

2187 1481 2260 1538 et,
2290 1473 2375 1528 5n.

2187 1481 2260 1538 et,
2290 1474 2375 1528 5n.

2148 1474 2184 1530 b
2224 1564 2301 1636 [4]
2330 1564 2642 1618 Archinteus
2671 1580 2734 1620 ex
2762 1579 2870 1634 quo
2899 1564 3034 1620 duos
3059 1564 3280 1619 ultimos
3299 1563 3468 1619 libros
3510 1563 3764 1630 descrip-

2153 1665 2341 1713 serunt
2367 1658 2443 1712 5°.
2474 1656 2592 1710 B9).
2622 1656 2694 1712 cl‘.
2726 1657 2793 1710 ad
2843 1673 2903 1712 ιιι
2937 1657 3031 1712 ﬁn.
3066 1657 3289 1722 Eodem,
3334 1655 3628 1711 deﬁciente
3657 1654 3770 1709 Pa-

468 1760 610 1798 rum.
636 1743 890 1814 xEquales
914 1746 1203 1800 verborum
1236 1758 1397 1799 sonos
1423 1745 1477 1799 in
1528 1744 1633 1799 line
1655 1744 2049 1799 sententiarum

2185 1753 2349 1818 tiensi,
2379 1752 2428 1806 J.
2455 1751 2515 1807 P.
2546 1752 2850 1807 Puricellus
2890 1767 3018 1807 usus
3043 1761 3127 1807 est
3149 1752 3285 1822 (5t).
3320 1750 3569 1812 Quatuor
3595 1748 3764 1804 libris

470 1838 750 1906 τενθιίιοε,
792 1839 935 1908 fl“0d
970 1841 1226 1914 temporis
1255 1840 1395 1895 illius
1431 1839 1739 1893 hominibus
1767 1837 2053 1908 PUlChmm
2083 1818 2131 1877 υ
2157 1818 2443 1900 distinctus
2467 1843 2633 1898 fuisse
2657 1844 2893 1910 videtur,
2922 1843 2995 1897 ita
3011 1850 3070 1897 ut
3089 1818 3297 1897 uretiv
3311 1857 3475 1896 unum
3490 1840 3761 1904 efﬁciant,

475 1945 596 1986 esse
631 1931 938 1996 videbatur,
968 1947 1110 2001 szrpe
1147 1933 1286 2002 apud
1315 1948 1438 1986 eum
1472 1931 1798 1986 invenimus.
1830 1929 1886 1985 ln
1913 1939 2055 1984 tem-

473 2039 667 2095 porum
692 2024 1054 2094 descriptione
1077 2040 1264 2094 parum
1292 2040 1437 2080 curae
1469 2024 1668 2094 posuit.
1693 2023 1950 2077 Brevitati
1983 2022 2057 2077 ita

477 2116 699 2180 studuit,
741 2126 799 2170 ut
845 2116 1073 2185 plurima
1110 2131 1229 2186 quae
1278 2117 1421 2170 scire
1472 2115 1700 2169 vtlimus
1759 2113 2055 2179 reticuerit,

479 2222 602 2262 cum
661 2206 982 2276 prolixiores
1025 2206 1273 2262 Landulti
1326 2208 1666 2261 narrationes
1717 2213 1772 2260 et
1815 2206 2061 2260 obscura:

481 2300 590 2354 sint
611 2309 664 2354 et
693 2301 795 2353 tlde
823 2316 1012 2368 parum
1044 2300 1236 2369 dignm.
1273 2299 1460 2368 Itaque
1482 2297 1684 2352 factum
1715 2305 1796 2353 est
1819 2307 1878 2352 ut
1905 2297 1942 2352 ii
1969 2297 2064 2367 qui

478 2400 670 2462 postea
695 2392 760 2446 de
800 2392 962 2446 rebus
1004 2390 1483 2447 Mediolanensium
1526 2393 1891 2462 scripserunt,
1936 2392 2064 2447 dum

482 2483 766 2554 penuriam
821 2499 1003 2538 rerum
1038 2485 1194 2538 nobis
1246 2484 1567 2540 traditarum
1607 2483 1858 2554 supplere
1905 2498 2066 2554 cupe-

483 2588 628 2641 rent,
675 2591 706 2630 a
754 2575 1018 2632 Landulfo
1050 2585 1101 2632 et
1141 2575 1453 2633 Gualvaneo
1481 2579 1548 2634 de
1575 2578 1626 2632 la
1651 2577 1916 2643 Flamma,
1962 2578 2068 2634 ho-

485 2669 633 2725 mine
658 2669 898 2726 omnium
949 2671 1385 2735 mendacissimo,
1423 2671 1477 2724 in
1527 2685 1743 2727 errores
1786 2671 1978 2726 abduci
2011 2684 2070 2725 se

483 2770 820 2831 paterentur,
874 2763 1018 2832 quod
1063 2761 1146 2817 vel
1197 2762 1395 2834 comiti,
1428 2761 1626 2818 Giulini
1679 2775 2071 2830 nonnunquam

486 2855 707 2919 accidit,
749 2855 840 2924 qui
872 2855 1104 2924 plurima
1146 2856 1362 2926 egregie
1410 2855 1723 2910 illustravit.
1761 2854 1890 2908 Post
1929 2855 2106 2922 hunc.

489 2945 579 2998 vir
609 2945 955 3000 doctissimus
975 2945 1270 3017 Fumagalli
1303 2947 1482 3016 aliqua
1525 2946 1834 3001 accuratius
1871 2954 2076 3000 tracta-

492 3037 611 3102 vit;
661 3038 727 3092 de
771 3038 836 3092 iis
881 3053 1010 3093 vero
1056 3054 1175 3108 qua:
1218 3039 1284 3093 ad
1324 3038 1632 3108 reipublicae
1659 3037 2077 3092 Mediolanensis

2160 1950 2192 1988 v
2217 1944 2443 2003 quartus
2473 1941 2720 1989 vocetur.
2751 1933 3006 1989 Proxime
3029 1933 3239 1988 accedit
3279 1934 3346 1988 ad
3382 1941 3596 1988 textum
3629 1929 3759 1985 Mu-

2159 2027 2516 2093 ratorianum,
2578 2027 2761 2097 itaque
2820 2026 2886 2080 ad
2949 2026 3004 2080 2.
3061 2025 3115 2080 5.
3172 2025 3421 2096 Capitum
3475 2023 3764 2079 distinctio

2161 2121 2324 2176 nulla.

2235 2213 2314 2286 [5]
2349 2212 2766 2283 Metropolitanus
2788 2211 2914 2266 eccl.
2946 2209 3374 2274 Mediolanensis,
3401 2206 3762 2272 Landulfum,

2164 2305 2472 2367 Amulium,
2529 2303 2830 2374 catalogum
2884 2302 3500 2371 archiepiscOporum,a
3555 2299 3759 2358 Mutat.

2164 2398 2259 2464 ιν,
2289 2399 2410 2462 Ml,
2444 2397 2672 2463 editum,
2699 2396 2982 2452 continens
3009 2395 3147 2465 (52),
3179 2393 3370 2448 habuit
3397 2401 3608 2448 tantum
3641 2402 3755 2444 tres

2167 2489 2379 2560 priores
2404 2488 2594 2552 libros,
2616 2487 2708 2542 sed
2751 2495 2974 2557 prOpter
2996 2487 3284 2541 verborum
3313 2500 3436 2539 cum
3487 2483 3762 2552 prioribus

2169 2581 2574 2638 similitudinem
2608 2581 2691 2635 his
2719 2587 2800 2634 est
2827 2577 3285 2641 adnumerandus,
3307 2587 3361 2631 et
3412 2575 3569 2630 initio
3596 2573 3764 2628 habet

2169 2675 2452 2745 prologum
2478 2681 2534 2728 et
2558 2673 2854 2742 catalogos.
2885 2670 2982 2726 Hic
3025 2687 3054 2725 a
3090 2669 3267 2726 Sociis
3310 2668 3575 2722 Palatinis
3604 2665 3760 2720 adhi-

2171 2767 2316 2822 bitus
2344 2774 2443 2826 est.
2475 2765 2568 2821 sed
2607 2779 2749 2820 nunc
2796 2763 2996 2818 frustra
3037 2761 3428 2817 aBethmanno
3482 2758 3762 2828 quaesitus.

2249 2860 2326 2925 δ’)
2371 2858 2503 2914 Cod.
2548 2858 2790 2912 sereniss.
2831 2857 2982 2910 ducis
3038 2855 3193 2909 Lith
3247 2852 3683 2914 Mediolanensis,
3713 2864 3760 2900 a.

2178 2951 2316 3006 1703
2337 2960 2612 3015 exaratus,
2639 2951 2816 3006 chart.
2847 2949 2995 3012 tolio,
3025 2963 3187 3003 manu
3218 2947 3500 3009 continua,
3526 2945 3766 3000 continet

2178 3045 2488 3108 Arnull‘um,
2530 3044 2854 3100 Landull'um
2903 3044 3169 3099 seniorem
3212 3050 3269 3097 et
3303 3040 3601 3110 iuniorem,
3655 3046 3763 3090 tum

494 3137 695 3182 statum
723 3130 1024 3198 pertinent,
1073 3131 1366 3186 novissime
1397 3130 1562 3184 multa
1593 3130 1863 3198 disputata
1897 3140 2023 3186 sunt
2047 3146 2078 3186 a
2108 3170 2152 3232 Ο
2183 3136 2286 3190 alia
2335 3122 2580 3206 quaedam
2603 3151 2766 3190 manu
2799 3134 2901 3188 alia
2932 3133 3170 3204 alligata.
3199 3129 3466 3200 Arnulphi
3494 3138 3608 3183 tres
3630 3126 3770 3196 prio-

491 3219 625 3273 viris
652 3220 741 3274 cll.
773 3220 838 3274 ll.
866 3220 972 3276 Leo
999 3219 1112 3292 (29)
1133 3222 1226 3290 qui
1249 3237 1354 3276 non
1397 3237 1522 3276 raro
1556 3229 1610 3276 et
1639 3221 1896 3277 Flammte
1926 3236 2087 3276 com."

492 3310 693 3364 mentis
739 3319 794 3364 et
829 3311 941 3366 suis
972 3312 1144 3381 ipsius
1170 3312 1513 3382 opinionibus
1556 3312 1780 3366 nimium
1828 3313 2083 3369 tribuisse

502 3404 758 3464 videtur.
814 3414 870 3461 et
923 3406 988 3460 Α.
1044 3405 1112 3460 de
1177 3406 1752 3479 Bethmann-Hollweg
1809 3407 1921 3479 (50)
1986 3407 2080 3478 qui

498 3493 784 3550 Arnulfum
831 3497 1103 3567 praecipue
1148 3505 1365 3552 secutus
1389 3498 1599 3552 cautius
1628 3499 1757 3568 egit.

573 3585 650 3639 De
687 3587 964 3642 codicibus
1005 3591 1384 3659 manuscriptis
1418 3591 1531 3644 haec
1578 3591 1735 3645 nobis
1782 3592 2084 3646 transmisit

503 3676 565 3730 C.
600 3675 663 3730 L.
707 3676 1028 3744 Bethmann,
1058 3682 1147 3748 qui
1181 3681 1235 3734 in
1267 3681 1461 3736 itinere
1487 3680 1671 3737 Italico
1705 3697 1797 3737 eos
1833 3683 1885 3737 iu
1927 3697 2082 3737 usum

504 3765 756 3821 editionis
778 3783 929 3822 novm
956 3771 1241 3823 convertit.

579 3858 644 3927 1)
712 3858 1216 3927 Scltonborniauus,
1287 3862 1727 3919 Pommersfelda:
1797 3872 2084 3930 servatus,

508 3966 560 4002 η.
596 3950 760 4014 2802,
792 3954 930 4007 Inbr.
965 3969 1080 4022 qu.,
1111 3970 1235 4010 saec.
1269 3971 1367 4009 xm
1401 3957 1452 4009 in
1485 3957 1632 4010 Italia
1663 3957 1919 4026 scriptus,
1960 3973 2091 4011 cott-

510 4045 648 4098 tinet
688 4044 970 4114 Amulium
1012 4063 1172 4101 manu
1217 4049 1473 4103 continua
1504 4059 1811 4112 exaratum,
1846 4059 1954 4102 tum
1987 4050 2088 4103 alia

514 4153 676 4192 manu
712 4138 964 4194 Ottonem
1000 4139 1296 4196 Moreuam.
1327 4139 1514 4211 Neque
1545 4142 1664 4196 libri
1706 4157 1878 4211 neque
1917 4142 2090 4210 capita

513 4231 939 4302 distinguuntur,
970 4249 1145 4304 neque
1183 4235 1419 4304 capitum
1471 4235 1677 4288 indices
1717 4233 2008 4303 leguntur;
2041 4246 2096 4287 at

516 4325 606 4378 ubi
638 4324 690 4378 in
724 4325 950 4394 reliquis
977 4326 1155 4394 capita
1204 4326 1500 4396 incipiunt,
1547 4326 1635 4380 hic
1661 4326 1828 4381 codex
1862 4325 2099 4394 plerum-

515 4429 620 4483 que
664 4416 856 4484 majori
910 4415 1090 4470 littera
1141 4416 1316 4486 posita
1376 4430 1568 4470 novam
1635 4415 1830 4470 lineam
1888 4415 2097 4484 incipit.

519 4504 720 4559 Textns
747 4505 1013 4576 egregius,
1039 4520 1198 4574 quem
1228 4505 1403 4560 ubivis
1433 4506 1544 4560 fere
1571 4505 1740 4560 secuti
1769 4520 1976 4560 sumus.

590 4596 646 4666 2)
687 4596 940 4660 Estensis,
989 4613 1018 4651 a
1058 4599 1126 4652 cl.
1191 4597 1486 4653 Muratorio
1541 4598 1592 4652 in
1645 4613 1802 4652 usum
1855 4608 2098 4664 vocatus,

521 4687 718 4742 szeculo
770 4704 889 4751 xm,
935 4698 1088 4744 certe
1145 4706 1250 4744 non
1300 4691 1596 4760 antiquior,
1637 4689 1790 4757 cujus
1828 4690 2100 4758 specimen

524 4780 674 4835 dedit
699 4781 836 4836 Mur.
864 4782 963 4837 SS.
998 4781 1085 4842 ιν,
1117 4799 1172 4853 p.
1202 4782 1258 4838 5.
1286 4784 1672 4854 lnscriptiones
1695 4784 1930 4852 capitum
1973 4797 2107 4850 quas

524 4894 591 4933 cx
621 4879 725 4932 hoc
755 4879 938 4933 codice
970 4878 1106 4933 Mur.
1149 4880 1376 4950 recepit,
1415 4895 1536 4934 cum
1573 4879 1624 4932 in
1662 4877 1884 4948 reliquis
1909 4876 2108 4932 codici-

524 4971 627 5024 bus
665 4968 844 5023 desint
871 4978 925 5024 et
947 4987 975 5024 a
1006 4970 1230 5025 librario
1270 4970 1464 5025 additae
1491 4985 1614 5025 esse.
1632 4969 1940 5032 videantur,
1974 4982 2110 5037 qua-

527 5063 608 5118 les
628 5063 793 5117 etiam
820 5063 876 5118 in
917 5066 1037 5120 cod.
1073 5065 1096 5118 l
1133 5065 1332 5133 passim
1374 5064 1426 5118 in
1470 5063 1714 5133 margine
1744 5063 1993 5131 ascriptre
2022 5075 2109 5114 rc-

529 5155 813 5194 nar-inultu-

917 5155 1071 5194 inilin
1137 5155 1353 5194 nniilmn
1412 5155 1552 5194 intm-
1604 5155 1785 5194 varia:
1855 5153 2114 5194 lar-tinum:

2185 3241 2273 3282 res
2300 3228 2464 3282 libros
2485 3243 2550 3282 ex
2577 3229 2609 3281 5
2633 3226 2942 3295 descripsit,
2977 3241 3030 3279 ιν
3059 3233 3113 3279 et
3139 3240 3172 3277 v
3195 3238 3257 3277 ex
3285 3222 3342 3276 4.

2257 3318 2320 3373 Hi
2348 3319 2510 3388 igitur
2533 3318 2768 3380 codices,
2793 3325 3020 3384 excepto
3045 3315 3098 3379 5,
3151 3321 3317 3367 totum
3371 3325 3511 3380 opus
3539 3306 3772 3377 comple-

2186 3419 2432 3473 ctuntur,
2447 3419 2500 3462 et
2517 3409 2672 3463 initio
2689 3407 3019 3477 prmmittunt
3033 3405 3311 3476 prologum
3325 3418 3446 3458 cum
3462 3400 3771 3456 nominibus

2187 3515 2373 3569 regum
2403 3507 2456 3553 et
2492 3497 3054 3566 archiepiscoporum;
3087 3510 3205 3566 qua}
3255 3494 3452 3547 desunt
3501 3489 3772 3545 codicibus

2189 3606 2324 3660 quos
2339 3589 2397 3650 Β.
2426 3604 2703 3650 vocamus,
2720 3597 2832 3641 tres
2856 3595 3065 3640 tantum
3083 3586 3247 3639 libros
3267 3583 3478 3652 priores
3495 3581 3771 3635 continen-

2191 3681 2356 3744 tibus,
2389 3678 2675 3747 verbisque
2694 3677 2766 3730 ita
2794 3689 3179 3743 nonnunquam
3205 3688 3234 3726 a
3261 3671 3475 3726 caneris
3514 3669 3772 3723 receden-

2193 3776 2355 3833 tibus,
2383 3781 2438 3824 ut
2462 3770 2696 3840 priorem
2729 3767 2909 3836 operis
2962 3765 3252 3820 editionem
3284 3763 3444 3822 facile
3496 3772 3776 3830 agnoscas.

2262 3865 2358 3932 BI)
2395 3861 2524 3916 Cod.
2553 3859 2828 3913 Ἐναηεὶδεὶ
2868 3856 3084 3912 Castelli
3108 3873 3154 3910 s.
3185 3854 3403 3909 Mediol.
3440 3852 3677 3906 ecclesia:
3704 3865 3779 3902 or-

2193 3955 2389 4011 dinarii
2428 3952 2580 4012 1571,
2606 3951 2798 4005 deinde
2825 3950 2888 4002 Α.
2933 3948 2999 4003 ι).
3052 3945 3500 4014 archipresbyter-0
3557 3940 3774 3996 Medioi.

2197 4047 2482 4101 Octaviano
2507 4042 2775 4108 Forrerio,
2809 4049 2931 4112 post
2957 4039 3180 4110 capituli
3216 4035 3663 4098 Mediolanensis,
3689 4035 3776 4088 de—

2196 4142 2420 4209 niquea.
2453 4137 2606 4192 1822.
2644 4137 2848 4192 relatus
2875 4135 3018 4189 inter
3039 4132 3486 4186 Ambrosianosn.
3517 4130 3611 4190 89,
3645 4127 3778 4181 mbr.

2198 4248 2316 4301 qn.,
2346 4247 2390 4284 s.
2421 4245 2509 4284 xw
2538 4244 2699 4283 manu
2746 4227 3003 4282 continua
3032 4233 3314 4286 exaratus,
3343 4221 3455 4293 (55)
3519 4217 3782 4274 columnis

2201 4324 2361 4378 binis.
2393 4321 2645 4376 Continet
2688 4316 3010 4372 Landull‘um
3041 4324 3096 4370 et
3121 4322 3245 4384 post
3292 4314 3438 4368 hunc
3462 4310 3780 4371 Amulium;

2203 4416 2370 4472 assnti
2395 4422 2521 4469 sunt
2568 4409 3007 4484 quaternionesd
3059 4424 3252 4464 manus
3277 4406 3438 4478 plane
3475 4404 3633 4466 alius,
3656 4403 3785 4457 Lan-

2133 4521 2181 4579 ι)
2208 4512 2413 4566 dultnm
2437 4509 2710 4573 juniorem
2735 4516 2790 4562 et
2825 4506 3136 4577 passionem
3169 4502 3226 4558 S.
3263 4499 3470 4556 Arialdi
3496 4498 3785 4570 |continen-

2213 4613 2310 4658 tes.
2339 4603 2438 4657 llic
2457 4609 2541 4656 est
2580 4600 2669 4654 ille
2719 4613 2882 4669 quem
2919 4596 3064 4652 Socii
3098 4591 3328 4648 Palatini
3364 4589 3412 4644 Μ
3439 4598 3659 4652 vocant,
3707 4584 3789 4641 sed

2213 4710 2402 4766 parum
2454 4699 2714 4748 accurate
2767 4688 3134 4745 contulerunt.
3183 4683 3498 4740 Membrana
3545 4696 3612 4735 ex
3653 4687 3791 4749 parte

2214 4785 2480 4854 rescripta
2507 4793 2622 4848 est;
2661 4797 2781 4852 quze
2815 4781 2991 4835 deleta
3024 4787 3170 4852 sunt,
3204 4777 3578 4830 characterem
3627 4769 3793 4839 diplo-

2217 4889 2423 4932 matum
2450 4892 2497 4931 s.
2529 4892 2625 4930 xm
2658 4875 2915 4930 exhibent
2943 4873 3246 4940 omnia;ex
3269 4868 3466 4939 quibus
3518 4863 3791 4936 legendum

2217 4979 2299 5026 est
2333 4985 2346 5024 :
2376 4970 2571 5023 Datum
2594 4978 2650 5022 ut
2671 4985 2850 5038 supra.
2879 4968 3072 5022 Libros
3103 4967 3266 5021 habet
3310 4973 3442 5022 tres.
3469 4961 3636 5016 rubro
3665 4972 3792 5029 pra!-

2215 5059 2479 5129 scriptos;
2514 5059 2749 5126 capitum
2800 5057 3076 5110 distinctio
3108 5055 3272 5117 nulla,
3316 5053 3409 5107 scd
3434 5051 3584 5120 signa
3621 5060 3794 5104 eorum

2217 5151 2377 5194 rnhrn
2409 5148 2706 5194 smnissime
2730 5146 2896 5194 textui
2951 5145 3227 5194 continuo
3250 5142 3579 5194 interposuit
3607 5140 3792 5194 scriba.
