3938 5380
489 267 594 323 287
1535 270 1841 328 ARNULFI
1882 271 2436 336 MEDIOLANENSIS
2476 280 2745 338 CLERICI
3665 284 3776 342 188

492 384 845 453 temporibus.
898 393 1059 455 prout
1100 395 1459 442 occurrerunt
1489 388 1763 443 memoriae
1794 389 2076 460 scriptoris
2105 399 2149 455 Α
2180 408 2318 464 quos
2347 395 2494 450 velut
2521 396 2720 452 densas
2764 412 2829 453 ac
2874 396 3162 455 frondosas
3204 397 3479 454 tenebrosi
3532 399 3777 454 nemoris

492 473 754 544 ejusdem.
776 474 906 544 Quae
929 476 1020 546 qui
1049 476 1189 532 scire
1211 475 1511 541 desiderat,
1538 476 1678 548 legat
1713 493 1812 548 per
1836 480 2077 551 singula;
2179 485 2404 540 arbores
2434 487 2896 544 verecundissime
2940 486 3180 551 latitans,
3214 486 3337 541 ﬁdei
3372 495 3555 542 tamen
3587 501 3777 543 servus

490 563 1193 633 proculdubio'inveniel.
1249 564 1391 619 unde
1432 574 1619 634 pascat
1661 566 1926 641 θηίωμιη,
1974 584 2079 624 lion
2180 575 2486 642 catholicae,
2532 576 2705 632 videri
2736 576 3031 643 erubesco;
3080 576 3307 631 scientia
3356 585 3547 647 utpote
3578 578 3776 642 nudus,

498 655 637 711 cibis
670 656 993 712 lautit‘ribus
1018 667 1074 712 et
1102 655 1360 726 copiosis,
1404 655 1500 711 sed
1524 654 1671 710 sanis
1701 670 1765 710 ac
1795 656 2082 728 digestibi-
2181 667 2371 737 paucis
2394 667 2682 724 admodum
2711 667 2908 724 niteris
2930 668 2995 734 ω,
3024 667 3172 723 velut
3199 667 3540 724 tenuissimis
3562 681 3783 723 anne:

497 746 660 802 libus.
712 748 919 818 Regum
960 762 1089 803 vero
1135 762 1199 802 ac
1252 746 1566 817 pontiﬁcum
1612 746 1832 803 nomina
1881 748 2085 820 scripta

497 846 622 893 sunt
652 847 778 899 ante
805 839 992 894 oculos
1014 837 1316 908 subiacenti
1344 839 1400 894 in
1429 839 1627 912 pagina
1645 838 1687 895 ³.

495 927 614 1002 Ugo
643 944 735 986 rex
761 930 1090 1003 Burgundio.

495 1021 751 1078 Litarius
781 1021 924 1077 ﬁlius
951 1020 1091 1091 ejus.

497 1112 860 1184 Berengarius
890 1113 1300 1183 Longobardus.

499 1203 625 1260 Otto
653 1205 862 1276 primus
896 1206 1250 1263 Teutonicus.

500 1296 627 1350 tltto
653 1298 929 1352 secundus
956 1297 1118 1367 primi
1141 1297 1306 1352 ﬁlius.

501 1388 628 1440 Otto
660 1396 695 1440 tt
713 1389 862 1444 reius
884 1394 1105 1447 secundi
1137 1393 1301 1448 ﬁlius.

498 1477 773 1536 Ardoinus
795 1478 1202 1553 Lattgobardus.

500 1563 789 1623 lle'nricus
818 1568 1169 1629 Teutonicust

503 1655 733 1713 lluanon
756 1658 778 1690 δ
823 1662 967 1718 simil
992 1671 1094 1720 ter.

505 1748 793 1807 lleinricus
820 1752 969 1809 ﬁlius
996 1765 1055 1812 tit
1082 1768 1254 1828 pater.

508 1839 796 1899 Heinricus
821 1843 938 1914 ejus
965 1844 1128 1903 ﬁlius.

510 1932 805 1993 Ardericus
830 1937 968 1993 sedit
994 1954 1167 1997 annos
1193 1940 1287 2006 22,
1314 1957 1528 1998 menses
1553 1941 1608 1997 2.

513 2024 792 2085 Manasses
825 2040 881 2086 et
910 2032 1281 2090 Adelntannus
1315 2035 1477 2091 simul
1522 2035 1556 2090 5
1605 2035 1826 2091 fuerunt
1870 2033 2098 2101 annos',

586 2133 694 2175 non
721 2120 776 2175 in
813 2122 1092 2193 cathedra,
1123 2124 1218 2182 sed
1260 2125 1314 2180 in
1342 2140 1473 2181 arcu
1498 2136 1554 2182 et
1584 2125 1807 2182 faretra.

517 2208 830 2280 Walpertus
864 2214 1005 2269 sedit
1032 2229 1207 2277 annos
1237 2216 1327 2274 18.

517 2305 562 2357 Δ
595 2302 781 2361 uultus
807 2303 943 2362 sedit
972 2321 1146 2365 annos
1181 2310 1238 2374 5,
1272 2324 1496 2375 menses
1530 2309 1585 2365 4.

520 2395 641 2451 Gott
659 2396 848 2454 fredus
873 2400 1013 2457 sedit
1043 2416 1215 2458 annos
1241 2402 1295 2463 5.
1325 2419 1566 2460 mensem
1595 2405 1648 2468 1,
1670 2404 1787 2462 dies
1805 2404 1899 2459 24.

522 2487 820 2545 Laudulfus
858 2494 998 2547 sedit
1031 2508 1203 2550 annos
1231 2494 1320 2560 18,
1350 2509 1569 2551 menses
1595 2496 1650 2550 5.

520 2580 869 2651 Arnull‘usse
905 2584 949 2642 it
979 2601 1153 2643 annos
1178 2587 1266 2651 19,
1299 2601 1516 2644 menses
1540 2586 1593 2652 9,
1624 2588 1741 2643 dies
1768 2587 1822 2644 6.

521 2669 841 2729 Aeribertus
873 2675 1014 2732 sedit
1055 2691 1229 2734 annos
1256 2678 1349 2747 26,
1383 2692 1623 2745 menses,
1652 2678 1706 2745 8,
1736 2679 1852 2735 cies
1888 2678 1972 2735 l9.

2185 760 2288 814 ﬁlis
2336 760 2527 815 leviter
2580 761 2987 831 superindutus.
3025 759 3295 815 Praeterea
3327 774 3451 814 cum
3494 759 3611 830 jam
3656 757 3785 813 in“

2186 850 2332 906 dicto
2363 850 2649 921 praesentis
2693 852 2794 908 aevi
2829 865 3051 906 nemore
3097 860 3205 905 tam
3251 849 3468 905 diversa
3516 864 3785 905 novarum

2187 933 2389 997 cetiilie
2421 955 2603 996 rerum
2632 949 2919 1011 erumpant
2954 939 3107 1005 folia,
3133 939 3304 994 miror
3332 946 3412 993 tot
3441 953 3507 994 ac
3554 947 3666 993 tam
3698 938 3789 992 di-

2188 1038 2368 1086 sertos
2395 1029 2478 1085 vel
2504 1030 2597 1085 uni
2619 1045 2807 1085 eorum
2833 1046 2940 1085 non
2964 1029 3237 1085 insulﬁare
3263 1030 3583 1100 scriptores.
3612 1026 3790 1084 Nullis

2190 1125 2337 1181 cnim
2367 1133 2513 1180 retro
2544 1124 2880 1195 temporibus
2900 1124 2945 1156 “
2976 1122 3099 1180 talis
3117 1138 3182 1179 ac
3210 1132 3358 1178 tanta
3382 1121 3661 1178 scribendi
3683 1121 3791 1176 luit

2190 1216 2408 1271 occasio
2431 1215 2606 1272 doctis
2635 1215 2844 1286 pariter
2882 1224 2939 1271 et
2955 1215 2998 1247 “
3027 1215 3277 1270 indoctis.
3311 1214 3439 1269 Haec
3468 1213 3656 1268 animo
3698 1227 3790 1268 re-

2191 1308 2439 1375 volvens,
2490 1324 2597 1365 non
2629 1306 3026 1377 micbimetipse
3053 1306 3288 1371 conﬁdo,
3316 1320 3482 1377 quem
3512 1304 3672 1359 exilis
3702 1303 3790 1357 in—

2193 1398 2336 1469 genii
2393 1398 2531 1451 adeo
2583 1405 2877 1467 paupertas
2925 1404 3196 1464 angustat,
3241 1403 3301 1449 ut
3342 1392 3579 1448 diﬁicilis
3623 1391 3789 1445 michi

2196 1490 2446 1544 videatur
2475 1488 2805 1544 Aristotelici
2834 1487 3125 1543 laberinthi
3156 1488 3459 1558 ingressus,
3485 1485 3791 1540 laboriosus

2195 1581 2352 1636 valde
2412 1580 2626 1635 'l‘uliani
2659 1580 2851 1651 palacii
2907 1594 3181 1635 accessus.
3233 1578 3436 1634 Fateor
3490 1593 3581 1632 me
3630 1591 3791 1629 num-

2199 1686 2363 1742 quam
2393 1669 2774 1726 conscendisse
2802 1668 3021 1725 curules
3049 1668 3318 1740 quadrivii
3345 1677 3517 1723 rotas.
3563 1663 3738 1719 Nicbil
3757 1678 3793 1718 a

2129 1758 2174 1818 Β
2203 1778 2289 1819 me
2319 1762 2505 1833 igitur,
2529 1762 2813 1818 carissime
2841 1761 3089 1833 quisquis
3116 1775 3198 1827 es,
3241 1767 3441 1830 praeter
3465 1757 3611 1828 quod
3641 1756 3796 1826 pollio

2198 1868 2328 1909 ceor
2355 1855 2563 1924 exigas,
2607 1852 2862 1908 videlicet
2892 1852 3073 1908 verbis
3114 1851 3382 1922 prolatam
3408 1849 3797 1905 communibus

2201 1946 2502 2016 simplicem
2538 1952 2816 2017 gestorum
2851 1943 3245 2006 narrationem,
3272 1955 3397 2012 quae
3433 1939 3615 1996 nostri
3642 1953 3799 2010 reges

2203 2039 2484 2109 nostrique
2509 2052 2730 2104 gessere
2755 2035 3061 2106 pontiﬁces,
3088 2035 3261 2090 nostri
3291 2048 3515 2104 quoque
3540 2032 3799 2087 concives

2204 2129 2259 2183 in
2288 2128 2421 2182 urbe
2483 2126 2787 2183 Mediolano
2850 2126 2934 2181 vel
2983 2134 3159 2190 extra,
3208 2123 3592 2193 compatriota:
3668 2134 3799 2176 vero

2205 2221 2374 2276 nostri
2406 2221 2458 2274 in
2503 2234 2670 2291 regno
2698 2218 2903 2283 italico,
2953 2233 3075 2288 quae
3099 2217 3214 2287 ipse
3269 2216 3377 2271 vidi
3418 2216 3507 2271 vel
3535 2214 3800 2285 quemad-

2207 2313 2426 2379 modum
2458 2327 2491 2367 a
2517 2310 2824 2365 videntibus
2845 2318 2938 2364 aut
2968 2308 3130 2378 paulo
3157 2308 3385 2363 ulterius
3408 2306 3619 2373 audivi,
3640 2312 3801 2375 prout

2207 2404 2372 2459 etiam
2402 2401 2469 2457 de
2500 2401 2772 2458 thesauris
2800 2401 3066 2470 prodeunt
3113 2399 3412 2465 memoriae,
3458 2412 3589 2453 cum
3635 2394 3799 2451 nichil

2210 2497 2301 2560 sit,
2338 2495 2481 2565 quod
2514 2510 2543 2550 a
2584 2510 2670 2551 me
2717 2493 2856 2549 ultra
2895 2508 3118 2565 sperare
3146 2491 3365 2548 debeas.
3397 2489 3456 2546 Si
3493 2489 3636 2545 forte
3658 2489 3801 2543 reci-

2212 2586 2382 2640 tantis
2410 2583 2565 2653 culpa
2594 2583 2860 2638 claudicat
2891 2582 3108 2637 animus
3139 2581 3191 2636 in
3227 2581 3451 2645 auditis,
3481 2579 3642 2636 saliet
3683 2592 3803 2648 pro-

2214 2678 2359 2733 fecto
2386 2676 2759 2733 conﬁdencius
2787 2676 2840 2730 in
2872 2676 3022 2740 visis,
3056 2672 3254 2729 nullius
3285 2673 3537 2744 indigens
3564 2671 3803 2726 testimoo

529 2760 665 2818 Vitlo
692 2764 835 2821 sedit
862 2782 1033 2824 annos
1058 2767 1129 2823 27
1152 2769 1193 2824 ⁸.
2217 2771 2327 2826 nio.
2351 2769 2507 2837 Quod
2533 2769 2580 2824 si
2602 2768 2656 2824 in
2679 2767 3089 2839 praesentiarum
3116 2765 3351 2821 scientes
3374 2764 3536 2818 undet
3557 2760 3804 2818 lectionis

601 2852 656 2907 1.
686 2852 980 2911 Multorum
1013 2858 1196 2916 varios
1219 2858 1471 2928 affectus,
1498 2861 1775 2931 multaque
1806 2861 1994 2916 varia'
2019 2861 2115 2917 de-
2214 2861 2524 2930 hujusce",
2571 2874 2679 2915 non
2720 2858 2999 2913 invideant
3037 2857 3232 2911 saltem
3282 2853 3519 2925 posteris
3557 2866 3624 2907 ac
3668 2851 3807 2907 scire

526 2946 733 3005 lectant
778 2950 983 3016 studia,
1036 2968 1138 3009 nec
1186 2955 1439 3011 omnibus
1485 2954 1690 3018 omnia,
1745 2969 1848 3010 nec
1892 2954 2118 3024 singulis
2218 2955 2451 3009 fortasse
2480 2952 2809 3017 volentibus,
2840 2950 3140 3021 priescrtini
3173 2964 3297 3003 cum
3340 2946 3475 3002 solis
3505 2946 3614 3001 illis
3638 2946 3745 3000 ista
3766 2942 3809 2974 ι’

528 3053 743 3108 semper
766 3041 975 3112 singula
997 3044 1360 3100 satisfaciunt.
1408 3043 1672 3100 Nimirum
1709 3045 1955 3116 dispares
1982 3050 2117 3101 ‘mo-
2154 3113 2187 3120 _
2220 3046 2572 3120 providerim.
2629 3044 2745 3100 Nisi
2782 3044 2927 3100 enim
2976 3045 3152 3113 prisca
3203 3050 3447 3095 veterum
3477 3048 3628 3111 gesta
3658 3037 3812 3092 stilus

528 3142 641 3197 res,
674 3145 739 3186 ac
766 3146 874 3188 t.o:t
909 3133 1049 3189 idem
1090 3135 1331 3190 ontnium
1354 3136 1376 3167 ⁸
1416 3137 1630 3191 animus
1671 3134 1735 3191 ad
1780 3152 1887 3191 non
1927 3138 2116 3192 eadem
2144 3113 2189 3174 θ
2223 3113 2630 3196 commendaret
2653 3144 2967 3205 utcumque,
2991 3133 3134 3188 nulla
3166 3147 3390 3202 prorsus
3416 3131 3811 3200 praeteritorum

533 3234 678 3289 sirpe
727 3221 1107 3289 distrahitur',
1155 3234 1363 3281 naturae
1409 3227 1571 3282 unius
1611 3227 1892 3297 multiplici
1930 3228 2121 3284 condi-
2224 3230 2383 3287 nobis
2418 3230 2460 3262 ¹⁹
2503 3237 2813 3299 superesset
2861 3227 3142 3282 memoria.
3210 3225 3569 3280 Recondatur
3587 3224 3635 3255 ”
3687 3236 3814 3293 ergo

533 3310 732 3376 ctione,
764 3313 831 3370 de
860 3316 1138 3384 quibusin
1165 3333 1453 3374 commune
1483 3319 1772 3384 disserere,
1824 3321 1907 3376 vel
1934 3321 2122 3391 singil-
2225 3321 2440 3377 interim
2470 3320 2571 3374 sub
2597 3318 2780 3374 modio
2807 3327 3050 3373 nostrum
3076 3318 3179 3372 hoc
3218 3315 3622 3388 qualecumque
3656 3329 3816 3384 nego-

532 3401 685 3457 latim
704 3404 748 3436 ³ο
778 3405 1112 3474 disccr..ere,
1140 3424 1249 3465 non
1298 3418 1383 3465 est
1421 3411 1719 3481 praesentis
1751 3412 1977 3484 negotii,
2024 3411 2123 3468 sed

539 3508 641 3549 nec
671 3495 922 3554 humanae
951 3501 1225 3569 potentiae.
1267 3500 1423 3559 Va'et
1451 3502 1537 3559 ille
1561 3503 1731 3568 solus,
1772 3506 1866 3575 qui
1906 3505 2122 3559 diversa

539 3583 773 3655 largitur
796 3591 1084 3645 carismata
1128 3593 1321 3649 bonus.
1357 3593 1514 3654 ,Unde
1561 3595 1643 3651 sic
1683 3595 1760 3651 ait
1790 3595 2122 3666 Apostolus:

541 3674 837 3749 Diuisione:
862 3681 1154 3750 gratiarum
1179 3693 1319 3750 sunt,
1347 3685 1484 3739 idem
1505 3695 1679 3739 autem
1701 3685 1862 3751 Deus,
1888 3686 1977 3757 qui
2003 3702 2127 3757 ope-

541 3778 695 3823 ratur
742 3774 919 3855 omnia
989 3777 1041 3829 in
1108 3777 1367 3841 omnibus,
1425 3777 1661 3833 dit'idens
1704 3779 1928 3850 singulis
1969 3790 2125 3850 prout

539 3861 652 3915 vult
682 3862 732 3934 (Ι
755 3863 878 3920 Car.
903 3882 999 3933 xu,
1015 3868 1091 3938 6).
1112 3869 1243 3925 Item
1267 3869 1392 3925 alibi
1419 3887 1435 3925 :
1467 3868 1835 3942 Unusquisque
1857 3871 2128 3940 proprium

541 3953 694 4007 habet
730 3956 927 4010 donum
955 3975 1020 4014 ea:
1046 3959 1174 4026 Deo,
1203 3960 1342 4015 alius
1368 3961 1577 4031 quidem
1602 3962 1701 4026 sic,
1732 3959 1872 4015 alius
1901 3976 2022 4015 vero
2053 3960 2129 4014 sic

541 4045 707 4116 (Ibid.
762 4063 857 4115 vit,
888 4050 966 4122 7).
1025 4051 1185 4108 vertit
1212 4054 1383 4124 gratia
1432 4052 1681 4107 litterulis
1719 4050 1965 4108 scientiae
2013 4064 2133 4104 mu-

544 4154 646 4195 nus
687 4141 868 4198 multis
898 4144 1071 4200 modis
1116 4146 1277 4200 datur
1326 4145 1439 4201 Deo
1488 4145 1847 4201 distribuente
1887 4142 2134 4199 mortali-

539 4230 644 4287 bus
665 4232 728 4286 “.
755 4232 1035 4303 Spiritales
1058 4236 1304 4292 misteria
1327 4238 1775 4307 interpretantur,
1804 4232 2133 4305 Spiritalibus

541 4324 806 4391 spiritalia
834 4337 1233 4398 comparantes.
1284 4329 1351 4383 Et
1399 4330 1466 4383 ad
1515 4330 1631 4384 [nec
1673 4327 1797 4396 quis
1850 4323 2135 4396 ydoueus?

546 4414 747 4485 Utique
777 4432 882 4472 non
926 4433 1046 4488 ego,
1104 4421 1197 4490 qui
1251 4436 1359 4476 non
1403 4419 1558 4475 aliter
1609 4434 1774 4488 quam
1823 4413 2132 4471 venerando

547 4508 771 4562 credere
801 4507 910 4563 iota
934 4525 1122 4575 unum,
1153 4520 1247 4565 aut
1278 4527 1444 4565 unum
1488 4524 1554 4565 ex
1594 4509 1704 4564 hiis
1747 4507 1956 4576 apicem
1997 4518 2132 4573 [πων

547 4613 705 4655 sumo
739 4600 1028 4658 discutere.
1051 4602 1324 4658 Animales
1346 4618 1478 4659 vero
1507 4600 1743 4656 forensia
1766 4600 1811 4630 ι’
1837 4595 2133 4653 multifaria

545 4690 982 4763 perscrutantur,
1005 4696 1313 4753 carnalibus
1334 4694 1572 4753 carnalia
1593 4691 1957 4750 conferentes.
1988 4688 2136 4744 Inter

2229 3416 2385 3479 tium,
2422 3422 2664 3482 tempore
2691 3410 3075 3482 proferendum
3108 3425 3227 3465 suo.
3258 3409 3428 3478 Cujus
3451 3409 3723 3479 privatum
3757 3422 3815 3459 ac

2228 3506 2503 3578 singulare
2529 3505 2781 3560 volumen
2814 3518 2926 3559 sua:
2972 3502 3157 3557 limina
3195 3501 3436 3557 civitatis
3476 3515 3611 3570 rogo
3646 3498 3817 3554 nulla-

2230 3609 2391 3655 tenus
2422 3595 2679 3662 excedat;
2710 3595 2857 3667 quod
2903 3595 2948 3651 si
2996 3593 3211 3650 videtur
3255 3594 3357 3647 hoc
3385 3608 3607 3663 parum,
3639 3600 3810 3647 exten-

2231 3694 2394 3749 datur
2427 3690 2495 3745 ad
2523 3704 2712 3746 arcum
2748 3703 2920 3758 usque
2955 3686 3256 3742 Romanum
3284 3687 3328 3717 “
3360 3685 3501 3756 (59).

2299 3782 2355 3837 2.
2395 3780 2693 3851 Legitimus
2733 3777 3062 3835 narrationis
3102 3776 3237 3833 ordo
3270 3793 3299 3831 a
3347 3776 3730 3847 supetioribus
3761 3774 3818 3827 ad

2230 3870 2489 3928 inferiora
2532 3869 2839 3935 descendit;
2883 3856 2968 3923 set
3006 3868 3132 3938 quia
3162 3882 3228 3922 ex
3259 3868 3555 3937 praeteritis
3597 3867 3823 3937 pendent

2231 3960 2542 4035 praesentia,
2570 3960 2638 4015 ab
2663 3958 2770 4014 illis
2791 3958 2859 4014 ad
2884 3973 2948 4013 ea
2978 3974 3097 4028 quae
3116 3967 3245 4014 sunt
3270 3958 3322 4012 in
3352 3958 3631 4019 manibus.
3659 3966 3822 4027 gesto-

2234 4068 2355 4107 rum
2386 4051 2638 4106 decurrat
2666 4050 2871 4116 oratio;
2908 4049 2982 4104 ita
3013 4058 3218 4113 tamen,
3250 4059 3310 4103 ut
3339 4048 3532 4103 relicta
3568 4054 3824 4104 vetustate

2232 4158 2302 4199 ex
2334 4142 2539 4199 recenti
2566 4141 2825 4197 memoria
2856 4151 3104 4197 sumatur
3127 4139 3433 4196 exordium.

2304 4231 2360 4287 ὅ.
2401 4232 2446 4264 ³³
2473 4232 2631 4286 Anno
2654 4247 2684 4285 a
2712 4231 2995 4286 nativitate
3014 4230 3215 4286 Christi
3243 4231 3349 4286 925
3377 4231 3629 4301 regnavit
3658 4230 3713 4284 in
3737 4228 3827 4284 lt:-

2233 4324 2307 4381 lia
2335 4338 2402 4379 ex
2429 4322 2902 4392 Burgundionibus
2924 4322 3062 4393 Ugo,
3097 4322 3187 4392 qui
3218 4331 3277 4377 ut
3302 4322 3480 4376 tutius
3501 4322 3550 4352 ’³
3573 4331 3761 4392 ageret
3780 4319 3823 4372 in

2241 4431 2426 4488 regno,
2462 4415 2770 4486 eggregiam
2813 4415 2957 4468 inter
2982 4423 3207 4469 caeteras
3235 4412 3425 4467 urbem
3472 4411 3826 4467 Mediolanum

2236 4509 2338 4564 sibi
2380 4509 2670 4563 vendicare
2711 4508 2978 4578 prtevidit.
3029 4507 3270 4562 Priscam
3324 4520 3565 4576 namque
3614 4510 3826 4560 noverat

2233 4598 2337 4654 loci
2363 4599 2831 4661 consuetudinem,
2857 4607 2918 4652 ut
2950 4597 3244 4655 decedente
3269 4596 3697 4666 metropolitano
3724 4593 3827 4663 qui-

2235 4689 2369 4745 libet
2409 4707 2549 4748 nnus
2587 4705 2653 4746 ex
2701 4689 2923 4759 majoris
2950 4689 3197 4746 ecclesize
3222 4687 3513 4759 praecipuis
3541 4682 3827 4742 cardinali-

1876 4827 2111 4884 VARle
2151 4828 2551 4888 LECTIONES.

624 4958 718 5009 ’et
746 4972 799 5024 p.
826 4956 879 5010 3.
903 4955 956 5010 5.
1106 4956 1127 4988 ³
1150 4956 1368 5010 nomina
1409 4960 1535 5024 sunt
1589 4949 1691 5024 hec
1752 4945 2002 5024 videlicet
2029 4944 2107 4998 5'.

552 5037 600 5080 et
647 5014 812 5096 infra.
866 5026 1111 5082 Manasse
1163 5036 1220 5079 et
1272 5020 1613 5078 Aldeltnanui
1674 5032 1876 5096 λης..
1908 5014 2139 5096 ΐεεθηηί

556 5054 599 5080 τι
647 5054 812 5096 "qm.
866 5054 1111 5082 ultumam:
1163 5054 1220 5079 Cl
1272 5054 1613 5078 nlucullallul
1674 5054 1719 5073 ac
1780 5054 1836 5085 Ὶο
1908 5054 1946 5067 ιο
2012 5054 2139 5068 utqu
2214 5054 2264 5070 ιο
2327 5054 2392 5069 ιιι-
2453 5054 2502 5068 ιι.
2566 5054 2625 5069 ιιι

556 5097 973 5152 'Gothot’redus
1026 5113 1054 5150 a
1090 5110 1238 5164 rege,
1291 5095 1420 5148 Atto
1460 5108 1489 5145 a
1529 5103 1690 5158 papa,
1744 5084 2053 5140 Thebaldus
2097 5099 2156 5138 a'
2188 5100 2316 5156 rege
2369 5085 2514 5138 addit
2553 5085 2625 5139 5‘.

556 5168 696 5208 illam
723 5167 778 5208 R,
882 5167 903 5199 9
927 5165 1235 5208 (Iph-nhilth
1270 5162 1331 5208 η-
1483 5160 1525 5191 ιθ
1549 5155 1809 5208 sinilatim
1858 5154 1900 5208 Β
1925 5156 1999 5208 ,10
2149 5155 2187 5187 Η
2214 5156 2354 5208 deest
2391 5155 2452 5208 Β.
2603 5156 2619 5187 ί

2309 5173 2354 5208 ει
2391 5173 2452 5211 Do

2163 5225 2206 5258 ⁸⁷
2250 5224 2621 5294 hujuscemodi
2658 5225 2701 5279 Β
2740 5225 2792 5294 1.
2833 5221 3201 5294 hujuscemodi
3236 5218 3280 5294 l5
3312 5220 3397 5294 β’.

554 5168 696 5225 idem
722 5167 783 5221 Β.

545 5235 657 5304 jam
701 5237 760 5291 Β.

1483 5154 1809 5227 ωἐἰεὶιίιιίηι
1858 5154 1999 5212 Β,1.

1486 5245 1530 5278 r.
1680 5226 1723 5257 “
1762 5239 1826 5278 ac
1868 5223 1993 5277 Mur

1762 5241 1826 5278 ac
1868 5241 2014 5278 Μυῒ.

882 5167 903 5199 ⁹
927 5162 1235 5221 detrahitur
1270 5162 1331 5215 Β.

911 5237 956 5268 ¹⁵
993 5233 1351 5302 scriptoribus
1385 5228 1477 5302 diu
1486 5245 1530 5282 r.

3418 4941 3440 4973 '
3473 4939 3639 4994 annis
3668 4940 3732 4994 5ο
3758 4935 3827 4990 Iiic

2690 5032 2736 5072 s.
2803 5031 2891 5068 an.
2960 5014 3025 5066 V.
3086 5013 3138 5067 itt
3202 5025 3335 5065 arcu
3392 5025 3502 5065 non
3560 5010 3715 5064 cath.
3764 5006 3826 5060 5'.

2778 5081 2988 5138 'multa
3045 5081 3306 5146 variaque
3356 5080 3419 5134 B.
3524 5077 3826 5146 -'omniutn

3210 5145 3252 5181 ¹ί³
3282 5150 3315 5203 l.
3349 5166 3405 5204 a.
3442 5149 3486 5204 B
3514 5150 3568 5203 1.
3712 5147 3753 5181 ¹⁵
3786 5145 3827 5196 in

3514 5220 3561 5252 ’⁸
3598 5220 3745 5273 deest
3777 5214 3825 5267 Β.

2254 4944 2278 4976 ⁸
2309 4946 2381 4999 ita
2433 4947 2588 4999 codd.
2618 4945 2910 5016 pronuncia
2935 4960 2953 4999 :
2983 4942 3266 4998 Chuonon.

2214 5014 2264 5069 1.
2324 5014 2392 5069 Μ.
2452 5032 2502 5068 e.
2566 5016 2631 5069 A.
2690 5032 2736 5069 s.
2803 5031 2891 5068 an.
2960 5014 3025 5066 V.
3086 5013 3138 5067 iit
3202 5026 3266 5064 ar

2248 5054 2264 5070 ο
2327 5032 2392 5069 Μ.
2452 5032 2502 5068 θ.
2566 5032 2631 5069 Α.

2603 5156 2646 5187 ¹²
2674 5153 2910 5208 forensie
2938 5153 2980 5206 Β
3010 5153 3060 5205 1.

552 5288 601 5339 ίῖ
630 5288 731 5380 iia—
745 5307 904 5380 5.52
936 5288 1098 5380 vobis
1106 5288 1240 5380 'l._B
1271 5302 1322 5355 1.
1408 5300 1453 5330 ²⁰
1493 5313 1615 5378 sup.
1649 5295 1877 5380 materia
1908 5294 1995 5348 vel
2025 5288 2843 5380 ῐιιριηοιυὶεξτςΙῖθίιοηξεχηιυιι.Β..⁸
2881 5294 2936 5380 ,ξι
2976 5291 3206 5380 posthinc
3235 5288 3276 5342 Β
3306 5290 3346 5380 1⁵
3343 5329 3358 5343 .
3393 5289 3826 5380 τιξξνοηεςνὲηιιέξ
