  <div class='ocr_page' id='page_1' title='image "/cluster/home/n/w/nwhite01/storage/ocr_20150623/147/hvd.32044010574002/150.png"; bbox 0 0 3938 5380; ppageno 0'>
   <div class='ocr_carea' id='block_1_1' title="bbox 95 230 204 289">
    <p class='ocr_par' dir='ltr' id='par_1_1' title="bbox 95 230 204 289">
     <span class='ocr_line' id='line_1_1' title="bbox 95 230 204 289; baseline -0.009 0"><span class='ocrx_word' id='word_1_1' title='bbox 95 230 204 289; x_wconf 83' lang='lat'><strong>289</strong></span> 
     </span>
    </p>
   </div>
   <div class='ocr_carea' id='block_1_2' title="bbox 1019 218 2481 282">
    <p class='ocr_par' dir='ltr' id='par_1_2' title="bbox 1019 218 2481 282">
     <span class='ocr_line' id='line_1_2' title="bbox 1019 218 2481 282; baseline -0.003 -1"><span class='ocrx_word' id='word_1_2' title='bbox 1019 222 1245 282; x_wconf 81' lang='lat' dir='ltr'>GESTA</span> <span class='ocrx_word' id='word_1_3' title='bbox 1279 222 1705 281; x_wconf 79' lang='lat' dir='ltr'><strong>ARCHIEPISC.</strong></span> <span class='ocrx_word' id='word_1_4' title='bbox 1748 220 2120 279; x_wconf 68' lang='lat' dir='ltr'><strong>MEDIOIAN.</strong></span> <span class='ocrx_word' id='word_1_5' title='bbox 2164 253 2233 264; x_wconf 90' lang='lat'><strong>—</strong></span> <span class='ocrx_word' id='word_1_6' title='bbox 2262 224 2390 280; x_wconf 87' lang='lat' dir='ltr'><strong>LIB.</strong></span> <span class='ocrx_word' id='word_1_7' title='bbox 2434 218 2481 279; x_wconf 89' lang='lat' dir='ltr'><strong>I.</strong></span> 
     </span>
    </p>
   </div>
   <div class='ocr_carea' id='block_1_3' title="bbox 3272 232 3381 291">
    <p class='ocr_par' dir='ltr' id='par_1_3' title="bbox 3272 232 3381 291">
     <span class='ocr_line' id='line_1_3' title="bbox 3272 232 3381 291; baseline 0.028 -3"><span class='ocrx_word' id='word_1_8' title='bbox 3272 232 3381 291; x_wconf 83' lang='lat'><strong>290</strong></span> 
     </span>
    </p>
   </div>
   <div class='ocr_carea' id='block_1_4' title="bbox 86 336 3389 416">
    <p class='ocr_par' dir='ltr' id='par_1_4' title="bbox 86 336 3389 416">
     <span class='ocr_line' id='line_1_4' title="bbox 86 336 3389 416; baseline -0.001 -13"><span class='ocrx_word' id='word_1_9' title='bbox 86 348 228 416; x_wconf 79' lang='lat' dir='ltr'><strong>bus,</strong></span> <span class='ocrx_word' id='word_1_10' title='bbox 272 359 408 415; x_wconf 89' lang='lat' dir='ltr'><strong>quos</strong></span> <span class='ocrx_word' id='word_1_11' title='bbox 444 348 640 399; x_wconf 82' lang='lat' dir='ltr'><strong>vocant</strong></span> <span class='ocrx_word' id='word_1_12' title='bbox 669 338 980 398; x_wconf 86' lang='lat' dir='ltr'><strong>ordinarios</strong></span> <span class='ocrx_word' id='word_1_13' title='bbox 1014 338 1084 405; x_wconf 75' lang='lat'><strong>“,</strong></span> <span class='ocrx_word' id='word_1_14' title='bbox 1123 338 1419 395; x_wconf 81' lang='lat' dir='ltr'><strong>succedere</strong></span> <span class='ocrx_word' id='word_1_15' title='bbox 1455 336 1683 403; x_wconf 86' lang='lat' dir='ltr'><strong>debeat;</strong></span> <span class='ocrx_word' id='word_1_16' title='bbox 1718 348 1759 404; x_wconf 74' lang='grc' dir='ltr'><strong>Α</strong></span> <span class='ocrx_word' id='word_1_17' title='bbox 1793 349 2027 406; x_wconf 86' lang='lat' dir='ltr'><strong>superna</strong></span> <span class='ocrx_word' id='word_1_18' title='bbox 2069 344 2280 403; x_wconf 83' lang='lat' dir='ltr'><strong>vocatu,</strong></span> <span class='ocrx_word' id='word_1_19' title='bbox 2318 345 2618 408; x_wconf 86' lang='lat' dir='ltr'><strong>eruperunt</strong></span> <span class='ocrx_word' id='word_1_20' title='bbox 2647 337 2754 395; x_wconf 90' lang='lat' dir='ltr'><strong>duo</strong></span> <span class='ocrx_word' id='word_1_21' title='bbox 2786 338 3121 408; x_wconf 69' lang='lat' dir='ltr'><strong>adversarii,</strong></span> <span class='ocrx_word' id='word_1_22' title='bbox 3156 344 3389 401; x_wconf 83' lang='lat' dir='ltr'><strong>Ambro-</strong></span> 
     </span>
    </p>
   </div>
   <div class='ocr_carea' id='block_1_5' title="bbox 91 421 1689 510">
    <p class='ocr_par' dir='ltr' id='par_1_5' title="bbox 91 421 1689 510">
     <span class='ocr_line' id='line_1_5' title="bbox 91 421 1689 510; baseline -0.008 -16"><span class='ocrx_word' id='word_1_23' title='bbox 91 438 238 510; x_wconf 78' lang='lat' dir='ltr'><strong>quod</strong></span> <span class='ocrx_word' id='word_1_24' title='bbox 274 452 306 491; x_wconf 84' lang='lat' dir='ltr'><strong>a</strong></span> <span class='ocrx_word' id='word_1_25' title='bbox 341 435 601 491; x_wconf 84' lang='lat' dir='ltr'><strong>Romanis</strong></span> <span class='ocrx_word' id='word_1_26' title='bbox 636 421 980 506; x_wconf 67' lang='lat' dir='ltr'><strong>prmsulibns,</strong></span> <span class='ocrx_word' id='word_1_27' title='bbox 1014 431 1083 487; x_wconf 90' lang='lat' dir='ltr'><strong>ab</strong></span> <span class='ocrx_word' id='word_1_28' title='bbox 1108 431 1240 503; x_wconf 84' lang='lat' dir='ltr'><strong>ipsis</strong></span> <span class='ocrx_word' id='word_1_29' title='bbox 1267 444 1482 505; x_wconf 85' lang='lat' dir='ltr'><strong>quoque</strong></span> <span class='ocrx_word' id='word_1_30' title='bbox 1517 431 1689 500; x_wconf 88' lang='lat' dir='ltr'><strong>impe-</strong></span> 
     </span>
    </p>
   </div>
   <div class='ocr_carea' id='block_1_6' title="bbox 90 522 1691 595">
    <p class='ocr_par' dir='ltr' id='par_1_6' title="bbox 90 522 1691 595">
     <span class='ocr_line' id='line_1_6' title="bbox 90 522 1691 595; baseline -0.004 -14"><span class='ocrx_word' id='word_1_31' title='bbox 90 527 369 583; x_wconf 88' lang='lat' dir='ltr'><strong>ratoribus</strong></span> <span class='ocrx_word' id='word_1_32' title='bbox 394 540 745 588; x_wconf 87' lang='lat' dir='ltr'><strong>concessum,</strong></span> <span class='ocrx_word' id='word_1_33' title='bbox 786 524 887 579; x_wconf 89' lang='lat' dir='ltr'><strong>sub</strong></span> <span class='ocrx_word' id='word_1_34' title='bbox 918 523 1242 578; x_wconf 89' lang='lat' dir='ltr'><strong>auctoritate</strong></span> <span class='ocrx_word' id='word_1_35' title='bbox 1279 522 1496 595; x_wconf 83' lang='lat' dir='ltr'><strong>quidem</strong></span> <span class='ocrx_word' id='word_1_36' title='bbox 1527 536 1691 577; x_wconf 87' lang='lat' dir='ltr'><strong>cauo-</strong></span> 
     </span>
    </p>
   </div>
   <div class='ocr_carea' id='block_1_7' title="bbox 90 611 1684 682">
    <p class='ocr_par' dir='ltr' id='par_1_7' title="bbox 90 611 1684 682">
     <span class='ocr_line' id='line_1_7' title="bbox 90 611 1684 682; baseline -0.005 -9"><span class='ocrx_word' id='word_1_37' title='bbox 90 635 224 673; x_wconf 82' lang='lat' dir='ltr'><strong>num</strong></span> <span class='ocrx_word' id='word_1_38' title='bbox 244 658 259 682; x_wconf 90' lang='lat'><strong>,</strong></span> <span class='ocrx_word' id='word_1_39' title='bbox 290 624 558 670; x_wconf 80' lang='lat' dir='ltr'><strong>testantur</strong></span> <span class='ocrx_word' id='word_1_40' title='bbox 580 614 786 671; x_wconf 73' lang='lat' dir='ltr'><strong>eedula:</strong></span> <span class='ocrx_word' id='word_1_41' title='bbox 819 614 873 669; x_wconf 91' lang='lat' dir='ltr'><strong>in</strong></span> <span class='ocrx_word' id='word_1_42' title='bbox 903 612 1200 669; x_wconf 87' lang='lat' dir='ltr'><strong>secretario</strong></span> <span class='ocrx_word' id='word_1_43' title='bbox 1227 611 1523 670; x_wconf 79' lang='lat' dir='ltr'><strong>recondita:</strong></span> <span class='ocrx_word' id='word_1_44' title='bbox 1549 611 1684 682; x_wconf 83' lang='lat'><strong>(40).</strong></span> 
     </span>
    </p>
   </div>
   <div class='ocr_carea' id='block_1_8' title="bbox 89 702 1691 777">
    <p class='ocr_par' dir='ltr' id='par_1_8' title="bbox 89 702 1691 777">
     <span class='ocr_line' id='line_1_8' title="bbox 89 702 1691 777; baseline -0.004 -14"><span class='ocrx_word' id='word_1_45' title='bbox 89 707 266 777; x_wconf 85' lang='lat' dir='ltr'><strong>Hujus</strong></span> <span class='ocrx_word' id='word_1_46' title='bbox 291 708 338 738; x_wconf 84' lang='grc'><strong>²⁸</strong></span> <span class='ocrx_word' id='word_1_47' title='bbox 362 706 443 761; x_wconf 86' lang='lat' dir='ltr'><strong>rei</strong></span> <span class='ocrx_word' id='word_1_48' title='bbox 471 706 644 777; x_wconf 83' lang='lat' dir='ltr'><strong>gratia</strong></span> <span class='ocrx_word' id='word_1_49' title='bbox 665 703 936 775; x_wconf 90' lang='lat' dir='ltr'><strong>juniorem</strong></span> <span class='ocrx_word' id='word_1_50' title='bbox 964 704 1135 759; x_wconf 88' lang='lat' dir='ltr'><strong>ﬁlium</strong></span> <span class='ocrx_word' id='word_1_51' title='bbox 1162 702 1275 775; x_wconf 81' lang='lat' dir='ltr'><strong>(4t)</strong></span> <span class='ocrx_word' id='word_1_52' title='bbox 1309 703 1363 757; x_wconf 91' lang='lat' dir='ltr'><strong>in</strong></span> <span class='ocrx_word' id='word_1_53' title='bbox 1388 704 1577 758; x_wconf 90' lang='lat' dir='ltr'><strong>eadem</strong></span> <span class='ocrx_word' id='word_1_54' title='bbox 1602 716 1691 757; x_wconf 90' lang='lat' dir='ltr'><strong>ee-</strong></span> 
     </span>
    </p>
   </div>
   <div class='ocr_carea' id='block_1_9' title="bbox 86 794 1692 868">
    <p class='ocr_par' dir='ltr' id='par_1_9' title="bbox 86 794 1692 868">
     <span class='ocr_line' id='line_1_9' title="bbox 86 794 1692 868; baseline -0.005 -13"><span class='ocrx_word' id='word_1_55' title='bbox 86 799 258 855; x_wconf 88' lang='lat' dir='ltr'><strong>clesia</strong></span> <span class='ocrx_word' id='word_1_56' title='bbox 293 798 570 853; x_wconf 83' lang='lat' dir='ltr'><strong>tonsurari</strong></span> <span class='ocrx_word' id='word_1_57' title='bbox 607 797 850 853; x_wconf 88' lang='lat' dir='ltr'><strong>decrevit</strong></span> <span class='ocrx_word' id='word_1_58' title='bbox 876 796 990 868; x_wconf 86' lang='lat' dir='ltr'><strong>(an.</strong></span> <span class='ocrx_word' id='word_1_59' title='bbox 1020 794 1169 867; x_wconf 80' lang='lat'><strong>936).</strong></span> <span class='ocrx_word' id='word_1_60' title='bbox 1202 794 1297 851; x_wconf 87' lang='lat' dir='ltr'><strong>Set</strong></span> <span class='ocrx_word' id='word_1_61' title='bbox 1326 794 1453 866; x_wconf 86' lang='lat' dir='ltr'><strong>quia</strong></span> <span class='ocrx_word' id='word_1_62' title='bbox 1478 794 1532 848; x_wconf 93' lang='lat' dir='ltr'><strong>in</strong></span> <span class='ocrx_word' id='word_1_63' title='bbox 1564 809 1692 865; x_wconf 86' lang='lat' dir='ltr'><strong>pue-</strong></span> 
     </span>
    </p>
   </div>
   <div class='ocr_carea' id='block_1_10' title="bbox 88 884 1692 959">
    <p class='ocr_par' dir='ltr' id='par_1_10' title="bbox 88 884 1692 959">
     <span class='ocr_line' id='line_1_10' title="bbox 88 884 1692 959; baseline -0.004 -13"><span class='ocrx_word' id='word_1_64' title='bbox 88 891 175 946; x_wconf 86' lang='lat' dir='ltr'><strong>rili</strong></span> <span class='ocrx_word' id='word_1_65' title='bbox 221 899 385 946; x_wconf 78' lang='lat' dir='ltr'><strong>:etate</strong></span> <span class='ocrx_word' id='word_1_66' title='bbox 428 889 497 944; x_wconf 88' lang='lat' dir='ltr'><strong>ad</strong></span> <span class='ocrx_word' id='word_1_67' title='bbox 531 890 949 959; x_wconf 85' lang='lat' dir='ltr'><strong>episcopandnm</strong></span> <span class='ocrx_word' id='word_1_68' title='bbox 982 887 1205 942; x_wconf 88' lang='lat' dir='ltr'><strong>minime</strong></span> <span class='ocrx_word' id='word_1_69' title='bbox 1248 885 1533 941; x_wconf 77' lang='lat' dir='ltr'><strong>videbatur</strong></span> <span class='ocrx_word' id='word_1_70' title='bbox 1561 884 1692 957; x_wconf 79' lang='lat' dir='ltr'><strong>&#39;ydo-</strong></span> 
     </span>
    </p>
   </div>
   <div class='ocr_carea' id='block_1_11' title="bbox 87 977 1692 1052">
    <p class='ocr_par' dir='ltr' id='par_1_11' title="bbox 87 977 1692 1052">
     <span class='ocr_line' id='line_1_11' title="bbox 87 977 1692 1052; baseline -0.004 -15"><span class='ocrx_word' id='word_1_71' title='bbox 87 999 251 1047; x_wconf 84' lang='lat' dir='ltr'><strong>nens,</strong></span> <span class='ocrx_word' id='word_1_72' title='bbox 292 982 615 1037; x_wconf 84' lang='lat' dir='ltr'><strong>Ardericum</strong></span> <span class='ocrx_word' id='word_1_73' title='bbox 642 979 690 1012; x_wconf 81' lang='lat'>“</span> <span class='ocrx_word' id='word_1_74' title='bbox 716 980 1063 1052; x_wconf 64' lang='lat' dir='ltr'><strong>grandmvum</strong></span> <span class='ocrx_word' id='word_1_75' title='bbox 1091 994 1277 1036; x_wconf 88' lang='lat' dir='ltr'><strong>senem</strong></span> <span class='ocrx_word' id='word_1_76' title='bbox 1312 978 1532 1034; x_wconf 88' lang='lat' dir='ltr'><strong>interim</strong></span> <span class='ocrx_word' id='word_1_77' title='bbox 1563 977 1692 1032; x_wconf 88' lang='lat' dir='ltr'><strong>sub-</strong></span> 
     </span>
    </p>
   </div>
   <div class='ocr_carea' id='block_1_12' title="bbox 86 1071 1688 1144">
    <p class='ocr_par' dir='ltr' id='par_1_12' title="bbox 86 1071 1688 1144">
     <span class='ocr_line' id='line_1_12' title="bbox 86 1071 1688 1144; baseline -0.004 -15"><span class='ocrx_word' id='word_1_78' title='bbox 86 1073 308 1144; x_wconf 77' lang='lat' dir='ltr'><strong>rogavit</strong></span> <span class='ocrx_word' id='word_1_79' title='bbox 338 1073 639 1127; x_wconf 80' lang='lat' dir='ltr'><strong>antistitem</strong></span> <span class='ocrx_word' id='word_1_80' title='bbox 665 1072 732 1136; x_wconf 78' lang='grc'><strong>’⁷,</strong></span> <span class='ocrx_word' id='word_1_81' title='bbox 785 1087 1011 1142; x_wconf 83' lang='lat' dir='ltr'><strong>sperans</strong></span> <span class='ocrx_word' id='word_1_82' title='bbox 1047 1085 1170 1126; x_wconf 88' lang='lat' dir='ltr'><strong>eum</strong></span> <span class='ocrx_word' id='word_1_83' title='bbox 1206 1071 1385 1125; x_wconf 89' lang='lat' dir='ltr'><strong>subito</strong></span> <span class='ocrx_word' id='word_1_84' title='bbox 1411 1084 1688 1125; x_wconf 89' lang='lat' dir='ltr'><strong>casurum.</strong></span> 
     </span>
    </p>
   </div>
   <div class='ocr_carea' id='block_1_13' title="bbox 87 1160 1690 1233">
    <p class='ocr_par' dir='ltr' id='par_1_13' title="bbox 87 1160 1690 1233">
     <span class='ocr_line' id='line_1_13' title="bbox 87 1160 1690 1233; baseline -0.003 -16"><span class='ocrx_word' id='word_1_85' title='bbox 87 1164 360 1230; x_wconf 80' lang='lat' dir='ltr'><strong>Quoniam</strong></span> <span class='ocrx_word' id='word_1_86' title='bbox 388 1177 519 1218; x_wconf 87' lang='lat' dir='ltr'><strong>vero</strong></span> <span class='ocrx_word' id='word_1_87' title='bbox 550 1177 921 1233; x_wconf 67' lang='lat' dir='ltr'><strong>sazpenumero</strong></span> <span class='ocrx_word' id='word_1_88' title='bbox 952 1162 1279 1233; x_wconf 84' lang='lat' dir='ltr'><strong>cegitantem</strong></span> <span class='ocrx_word' id='word_1_89' title='bbox 1312 1160 1452 1215; x_wconf 79' lang='lat' dir='ltr'><strong>fallit</strong></span> <span class='ocrx_word' id='word_1_90' title='bbox 1480 1160 1690 1230; x_wconf 90' lang='lat' dir='ltr'><strong>opinio,</strong></span> 
     </span>
    </p>
   </div>
   <div class='ocr_carea' id='block_1_14' title="bbox 85 1250 1693 1323">
    <p class='ocr_par' dir='ltr' id='par_1_14' title="bbox 85 1250 1693 1323">
     <span class='ocr_line' id='line_1_14' title="bbox 85 1250 1693 1323; baseline -0.002 -14"><span class='ocrx_word' id='word_1_91' title='bbox 85 1254 355 1323; x_wconf 73' lang='lat' dir='ltr'><strong>prolixius</strong></span> <span class='ocrx_word' id='word_1_92' title='bbox 390 1253 526 1308; x_wconf 83' lang='lat' dir='ltr'><strong>vixit</strong></span> <span class='ocrx_word' id='word_1_93' title='bbox 570 1254 826 1309; x_wconf 84' lang='lat' dir='ltr'><strong>sacerdos</strong></span> <span class='ocrx_word' id='word_1_94' title='bbox 863 1254 1022 1308; x_wconf 90' lang='lat' dir='ltr'><strong>annis</strong></span> <span class='ocrx_word' id='word_1_95' title='bbox 1057 1252 1128 1307; x_wconf 78' lang='lat'><strong>22</strong></span> <span class='ocrx_word' id='word_1_96' title='bbox 1170 1252 1284 1323; x_wconf 87' lang='lat'><strong>(42)</strong></span> <span class='ocrx_word' id='word_1_97' title='bbox 1325 1261 1382 1307; x_wconf 90' lang='lat' dir='ltr'><strong>et</strong></span> <span class='ocrx_word' id='word_1_98' title='bbox 1416 1250 1693 1306; x_wconf 86' lang='lat' dir='ltr'><strong>mensibus</strong></span> 
     </span>
    </p>
   </div>
   <div class='ocr_carea' id='block_1_15' title="bbox 85 1342 1695 1414">
    <p class='ocr_par' dir='ltr' id='par_1_15' title="bbox 85 1342 1695 1414">
     <span class='ocr_line' id='line_1_15' title="bbox 85 1342 1695 1414; baseline -0.003 -14"><span class='ocrx_word' id='word_1_99' title='bbox 85 1346 122 1400; x_wconf 83' lang='lat'><strong>2</strong></span> <span class='ocrx_word' id='word_1_100' title='bbox 145 1345 193 1378; x_wconf 77' lang='grc'><strong><em>’⁸</em></strong></span> <span class='ocrx_word' id='word_1_101' title='bbox 224 1347 282 1400; x_wconf 90' lang='lat' dir='ltr'><strong>in</strong></span> <span class='ocrx_word' id='word_1_102' title='bbox 318 1344 536 1401; x_wconf 62' lang='lat' dir='ltr'><strong>sarculo.</strong></span> <span class='ocrx_word' id='word_1_103' title='bbox 567 1345 721 1413; x_wconf 85' lang='lat' dir='ltr'><strong>Quod</strong></span> <span class='ocrx_word' id='word_1_104' title='bbox 752 1346 841 1400; x_wconf 89' lang='lat' dir='ltr'><strong>ubi</strong></span> <span class='ocrx_word' id='word_1_105' title='bbox 872 1345 1172 1414; x_wconf 88' lang='lat' dir='ltr'><strong>persensit,</strong></span> <span class='ocrx_word' id='word_1_106' title='bbox 1201 1358 1389 1399; x_wconf 89' lang='lat' dir='ltr'><strong>necem</strong></span> <span class='ocrx_word' id='word_1_107' title='bbox 1426 1342 1551 1397; x_wconf 89' lang='lat' dir='ltr'><strong>ilico</strong></span> <span class='ocrx_word' id='word_1_108' title='bbox 1581 1358 1695 1396; x_wconf 86' lang='lat' dir='ltr'><strong>me-</strong></span> 
     </span>
    </p>
   </div>
   <div class='ocr_carea' id='block_1_16' title="bbox 86 1431 1695 1506">
    <p class='ocr_par' dir='ltr' id='par_1_16' title="bbox 86 1431 1695 1506">
     <span class='ocr_line' id='line_1_16' title="bbox 86 1431 1695 1506; baseline -0.004 -15"><span class='ocrx_word' id='word_1_109' title='bbox 86 1431 575 1491; x_wconf 27' lang='lat' dir='ltr'><strong>ditatur‘oeultam.</strong></span> <span class='ocrx_word' id='word_1_110' title='bbox 606 1436 821 1491; x_wconf 87' lang='lat' dir='ltr'><strong>Statuto</strong></span> <span class='ocrx_word' id='word_1_111' title='bbox 844 1444 1025 1491; x_wconf 87' lang='lat' dir='ltr'><strong>autem</strong></span> <span class='ocrx_word' id='word_1_112' title='bbox 1056 1434 1295 1506; x_wconf 83' lang='lat' dir='ltr'><strong>generali</strong></span> <span class='ocrx_word' id='word_1_113' title='bbox 1327 1432 1506 1503; x_wconf 61' lang='lat' dir='ltr'><strong>Papiae</strong></span> <span class='ocrx_word' id='word_1_114' title='bbox 1531 1431 1695 1488; x_wconf 82' lang='lat' dir='ltr'><strong>collo-</strong></span> 
     </span>
    </p>
   </div>
   <div class='ocr_carea' id='block_1_17' title="bbox 86 1523 1693 1598">
    <p class='ocr_par' dir='ltr' id='par_1_17' title="bbox 86 1523 1693 1598">
     <span class='ocr_line' id='line_1_17' title="bbox 86 1523 1693 1598; baseline -0.004 -16"><span class='ocrx_word' id='word_1_115' title='bbox 86 1529 219 1598; x_wconf 89' lang='lat' dir='ltr'><strong>qnio</strong></span> <span class='ocrx_word' id='word_1_116' title='bbox 251 1536 574 1582; x_wconf 78' lang='lat' dir='ltr'><strong>cunctorum</strong></span> <span class='ocrx_word' id='word_1_117' title='bbox 612 1526 762 1597; x_wconf 90' lang='lat' dir='ltr'><strong>regni</strong></span> <span class='ocrx_word' id='word_1_118' title='bbox 802 1525 1138 1598; x_wconf 88' lang='lat' dir='ltr'><strong>principum,</strong></span> <span class='ocrx_word' id='word_1_119' title='bbox 1185 1524 1411 1596; x_wconf 85' lang='lat' dir='ltr'><strong>palatini</strong></span> <span class='ocrx_word' id='word_1_120' title='bbox 1458 1524 1580 1578; x_wconf 67' lang='lat' dir='ltr'><strong>lixae</strong></span> <span class='ocrx_word' id='word_1_121' title='bbox 1606 1523 1693 1591; x_wconf 80' lang='lat' dir='ltr'><strong>ju-</strong></span> 
     </span>
    </p>
   </div>
   <div class='ocr_carea' id='block_1_18' title="bbox 88 1615 1693 1675">
    <p class='ocr_par' dir='ltr' id='par_1_18' title="bbox 88 1615 1693 1675">
     <span class='ocr_line' id='line_1_18' title="bbox 88 1615 1693 1675; baseline -0.002 -1"><span class='ocrx_word' id='word_1_122' title='bbox 88 1628 255 1674; x_wconf 80' lang='lat' dir='ltr'><strong>beate</strong></span> <span class='ocrx_word' id='word_1_123' title='bbox 312 1635 380 1674; x_wconf 78' lang='lat' dir='ltr'><strong>ex</strong></span> <span class='ocrx_word' id='word_1_124' title='bbox 428 1619 694 1675; x_wconf 88' lang='lat' dir='ltr'><strong>industria</strong></span> <span class='ocrx_word' id='word_1_125' title='bbox 751 1634 955 1675; x_wconf 63' lang='lat' dir='ltr'><strong>caesare</strong></span> <span class='ocrx_word' id='word_1_126' title='bbox 1012 1633 1137 1674; x_wconf 90' lang='lat' dir='ltr'><strong>cum</strong></span> <span class='ocrx_word' id='word_1_127' title='bbox 1194 1615 1693 1674; x_wconf 76' lang='lat' dir='ltr'><strong>Mediolanensibus</strong></span> 
     </span>
    </p>
   </div>
   <div class='ocr_carea' id='block_1_19' title="bbox 1792 427 3390 500">
    <p class='ocr_par' dir='ltr' id='par_1_19' title="bbox 1792 427 3390 500">
     <span class='ocr_line' id='line_1_19' title="bbox 1792 427 3390 500; baseline 0.004 -17"><span class='ocrx_word' id='word_1_128' title='bbox 1792 428 1959 483; x_wconf 74' lang='lat' dir='ltr'><strong>sianze</strong></span> <span class='ocrx_word' id='word_1_129' title='bbox 2000 427 2279 498; x_wconf 75' lang='lat' dir='ltr'><strong>dignitatis</strong></span> <span class='ocrx_word' id='word_1_130' title='bbox 2318 429 2614 485; x_wconf 85' lang='lat' dir='ltr'><strong>ambitione</strong></span> <span class='ocrx_word' id='word_1_131' title='bbox 2638 433 2908 500; x_wconf 80' lang='lat' dir='ltr'><strong>succensi,</strong></span> <span class='ocrx_word' id='word_1_132' title='bbox 2937 432 3213 492; x_wconf 75' lang='lat' dir='ltr'><strong>Manasses</strong></span> <span class='ocrx_word' id='word_1_133' title='bbox 3240 437 3390 493; x_wconf 82' lang='lat' dir='ltr'><strong>vide-</strong></span> 
     </span>
    </p>
   </div>
   <div class='ocr_carea' id='block_1_20' title="bbox 1793 518 3389 600">
    <p class='ocr_par' dir='ltr' id='par_1_20' title="bbox 1793 518 3389 600">
     <span class='ocr_line' id='line_1_20' title="bbox 1793 518 3389 600; baseline 0.009 -28"><span class='ocrx_word' id='word_1_134' title='bbox 1793 518 1921 574; x_wconf 91' lang='lat' dir='ltr'><strong>licet</strong></span> <span class='ocrx_word' id='word_1_135' title='bbox 1956 518 2289 574; x_wconf 81' lang='lat' dir='ltr'><strong>Arelatensis</strong></span> <span class='ocrx_word' id='word_1_136' title='bbox 2325 522 2630 591; x_wconf 86' lang='lat' dir='ltr'><strong>episcopus,</strong></span> <span class='ocrx_word' id='word_1_137' title='bbox 2675 533 2731 578; x_wconf 90' lang='lat' dir='ltr'><strong>et</strong></span> <span class='ocrx_word' id='word_1_138' title='bbox 2759 524 3127 583; x_wconf 85' lang='lat' dir='ltr'><strong>Adelmannus</strong></span> <span class='ocrx_word' id='word_1_139' title='bbox 3172 527 3219 560; x_wconf 81' lang='grc'>³⁸</span> <span class='ocrx_word' id='word_1_140' title='bbox 3263 545 3389 600; x_wconf 86' lang='lat' dir='ltr'><strong>pre-</strong></span> 
     </span>
    </p>
   </div>
   <div class='ocr_carea' id='block_1_21' title="bbox 1793 608 3389 693">
    <p class='ocr_par' dir='ltr' id='par_1_21' title="bbox 1793 608 3389 693">
     <span class='ocr_line' id='line_1_21' title="bbox 1793 608 3389 693; baseline 0.008 -29"><span class='ocrx_word' id='word_1_141' title='bbox 1793 609 1962 665; x_wconf 87' lang='lat' dir='ltr'><strong>sbiter</strong></span> <span class='ocrx_word' id='word_1_142' title='bbox 2020 608 2432 667; x_wconf 77' lang='lat' dir='ltr'><strong>Mediolanensis</strong></span> <span class='ocrx_word' id='word_1_143' title='bbox 2486 612 2552 678; x_wconf 81' lang='lat'><strong>&quot;,</strong></span> <span class='ocrx_word' id='word_1_144' title='bbox 2616 629 2804 671; x_wconf 79' lang='lat' dir='ltr'><strong>revera</strong></span> <span class='ocrx_word' id='word_1_145' title='bbox 2857 616 3205 678; x_wconf 83' lang='lat' dir='ltr'><strong>immemores</strong></span> <span class='ocrx_word' id='word_1_146' title='bbox 3252 637 3389 693; x_wconf 81' lang='lat' dir='ltr'><strong>apo-</strong></span> 
     </span>
    </p>
   </div>
   <div class='ocr_carea' id='block_1_22' title="bbox 1793 697 3391 779">
    <p class='ocr_par' dir='ltr' id='par_1_22' title="bbox 1793 697 3391 779">
     <span class='ocr_line' id='line_1_22' title="bbox 1793 697 3391 779; baseline 0.008 -25"><span class='ocrx_word' id='word_1_147' title='bbox 1793 698 1970 754; x_wconf 89' lang='lat' dir='ltr'><strong>stolici</strong></span> <span class='ocrx_word' id='word_1_148' title='bbox 2018 698 2220 754; x_wconf 89' lang='lat' dir='ltr'><strong>oraculi</strong></span> <span class='ocrx_word' id='word_1_149' title='bbox 2269 717 2282 753; x_wconf 91' lang='lat'>:</span> <span class='ocrx_word' id='word_1_150' title='bbox 2336 697 2462 755; x_wconf 84' lang='lat' dir='ltr'><strong>Non</strong></span> <span class='ocrx_word' id='word_1_151' title='bbox 2507 702 2795 773; x_wconf 70' lang='lat' dir='ltr'><strong>eﬁiciamur</strong></span> <span class='ocrx_word' id='word_1_152' title='bbox 2840 706 3018 762; x_wconf 83' lang='lat' dir='ltr'><strong>inanis</strong></span> <span class='ocrx_word' id='word_1_153' title='bbox 3070 709 3255 779; x_wconf 73' lang='lat' dir='ltr'><strong>gloriae</strong></span> <span class='ocrx_word' id='word_1_154' title='bbox 3295 728 3391 765; x_wconf 82' lang='lat' dir='ltr'><strong>cu-</strong></span> 
     </span>
    </p>
   </div>
   <div class='ocr_carea' id='block_1_23' title="bbox 1792 787 3391 871">
    <p class='ocr_par' dir='ltr' id='par_1_23' title="bbox 1792 787 3391 871">
     <span class='ocr_line' id='line_1_23' title="bbox 1792 787 3391 871; baseline 0.01 -32"><span class='ocrx_word' id='word_1_155' title='bbox 1792 787 1921 857; x_wconf 81' lang='lat' dir='ltr'><strong>pidi.</strong></span> <span class='ocrx_word' id='word_1_156' title='bbox 1954 789 2175 842; x_wconf 79' lang='lat' dir='ltr'><strong>invicem</strong></span> <span class='ocrx_word' id='word_1_157' title='bbox 2205 800 2567 858; x_wconf 77' lang='lat' dir='ltr'><strong>provocantes,</strong></span> <span class='ocrx_word' id='word_1_158' title='bbox 2596 792 2813 848; x_wconf 81' lang='lat' dir='ltr'><strong>invicem</strong></span> <span class='ocrx_word' id='word_1_159' title='bbox 2838 796 3124 869; x_wconf 75' lang='lat' dir='ltr'><strong>invidentes</strong></span> <span class='ocrx_word' id='word_1_160' title='bbox 3164 799 3307 871; x_wconf 82' lang='lat' dir='ltr'><strong>(Gal.</strong></span> <span class='ocrx_word' id='word_1_161' title='bbox 3334 818 3391 867; x_wconf 85' lang='lat' dir='ltr'><strong>v,</strong></span> 
     </span>
    </p>
   </div>
   <div class='ocr_carea' id='block_1_24' title="bbox 1793 876 3389 964">
    <p class='ocr_par' dir='ltr' id='par_1_24' title="bbox 1793 876 3389 964">
     <span class='ocr_line' id='line_1_24' title="bbox 1793 876 3389 964; baseline 0.009 -33"><span class='ocrx_word' id='word_1_162' title='bbox 1793 877 1911 945; x_wconf 81' lang='lat'><strong>26).</strong></span> <span class='ocrx_word' id='word_1_163' title='bbox 1939 876 2182 949; x_wconf 89' lang='lat' dir='ltr'><strong>Cumque</strong></span> <span class='ocrx_word' id='word_1_164' title='bbox 2211 879 2300 935; x_wconf 92' lang='lat' dir='ltr'><strong>diu</strong></span> <span class='ocrx_word' id='word_1_165' title='bbox 2328 884 2736 951; x_wconf 83' lang='lat' dir='ltr'><strong>contenderent,</strong></span> <span class='ocrx_word' id='word_1_166' title='bbox 2766 885 2856 942; x_wconf 91' lang='lat' dir='ltr'><strong>ille</strong></span> <span class='ocrx_word' id='word_1_167' title='bbox 2882 902 2948 943; x_wconf 76' lang='lat' dir='ltr'><strong>ex</strong></span> <span class='ocrx_word' id='word_1_168' title='bbox 2979 889 3199 948; x_wconf 89' lang='lat' dir='ltr'><strong>datione</strong></span> <span class='ocrx_word' id='word_1_169' title='bbox 3225 896 3389 964; x_wconf 83' lang='lat' dir='ltr'><strong>regis,</strong></span> 
     </span>
    </p>
   </div>
   <div class='ocr_carea' id='block_1_25' title="bbox 1793 970 3396 1049">
    <p class='ocr_par' dir='ltr' id='par_1_25' title="bbox 1793 970 3396 1049">
     <span class='ocr_line' id='line_1_25' title="bbox 1793 970 3396 1049; baseline 0.007 -23"><span class='ocrx_word' id='word_1_170' title='bbox 1793 970 2004 1026; x_wconf 86' lang='lat' dir='ltr'><strong>scilicet</strong></span> <span class='ocrx_word' id='word_1_171' title='bbox 2034 970 2380 1043; x_wconf 61' lang='lat' dir='ltr'><strong>Burgundiae,</strong></span> <span class='ocrx_word' id='word_1_172' title='bbox 2408 972 2496 1028; x_wconf 91' lang='lat' dir='ltr'><strong>hie</strong></span> <span class='ocrx_word' id='word_1_173' title='bbox 2525 989 2588 1028; x_wconf 81' lang='lat' dir='ltr'><strong>ex</strong></span> <span class='ocrx_word' id='word_1_174' title='bbox 2622 974 2858 1033; x_wconf 82' lang='lat' dir='ltr'><strong>factione</strong></span> <span class='ocrx_word' id='word_1_175' title='bbox 2896 978 3070 1049; x_wconf 88' lang='lat' dir='ltr'><strong>plebis</strong></span> <span class='ocrx_word' id='word_1_176' title='bbox 3097 992 3154 1037; x_wconf 89' lang='lat' dir='ltr'><strong>et</strong></span> <span class='ocrx_word' id='word_1_177' title='bbox 3180 982 3249 1037; x_wconf 92' lang='lat' dir='ltr'><strong>de</strong></span> <span class='ocrx_word' id='word_1_178' title='bbox 3283 984 3396 1037; x_wconf 81' lang='lat' dir='ltr'><strong>Ille-</strong></span> 
     </span>
    </p>
   </div>
   <div class='ocr_carea' id='block_1_26' title="bbox 1794 1062 3395 1143">
    <p class='ocr_par' dir='ltr' id='par_1_26' title="bbox 1794 1062 3395 1143">
     <span class='ocr_line' id='line_1_26' title="bbox 1794 1062 3395 1143; baseline 0.01 -28"><span class='ocrx_word' id='word_1_179' title='bbox 1794 1062 2035 1126; x_wconf 86' lang='lat' dir='ltr'><strong>diolanio</strong></span> <span class='ocrx_word' id='word_1_180' title='bbox 2061 1062 2125 1126; x_wconf 84' lang='grc'><strong>³⁸,</strong></span> <span class='ocrx_word' id='word_1_181' title='bbox 2161 1065 2533 1134; x_wconf 84' lang='lat' dir='ltr'><strong>quinquennio</strong></span> <span class='ocrx_word' id='word_1_182' title='bbox 2562 1077 2751 1122; x_wconf 85' lang='lat' dir='ltr'><strong>contra</strong></span> <span class='ocrx_word' id='word_1_183' title='bbox 2797 1084 2855 1124; x_wconf 91' lang='lat' dir='ltr'><strong>se</strong></span> <span class='ocrx_word' id='word_1_184' title='bbox 2896 1071 3124 1128; x_wconf 78' lang='lat' dir='ltr'><strong>invicem</strong></span> <span class='ocrx_word' id='word_1_185' title='bbox 3154 1075 3395 1143; x_wconf 87' lang='lat' dir='ltr'><strong>pertina-</strong></span> 
     </span>
    </p>
   </div>
   <div class='ocr_carea' id='block_1_27' title="bbox 1794 1152 3392 1229">
    <p class='ocr_par' dir='ltr' id='par_1_27' title="bbox 1794 1152 3392 1229">
     <span class='ocr_line' id='line_1_27' title="bbox 1794 1152 3392 1229; baseline 0.008 -21"><span class='ocrx_word' id='word_1_186' title='bbox 1794 1152 1933 1209; x_wconf 91' lang='lat' dir='ltr'><strong>citer</strong></span> <span class='ocrx_word' id='word_1_187' title='bbox 1982 1154 2226 1211; x_wconf 82' lang='lat' dir='ltr'><strong>altercati</strong></span> <span class='ocrx_word' id='word_1_188' title='bbox 2276 1166 2443 1224; x_wconf 90' lang='lat' dir='ltr'><strong>sunt,</strong></span> <span class='ocrx_word' id='word_1_189' title='bbox 2496 1156 2656 1213; x_wconf 78' lang='lat' dir='ltr'><strong>factis</strong></span> <span class='ocrx_word' id='word_1_190' title='bbox 2703 1161 2949 1229; x_wconf 88' lang='lat' dir='ltr'><strong>partibus</strong></span> <span class='ocrx_word' id='word_1_191' title='bbox 2995 1179 3063 1218; x_wconf 77' lang='lat' dir='ltr'><strong>ex</strong></span> <span class='ocrx_word' id='word_1_192' title='bbox 3108 1166 3392 1223; x_wconf 80' lang='lat' dir='ltr'><strong>alterutro.</strong></span> 
     </span>
    </p>
   </div>
   <div class='ocr_carea' id='block_1_28' title="bbox 1796 1246 3398 1325">
    <p class='ocr_par' dir='ltr' id='par_1_28' title="bbox 1796 1246 3398 1325">
     <span class='ocr_line' id='line_1_28' title="bbox 1796 1246 3398 1325; baseline 0.007 -26"><span class='ocrx_word' id='word_1_193' title='bbox 1796 1246 2037 1314; x_wconf 81' lang='lat' dir='ltr'><strong>Quorum</strong></span> <span class='ocrx_word' id='word_1_194' title='bbox 2063 1246 2357 1303; x_wconf 77' lang='lat' dir='ltr'><strong>execrabili</strong></span> <span class='ocrx_word' id='word_1_195' title='bbox 2391 1247 2577 1319; x_wconf 88' lang='lat' dir='ltr'><strong>jurgio</strong></span> <span class='ocrx_word' id='word_1_196' title='bbox 2596 1248 2865 1319; x_wconf 88' lang='lat' dir='ltr'><strong>jacturam</strong></span> <span class='ocrx_word' id='word_1_197' title='bbox 2904 1256 3274 1325; x_wconf 61' lang='lat' dir='ltr'><strong>pragrandem</strong></span> <span class='ocrx_word' id='word_1_198' title='bbox 3309 1272 3398 1311; x_wconf 88' lang='lat' dir='ltr'><strong>su-</strong></span> 
     </span>
    </p>
   </div>
   <div class='ocr_carea' id='block_1_29' title="bbox 1797 1335 3399 1418">
    <p class='ocr_par' dir='ltr' id='par_1_29' title="bbox 1797 1335 3399 1418">
     <span class='ocr_line' id='line_1_29' title="bbox 1797 1335 3399 1418; baseline 0.007 -26"><span class='ocrx_word' id='word_1_199' title='bbox 1797 1335 1988 1392; x_wconf 77' lang='lat' dir='ltr'><strong>Stinuit</strong></span> <span class='ocrx_word' id='word_1_200' title='bbox 2028 1337 2287 1403; x_wconf 79' lang='lat' dir='ltr'><strong>ecclesia,</strong></span> <span class='ocrx_word' id='word_1_201' title='bbox 2337 1338 2609 1410; x_wconf 69' lang='lat' dir='ltr'><strong>praecipue</strong></span> <span class='ocrx_word' id='word_1_202' title='bbox 2655 1340 2710 1395; x_wconf 94' lang='lat' dir='ltr'><strong>in</strong></span> <span class='ocrx_word' id='word_1_203' title='bbox 2757 1342 3026 1398; x_wconf 88' lang='lat' dir='ltr'><strong>thesauris</strong></span> <span class='ocrx_word' id='word_1_204' title='bbox 3063 1354 3119 1399; x_wconf 86' lang='lat' dir='ltr'><strong>et</strong></span> <span class='ocrx_word' id='word_1_205' title='bbox 3166 1346 3399 1418; x_wconf 86' lang='lat' dir='ltr'><strong>cymiliis</strong></span> 
     </span>
    </p>
   </div>
   <div class='ocr_carea' id='block_1_30' title="bbox 1794 1430 3397 1502">
    <p class='ocr_par' dir='ltr' id='par_1_30' title="bbox 1794 1430 3397 1502">
     <span class='ocr_line' id='line_1_30' title="bbox 1794 1430 3397 1502; baseline 0.006 -17"><span class='ocrx_word' id='word_1_206' title='bbox 1794 1430 2083 1497; x_wconf 78' lang='lat' dir='ltr'><strong>omnibus,</strong></span> <span class='ocrx_word' id='word_1_207' title='bbox 2132 1430 2330 1500; x_wconf 89' lang='lat' dir='ltr'><strong>quibus</strong></span> <span class='ocrx_word' id='word_1_208' title='bbox 2378 1432 2880 1502; x_wconf 87' lang='lat' dir='ltr'><strong>incomparabiliter</strong></span> <span class='ocrx_word' id='word_1_209' title='bbox 2931 1436 3203 1492; x_wconf 77' lang='lat' dir='ltr'><strong>adluebat.</strong></span> <span class='ocrx_word' id='word_1_210' title='bbox 3250 1440 3397 1496; x_wconf 87' lang='lat' dir='ltr'><strong>Inter</strong></span> 
     </span>
    </p>
   </div>
   <div class='ocr_carea' id='block_1_31' title="bbox 1796 1513 3399 1595">
    <p class='ocr_par' dir='ltr' id='par_1_31' title="bbox 1796 1513 3399 1595">
     <span class='ocr_line' id='line_1_31' title="bbox 1796 1513 3399 1595; baseline 0.007 -21"><span class='ocrx_word' id='word_1_211' title='bbox 1796 1521 1896 1577; x_wconf 90' lang='lat' dir='ltr'><strong>hos</strong></span> <span class='ocrx_word' id='word_1_212' title='bbox 1920 1513 2113 1577; x_wconf 82' lang='lat' dir='ltr'><strong>ﬂuctus</strong></span> <span class='ocrx_word' id='word_1_213' title='bbox 2142 1523 2363 1579; x_wconf 88' lang='lat' dir='ltr'><strong>natabat</strong></span> <span class='ocrx_word' id='word_1_214' title='bbox 2391 1532 2551 1581; x_wconf 85' lang='lat' dir='ltr'><strong>caute</strong></span> <span class='ocrx_word' id='word_1_215' title='bbox 2584 1524 2916 1595; x_wconf 78' lang='lat' dir='ltr'><strong>Walpertus.</strong></span> <span class='ocrx_word' id='word_1_216' title='bbox 2945 1530 3273 1586; x_wconf 73' lang='lat' dir='ltr'><strong>eontnahens</strong></span> <span class='ocrx_word' id='word_1_217' title='bbox 3298 1544 3399 1585; x_wconf 87' lang='lat' dir='ltr'><strong>suo</strong></span> 
     </span>
    </p>
   </div>
   <div class='ocr_carea' id='block_1_32' title="bbox 1797 1610 3400 1691">
    <p class='ocr_par' dir='ltr' id='par_1_32' title="bbox 1797 1610 3400 1691">
     <span class='ocr_line' id='line_1_32' title="bbox 1797 1610 3400 1691; baseline 0.007 -26"><span class='ocrx_word' id='word_1_218' title='bbox 1797 1610 1953 1666; x_wconf 87' lang='lat' dir='ltr'><strong>lateri</strong></span> <span class='ocrx_word' id='word_1_219' title='bbox 1985 1612 2139 1683; x_wconf 90' lang='lat' dir='ltr'><strong>quasi</strong></span> <span class='ocrx_word' id='word_1_220' title='bbox 2181 1614 2353 1668; x_wconf 86' lang='lat' dir='ltr'><strong>undas</strong></span> <span class='ocrx_word' id='word_1_221' title='bbox 2387 1615 2629 1680; x_wconf 86' lang='lat' dir='ltr'><strong>consilii.</strong></span> <span class='ocrx_word' id='word_1_222' title='bbox 2669 1632 2841 1686; x_wconf 86' lang='lat' dir='ltr'><strong>usque</strong></span> <span class='ocrx_word' id='word_1_223' title='bbox 2880 1619 3016 1673; x_wconf 88' lang='lat' dir='ltr'><strong>adeo</strong></span> <span class='ocrx_word' id='word_1_224' title='bbox 3055 1628 3115 1673; x_wconf 92' lang='lat' dir='ltr'><strong>ut</strong></span> <span class='ocrx_word' id='word_1_225' title='bbox 3151 1623 3400 1691; x_wconf 67' lang='lat' dir='ltr'><strong>utrisquel</strong></span> 
     </span>
    </p>
   </div>
   <div class='ocr_carea' id='block_1_33' title="bbox 87 1704 3398 1784">
    <p class='ocr_par' dir='ltr' id='par_1_33' title="bbox 87 1704 3398 1784">
     <span class='ocr_line' id='line_1_33' title="bbox 87 1704 3398 1784; baseline 0.001 -18"><span class='ocrx_word' id='word_1_226' title='bbox 87 1713 404 1784; x_wconf 72' lang='lat' dir='ltr'><strong>litigabant,</strong></span> <span class='ocrx_word' id='word_1_227' title='bbox 436 1722 497 1766; x_wconf 90' lang='lat' dir='ltr'><strong>ut</strong></span> <span class='ocrx_word' id='word_1_228' title='bbox 523 1720 744 1782; x_wconf 81' lang='lat' dir='ltr'><strong>accepta</strong></span> <span class='ocrx_word' id='word_1_229' title='bbox 774 1711 1061 1768; x_wconf 89' lang='lat' dir='ltr'><strong>occasione</strong></span> <span class='ocrx_word' id='word_1_230' title='bbox 1109 1710 1479 1766; x_wconf 85' lang='lat' dir='ltr'><strong>trucidaretur</strong></span> <span class='ocrx_word' id='word_1_231' title='bbox 1524 1722 1691 1763; x_wconf 80' lang='lat' dir='ltr'><strong>senex</strong></span> <span class='ocrx_word' id='word_1_232' title='bbox 1724 1705 1769 1765; x_wconf 86' lang='grc' dir='ltr'><strong>Β</strong></span> <span class='ocrx_word' id='word_1_233' title='bbox 1798 1714 1990 1774; x_wconf 79' lang='lat' dir='ltr'><strong>Sponte</strong></span> <span class='ocrx_word' id='word_1_234' title='bbox 2026 1704 2108 1760; x_wconf 89' lang='lat' dir='ltr'><strong>vel</strong></span> <span class='ocrx_word' id='word_1_235' title='bbox 2139 1704 2307 1761; x_wconf 84' lang='lat' dir='ltr'><strong>invito</strong></span> <span class='ocrx_word' id='word_1_236' title='bbox 2335 1706 2379 1738; x_wconf 82' lang='grc'><strong>³⁹</strong></span> <span class='ocrx_word' id='word_1_237' title='bbox 2413 1707 2750 1773; x_wconf 87' lang='lat' dir='ltr'><strong>cedentibus,</strong></span> <span class='ocrx_word' id='word_1_238' title='bbox 2793 1710 2975 1765; x_wconf 86' lang='lat' dir='ltr'><strong>sedem</strong></span> <span class='ocrx_word' id='word_1_239' title='bbox 3026 1720 3232 1768; x_wconf 86' lang='lat' dir='ltr'><strong>teneret</strong></span> <span class='ocrx_word' id='word_1_240' title='bbox 3282 1716 3398 1784; x_wconf 63' lang='lat' dir='ltr'><strong>ipse</strong></span> 
     </span>
    </p>
   </div>
   <div class='ocr_carea' id='block_1_34' title="bbox 88 1798 1689 1873">
    <p class='ocr_par' dir='ltr' id='par_1_34' title="bbox 88 1798 1689 1873">
     <span class='ocr_line' id='line_1_34' title="bbox 88 1798 1689 1873; baseline -0.004 -15"><span class='ocrx_word' id='word_1_241' title='bbox 88 1804 199 1859; x_wconf 88' lang='lat' dir='ltr'><strong>ille.</strong></span> <span class='ocrx_word' id='word_1_242' title='bbox 246 1803 455 1870; x_wconf 87' lang='lat' dir='ltr'><strong>Quibus</strong></span> <span class='ocrx_word' id='word_1_243' title='bbox 507 1802 812 1858; x_wconf 76' lang='lat' dir='ltr'><strong>rixantibus</strong></span> <span class='ocrx_word' id='word_1_244' title='bbox 858 1802 1039 1873; x_wconf 79' lang='lat' dir='ltr'><strong>gravis</strong></span> <span class='ocrx_word' id='word_1_245' title='bbox 1083 1815 1260 1871; x_wconf 87' lang='lat' dir='ltr'><strong>pugna</strong></span> <span class='ocrx_word' id='word_1_246' title='bbox 1308 1798 1689 1860; x_wconf 90' lang='lat' dir='ltr'><strong>committitur,</strong></span> 
     </span>
    </p>
   </div>
   <div class='ocr_carea' id='block_1_35' title="bbox 88 1888 1690 1967">
    <p class='ocr_par' dir='ltr' id='par_1_35' title="bbox 88 1888 1690 1967">
     <span class='ocr_line' id='line_1_35' title="bbox 88 1888 1690 1967; baseline -0.005 -16"><span class='ocrx_word' id='word_1_247' title='bbox 88 1911 193 1967; x_wconf 85' lang='lat' dir='ltr'><strong>qua</strong></span> <span class='ocrx_word' id='word_1_248' title='bbox 222 1895 475 1951; x_wconf 78' lang='lat' dir='ltr'><strong>feruntur</strong></span> <span class='ocrx_word' id='word_1_249' title='bbox 506 1894 775 1951; x_wconf 77' lang='lat' dir='ltr'><strong>interfecti</strong></span> <span class='ocrx_word' id='word_1_250' title='bbox 806 1893 1238 1949; x_wconf 80' lang='lat' dir='ltr'><strong>Mediolanenses</strong></span> <span class='ocrx_word' id='word_1_251' title='bbox 1262 1892 1557 1962; x_wconf 77' lang='lat' dir='ltr'><strong>nonaginta</strong></span> <span class='ocrx_word' id='word_1_252' title='bbox 1587 1888 1690 1944; x_wconf 84' lang='lat' dir='ltr'><strong>viri</strong></span> 
     </span>
    </p>
   </div>
   <div class='ocr_carea' id='block_1_36' title="bbox 90 1979 1694 2060">
    <p class='ocr_par' dir='ltr' id='par_1_36' title="bbox 90 1979 1694 2060">
     <span class='ocr_line' id='line_1_36' title="bbox 90 1979 1694 2060; baseline -0.006 -17"><span class='ocrx_word' id='word_1_253' title='bbox 90 1988 406 2060; x_wconf 89' lang='lat' dir='ltr'><strong>prudentes.</strong></span> <span class='ocrx_word' id='word_1_254' title='bbox 447 1986 556 2042; x_wconf 89' lang='lat' dir='ltr'><strong>Sed</strong></span> <span class='ocrx_word' id='word_1_255' title='bbox 600 1985 843 2057; x_wconf 88' lang='lat' dir='ltr'><strong>propicia</strong></span> <span class='ocrx_word' id='word_1_256' title='bbox 894 1984 1179 2040; x_wconf 88' lang='lat' dir='ltr'><strong>divinitate</strong></span> <span class='ocrx_word' id='word_1_257' title='bbox 1220 1983 1485 2038; x_wconf 90' lang='lat' dir='ltr'><strong>liberatus</strong></span> <span class='ocrx_word' id='word_1_258' title='bbox 1521 1979 1694 2035; x_wconf 88' lang='lat' dir='ltr'><strong>evasit</strong></span> 
     </span>
    </p>
   </div>
   <div class='ocr_carea' id='block_1_37' title="bbox 91 2073 1692 2148">
    <p class='ocr_par' dir='ltr' id='par_1_37' title="bbox 91 2073 1692 2148">
     <span class='ocr_line' id='line_1_37' title="bbox 91 2073 1692 2148; baseline -0.006 -13"><span class='ocrx_word' id='word_1_259' title='bbox 91 2081 345 2135; x_wconf 74' lang='lat' dir='ltr'><strong>antistes.</strong></span> <span class='ocrx_word' id='word_1_260' title='bbox 376 2079 622 2148; x_wconf 86' lang='lat' dir='ltr'><strong>Cumque</strong></span> <span class='ocrx_word' id='word_1_261' title='bbox 652 2078 857 2134; x_wconf 88' lang='lat' dir='ltr'><strong>diutius</strong></span> <span class='ocrx_word' id='word_1_262' title='bbox 886 2093 991 2132; x_wconf 92' lang='lat' dir='ltr'><strong>non</strong></span> <span class='ocrx_word' id='word_1_263' title='bbox 1031 2086 1212 2147; x_wconf 85' lang='lat' dir='ltr'><strong>posset</strong></span> <span class='ocrx_word' id='word_1_264' title='bbox 1237 2075 1407 2130; x_wconf 88' lang='lat' dir='ltr'><strong>latere</strong></span> <span class='ocrx_word' id='word_1_265' title='bbox 1435 2073 1589 2128; x_wconf 87' lang='lat' dir='ltr'><strong>dolus</strong></span> <span class='ocrx_word' id='word_1_266' title='bbox 1624 2074 1692 2135; x_wconf 81' lang='lat'><strong>”,</strong></span> 
     </span>
    </p>
   </div>
   <div class='ocr_carea' id='block_1_38' title="bbox 93 2165 1694 2230">
    <p class='ocr_par' dir='ltr' id='par_1_38' title="bbox 93 2165 1694 2230">
     <span class='ocr_line' id='line_1_38' title="bbox 93 2165 1694 2230; baseline -0.004 -5"><span class='ocrx_word' id='word_1_267' title='bbox 93 2173 445 2227; x_wconf 84' lang='lat' dir='ltr'><strong>vehementer</strong></span> <span class='ocrx_word' id='word_1_268' title='bbox 463 2169 684 2226; x_wconf 84' lang='lat' dir='ltr'><strong>erubuit</strong></span> <span class='ocrx_word' id='word_1_269' title='bbox 705 2169 950 2225; x_wconf 83' lang='lat' dir='ltr'><strong>criminis</strong></span> <span class='ocrx_word' id='word_1_270' title='bbox 974 2167 1107 2223; x_wconf 89' lang='lat' dir='ltr'><strong>tanti</strong></span> <span class='ocrx_word' id='word_1_271' title='bbox 1135 2183 1277 2230; x_wconf 87' lang='lat' dir='ltr'><strong>reus,</strong></span> <span class='ocrx_word' id='word_1_272' title='bbox 1305 2167 1507 2222; x_wconf 88' lang='lat' dir='ltr'><strong>veritus</strong></span> <span class='ocrx_word' id='word_1_273' title='bbox 1528 2165 1694 2220; x_wconf 90' lang='lat' dir='ltr'><strong>etiam</strong></span> 
     </span>
    </p>
   </div>
   <div class='ocr_carea' id='block_1_39' title="bbox 92 2257 1506 2340">
    <p class='ocr_par' dir='ltr' id='par_1_39' title="bbox 92 2257 1506 2340">
     <span class='ocr_line' id='line_1_39' title="bbox 92 2257 1506 2340; baseline -0.006 -20"><span class='ocrx_word' id='word_1_274' title='bbox 92 2264 314 2320; x_wconf 86' lang='lat' dir='ltr'><strong>beatum</strong></span> <span class='ocrx_word' id='word_1_275' title='bbox 344 2263 712 2325; x_wconf 87' lang='lat' dir='ltr'><strong>Ambrosium,</strong></span> <span class='ocrx_word' id='word_1_276' title='bbox 746 2260 900 2329; x_wconf 88' lang='lat' dir='ltr'><strong>cujus</strong></span> <span class='ocrx_word' id='word_1_277' title='bbox 933 2258 1225 2340; x_wconf 56' lang='lat' dir='ltr'><strong>l&#39;ueratjlle</strong></span> <span class='ocrx_word' id='word_1_278' title='bbox 1250 2257 1506 2313; x_wconf 86' lang='lat' dir='ltr'><strong>vicarius.</strong></span> 
     </span>
    </p>
   </div>
   <div class='ocr_carea' id='block_1_40' title="bbox 158 2348 1698 2423">
    <p class='ocr_par' dir='ltr' id='par_1_40' title="bbox 158 2348 1698 2423">
     <span class='ocr_line' id='line_1_40' title="bbox 158 2348 1698 2423; baseline -0.006 -15"><span class='ocrx_word' id='word_1_279' title='bbox 158 2354 219 2408; x_wconf 78' lang='lat'><strong>4.</strong></span> <span class='ocrx_word' id='word_1_280' title='bbox 262 2354 314 2385; x_wconf 76' lang='grc'><strong>³⁸</strong></span> <span class='ocrx_word' id='word_1_281' title='bbox 338 2353 563 2409; x_wconf 84' lang='lat' dir='ltr'><strong>Factum</strong></span> <span class='ocrx_word' id='word_1_282' title='bbox 591 2361 676 2408; x_wconf 89' lang='lat' dir='ltr'><strong>est</strong></span> <span class='ocrx_word' id='word_1_283' title='bbox 705 2360 909 2414; x_wconf 85' lang='lat' dir='ltr'><strong>autem,</strong></span> <span class='ocrx_word' id='word_1_284' title='bbox 939 2360 999 2403; x_wconf 91' lang='lat' dir='ltr'><strong>ut</strong></span> <span class='ocrx_word' id='word_1_285' title='bbox 1022 2349 1382 2404; x_wconf 85' lang='lat' dir='ltr'><strong>conventione</strong></span> <span class='ocrx_word' id='word_1_286' title='bbox 1407 2348 1581 2423; x_wconf 71' lang='lat' dir='ltr'><strong>dignm</strong></span> <span class='ocrx_word' id='word_1_287' title='bbox 1610 2360 1698 2400; x_wconf 89' lang='lat' dir='ltr'><strong>sa-</strong></span> 
     </span>
    </p>
   </div>
   <div class='ocr_carea' id='block_1_41' title="bbox 93 2437 1699 2510">
    <p class='ocr_par' dir='ltr' id='par_1_41' title="bbox 93 2437 1699 2510">
     <span class='ocr_line' id='line_1_41' title="bbox 93 2437 1699 2510; baseline -0.007 -10"><span class='ocrx_word' id='word_1_288' title='bbox 93 2443 424 2500; x_wconf 77' lang='lat' dir='ltr'><strong>tisfactionis</strong></span> <span class='ocrx_word' id='word_1_289' title='bbox 447 2441 774 2499; x_wconf 89' lang='lat' dir='ltr'><strong>concederet</strong></span> <span class='ocrx_word' id='word_1_290' title='bbox 804 2442 1050 2498; x_wconf 67' lang='lat' dir='ltr'><strong>ecclesia:</strong></span> <span class='ocrx_word' id='word_1_291' title='bbox 1076 2454 1174 2508; x_wconf 89' lang='lat' dir='ltr'><strong>pro</strong></span> <span class='ocrx_word' id='word_1_292' title='bbox 1203 2438 1496 2510; x_wconf 72' lang='lat' dir='ltr'><strong>nonaginta</strong></span> <span class='ocrx_word' id='word_1_293' title='bbox 1528 2437 1699 2492; x_wconf 79' lang='lat' dir='ltr'><strong>inter—</strong></span> 
     </span>
    </p>
   </div>
   <div class='ocr_carea' id='block_1_42' title="bbox 94 2530 1693 2603">
    <p class='ocr_par' dir='ltr' id='par_1_42' title="bbox 94 2530 1693 2603">
     <span class='ocr_line' id='line_1_42' title="bbox 94 2530 1693 2603; baseline -0.006 -13"><span class='ocrx_word' id='word_1_294' title='bbox 94 2535 257 2592; x_wconf 70' lang='lat' dir='ltr'><strong>tectis</strong></span> <span class='ocrx_word' id='word_1_295' title='bbox 291 2535 566 2590; x_wconf 89' lang='lat' dir='ltr'><strong>abbatiam</strong></span> <span class='ocrx_word' id='word_1_296' title='bbox 595 2534 638 2566; x_wconf 79' lang='lat'><strong>&quot;</strong></span> <span class='ocrx_word' id='word_1_297' title='bbox 674 2532 990 2589; x_wconf 68' lang='lat' dir='ltr'><strong>Nonantula:</strong></span> <span class='ocrx_word' id='word_1_298' title='bbox 1021 2530 1159 2603; x_wconf 72' lang='lat'><strong>(45),</strong></span> <span class='ocrx_word' id='word_1_299' title='bbox 1187 2545 1307 2601; x_wconf 85' lang='lat' dir='ltr'><strong>quae</strong></span> <span class='ocrx_word' id='word_1_300' title='bbox 1346 2537 1567 2599; x_wconf 82' lang='lat' dir='ltr'><strong>propter</strong></span> <span class='ocrx_word' id='word_1_301' title='bbox 1604 2543 1693 2582; x_wconf 85' lang='lat' dir='ltr'><strong>no-</strong></span> 
     </span>
    </p>
   </div>
   <div class='ocr_carea' id='block_1_43' title="bbox 96 2620 1695 2700">
    <p class='ocr_par' dir='ltr' id='par_1_43' title="bbox 96 2620 1695 2700">
     <span class='ocr_line' id='line_1_43' title="bbox 96 2620 1695 2700; baseline -0.006 -17"><span class='ocrx_word' id='word_1_302' title='bbox 96 2628 322 2700; x_wconf 88' lang='lat' dir='ltr'><strong>naginta</strong></span> <span class='ocrx_word' id='word_1_303' title='bbox 361 2628 443 2681; x_wconf 91' lang='lat' dir='ltr'><strong>sui</strong></span> <span class='ocrx_word' id='word_1_304' title='bbox 476 2626 617 2694; x_wconf 83' lang='lat' dir='ltr'><strong>juris</strong></span> <span class='ocrx_word' id='word_1_305' title='bbox 650 2636 833 2682; x_wconf 91' lang='lat' dir='ltr'><strong>eurtes</strong></span> <span class='ocrx_word' id='word_1_306' title='bbox 864 2626 943 2680; x_wconf 74' lang='lat' dir='ltr'><strong>sic</strong></span> <span class='ocrx_word' id='word_1_307' title='bbox 974 2633 1165 2679; x_wconf 83' lang='lat' dir='ltr'><strong>vocata</strong></span> <span class='ocrx_word' id='word_1_308' title='bbox 1209 2623 1526 2694; x_wconf 66' lang='lat' dir='ltr'><strong>perhibetur</strong></span> <span class='ocrx_word' id='word_1_309' title='bbox 1562 2620 1695 2691; x_wconf 84' lang='lat'><strong>(44).</strong></span> 
     </span>
    </p>
   </div>
   <div class='ocr_carea' id='block_1_44' title="bbox 97 2717 1702 2790">
    <p class='ocr_par' dir='ltr' id='par_1_44' title="bbox 97 2717 1702 2790">
     <span class='ocr_line' id='line_1_44' title="bbox 97 2717 1702 2790; baseline -0.004 -17"><span class='ocrx_word' id='word_1_310' title='bbox 97 2720 324 2790; x_wconf 81' lang='lat' dir='ltr'><strong>Insuper</strong></span> <span class='ocrx_word' id='word_1_311' title='bbox 352 2728 408 2773; x_wconf 93' lang='lat' dir='ltr'><strong>et</strong></span> <span class='ocrx_word' id='word_1_312' title='bbox 439 2717 702 2787; x_wconf 86' lang='lat' dir='ltr'><strong>capellam</strong></span> <span class='ocrx_word' id='word_1_313' title='bbox 747 2733 967 2772; x_wconf 89' lang='lat' dir='ltr'><strong>auream</strong></span> <span class='ocrx_word' id='word_1_314' title='bbox 1004 2731 1129 2772; x_wconf 89' lang='lat' dir='ltr'><strong>eum</strong></span> <span class='ocrx_word' id='word_1_315' title='bbox 1169 2729 1353 2777; x_wconf 89' lang='lat' dir='ltr'><strong>cruce,</strong></span> <span class='ocrx_word' id='word_1_316' title='bbox 1388 2728 1507 2782; x_wconf 78' lang='lat' dir='ltr'><strong>qua:</strong></span> <span class='ocrx_word' id='word_1_317' title='bbox 1537 2727 1702 2781; x_wconf 90' lang='lat' dir='ltr'><strong>super</strong></span> 
     </span>
    </p>
   </div>
   <div class='ocr_carea' id='block_1_45' title="bbox 100 2802 1703 2880">
    <p class='ocr_par' dir='ltr' id='par_1_45' title="bbox 100 2802 1703 2880">
     <span class='ocr_line' id='line_1_45' title="bbox 100 2802 1703 2880; baseline -0.005 -16"><span class='ocrx_word' id='word_1_318' title='bbox 100 2811 275 2864; x_wconf 85' lang='lat' dir='ltr'><strong>altare</strong></span> <span class='ocrx_word' id='word_1_319' title='bbox 301 2811 353 2863; x_wconf 92' lang='lat' dir='ltr'><strong>in</strong></span> <span class='ocrx_word' id='word_1_320' title='bbox 387 2809 653 2880; x_wconf 86' lang='lat' dir='ltr'><strong>hyemalis</strong></span> <span class='ocrx_word' id='word_1_321' title='bbox 680 2808 925 2880; x_wconf 69' lang='lat' dir='ltr'><strong>ecclesize</strong></span> <span class='ocrx_word' id='word_1_322' title='bbox 955 2806 1069 2877; x_wconf 82' lang='lat'><strong>(45)</strong></span> <span class='ocrx_word' id='word_1_323' title='bbox 1099 2813 1227 2860; x_wconf 91' lang='lat' dir='ltr'><strong>sunt</strong></span> <span class='ocrx_word' id='word_1_324' title='bbox 1255 2803 1514 2860; x_wconf 89' lang='lat' dir='ltr'><strong>collocata</strong></span> <span class='ocrx_word' id='word_1_325' title='bbox 1544 2802 1587 2834; x_wconf 83' lang='grc'><strong>³²</strong></span> <span class='ocrx_word' id='word_1_326' title='bbox 1619 2810 1703 2857; x_wconf 82' lang='grc' dir='ltr'><strong>ιιι-</strong></span> 
     </span>
    </p>
   </div>
   <div class='ocr_carea' id='block_1_46' title="bbox 102 2876 1700 2971">
    <p class='ocr_par' dir='ltr' id='par_1_46' title="bbox 102 2876 1700 2971">
     <span class='ocr_line' id='line_1_46' title="bbox 102 2876 1700 2971; baseline -0.006 -16"><span class='ocrx_word' id='word_1_327' title='bbox 102 2902 256 2970; x_wconf 85' lang='lat' dir='ltr'><strong>gurio</strong></span> <span class='ocrx_word' id='word_1_328' title='bbox 288 2876 439 2971; x_wconf 43' lang='lat'><strong>(46);</strong></span> <span class='ocrx_word' id='word_1_329' title='bbox 467 2901 540 2954; x_wconf 84' lang='lat' dir='ltr'><strong>De</strong></span> <span class='ocrx_word' id='word_1_330' title='bbox 570 2876 780 2968; x_wconf 54' lang='lat' dir='ltr'><strong>reliquo</strong></span> <span class='ocrx_word' id='word_1_331' title='bbox 814 2913 935 2953; x_wconf 90' lang='lat' dir='ltr'><strong>cum</strong></span> <span class='ocrx_word' id='word_1_332' title='bbox 966 2876 1140 2951; x_wconf 87' lang='lat' dir='ltr'><strong>nimis</strong></span> <span class='ocrx_word' id='word_1_333' title='bbox 1171 2894 1466 2950; x_wconf 92' lang='lat' dir='ltr'><strong>insolenter</strong></span> <span class='ocrx_word' id='word_1_334' title='bbox 1493 2901 1700 2964; x_wconf 83' lang='lat' dir='ltr'><strong>ageret,</strong></span> 
     </span>
    </p>
   </div>
   <div class='ocr_carea' id='block_1_47' title="bbox 105 2982 1703 3064">
    <p class='ocr_par' dir='ltr' id='par_1_47' title="bbox 105 2982 1703 3064">
     <span class='ocr_line' id='line_1_47' title="bbox 105 2982 1703 3064; baseline -0.005 -18"><span class='ocrx_word' id='word_1_335' title='bbox 105 2993 364 3064; x_wconf 83' lang='lat' dir='ltr'><strong>ignorans</strong></span> <span class='ocrx_word' id='word_1_336' title='bbox 405 2991 508 3046; x_wconf 86' lang='lat' dir='ltr'><strong>sibi</strong></span> <span class='ocrx_word' id='word_1_337' title='bbox 549 2989 753 3044; x_wconf 86' lang='lat' dir='ltr'><strong>dictum</strong></span> <span class='ocrx_word' id='word_1_338' title='bbox 795 3006 808 3042; x_wconf 91' lang='lat'>:</span> <span class='ocrx_word' id='word_1_339' title='bbox 856 2986 1156 3058; x_wconf 73' lang='lat' dir='ltr'><strong>Prhwipem</strong></span> <span class='ocrx_word' id='word_1_340' title='bbox 1184 2986 1247 3039; x_wconf 63' lang='lat' dir='ltr'><strong>&#39;te</strong></span> <span class='ocrx_word' id='word_1_341' title='bbox 1286 2986 1555 3054; x_wconf 83' lang='lat' dir='ltr'><strong>fecerunt;</strong></span> <span class='ocrx_word' id='word_1_342' title='bbox 1595 2982 1703 3038; x_wconf 88' lang='lat' dir='ltr'><strong>noli</strong></span> 
     </span>
    </p>
   </div>
   <div class='ocr_carea' id='block_1_48' title="bbox 1794 1796 3396 1872">
    <p class='ocr_par' dir='ltr' id='par_1_48' title="bbox 1794 1796 3396 1872">
     <span class='ocr_line' id='line_1_48' title="bbox 1794 1796 3396 1872; baseline 0.007 -22"><span class='ocrx_word' id='word_1_343' title='bbox 1794 1796 1941 1852; x_wconf 85' lang='lat' dir='ltr'><strong>solus</strong></span> <span class='ocrx_word' id='word_1_344' title='bbox 1972 1796 2106 1867; x_wconf 81' lang='lat'><strong>(47).</strong></span> <span class='ocrx_word' id='word_1_345' title='bbox 2140 1796 2342 1852; x_wconf 83' lang='lat' dir='ltr'><strong>Deinde</strong></span> <span class='ocrx_word' id='word_1_346' title='bbox 2372 1797 2416 1829; x_wconf 66' lang='grc' dir='ltr'><strong>⁸ο</strong></span> <span class='ocrx_word' id='word_1_347' title='bbox 2448 1808 2664 1853; x_wconf 87' lang='lat' dir='ltr'><strong>mortuo</strong></span> <span class='ocrx_word' id='word_1_348' title='bbox 2689 1798 2912 1855; x_wconf 90' lang='lat' dir='ltr'><strong>Lotario</strong></span> <span class='ocrx_word' id='word_1_349' title='bbox 2947 1802 3062 1872; x_wconf 85' lang='lat' dir='ltr'><strong>(an.</strong></span> <span class='ocrx_word' id='word_1_350' title='bbox 3093 1803 3217 1869; x_wconf 71' lang='lat'><strong>950,</strong></span> <span class='ocrx_word' id='word_1_351' title='bbox 3252 1802 3396 1861; x_wconf 84' lang='lat' dir='ltr'><strong>Nov.</strong></span> 
     </span>
    </p>
   </div>
   <div class='ocr_carea' id='block_1_49' title="bbox 1792 1886 3398 1964">
    <p class='ocr_par' dir='ltr' id='par_1_49' title="bbox 1792 1886 3398 1964">
     <span class='ocr_line' id='line_1_49' title="bbox 1792 1886 3398 1964; baseline 0.005 -23"><span class='ocrx_word' id='word_1_352' title='bbox 1792 1886 1890 1959; x_wconf 75' lang='lat'><strong>22)</strong></span> <span class='ocrx_word' id='word_1_353' title='bbox 1932 1886 2176 1958; x_wconf 85' lang='lat' dir='ltr'><strong>regnavit</strong></span> <span class='ocrx_word' id='word_1_354' title='bbox 2213 1886 2575 1959; x_wconf 86' lang='lat' dir='ltr'><strong>Berengarius</strong></span> <span class='ocrx_word' id='word_1_355' title='bbox 2620 1889 3008 1961; x_wconf 80' lang='lat' dir='ltr'><strong>Langobardus</strong></span> <span class='ocrx_word' id='word_1_356' title='bbox 3059 1891 3204 1962; x_wconf 83' lang='lat' dir='ltr'><strong>ipse,</strong></span> <span class='ocrx_word' id='word_1_357' title='bbox 3234 1909 3398 1964; x_wconf 70' lang='lat' dir='ltr'><strong>quem</strong></span> 
     </span>
    </p>
   </div>
   <div class='ocr_carea' id='block_1_50' title="bbox 1794 1977 3401 2052">
    <p class='ocr_par' dir='ltr' id='par_1_50' title="bbox 1794 1977 3401 2052">
     <span class='ocr_line' id='line_1_50' title="bbox 1794 1977 3401 2052; baseline 0.002 -19"><span class='ocrx_word' id='word_1_358' title='bbox 1794 1977 2109 2047; x_wconf 77' lang='lat' dir='ltr'><strong>Walpertus</strong></span> <span class='ocrx_word' id='word_1_359' title='bbox 2139 1986 2267 2035; x_wconf 90' lang='lat' dir='ltr'><strong>tunc</strong></span> <span class='ocrx_word' id='word_1_360' title='bbox 2304 1981 2747 2051; x_wconf 86' lang='lat' dir='ltr'><strong>archiepiscopus</strong></span> <span class='ocrx_word' id='word_1_361' title='bbox 2791 1991 3103 2052; x_wconf 89' lang='lat' dir='ltr'><strong>suspectum</strong></span> <span class='ocrx_word' id='word_1_362' title='bbox 3141 1984 3401 2052; x_wconf 76' lang='lat' dir='ltr'><strong>habebat,</strong></span> 
     </span>
    </p>
   </div>
   <div class='ocr_carea' id='block_1_51' title="bbox 1797 2071 3406 2148">
    <p class='ocr_par' dir='ltr' id='par_1_51' title="bbox 1797 2071 3406 2148">
     <span class='ocr_line' id='line_1_51' title="bbox 1797 2071 3406 2148; baseline 0.004 -22"><span class='ocrx_word' id='word_1_363' title='bbox 1797 2072 2050 2127; x_wconf 87' lang='lat' dir='ltr'><strong>conscius</strong></span> <span class='ocrx_word' id='word_1_364' title='bbox 2092 2072 2207 2143; x_wconf 92' lang='lat' dir='ltr'><strong>ipse</strong></span> <span class='ocrx_word' id='word_1_365' title='bbox 2251 2072 2378 2127; x_wconf 89' lang='lat' dir='ltr'><strong>sibi.</strong></span> <span class='ocrx_word' id='word_1_366' title='bbox 2419 2071 2584 2142; x_wconf 88' lang='lat' dir='ltr'><strong>Cujus</strong></span> <span class='ocrx_word' id='word_1_367' title='bbox 2610 2074 2746 2128; x_wconf 87' lang='lat' dir='ltr'><strong>iram</strong></span> <span class='ocrx_word' id='word_1_368' title='bbox 2772 2089 3107 2145; x_wconf 69' lang='lat' dir='ltr'><strong>prazcavcns,</strong></span> <span class='ocrx_word' id='word_1_369' title='bbox 3139 2092 3207 2131; x_wconf 87' lang='lat' dir='ltr'><strong>ne</strong></span> <span class='ocrx_word' id='word_1_370' title='bbox 3238 2079 3406 2148; x_wconf 79' lang='lat' dir='ltr'><strong>regiis</strong></span> 
     </span>
    </p>
   </div>
   <div class='ocr_carea' id='block_1_52' title="bbox 1799 2163 3403 2239">
    <p class='ocr_par' dir='ltr' id='par_1_52' title="bbox 1799 2163 3403 2239">
     <span class='ocr_line' id='line_1_52' title="bbox 1799 2163 3403 2239; baseline 0.004 -23"><span class='ocrx_word' id='word_1_371' title='bbox 1799 2163 2194 2233; x_wconf 69' lang='lat' dir='ltr'><strong>pra‘veniretur</strong></span> <span class='ocrx_word' id='word_1_372' title='bbox 2236 2163 2447 2220; x_wconf 87' lang='lat' dir='ltr'><strong>insidiis</strong></span> <span class='ocrx_word' id='word_1_373' title='bbox 2482 2195 2553 2205; x_wconf 91' lang='lat'>—</span> <span class='ocrx_word' id='word_1_374' title='bbox 2598 2164 2805 2237; x_wconf 85' lang='lat' dir='ltr'><strong>legerat</strong></span> <span class='ocrx_word' id='word_1_375' title='bbox 2843 2167 2990 2222; x_wconf 85' lang='lat' dir='ltr'><strong>enim</strong></span> <span class='ocrx_word' id='word_1_376' title='bbox 3033 2186 3047 2221; x_wconf 92' lang='lat'>:</span> <span class='ocrx_word' id='word_1_377' title='bbox 3094 2168 3403 2239; x_wconf 77' lang='lat' dir='ltr'><strong>Indignatio</strong></span> 
     </span>
    </p>
   </div>
   <div class='ocr_carea' id='block_1_53' title="bbox 1799 2253 3404 2330">
    <p class='ocr_par' dir='ltr' id='par_1_53' title="bbox 1799 2253 3404 2330">
     <span class='ocr_line' id='line_1_53' title="bbox 1799 2253 3404 2330; baseline 0.002 -22"><span class='ocrx_word' id='word_1_378' title='bbox 1799 2256 1934 2324; x_wconf 85' lang='lat' dir='ltr'><strong>regis</strong></span> <span class='ocrx_word' id='word_1_379' title='bbox 1963 2254 2187 2309; x_wconf 80' lang='lat' dir='ltr'><strong>nuncius</strong></span> <span class='ocrx_word' id='word_1_380' title='bbox 2215 2256 2397 2309; x_wconf 80' lang='lat' dir='ltr'><strong>mortis</strong></span> <span class='ocrx_word' id='word_1_381' title='bbox 2427 2253 2613 2327; x_wconf 86' lang='lat' dir='ltr'><strong>(Prov.</strong></span> <span class='ocrx_word' id='word_1_382' title='bbox 2646 2271 2733 2311; x_wconf 73' lang='lat' dir='ltr'><strong>xv:</strong></span> <span class='ocrx_word' id='word_1_383' title='bbox 2752 2296 2767 2323; x_wconf 94' lang='lat'><strong>,</strong></span> <span class='ocrx_word' id='word_1_384' title='bbox 2804 2258 2890 2326; x_wconf 86' lang='lat' dir='ltr'><strong>I4)</strong></span> <span class='ocrx_word' id='word_1_385' title='bbox 2918 2286 2990 2299; x_wconf 90' lang='lat'><strong>—</strong></span> <span class='ocrx_word' id='word_1_386' title='bbox 3018 2257 3198 2329; x_wconf 80' lang='lat' dir='ltr'><strong>fugam</strong></span> <span class='ocrx_word' id='word_1_387' title='bbox 3245 2275 3404 2330; x_wconf 76' lang='lat' dir='ltr'><strong>para-</strong></span> 
     </span>
    </p>
   </div>
   <div class='ocr_carea' id='block_1_54' title="bbox 1797 2343 3402 2421">
    <p class='ocr_par' dir='ltr' id='par_1_54' title="bbox 1797 2343 3402 2421">
     <span class='ocr_line' id='line_1_54' title="bbox 1797 2343 3402 2421; baseline 0.005 -24"><span class='ocrx_word' id='word_1_388' title='bbox 1797 2345 1896 2398; x_wconf 84' lang='lat' dir='ltr'><strong>vit.</strong></span> <span class='ocrx_word' id='word_1_389' title='bbox 1930 2343 2184 2399; x_wconf 90' lang='lat' dir='ltr'><strong>Ottonem</strong></span> <span class='ocrx_word' id='word_1_390' title='bbox 2210 2343 2632 2401; x_wconf 85' lang='lat' dir='ltr'><strong>Teutonicorum</strong></span> <span class='ocrx_word' id='word_1_391' title='bbox 2661 2348 2705 2379; x_wconf 73' lang='lat'>“</span> <span class='ocrx_word' id='word_1_392' title='bbox 2738 2348 2872 2403; x_wconf 78' lang='lat' dir='ltr'><strong>adiit</strong></span> <span class='ocrx_word' id='word_1_393' title='bbox 2905 2364 3087 2420; x_wconf 81' lang='lat' dir='ltr'><strong>regem</strong></span> <span class='ocrx_word' id='word_1_394' title='bbox 3115 2352 3225 2420; x_wconf 81' lang='lat' dir='ltr'><strong>(an.</strong></span> <span class='ocrx_word' id='word_1_395' title='bbox 3253 2350 3402 2421; x_wconf 86' lang='lat'><strong>960),</strong></span> 
     </span>
    </p>
   </div>
   <div class='ocr_carea' id='block_1_55' title="bbox 1800 2433 3405 2511">
    <p class='ocr_par' dir='ltr' id='par_1_55' title="bbox 1800 2433 3405 2511">
     <span class='ocr_line' id='line_1_55' title="bbox 1800 2433 3405 2511; baseline 0.003 -21"><span class='ocrx_word' id='word_1_396' title='bbox 1800 2433 2117 2505; x_wconf 81' lang='lat' dir='ltr'><strong>snﬁ&#39;ragium</strong></span> <span class='ocrx_word' id='word_1_397' title='bbox 2161 2434 2275 2507; x_wconf 80' lang='lat'><strong>(48)</strong></span> <span class='ocrx_word' id='word_1_398' title='bbox 2320 2436 2621 2506; x_wconf 86' lang='lat' dir='ltr'><strong>postulans,</strong></span> <span class='ocrx_word' id='word_1_399' title='bbox 2668 2453 2904 2507; x_wconf 80' lang='lat' dir='ltr'><strong>moxque</strong></span> <span class='ocrx_word' id='word_1_400' title='bbox 2954 2440 3027 2494; x_wconf 89' lang='lat' dir='ltr'><strong>illi</strong></span> <span class='ocrx_word' id='word_1_401' title='bbox 3075 2454 3297 2511; x_wconf 82' lang='lat' dir='ltr'><strong>regnum</strong></span> <span class='ocrx_word' id='word_1_402' title='bbox 3345 2456 3405 2495; x_wconf 83' lang='lat' dir='ltr'><strong>se</strong></span> 
     </span>
    </p>
   </div>
   <div class='ocr_carea' id='block_1_56' title="bbox 1801 2522 3410 2595">
    <p class='ocr_par' dir='ltr' id='par_1_56' title="bbox 1801 2522 3410 2595">
     <span class='ocr_line' id='line_1_56' title="bbox 1801 2522 3410 2595; baseline 0.006 -18"><span class='ocrx_word' id='word_1_403' title='bbox 1801 2522 2038 2581; x_wconf 84' lang='lat' dir='ltr'><strong>instante</strong></span> <span class='ocrx_word' id='word_1_404' title='bbox 2083 2525 2368 2595; x_wconf 83' lang='lat' dir='ltr'><strong>pollicetur</strong></span> <span class='ocrx_word' id='word_1_405' title='bbox 2415 2526 2682 2582; x_wconf 86' lang='lat' dir='ltr'><strong>Italicum.</strong></span> <span class='ocrx_word' id='word_1_406' title='bbox 2728 2530 2844 2595; x_wconf 82' lang='lat' dir='ltr'><strong>Qua</strong></span> <span class='ocrx_word' id='word_1_407' title='bbox 2888 2539 3104 2586; x_wconf 90' lang='lat' dir='ltr'><strong>erectus</strong></span> <span class='ocrx_word' id='word_1_408' title='bbox 3151 2546 3241 2586; x_wconf 80' lang='lat' dir='ltr'><strong>rex</strong></span> <span class='ocrx_word' id='word_1_409' title='bbox 3277 2531 3410 2587; x_wconf 85' lang='lat' dir='ltr'><strong>Otto</strong></span> 
     </span>
    </p>
   </div>
   <div class='ocr_carea' id='block_1_57' title="bbox 1804 2614 3404 2692">
    <p class='ocr_par' dir='ltr' id='par_1_57' title="bbox 1804 2614 3404 2692">
     <span class='ocr_line' id='line_1_57' title="bbox 1804 2614 3404 2692; baseline 0.004 -23"><span class='ocrx_word' id='word_1_410' title='bbox 1804 2614 2021 2682; x_wconf 87' lang='lat' dir='ltr'><strong>ﬁducia,</strong></span> <span class='ocrx_word' id='word_1_411' title='bbox 2045 2616 2253 2672; x_wconf 89' lang='lat' dir='ltr'><strong>adscita</strong></span> <span class='ocrx_word' id='word_1_412' title='bbox 2284 2616 2385 2672; x_wconf 90' lang='lat' dir='ltr'><strong>sibi</strong></span> <span class='ocrx_word' id='word_1_413' title='bbox 2410 2617 2639 2686; x_wconf 89' lang='lat' dir='ltr'><strong>conjuge</strong></span> <span class='ocrx_word' id='word_1_414' title='bbox 2659 2619 2913 2675; x_wconf 84' lang='lat' dir='ltr'><strong>Adeleida</strong></span> <span class='ocrx_word' id='word_1_415' title='bbox 2939 2620 3107 2676; x_wconf 78' lang='lat' dir='ltr'><strong>Italia:</strong></span> <span class='ocrx_word' id='word_1_416' title='bbox 3131 2623 3404 2692; x_wconf 81' lang='lat' dir='ltr'><strong>quondam</strong></span> 
     </span>
    </p>
   </div>
   <div class='ocr_carea' id='block_1_58' title="bbox 1804 2705 3408 2777">
    <p class='ocr_par' dir='ltr' id='par_1_58' title="bbox 1804 2705 3408 2777">
     <span class='ocr_line' id='line_1_58' title="bbox 1804 2705 3408 2777; baseline 0.004 -15"><span class='ocrx_word' id='word_1_417' title='bbox 1804 2707 2014 2777; x_wconf 87' lang='lat' dir='ltr'><strong>regina,</strong></span> <span class='ocrx_word' id='word_1_418' title='bbox 2043 2723 2214 2763; x_wconf 78' lang='lat' dir='ltr'><strong>uxore</strong></span> <span class='ocrx_word' id='word_1_419' title='bbox 2247 2705 2498 2764; x_wconf 84' lang='lat' dir='ltr'><strong>videlicet</strong></span> <span class='ocrx_word' id='word_1_420' title='bbox 2520 2708 2786 2777; x_wconf 88' lang='lat' dir='ltr'><strong>Lotharii,</strong></span> <span class='ocrx_word' id='word_1_421' title='bbox 2819 2710 2965 2766; x_wconf 89' lang='lat' dir='ltr'><strong>illico</strong></span> <span class='ocrx_word' id='word_1_422' title='bbox 2993 2713 3288 2767; x_wconf 84' lang='lat' dir='ltr'><strong>meditatur</strong></span> <span class='ocrx_word' id='word_1_423' title='bbox 3316 2728 3408 2768; x_wconf 85' lang='lat' dir='ltr'><strong>re-</strong></span> 
     </span>
    </p>
   </div>
   <div class='ocr_carea' id='block_1_59' title="bbox 1804 2799 2666 2872">
    <p class='ocr_par' dir='ltr' id='par_1_59' title="bbox 1804 2799 2666 2872">
     <span class='ocr_line' id='line_1_59' title="bbox 1804 2799 2666 2872; baseline 0.007 -21"><span class='ocrx_word' id='word_1_424' title='bbox 1804 2814 1967 2868; x_wconf 87' lang='lat' dir='ltr'><strong>gnum</strong></span> <span class='ocrx_word' id='word_1_425' title='bbox 2004 2799 2285 2870; x_wconf 88' lang='lat' dir='ltr'><strong>subripere</strong></span> <span class='ocrx_word' id='word_1_426' title='bbox 2313 2799 2666 2872; x_wconf 88' lang='lat' dir='ltr'><strong>Berengario.</strong></span> 
     </span>
    </p>
   </div>
   <div class='ocr_carea' id='block_1_60' title="bbox 1877 2888 3408 2968">
    <p class='ocr_par' dir='ltr' id='par_1_60' title="bbox 1877 2888 3408 2968">
     <span class='ocr_line' id='line_1_60' title="bbox 1877 2888 3408 2968; baseline 0.006 -24"><span class='ocrx_word' id='word_1_427' title='bbox 1877 2890 1929 2944; x_wconf 85' lang='lat'><strong>6.</strong></span> <span class='ocrx_word' id='word_1_428' title='bbox 1973 2888 2279 2948; x_wconf 62' lang='lat' dir='ltr'><strong>Praemissis</strong></span> <span class='ocrx_word' id='word_1_429' title='bbox 2321 2893 2486 2962; x_wconf 88' lang='lat' dir='ltr'><strong>igitur</strong></span> <span class='ocrx_word' id='word_1_430' title='bbox 2532 2910 2632 2964; x_wconf 88' lang='lat' dir='ltr'><strong>pro</strong></span> <span class='ocrx_word' id='word_1_431' title='bbox 2665 2892 2945 2965; x_wconf 80' lang='lat' dir='ltr'><strong>Walperto</strong></span> <span class='ocrx_word' id='word_1_432' title='bbox 2982 2895 3175 2968; x_wconf 85' lang='lat' dir='ltr'><strong>legatis</strong></span> <span class='ocrx_word' id='word_1_433' title='bbox 3217 2912 3408 2967; x_wconf 85' lang='lat' dir='ltr'><strong>pacem</strong></span> 
     </span>
    </p>
   </div>
   <div class='ocr_carea' id='block_1_61' title="bbox 1809 2980 3409 3055">
    <p class='ocr_par' dir='ltr' id='par_1_61' title="bbox 1809 2980 3409 3055">
     <span class='ocr_line' id='line_1_61' title="bbox 1809 2980 3409 3055; baseline 0.004 -20"><span class='ocrx_word' id='word_1_434' title='bbox 1809 2980 2080 3052; x_wconf 87' lang='lat' dir='ltr'><strong>implorat.</strong></span> <span class='ocrx_word' id='word_1_435' title='bbox 2118 2982 2293 3050; x_wconf 83' lang='lat' dir='ltr'><strong>Quam</strong></span> <span class='ocrx_word' id='word_1_436' title='bbox 2323 2998 2445 3038; x_wconf 88' lang='lat' dir='ltr'><strong>cum</strong></span> <span class='ocrx_word' id='word_1_437' title='bbox 2485 3000 2590 3038; x_wconf 91' lang='lat' dir='ltr'><strong>non</strong></span> <span class='ocrx_word' id='word_1_438' title='bbox 2623 2984 2970 3055; x_wconf 87' lang='lat' dir='ltr'><strong>impetraret,</strong></span> <span class='ocrx_word' id='word_1_439' title='bbox 3005 2988 3208 3043; x_wconf 77' lang='lat' dir='ltr'><strong>direxit</strong></span> <span class='ocrx_word' id='word_1_440' title='bbox 3233 2988 3409 3043; x_wconf 85' lang='lat' dir='ltr'><strong>Litul-</strong></span> 
     </span>
    </p>
   </div>
   <div class='ocr_carea' id='block_1_62' title="bbox 102 3062 3411 3149">
    <p class='ocr_par' dir='ltr' id='par_1_62' title="bbox 102 3062 3411 3149">
     <span class='ocr_line' id='line_1_62' title="bbox 102 3062 3411 3149; baseline -0.002 -10"><span class='ocrx_word' id='word_1_441' title='bbox 102 3062 304 3146; x_wconf 61' lang='lat' dir='ltr'><strong>catelli,</strong></span> <span class='ocrx_word' id='word_1_442' title='bbox 352 3093 426 3137; x_wconf 84' lang='lat' dir='ltr'><strong>set</strong></span> <span class='ocrx_word' id='word_1_443' title='bbox 469 3092 576 3137; x_wconf 83' lang='lat' dir='ltr'><strong>esto</strong></span> <span class='ocrx_word' id='word_1_444' title='bbox 620 3082 675 3134; x_wconf 87' lang='lat' dir='ltr'><strong>in</strong></span> <span class='ocrx_word' id='word_1_445' title='bbox 718 3081 824 3134; x_wconf 78' lang='lat' dir='ltr'><strong>illis</strong></span> <span class='ocrx_word' id='word_1_446' title='bbox 859 3079 1014 3149; x_wconf 82' lang='lat' dir='ltr'><strong>quasi</strong></span> <span class='ocrx_word' id='word_1_447' title='bbox 1058 3092 1193 3131; x_wconf 87' lang='lat' dir='ltr'><strong>unus</strong></span> <span class='ocrx_word' id='word_1_448' title='bbox 1240 3092 1304 3130; x_wconf 80' lang='lat' dir='ltr'><strong>ea:</strong></span> <span class='ocrx_word' id='word_1_449' title='bbox 1349 3077 1474 3146; x_wconf 78' lang='lat' dir='ltr'><strong>ipsis</strong></span> <span class='ocrx_word' id='word_1_450' title='bbox 1510 3073 1701 3146; x_wconf 80' lang='lat' dir='ltr'><strong>(Eccli.</strong></span> <span class='ocrx_word' id='word_1_451' title='bbox 1734 3062 1779 3124; x_wconf 88' lang='lat' dir='ltr'><strong>C</strong></span> <span class='ocrx_word' id='word_1_452' title='bbox 1811 3069 1921 3125; x_wconf 82' lang='lat' dir='ltr'><strong>fum</strong></span> <span class='ocrx_word' id='word_1_453' title='bbox 1953 3088 2076 3126; x_wconf 91' lang='lat' dir='ltr'><strong>cum</strong></span> <span class='ocrx_word' id='word_1_454' title='bbox 2127 3074 2370 3129; x_wconf 77' lang='lat' dir='ltr'><strong>exercitu</strong></span> <span class='ocrx_word' id='word_1_455' title='bbox 2415 3074 2555 3145; x_wconf 71' lang='lat' dir='ltr'><strong>(i9),</strong></span> <span class='ocrx_word' id='word_1_456' title='bbox 2595 3090 2751 3131; x_wconf 89' lang='lat' dir='ltr'><strong>suum</strong></span> <span class='ocrx_word' id='word_1_457' title='bbox 2789 3092 2855 3134; x_wconf 81' lang='lat' dir='ltr'><strong>ex</strong></span> <span class='ocrx_word' id='word_1_458' title='bbox 2895 3076 3126 3147; x_wconf 82' lang='lat' dir='ltr'><strong>conjuge</strong></span> <span class='ocrx_word' id='word_1_459' title='bbox 3162 3078 3335 3134; x_wconf 84' lang='lat' dir='ltr'><strong>altera</strong></span> <span class='ocrx_word' id='word_1_460' title='bbox 3364 3080 3411 3112; x_wconf 74' lang='lat'><strong>&quot;</strong></span> 
     </span>
    </p>
   </div>
   <div class='ocr_carea' id='block_1_63' title="bbox 103 3164 1708 3242">
    <p class='ocr_par' dir='ltr' id='par_1_63' title="bbox 103 3164 1708 3242">
     <span class='ocr_line' id='line_1_63' title="bbox 103 3164 1708 3242; baseline -0.007 -13"><span class='ocrx_word' id='word_1_461' title='bbox 103 3189 292 3237; x_wconf 66' lang='grc' dir='ltr'><strong>χχιιι,</strong></span> <span class='ocrx_word' id='word_1_462' title='bbox 339 3173 412 3242; x_wconf 84' lang='grc'><strong>1),</strong></span> <span class='ocrx_word' id='word_1_463' title='bbox 466 3169 824 3227; x_wconf 84' lang='lat' dir='ltr'><strong>intolerabil&#39;s</strong></span> <span class='ocrx_word' id='word_1_464' title='bbox 868 3168 1043 3224; x_wconf 79' lang='lat' dir='ltr'><strong>Iactus</strong></span> <span class='ocrx_word' id='word_1_465' title='bbox 1091 3175 1175 3222; x_wconf 88' lang='lat' dir='ltr'><strong>est</strong></span> <span class='ocrx_word' id='word_1_466' title='bbox 1221 3165 1509 3220; x_wconf 90' lang='lat' dir='ltr'><strong>universis.</strong></span> <span class='ocrx_word' id='word_1_467' title='bbox 1562 3164 1708 3218; x_wconf 67' lang='lat' dir='ltr'><strong>Prae-</strong></span> 
     </span>
    </p>
   </div>
   <div class='ocr_carea' id='block_1_64' title="bbox 104 3256 1708 3335">
    <p class='ocr_par' dir='ltr' id='par_1_64' title="bbox 104 3256 1708 3335">
     <span class='ocr_line' id='line_1_64' title="bbox 104 3256 1708 3335; baseline -0.007 -15"><span class='ocrx_word' id='word_1_468' title='bbox 104 3266 284 3321; x_wconf 89' lang='lat' dir='ltr'><strong>elccto</strong></span> <span class='ocrx_word' id='word_1_469' title='bbox 320 3264 507 3335; x_wconf 87' lang='lat' dir='ltr'><strong>itaque</strong></span> <span class='ocrx_word' id='word_1_470' title='bbox 548 3262 658 3317; x_wconf 88' lang='lat' dir='ltr'><strong>lilio</strong></span> <span class='ocrx_word' id='word_1_471' title='bbox 701 3263 817 3332; x_wconf 89' lang='lat' dir='ltr'><strong>ejus</strong></span> <span class='ocrx_word' id='word_1_472' title='bbox 846 3262 915 3314; x_wconf 88' lang='lat' dir='ltr'><strong>ab</strong></span> <span class='ocrx_word' id='word_1_473' title='bbox 953 3256 1206 3314; x_wconf 88' lang='lat' dir='ltr'><strong>onmibus</strong></span> <span class='ocrx_word' id='word_1_474' title='bbox 1233 3256 1493 3312; x_wconf 80' lang='lat' dir='ltr'><strong>Lothario</strong></span> <span class='ocrx_word' id='word_1_475' title='bbox 1522 3256 1708 3310; x_wconf 83' lang='lat' dir='ltr'><strong>admo-</strong></span> 
     </span>
    </p>
   </div>
   <div class='ocr_carea' id='block_1_65' title="bbox 104 3344 1708 3420">
    <p class='ocr_par' dir='ltr' id='par_1_65' title="bbox 104 3344 1708 3420">
     <span class='ocr_line' id='line_1_65' title="bbox 104 3344 1708 3420; baseline -0.007 -9"><span class='ocrx_word' id='word_1_476' title='bbox 104 3359 232 3411; x_wconf 90' lang='lat' dir='ltr'><strong>dum</strong></span> <span class='ocrx_word' id='word_1_477' title='bbox 278 3355 514 3420; x_wconf 88' lang='lat' dir='ltr'><strong>Ieniore,</strong></span> <span class='ocrx_word' id='word_1_478' title='bbox 555 3351 831 3409; x_wconf 86' lang='lat' dir='ltr'><strong>communi</strong></span> <span class='ocrx_word' id='word_1_479' title='bbox 872 3350 918 3383; x_wconf 82' lang='grc'>⁸⁸</span> <span class='ocrx_word' id='word_1_480' title='bbox 956 3362 1225 3405; x_wconf 83' lang='lat' dir='ltr'><strong>consensu</strong></span> <span class='ocrx_word' id='word_1_481' title='bbox 1270 3346 1419 3417; x_wconf 82' lang='lat' dir='ltr'><strong>regni</strong></span> <span class='ocrx_word' id='word_1_482' title='bbox 1464 3348 1631 3401; x_wconf 91' lang='lat' dir='ltr'><strong>totius</strong></span> <span class='ocrx_word' id='word_1_483' title='bbox 1660 3344 1708 3376; x_wconf 69' lang='grc'><strong>⁸⁸</strong></span> 
     </span>
    </p>
   </div>
   <div class='ocr_carea' id='block_1_66' title="bbox 103 3437 1705 3516">
    <p class='ocr_par' dir='ltr' id='par_1_66' title="bbox 103 3437 1705 3516">
     <span class='ocr_line' id='line_1_66' title="bbox 103 3437 1705 3516; baseline -0.006 -14"><span class='ocrx_word' id='word_1_484' title='bbox 103 3445 422 3516; x_wconf 79' lang='lat' dir='ltr'><strong>compulsus</strong></span> <span class='ocrx_word' id='word_1_485' title='bbox 463 3453 548 3501; x_wconf 90' lang='lat' dir='ltr'><strong>est</strong></span> <span class='ocrx_word' id='word_1_486' title='bbox 582 3447 697 3516; x_wconf 87' lang='lat' dir='ltr'><strong>ipse</strong></span> <span class='ocrx_word' id='word_1_487' title='bbox 740 3456 987 3500; x_wconf 87' lang='lat' dir='ltr'><strong>remeare</strong></span> <span class='ocrx_word' id='word_1_488' title='bbox 1019 3440 1380 3513; x_wconf 84' lang='lat' dir='ltr'><strong>Burgundiam</strong></span> <span class='ocrx_word' id='word_1_489' title='bbox 1407 3437 1520 3498; x_wconf 80' lang='lat' dir='ltr'><strong>(an.</strong></span> <span class='ocrx_word' id='word_1_490' title='bbox 1551 3437 1705 3509; x_wconf 71' lang='lat'><strong>946),</strong></span> 
     </span>
    </p>
   </div>
   <div class='ocr_carea' id='block_1_67' title="bbox 102 3519 1635 3604">
    <p class='ocr_par' dir='ltr' id='par_1_67' title="bbox 102 3519 1635 3604">
     <span class='ocr_line' id='line_1_67' title="bbox 102 3519 1635 3604; baseline -0.008 -12"><span class='ocrx_word' id='word_1_491' title='bbox 102 3538 171 3591; x_wconf 88' lang='lat' dir='ltr'><strong>de</strong></span> <span class='ocrx_word' id='word_1_492' title='bbox 197 3544 400 3592; x_wconf 73' lang='lat' dir='ltr'><strong>caetero</strong></span> <span class='ocrx_word' id='word_1_493' title='bbox 427 3536 652 3591; x_wconf 88' lang='lat' dir='ltr'><strong>minime</strong></span> <span class='ocrx_word' id='word_1_494' title='bbox 683 3544 1028 3604; x_wconf 86' lang='lat' dir='ltr'><strong>regnaturus.</strong></span> <span class='ocrx_word' id='word_1_495' title='bbox 1616 3519 1635 3530; x_wconf 83' lang='grc'><strong>’</strong></span> 
     </span>
    </p>
   </div>
   <div class='ocr_carea' id='block_1_68' title="bbox 174 3617 1710 3695">
    <p class='ocr_par' dir='ltr' id='par_1_68' title="bbox 174 3617 1710 3695">
     <span class='ocr_line' id='line_1_68' title="bbox 174 3617 1710 3695; baseline -0.004 -14"><span class='ocrx_word' id='word_1_496' title='bbox 174 3626 230 3681; x_wconf 86' lang='lat'><strong>5.</strong></span> <span class='ocrx_word' id='word_1_497' title='bbox 253 3627 300 3658; x_wconf 83' lang='grc'><strong>³³</strong></span> <span class='ocrx_word' id='word_1_498' title='bbox 317 3627 423 3683; x_wconf 88' lang='lat' dir='ltr'><strong>Per</strong></span> <span class='ocrx_word' id='word_1_499' title='bbox 438 3627 581 3682; x_wconf 89' lang='lat' dir='ltr'><strong>idem</strong></span> <span class='ocrx_word' id='word_1_500' title='bbox 605 3638 819 3695; x_wconf 89' lang='lat' dir='ltr'><strong>tempus</strong></span> <span class='ocrx_word' id='word_1_501' title='bbox 851 3628 963 3680; x_wconf 74' lang='lat' dir='ltr'><strong>(rm.</strong></span> <span class='ocrx_word' id='word_1_502' title='bbox 979 3621 1106 3692; x_wconf 90' lang='lat'><strong>948)</strong></span> <span class='ocrx_word' id='word_1_503' title='bbox 1122 3621 1314 3676; x_wconf 89' lang='lat' dir='ltr'><strong>oborta</strong></span> <span class='ocrx_word' id='word_1_504' title='bbox 1331 3617 1710 3675; x_wconf 84' lang='lat' dir='ltr'><strong>estMediolani</strong></span> 
     </span>
    </p>
   </div>
   <div class='ocr_carea' id='block_1_69' title="bbox 101 3709 1711 3787">
    <p class='ocr_par' dir='ltr' id='par_1_69' title="bbox 101 3709 1711 3787">
     <span class='ocr_line' id='line_1_69' title="bbox 101 3709 1711 3787; baseline -0.006 -14"><span class='ocrx_word' id='word_1_505' title='bbox 101 3716 407 3787; x_wconf 85' lang='lat' dir='ltr'><strong>perniciosa</strong></span> <span class='ocrx_word' id='word_1_506' title='bbox 441 3716 655 3772; x_wconf 87' lang='lat' dir='ltr'><strong>seditio.</strong></span> <span class='ocrx_word' id='word_1_507' title='bbox 694 3714 956 3771; x_wconf 81' lang='lat' dir='ltr'><strong>Arderico</strong></span> <span class='ocrx_word' id='word_1_508' title='bbox 982 3723 1162 3767; x_wconf 85' lang='lat' dir='ltr'><strong>autem</strong></span> <span class='ocrx_word' id='word_1_509' title='bbox 1205 3710 1614 3781; x_wconf 86' lang='lat' dir='ltr'><strong>archiepiscopo</strong></span> <span class='ocrx_word' id='word_1_510' title='bbox 1642 3709 1711 3765; x_wconf 92' lang='lat' dir='ltr'><strong>ad</strong></span> 
     </span>
    </p>
   </div>
   <div class='ocr_carea' id='block_1_70' title="bbox 1809 3163 3410 3242">
    <p class='ocr_par' dir='ltr' id='par_1_70' title="bbox 1809 3163 3410 3242">
     <span class='ocr_line' id='line_1_70' title="bbox 1809 3163 3410 3242; baseline 0.005 -25"><span class='ocrx_word' id='word_1_511' title='bbox 1809 3163 2003 3219; x_wconf 89' lang='lat' dir='ltr'><strong>ﬁlium.</strong></span> <span class='ocrx_word' id='word_1_512' title='bbox 2033 3164 2274 3222; x_wconf 89' lang='lat' dir='ltr'><strong>Oderaut</strong></span> <span class='ocrx_word' id='word_1_513' title='bbox 2301 3178 2483 3222; x_wconf 89' lang='lat' dir='ltr'><strong>autem</strong></span> <span class='ocrx_word' id='word_1_514' title='bbox 2513 3168 2886 3239; x_wconf 67' lang='lat' dir='ltr'><strong>compatriotae</strong></span> <span class='ocrx_word' id='word_1_515' title='bbox 2918 3185 3100 3242; x_wconf 88' lang='lat' dir='ltr'><strong>regem</strong></span> <span class='ocrx_word' id='word_1_516' title='bbox 3133 3170 3410 3242; x_wconf 83' lang='lat' dir='ltr'><strong>Berenga-</strong></span> 
     </span>
    </p>
   </div>
   <div class='ocr_carea' id='block_1_71' title="bbox 1811 3254 3407 3334">
    <p class='ocr_par' dir='ltr' id='par_1_71' title="bbox 1811 3254 3407 3334">
     <span class='ocr_line' id='line_1_71' title="bbox 1811 3254 3407 3334; baseline 0.008 -26"><span class='ocrx_word' id='word_1_517' title='bbox 1811 3254 1952 3309; x_wconf 90' lang='lat' dir='ltr'><strong>rium</strong></span> <span class='ocrx_word' id='word_1_518' title='bbox 1998 3266 2223 3328; x_wconf 87' lang='lat' dir='ltr'><strong>propter</strong></span> <span class='ocrx_word' id='word_1_519' title='bbox 2250 3254 2476 3315; x_wconf 87' lang='lat' dir='ltr'><strong>nimiam</strong></span> <span class='ocrx_word' id='word_1_520' title='bbox 2508 3261 2694 3317; x_wconf 79' lang='lat' dir='ltr'><strong>uxoris</strong></span> <span class='ocrx_word' id='word_1_521' title='bbox 2738 3262 3033 3331; x_wconf 87' lang='lat' dir='ltr'><strong>tenaciam,</strong></span> <span class='ocrx_word' id='word_1_522' title='bbox 3076 3279 3199 3334; x_wconf 73' lang='lat' dir='ltr'><strong>quae</strong></span> <span class='ocrx_word' id='word_1_523' title='bbox 3240 3263 3407 3320; x_wconf 85' lang='lat' dir='ltr'><strong>Willa</strong></span> 
     </span>
    </p>
   </div>
   <div class='ocr_carea' id='block_1_72' title="bbox 1810 3343 3410 3428">
    <p class='ocr_par' dir='ltr' id='par_1_72' title="bbox 1810 3343 3410 3428">
     <span class='ocr_line' id='line_1_72' title="bbox 1810 3343 3410 3428; baseline 0.01 -31"><span class='ocrx_word' id='word_1_524' title='bbox 1810 3343 2118 3415; x_wconf 89' lang='lat' dir='ltr'><strong>dicebatur,</strong></span> <span class='ocrx_word' id='word_1_525' title='bbox 2147 3356 2205 3404; x_wconf 92' lang='lat' dir='ltr'><strong>et</strong></span> <span class='ocrx_word' id='word_1_526' title='bbox 2226 3364 2384 3406; x_wconf 90' lang='lat' dir='ltr'><strong>suam</strong></span> <span class='ocrx_word' id='word_1_527' title='bbox 2416 3366 2484 3407; x_wconf 80' lang='lat' dir='ltr'><strong>ex</strong></span> <span class='ocrx_word' id='word_1_528' title='bbox 2526 3361 2682 3423; x_wconf 87' lang='lat' dir='ltr'><strong>parte</strong></span> <span class='ocrx_word' id='word_1_529' title='bbox 2721 3354 3017 3410; x_wconf 72' lang='lat' dir='ltr'><strong>sawiciam.</strong></span> <span class='ocrx_word' id='word_1_530' title='bbox 3049 3355 3284 3428; x_wconf 88' lang='lat' dir='ltr'><strong>Ideoque</strong></span> <span class='ocrx_word' id='word_1_531' title='bbox 3312 3359 3410 3413; x_wconf 86' lang='lat' dir='ltr'><strong>de-</strong></span> 
     </span>
    </p>
   </div>
   <div class='ocr_carea' id='block_1_73' title="bbox 1812 3437 3412 3515">
    <p class='ocr_par' dir='ltr' id='par_1_73' title="bbox 1812 3437 3412 3515">
     <span class='ocr_line' id='line_1_73' title="bbox 1812 3437 3412 3515; baseline 0.008 -23"><span class='ocrx_word' id='word_1_532' title='bbox 1812 3437 2036 3495; x_wconf 90' lang='lat' dir='ltr'><strong>stitutus</strong></span> <span class='ocrx_word' id='word_1_533' title='bbox 2064 3456 2094 3495; x_wconf 89' lang='lat' dir='ltr'><strong>a</strong></span> <span class='ocrx_word' id='word_1_534' title='bbox 2128 3442 2262 3507; x_wconf 91' lang='lat' dir='ltr'><strong>suis,</strong></span> <span class='ocrx_word' id='word_1_535' title='bbox 2295 3445 2609 3515; x_wconf 88' lang='lat' dir='ltr'><strong>properanti</strong></span> <span class='ocrx_word' id='word_1_536' title='bbox 2656 3445 2798 3502; x_wconf 87' lang='lat' dir='ltr'><strong>hosti</strong></span> <span class='ocrx_word' id='word_1_537' title='bbox 2828 3447 3054 3504; x_wconf 90' lang='lat' dir='ltr'><strong>minime</strong></span> <span class='ocrx_word' id='word_1_538' title='bbox 3081 3449 3249 3505; x_wconf 91' lang='lat' dir='ltr'><strong>valuit</strong></span> <span class='ocrx_word' id='word_1_539' title='bbox 3277 3465 3412 3505; x_wconf 90' lang='lat' dir='ltr'><strong>con-</strong></span> 
     </span>
    </p>
   </div>
   <div class='ocr_carea' id='block_1_74' title="bbox 1814 3530 3412 3606">
    <p class='ocr_par' dir='ltr' id='par_1_74' title="bbox 1814 3530 3412 3606">
     <span class='ocr_line' id='line_1_74' title="bbox 1814 3530 3412 3606; baseline 0.009 -24"><span class='ocrx_word' id='word_1_540' title='bbox 1814 3530 1999 3598; x_wconf 80' lang='lat' dir='ltr'><strong>gredi;</strong></span> <span class='ocrx_word' id='word_1_541' title='bbox 2030 3533 2125 3588; x_wconf 90' lang='lat' dir='ltr'><strong>sed</strong></span> <span class='ocrx_word' id='word_1_542' title='bbox 2155 3533 2436 3605; x_wconf 84' lang='lat' dir='ltr'><strong>ingressus</strong></span> <span class='ocrx_word' id='word_1_543' title='bbox 2464 3537 2610 3606; x_wconf 89' lang='lat' dir='ltr'><strong>quod</strong></span> <span class='ocrx_word' id='word_1_544' title='bbox 2637 3537 2836 3593; x_wconf 90' lang='lat' dir='ltr'><strong>dicitur</strong></span> <span class='ocrx_word' id='word_1_545' title='bbox 2863 3537 3044 3594; x_wconf 88' lang='lat' dir='ltr'><strong>Insula</strong></span> <span class='ocrx_word' id='word_1_546' title='bbox 3084 3541 3259 3596; x_wconf 89' lang='lat' dir='ltr'><strong>sancti</strong></span> <span class='ocrx_word' id='word_1_547' title='bbox 3285 3538 3412 3596; x_wconf 82' lang='lat' dir='ltr'><strong>Julii</strong></span> 
     </span>
    </p>
   </div>
   <div class='ocr_carea' id='block_1_75' title="bbox 1816 3622 3414 3704">
    <p class='ocr_par' dir='ltr' id='par_1_75' title="bbox 1816 3622 3414 3704">
     <span class='ocr_line' id='line_1_75' title="bbox 1816 3622 3414 3704; baseline 0.007 -29"><span class='ocrx_word' id='word_1_548' title='bbox 1816 3622 2171 3693; x_wconf 82' lang='lat' dir='ltr'><strong>municipium</strong></span> <span class='ocrx_word' id='word_1_549' title='bbox 2196 3626 2263 3692; x_wconf 73' lang='lat'><strong>&quot;,</strong></span> <span class='ocrx_word' id='word_1_550' title='bbox 2286 3628 2489 3683; x_wconf 87' lang='lat' dir='ltr'><strong>resedit</strong></span> <span class='ocrx_word' id='word_1_551' title='bbox 2519 3628 2811 3686; x_wconf 89' lang='lat' dir='ltr'><strong>invalidus.</strong></span> <span class='ocrx_word' id='word_1_552' title='bbox 2834 3629 2971 3685; x_wconf 90' lang='lat' dir='ltr'><strong>Cum</strong></span> <span class='ocrx_word' id='word_1_553' title='bbox 3001 3647 3133 3689; x_wconf 82' lang='lat' dir='ltr'><strong>vero</strong></span> <span class='ocrx_word' id='word_1_554' title='bbox 3160 3632 3414 3704; x_wconf 79' lang='lat' dir='ltr'><strong>explora-</strong></span> 
     </span>
    </p>
   </div>
   <div class='ocr_carea' id='block_1_76' title="bbox 1815 3714 3415 3795">
    <p class='ocr_par' dir='ltr' id='par_1_76' title="bbox 1815 3714 3415 3795">
     <span class='ocr_line' id='line_1_76' title="bbox 1815 3714 3415 3795; baseline 0.008 -28"><span class='ocrx_word' id='word_1_555' title='bbox 1815 3722 1900 3768; x_wconf 90' lang='lat' dir='ltr'><strong>ret</strong></span> <span class='ocrx_word' id='word_1_556' title='bbox 1927 3714 2180 3770; x_wconf 85' lang='lat' dir='ltr'><strong>universa</strong></span> <span class='ocrx_word' id='word_1_557' title='bbox 2225 3714 2480 3785; x_wconf 81' lang='lat' dir='ltr'><strong>Litullus,</strong></span> <span class='ocrx_word' id='word_1_558' title='bbox 2507 3719 2727 3789; x_wconf 90' lang='lat' dir='ltr'><strong>quidam</strong></span> <span class='ocrx_word' id='word_1_559' title='bbox 2757 3719 3054 3777; x_wconf 82' lang='lat' dir='ltr'><strong>familiares</strong></span> <span class='ocrx_word' id='word_1_560' title='bbox 3095 3722 3415 3795; x_wconf 84' lang='lat' dir='ltr'><strong>Berengarii</strong></span> 
     </span>
    </p>
   </div>
   <div class='ocr_carea' id='block_1_77' title="bbox 1406 3870 2086 3931">
    <p class='ocr_par' dir='ltr' id='par_1_77' title="bbox 1406 3870 2086 3931">
     <span class='ocr_line' id='line_1_77' title="bbox 1406 3870 2086 3931; baseline 0.004 -5"><span class='ocrx_word' id='word_1_561' title='bbox 1406 3870 1640 3926; x_wconf 70' lang='lat' dir='ltr'><strong>VARIAS</strong></span> <span class='ocrx_word' id='word_1_562' title='bbox 1681 3871 2086 3931; x_wconf 72' lang='lat' dir='ltr'><strong>LECTIONES.</strong></span> 
     </span>
    </p>
   </div>
   <div class='ocr_carea' id='block_1_78' title="bbox 175 3987 807 4045">
    <p class='ocr_par' dir='ltr' id='par_1_78' title="bbox 175 3987 807 4045">
     <span class='ocr_line' id='line_1_78' title="bbox 175 3987 807 4045; baseline -0.002 -2"><span class='ocrx_word' id='word_1_563' title='bbox 175 3989 224 4022; x_wconf 70' lang='grc' dir='ltr'><strong>’δ</strong></span> <span class='ocrx_word' id='word_1_564' title='bbox 260 3988 606 4045; x_wconf 77' lang='lat' dir='ltr'><strong>cardinaries</strong></span> <span class='ocrx_word' id='word_1_565' title='bbox 656 3987 699 4043; x_wconf 90' lang='grc' dir='ltr'><strong>Β</strong></span> <span class='ocrx_word' id='word_1_566' title='bbox 754 3999 807 4043; x_wconf 82' lang='grc' dir='ltr'><strong>ι.</strong></span> 
     </span>
    </p>
   </div>
   <div class='ocr_carea' id='block_1_79' title="bbox 111 4058 1456 4128">
    <p class='ocr_par' dir='ltr' id='par_1_79' title="bbox 111 4058 1456 4128">
     <span class='ocr_line' id='line_1_79' title="bbox 111 4058 1456 4128; baseline -0.001 -17"><span class='ocrx_word' id='word_1_567' title='bbox 111 4058 302 4123; x_wconf 87' lang='lat' dir='ltr'><strong>ﬁlium,</strong></span> <span class='ocrx_word' id='word_1_568' title='bbox 338 4070 395 4115; x_wconf 89' lang='lat' dir='ltr'><strong>et</strong></span> <span class='ocrx_word' id='word_1_569' title='bbox 422 4060 677 4115; x_wconf 87' lang='lat' dir='ltr'><strong>occidere</strong></span> <span class='ocrx_word' id='word_1_570' title='bbox 707 4058 934 4114; x_wconf 88' lang='lat' dir='ltr'><strong>tentavit</strong></span> <span class='ocrx_word' id='word_1_571' title='bbox 965 4058 1456 4128; x_wconf 78' lang='lat' dir='ltr'><strong>arcliiepise0pnnt.</strong></span> 
     </span>
    </p>
   </div>
   <div class='ocr_carea' id='block_1_80' title="bbox 109 4126 1702 4185">
    <p class='ocr_par' dir='ltr' id='par_1_80' title="bbox 109 4126 1702 4185">
     <span class='ocr_line' id='line_1_80' title="bbox 109 4126 1702 4185; baseline -0.003 -2"><span class='ocrx_word' id='word_1_572' title='bbox 109 4128 253 4184; x_wconf 78' lang='lat' dir='ltr'><strong>XXII</strong></span> <span class='ocrx_word' id='word_1_573' title='bbox 283 4141 338 4185; x_wconf 91' lang='lat' dir='ltr'><strong>et</strong></span> <span class='ocrx_word' id='word_1_574' title='bbox 365 4146 440 4184; x_wconf 80' lang='grc' dir='ltr'><strong>ιιι.</strong></span> <span class='ocrx_word' id='word_1_575' title='bbox 470 4130 515 4184; x_wconf 88' lang='lat' dir='ltr'><strong>ll</strong></span> <span class='ocrx_word' id='word_1_576' title='bbox 537 4130 725 4183; x_wconf 81' lang='lat' dir='ltr'><strong>desunt</strong></span> <span class='ocrx_word' id='word_1_577' title='bbox 757 4130 820 4183; x_wconf 82' lang='grc' dir='ltr'><strong>Β.</strong></span> <span class='ocrx_word' id='word_1_578' title='bbox 922 4131 968 4163; x_wconf 76' lang='grc'>³³</span> <span class='ocrx_word' id='word_1_579' title='bbox 1008 4126 1216 4185; x_wconf 68' lang='grc' dir='ltr'><strong>«ΙυΙίδΒ</strong></span> <span class='ocrx_word' id='word_1_580' title='bbox 1246 4126 1379 4182; x_wconf 70' lang='lat' dir='ltr'><strong>Lat</strong></span> <span class='ocrx_word' id='word_1_581' title='bbox 1408 4143 1514 4180; x_wconf 83' lang='lat' dir='ltr'><strong>non</strong></span> <span class='ocrx_word' id='word_1_582' title='bbox 1555 4126 1597 4180; x_wconf 88' lang='grc' dir='ltr'><strong>Β</strong></span> <span class='ocrx_word' id='word_1_583' title='bbox 1623 4128 1702 4180; x_wconf 81' lang='lat'><strong>2&#39;.</strong></span> 
     </span>
    </p>
   </div>
   <div class='ocr_carea' id='block_1_81' title="bbox 108 4199 1354 4326">
    <p class='ocr_par' dir='ltr' id='par_1_81' title="bbox 108 4199 1354 4326">
     <span class='ocr_line' id='line_1_81' title="bbox 108 4199 1354 4271; baseline 0 -17"><span class='ocrx_word' id='word_1_584' title='bbox 108 4202 244 4270; x_wconf 85' lang='lat' dir='ltr'><strong>ejus.</strong></span> <span class='ocrx_word' id='word_1_585' title='bbox 300 4208 358 4254; x_wconf 93' lang='lat' dir='ltr'><strong>et</strong></span> <span class='ocrx_word' id='word_1_586' title='bbox 390 4200 623 4271; x_wconf 82' lang='lat' dir='ltr'><strong>privatio</strong></span> <span class='ocrx_word' id='word_1_587' title='bbox 669 4201 816 4271; x_wconf 84' lang='lat' dir='ltr'><strong>regni</strong></span> <span class='ocrx_word' id='word_1_588' title='bbox 847 4202 1022 4257; x_wconf 89' lang='lat' dir='ltr'><strong>electo</strong></span> <span class='ocrx_word' id='word_1_589' title='bbox 1074 4199 1354 4255; x_wconf 86' lang='lat' dir='ltr'><strong>Lothario.</strong></span> 
     </span>
     <span class='ocr_line' id='line_1_82' title="bbox 111 4268 1342 4326; baseline -0.002 -2"><span class='ocrx_word' id='word_1_590' title='bbox 111 4271 159 4302; x_wconf 82' lang='grc'><strong>⁸³</strong></span> <span class='ocrx_word' id='word_1_591' title='bbox 195 4274 338 4325; x_wconf 79' lang='lat' dir='ltr'><strong>deest</strong></span> <span class='ocrx_word' id='word_1_592' title='bbox 368 4269 428 4324; x_wconf 87' lang='grc' dir='ltr'><strong>Β.</strong></span> <span class='ocrx_word' id='word_1_593' title='bbox 506 4271 554 4302; x_wconf 68' lang='grc'>³⁸</span> <span class='ocrx_word' id='word_1_594' title='bbox 592 4273 797 4325; x_wconf 88' lang='lat' dir='ltr'><strong>tneiens</strong></span> <span class='ocrx_word' id='word_1_595' title='bbox 830 4270 871 4324; x_wconf 87' lang='grc' dir='ltr'><strong>Β</strong></span> <span class='ocrx_word' id='word_1_596' title='bbox 900 4274 948 4326; x_wconf 93' lang='grc'><strong>1.</strong></span> <span class='ocrx_word' id='word_1_597' title='bbox 977 4281 1030 4325; x_wconf 82' lang='grc' dir='ltr'><strong>ιιι</strong></span> <span class='ocrx_word' id='word_1_598' title='bbox 1063 4287 1168 4324; x_wconf 83' lang='lat' dir='ltr'><strong>non</strong></span> <span class='ocrx_word' id='word_1_599' title='bbox 1201 4268 1239 4322; x_wconf 88' lang='grc' dir='ltr'><strong><em>Β</em></strong></span> <span class='ocrx_word' id='word_1_600' title='bbox 1263 4269 1342 4323; x_wconf 81' lang='lat'><strong>2‘.</strong></span> 
     </span>
    </p>
   </div>
   <div class='ocr_carea' id='block_1_82' title="bbox 234 4285 1342 4325">
    <p class='ocr_par' dir='ltr' id='par_1_82' title="bbox 234 4285 1342 4325">
     <span class='ocr_line' id='line_1_83' title="bbox 234 4285 1342 4325; baseline -0.002 -1"><span class='ocrx_word' id='word_1_601' title='bbox 234 4285 338 4325; x_wconf 71' lang='grc' dir='ltr'><strong>τευ</strong></span> <span class='ocrx_word' id='word_1_602' title='bbox 368 4285 428 4324; x_wconf 73' lang='grc' dir='ltr'><strong>ὕ.</strong></span> <span class='ocrx_word' id='word_1_603' title='bbox 506 4285 554 4302; x_wconf 75' lang='grc'><strong><em>⁸⁸⁸</em></strong></span> <span class='ocrx_word' id='word_1_604' title='bbox 592 4285 797 4325; x_wconf 73' lang='grc' dir='ltr'><strong>ιοοιεηε</strong></span> <span class='ocrx_word' id='word_1_605' title='bbox 830 4285 871 4324; x_wconf 76' lang='grc' dir='ltr'><strong>ὕ</strong></span> <span class='ocrx_word' id='word_1_606' title='bbox 900 4285 948 4325; x_wconf 80' lang='grc'><strong>1.</strong></span> <span class='ocrx_word' id='word_1_607' title='bbox 977 4285 1030 4325; x_wconf 84' lang='lat' dir='ltr'><strong>al</strong></span> <span class='ocrx_word' id='word_1_608' title='bbox 1063 4287 1168 4324; x_wconf 83' lang='lat' dir='ltr'><strong>non</strong></span> <span class='ocrx_word' id='word_1_609' title='bbox 1201 4285 1239 4322; x_wconf 73' lang='grc' dir='ltr'><strong>Β</strong></span> <span class='ocrx_word' id='word_1_610' title='bbox 1263 4285 1342 4323; x_wconf 50' lang='grc' dir='ltr'><strong>Ζ]</strong></span> 
     </span>
    </p>
   </div>
   <div class='ocr_carea' id='block_1_83' title="bbox 1482 4195 2298 4259">
    <p class='ocr_par' dir='ltr' id='par_1_83' title="bbox 1482 4195 2298 4259">
     <span class='ocr_line' id='line_1_84' title="bbox 1482 4195 2298 4259; baseline 0.012 -9"><span class='ocrx_word' id='word_1_611' title='bbox 1482 4197 1525 4229; x_wconf 78' lang='grc'><strong>³⁸</strong></span> <span class='ocrx_word' id='word_1_612' title='bbox 1566 4198 1709 4252; x_wconf 81' lang='lat' dir='ltr'><strong>deest</strong></span> <span class='ocrx_word' id='word_1_613' title='bbox 1748 4195 1791 4250; x_wconf 89' lang='lat' dir='ltr'><strong>B</strong></span> <span class='ocrx_word' id='word_1_614' title='bbox 1822 4198 1875 4253; x_wconf 89' lang='grc'><strong>1.</strong></span> <span class='ocrx_word' id='word_1_615' title='bbox 1904 4202 1998 4256; x_wconf 76' lang='lat' dir='ltr'><strong>sed</strong></span> <span class='ocrx_word' id='word_1_616' title='bbox 2017 4195 2128 4257; x_wconf 82' lang='grc' dir='ltr'><strong>ἠοη</strong></span> <span class='ocrx_word' id='word_1_617' title='bbox 2156 4204 2196 4258; x_wconf 85' lang='grc' dir='ltr'><strong>Β</strong></span> <span class='ocrx_word' id='word_1_618' title='bbox 2218 4206 2298 4259; x_wconf 81' lang='lat'><strong>2&#39;.</strong></span> 
     </span>
    </p>
   </div>
   <div class='ocr_carea' id='block_1_84' title="bbox 943 3983 3416 4113">
    <p class='ocr_par' dir='ltr' id='par_1_84' title="bbox 943 3983 3416 4113">
     <span class='ocr_line' id='line_1_85' title="bbox 943 3983 3416 4062; baseline 0.006 -20"><span class='ocrx_word' id='word_1_619' title='bbox 943 3988 991 4021; x_wconf 82' lang='lat'>&quot;</span> <span class='ocrx_word' id='word_1_620' title='bbox 1027 3991 1182 4056; x_wconf 89' lang='lat' dir='ltr'><strong>cujus</strong></span> <span class='ocrx_word' id='word_1_621' title='bbox 1228 3983 1291 4039; x_wconf 91' lang='lat' dir='ltr'><strong>B.</strong></span> <span class='ocrx_word' id='word_1_622' title='bbox 1342 3983 1448 4038; x_wconf 77' lang='lat' dir='ltr'><strong>llic</strong></span> <span class='ocrx_word' id='word_1_623' title='bbox 1497 3984 1787 4038; x_wconf 83' lang='lat' dir='ltr'><strong>secundum</strong></span> <span class='ocrx_word' id='word_1_624' title='bbox 1830 3998 1986 4057; x_wconf 83' lang='lat' dir='ltr'><strong>caput</strong></span> <span class='ocrx_word' id='word_1_625' title='bbox 2028 3990 2189 4062; x_wconf 78' lang='lat' dir='ltr'><strong>moip.</strong></span> <span class='ocrx_word' id='word_1_626' title='bbox 2234 3989 2380 4046; x_wconf 81' lang='lat' dir='ltr'><strong>Mur.</strong></span> <span class='ocrx_word' id='word_1_627' title='bbox 2410 4009 2476 4048; x_wconf 79' lang='lat' dir='ltr'><strong>ea:</strong></span> <span class='ocrx_word' id='word_1_628' title='bbox 2511 3994 2568 4048; x_wconf 89' lang='lat'><strong>2.</strong></span> <span class='ocrx_word' id='word_1_629' title='bbox 2604 3993 2694 4049; x_wconf 79' lang='lat' dir='ltr'><strong>ubi</strong></span> <span class='ocrx_word' id='word_1_630' title='bbox 2726 3995 2912 4053; x_wconf 77' lang='lat' dir='ltr'><strong>titulus</strong></span> <span class='ocrx_word' id='word_1_631' title='bbox 2937 4010 2958 4051; x_wconf 85' lang='lat'><strong><em>:</em></strong></span> <span class='ocrx_word' id='word_1_632' title='bbox 2984 3996 3085 4054; x_wconf 78' lang='lat' dir='ltr'><strong>Hie</strong></span> <span class='ocrx_word' id='word_1_633' title='bbox 3112 4001 3416 4056; x_wconf 80' lang='lat' dir='ltr'><strong>tonsuravit</strong></span> 
     </span>
     <span class='ocr_line' id='line_1_86' title="bbox 965 4055 3407 4113; baseline 0 0"><span class='ocrx_word' id='word_1_634' title='bbox 965 4058 1456 4113; x_wconf 85' lang='lat' dir='ltr'><strong>arelneoiseonnm.</strong></span> <span class='ocrx_word' id='word_1_635' title='bbox 1543 4055 1588 4087; x_wconf 78' lang='lat'><strong>&#39;°</strong></span> <span class='ocrx_word' id='word_1_636' title='bbox 1625 4056 1899 4112; x_wconf 84' lang='lat' dir='ltr'><strong>Adderum</strong></span> <span class='ocrx_word' id='word_1_637' title='bbox 1936 4060 1986 4113; x_wconf 92' lang='grc'><strong>1.</strong></span> <span class='ocrx_word' id='word_1_638' title='bbox 2016 4060 2093 4113; x_wconf 78' lang='lat'><strong>5&#39;.</strong></span> <span class='ocrx_word' id='word_1_639' title='bbox 2170 4062 2215 4094; x_wconf 77' lang='grc'><strong>’⁷</strong></span> <span class='ocrx_word' id='word_1_640' title='bbox 2255 4064 2510 4113; x_wconf 73' lang='lat' dir='ltr'><strong>antistem</strong></span> <span class='ocrx_word' id='word_1_641' title='bbox 2536 4064 2621 4113; x_wconf 70' lang='lat' dir='ltr'><strong>vel</strong></span> <span class='ocrx_word' id='word_1_642' title='bbox 2646 4068 2943 4113; x_wconf 64' lang='lat' dir='ltr'><strong>antistitem</strong></span> <span class='ocrx_word' id='word_1_643' title='bbox 2970 4068 3013 4113; x_wconf 72' lang='grc' dir='ltr'><strong>Β</strong></span> <span class='ocrx_word' id='word_1_644' title='bbox 3041 4071 3094 4113; x_wconf 75' lang='grc'><strong>4-</strong></span> <span class='ocrx_word' id='word_1_645' title='bbox 3123 4070 3201 4113; x_wconf 68' lang='lat'><strong>9&#39;-</strong></span> <span class='ocrx_word' id='word_1_646' title='bbox 3276 4070 3322 4104; x_wconf 69' lang='grc' dir='ltr'><strong>ιο</strong></span> <span class='ocrx_word' id='word_1_647' title='bbox 3360 4088 3407 4113; x_wconf 35' lang='grc' dir='ltr'><strong>ειν</strong></span> 
     </span>
    </p>
   </div>
   <div class='ocr_carea' id='block_1_85' title="bbox 2170 4062 3413 4129">
    <p class='ocr_par' dir='ltr' id='par_1_85' title="bbox 2170 4062 3413 4129">
     <span class='ocr_line' id='line_1_87' title="bbox 2170 4062 3413 4129; baseline 0.009 -13"><span class='ocrx_word' id='word_1_648' title='bbox 2170 4062 2215 4094; x_wconf 79' lang='grc'><strong>’⁷</strong></span> <span class='ocrx_word' id='word_1_649' title='bbox 2255 4064 2510 4118; x_wconf 87' lang='lat' dir='ltr'><strong>antistem</strong></span> <span class='ocrx_word' id='word_1_650' title='bbox 2536 4064 2622 4121; x_wconf 83' lang='lat' dir='ltr'><strong>vel</strong></span> <span class='ocrx_word' id='word_1_651' title='bbox 2646 4068 2944 4124; x_wconf 86' lang='lat' dir='ltr'><strong>antistitem</strong></span> <span class='ocrx_word' id='word_1_652' title='bbox 2970 4068 3013 4123; x_wconf 89' lang='grc' dir='ltr'><strong>Β</strong></span> <span class='ocrx_word' id='word_1_653' title='bbox 3041 4071 3095 4124; x_wconf 89' lang='grc'><strong>1.</strong></span> <span class='ocrx_word' id='word_1_654' title='bbox 3123 4070 3202 4124; x_wconf 74' lang='lat'><strong>2‘.</strong></span> <span class='ocrx_word' id='word_1_655' title='bbox 3276 4070 3322 4104; x_wconf 79' lang='grc'>⁸⁸</span> <span class='ocrx_word' id='word_1_656' title='bbox 3359 4088 3413 4129; x_wconf 84' lang='lat' dir='ltr'><strong>a.</strong></span> 
     </span>
    </p>
   </div>
   <div class='ocr_carea' id='block_1_86' title="bbox 1856 4128 3419 4201">
    <p class='ocr_par' dir='ltr' id='par_1_86' title="bbox 1856 4128 3419 4201">
     <span class='ocr_line' id='line_1_88' title="bbox 1856 4128 3419 4201; baseline 0.007 -19"><span class='ocrx_word' id='word_1_657' title='bbox 1856 4128 1902 4160; x_wconf 74' lang='lat'><strong>‘°</strong></span> <span class='ocrx_word' id='word_1_658' title='bbox 1939 4128 2111 4201; x_wconf 83' lang='lat' dir='ltr'><strong>Caput</strong></span> <span class='ocrx_word' id='word_1_659' title='bbox 2139 4133 2350 4188; x_wconf 81' lang='lat' dir='ltr'><strong>tertium</strong></span> <span class='ocrx_word' id='word_1_660' title='bbox 2378 4133 2522 4189; x_wconf 84' lang='lat' dir='ltr'><strong>Mur.</strong></span> <span class='ocrx_word' id='word_1_661' title='bbox 2551 4146 2599 4191; x_wconf 87' lang='lat' dir='ltr'><strong>et</strong></span> <span class='ocrx_word' id='word_1_662' title='bbox 2626 4135 2681 4190; x_wconf 90' lang='lat'><strong>2.</strong></span> <span class='ocrx_word' id='word_1_663' title='bbox 2712 4153 2832 4192; x_wconf 87' lang='lat' dir='ltr'><strong>cum</strong></span> <span class='ocrx_word' id='word_1_664' title='bbox 2863 4140 3016 4194; x_wconf 86' lang='lat' dir='ltr'><strong>titulo</strong></span> <span class='ocrx_word' id='word_1_665' title='bbox 3046 4157 3065 4196; x_wconf 89' lang='lat'><strong><em>:</em></strong></span> <span class='ocrx_word' id='word_1_666' title='bbox 3099 4128 3419 4196; x_wconf 75' lang='lat' dir='ltr'><strong>Satisfactin</strong></span> 
     </span>
    </p>
   </div>
   <div class='ocr_carea' id='block_1_87' title="bbox 2425 4205 3419 4267">
    <p class='ocr_par' dir='ltr' id='par_1_87' title="bbox 2425 4205 3419 4267">
     <span class='ocr_line' id='line_1_89' title="bbox 2425 4205 3419 4267; baseline 0.004 -5"><span class='ocrx_word' id='word_1_667' title='bbox 2425 4205 2471 4238; x_wconf 82' lang='grc'><strong>³³</strong></span> <span class='ocrx_word' id='word_1_668' title='bbox 2508 4207 2756 4263; x_wconf 88' lang='lat' dir='ltr'><strong>collocati</strong></span> <span class='ocrx_word' id='word_1_669' title='bbox 2784 4208 2826 4262; x_wconf 90' lang='grc' dir='ltr'><strong>Β</strong></span> <span class='ocrx_word' id='word_1_670' title='bbox 2877 4210 2929 4264; x_wconf 90' lang='grc'><strong>1.</strong></span> <span class='ocrx_word' id='word_1_671' title='bbox 2961 4211 3240 4267; x_wconf 71' lang='lat' dir='ltr'><strong>collocatae</strong></span> <span class='ocrx_word' id='word_1_672' title='bbox 3269 4211 3307 4265; x_wconf 83' lang='grc' dir='ltr'><strong>Β</strong></span> <span class='ocrx_word' id='word_1_673' title='bbox 3334 4217 3419 4266; x_wconf 79' lang='lat'><strong>‘2&#39;.</strong></span> 
     </span>
    </p>
   </div>
   <div class='ocr_carea' id='block_1_88' title="bbox 1499 4267 3418 4342">
    <p class='ocr_par' dir='ltr' id='par_1_88' title="bbox 1499 4267 3418 4342">
     <span class='ocr_line' id='line_1_90' title="bbox 1499 4267 3418 4342; baseline 0.01 -24"><span class='ocrx_word' id='word_1_674' title='bbox 1499 4267 1547 4300; x_wconf 84' lang='grc'><strong><em>³⁸</em></strong></span> <span class='ocrx_word' id='word_1_675' title='bbox 1585 4277 2023 4342; x_wconf 31' lang='lat' dir='ltr'><strong>caputAgttartum</strong></span> <span class='ocrx_word' id='word_1_676' title='bbox 2055 4272 2202 4331; x_wconf 74' lang='lat' dir='ltr'><strong>Mur.</strong></span> <span class='ocrx_word' id='word_1_677' title='bbox 2230 4276 2290 4342; x_wconf 88' lang='lat'><strong>2,</strong></span> <span class='ocrx_word' id='word_1_678' title='bbox 2321 4277 2477 4331; x_wconf 85' lang='lat' dir='ltr'><strong>titulo</strong></span> <span class='ocrx_word' id='word_1_679' title='bbox 2509 4294 2530 4333; x_wconf 89' lang='lat'><strong><em>:</em></strong></span> <span class='ocrx_word' id='word_1_680' title='bbox 2562 4278 2851 4335; x_wconf 91' lang='lat' dir='ltr'><strong>Contentio</strong></span> <span class='ocrx_word' id='word_1_681' title='bbox 2882 4281 3130 4339; x_wconf 83' lang='lat' dir='ltr'><strong>Manasse</strong></span> <span class='ocrx_word' id='word_1_682' title='bbox 3158 4293 3214 4338; x_wconf 87' lang='lat' dir='ltr'><strong>et</strong></span> <span class='ocrx_word' id='word_1_683' title='bbox 3247 4284 3418 4339; x_wconf 86' lang='lat' dir='ltr'><strong>Adel—</strong></span> 
     </span>
    </p>
   </div>
   <div class='ocr_carea' id='block_1_89' title="bbox 111 4338 3429 4443">
    <p class='ocr_par' dir='ltr' id='par_1_89' title="bbox 111 4338 3429 4443">
     <span class='ocr_line' id='line_1_91' title="bbox 111 4338 3429 4443; baseline 0 0"><span class='ocrx_word' id='word_1_684' title='bbox 111 4343 416 4443; x_wconf 63' lang='grc' dir='ltr'><strong>’.ἷῖῗῖἓξξίλιῗθ</strong></span> <span class='ocrx_word' id='word_1_685' title='bbox 442 4341 1078 4443; x_wconf 51' lang='grc' dir='ltr'><strong>ν’ἓὲἫὲξῗὲιέἫιὶῖηἷῑ</strong></span> <span class='ocrx_word' id='word_1_686' title='bbox 1153 4339 1576 4443; x_wconf 49' lang='grc' dir='ltr'><strong>’ξολξῖἓξξᾟθὲπ</strong></span> <span class='ocrx_word' id='word_1_687' title='bbox 1602 4338 1668 4442; x_wconf 64' lang='grc' dir='ltr'><strong>ἕξ·</strong></span> <span class='ocrx_word' id='word_1_688' title='bbox 1690 4338 1883 4443; x_wconf 49' lang='grc' dir='ltr'><strong>...ἷξε</strong></span> <span class='ocrx_word' id='word_1_689' title='bbox 1910 4342 2067 4443; x_wconf 53' lang='grc' dir='ltr'><strong>ἐξὲξ</strong></span> <span class='ocrx_word' id='word_1_690' title='bbox 2098 4361 2153 4426; x_wconf 87' lang='grc' dir='ltr'><strong>Ρ·</strong></span> <span class='ocrx_word' id='word_1_691' title='bbox 2186 4338 2347 4443; x_wconf 54' lang='grc' dir='ltr'><strong>Μίὺὶ</strong></span> <span class='ocrx_word' id='word_1_692' title='bbox 2381 4350 2620 4443; x_wconf 58' lang='grc' dir='ltr'><strong>’ζῖσνθθέιθ</strong></span> <span class='ocrx_word' id='word_1_693' title='bbox 2652 4349 2704 4403; x_wconf 86' lang='grc'><strong>¹·</strong></span> <span class='ocrx_word' id='word_1_694' title='bbox 2728 4351 3014 4443; x_wconf 67' lang='lat' dir='ltr'><strong>.‘”&#39;.’P’f&quot;‘”</strong></span> <span class='ocrx_word' id='word_1_695' title='bbox 3043 4371 3205 4443; x_wconf 68' lang='grc' dir='ltr'><strong>’ὶὲαηκ</strong></span> <span class='ocrx_word' id='word_1_696' title='bbox 3242 4364 3298 4407; x_wconf 69' lang='grc' dir='ltr'><strong>π’</strong></span> <span class='ocrx_word' id='word_1_697' title='bbox 3334 4356 3429 4443; x_wconf 71' lang='lat' dir='ltr'><strong>3&quot;&#39;l</strong></span> 
     </span>
    </p>
   </div>
   <div class='ocr_carea' id='block_1_90' title="bbox 110 4409 3428 4505">
    <p class='ocr_par' dir='ltr' id='par_1_90' title="bbox 110 4409 3428 4505">
     <span class='ocr_line' id='line_1_92' title="bbox 110 4409 3428 4505; baseline 0.003 -40"><span class='ocrx_word' id='word_1_698' title='bbox 110 4411 423 4505; x_wconf 46' lang='lat' dir='ltr'><strong>detur-alia:</strong></span> <span class='ocrx_word' id='word_1_699' title='bbox 443 4409 569 4505; x_wconf 42' lang='lat' dir='ltr'><strong>&#39;“r&#39;i</strong></span> <span class='ocrx_word' id='word_1_700' title='bbox 587 4409 1019 4505; x_wconf 34' lang='lat' dir='ltr'><strong>Mediolano.“15a.l</strong></span> <span class='ocrx_word' id='word_1_701' title='bbox 1120 4489 1135 4505; x_wconf 45' lang='grc'><strong>⁸</strong></span> <span class='ocrx_word' id='word_1_702' title='bbox 1179 4410 1225 4442; x_wconf 77' lang='grc'><strong><em>³⁸</em></strong></span> <span class='ocrx_word' id='word_1_703' title='bbox 1265 4411 1437 4464; x_wconf 89' lang='lat' dir='ltr'><strong>invite</strong></span> <span class='ocrx_word' id='word_1_704' title='bbox 1468 4410 1529 4463; x_wconf 88' lang='grc' dir='ltr'><strong>Β.</strong></span> <span class='ocrx_word' id='word_1_705' title='bbox 1602 4409 1656 4505; x_wconf 47' lang='lat'><strong>’1“</strong></span> <span class='ocrx_word' id='word_1_706' title='bbox 1690 4425 1879 4505; x_wconf 49' lang='lat' dir='ltr'><strong>norunt</strong></span> <span class='ocrx_word' id='word_1_707' title='bbox 1907 4424 2065 4483; x_wconf 84' lang='lat' dir='ltr'><strong>caput</strong></span> <span class='ocrx_word' id='word_1_708' title='bbox 2093 4409 2347 4505; x_wconf 52' lang='lat' dir='ltr'><strong>incipiunt</strong></span> <span class='ocrx_word' id='word_1_709' title='bbox 2381 4409 2622 4505; x_wconf 59' lang='lat' dir='ltr'><strong>Mur&#39;._2,</strong></span> <span class='ocrx_word' id='word_1_710' title='bbox 2653 4421 2741 4505; x_wconf 50' lang='lat' dir='ltr'><strong>alii</strong></span> <span class='ocrx_word' id='word_1_711' title='bbox 2783 4409 2967 4505; x_wconf 54' lang='lat' dir='ltr'><strong>titulus</strong></span> <span class='ocrx_word' id='word_1_712' title='bbox 3001 4409 3021 4479; x_wconf 66' lang='grc' dir='ltr'>ξ</span> <span class='ocrx_word' id='word_1_713' title='bbox 3051 4409 3428 4505; x_wconf 61' lang='grc' dir='ltr'><strong>Βριυθηεθῑίιιιξ</strong></span> 
     </span>
    </p>
   </div>
   <div class='ocr_carea' id='block_1_91' title="bbox 112 4480 2159 4554">
    <p class='ocr_par' dir='ltr' id='par_1_91' title="bbox 112 4480 2159 4554">
     <span class='ocr_line' id='line_1_93' title="bbox 112 4480 2159 4554; baseline 0.003 -20"><span class='ocrx_word' id='word_1_714' title='bbox 112 4491 321 4554; x_wconf 82' lang='lat' dir='ltr'><strong>regnat,</strong></span> <span class='ocrx_word' id='word_1_715' title='bbox 358 4480 759 4554; x_wconf 67' lang='lat' dir='ltr'><strong>etWaIpertus</strong></span> <span class='ocrx_word' id='word_1_716' title='bbox 789 4481 927 4554; x_wconf 82' lang='lat' dir='ltr'><strong>fugit</strong></span> <span class='ocrx_word' id='word_1_717' title='bbox 953 4483 1019 4537; x_wconf 91' lang='lat' dir='ltr'><strong>ad</strong></span> <span class='ocrx_word' id='word_1_718' title='bbox 1048 4481 1303 4554; x_wconf 79' lang='lat' dir='ltr'><strong>Ottonem</strong></span> <span class='ocrx_word' id='word_1_719' title='bbox 1332 4494 1540 4554; x_wconf 80' lang='lat' dir='ltr'><strong>regem.</strong></span> <span class='ocrx_word' id='word_1_720' title='bbox 1613 4481 1657 4511; x_wconf 74' lang='lat'><strong>“</strong></span> <span class='ocrx_word' id='word_1_721' title='bbox 1701 4480 2068 4541; x_wconf 85' lang='lat' dir='ltr'><strong>tetonieorum</strong></span> <span class='ocrx_word' id='word_1_722' title='bbox 2107 4485 2159 4541; x_wconf 90' lang='grc'><strong>1.</strong></span> 
     </span>
    </p>
   </div>
   <div class='ocr_carea' id='block_1_92' title="bbox 113 4550 1453 4624">
    <p class='ocr_par' dir='ltr' id='par_1_92' title="bbox 113 4550 1453 4624">
     <span class='ocr_line' id='line_1_94' title="bbox 113 4550 1453 4624; baseline -0.002 -18"><span class='ocrx_word' id='word_1_723' title='bbox 113 4550 533 4624; x_wconf 74' lang='lat' dir='ltr'><strong>ineXpugnablle</strong></span> <span class='ocrx_word' id='word_1_724' title='bbox 565 4550 641 4608; x_wconf 73' lang='lat' dir='ltr'><strong>in.</strong></span> <span class='ocrx_word' id='word_1_725' title='bbox 666 4551 732 4608; x_wconf 89' lang='grc' dir='ltr'><strong>Β.</strong></span> <span class='ocrx_word' id='word_1_726' title='bbox 763 4550 1065 4608; x_wconf 69' lang='grc' dir='ltr'><strong>ιιὺῖάεειιηι</strong></span> <span class='ocrx_word' id='word_1_727' title='bbox 1096 4567 1151 4623; x_wconf 89' lang='lat' dir='ltr'><strong>q.</strong></span> <span class='ocrx_word' id='word_1_728' title='bbox 1182 4552 1238 4608; x_wconf 88' lang='lat' dir='ltr'><strong>d.</strong></span> <span class='ocrx_word' id='word_1_729' title='bbox 1267 4551 1303 4607; x_wconf 87' lang='lat' dir='ltr'><strong>i.</strong></span> <span class='ocrx_word' id='word_1_730' title='bbox 1333 4564 1383 4605; x_wconf 90' lang='lat' dir='ltr'><strong>s.</strong></span> <span class='ocrx_word' id='word_1_731' title='bbox 1411 4550 1453 4606; x_wconf 89' lang='lat' dir='ltr'><strong>I.</strong></span> 
     </span>
    </p>
   </div>
   <div class='ocr_carea' id='block_1_93' title="bbox 2271 4489 3422 4568">
    <p class='ocr_par' dir='ltr' id='par_1_93' title="bbox 2271 4489 3422 4568">
     <span class='ocr_line' id='line_1_95' title="bbox 2271 4489 3422 4568; baseline 0.008 -26"><span class='ocrx_word' id='word_1_732' title='bbox 2271 4490 2317 4521; x_wconf 70' lang='grc' dir='ltr'><strong>δ’</strong></span> <span class='ocrx_word' id='word_1_733' title='bbox 2358 4504 2410 4543; x_wconf 89' lang='lat' dir='ltr'><strong>a.</strong></span> <span class='ocrx_word' id='word_1_734' title='bbox 2441 4505 2490 4545; x_wconf 92' lang='lat' dir='ltr'><strong>e.</strong></span> <span class='ocrx_word' id='word_1_735' title='bbox 2520 4490 2575 4545; x_wconf 80' lang='grc'><strong>5.</strong></span> <span class='ocrx_word' id='word_1_736' title='bbox 2651 4489 2699 4523; x_wconf 76' lang='grc'><strong><em>⁵⁸</em></strong></span> <span class='ocrx_word' id='word_1_737' title='bbox 2739 4493 2833 4549; x_wconf 88' lang='lat' dir='ltr'><strong>sed</strong></span> <span class='ocrx_word' id='word_1_738' title='bbox 2867 4494 3148 4567; x_wconf 82' lang='lat' dir='ltr'><strong>ingressus</strong></span> <span class='ocrx_word' id='word_1_739' title='bbox 3180 4489 3422 4568; x_wconf 68' lang='lat' dir='ltr'><strong>quodam</strong></span> 
     </span>
    </p>
   </div>
   <div class='ocr_carea' id='block_1_94' title="bbox 1650 4639 1886 4702">
    <p class='ocr_par' dir='ltr' id='par_1_94' title="bbox 1650 4639 1886 4702">
     <span class='ocr_line' id='line_1_96' title="bbox 1650 4639 1886 4702; baseline 0.025 -6"><span class='ocrx_word' id='word_1_740' title='bbox 1650 4639 1886 4702; x_wconf 67' lang='lat' dir='ltr'><strong>NOTAE.</strong></span> 
     </span>
    </p>
   </div>
   <div class='ocr_carea' id='block_1_95' title="bbox 183 4747 2567 4822">
    <p class='ocr_par' dir='ltr' id='par_1_95' title="bbox 183 4747 2567 4822">
     <span class='ocr_line' id='line_1_97' title="bbox 183 4747 2567 4822; baseline 0.003 -16"><span class='ocrx_word' id='word_1_741' title='bbox 183 4750 300 4822; x_wconf 88' lang='lat'><strong>(40)</strong></span> <span class='ocrx_word' id='word_1_742' title='bbox 341 4748 630 4822; x_wconf 85' lang='lat' dir='ltr'><strong>Schedulae</strong></span> <span class='ocrx_word' id='word_1_743' title='bbox 655 4749 852 4822; x_wconf 74' lang='lat' dir='ltr'><strong>istacin</strong></span> <span class='ocrx_word' id='word_1_744' title='bbox 877 4763 1117 4822; x_wconf 68' lang='lat' dir='ltr'><strong>praesens</strong></span> <span class='ocrx_word' id='word_1_745' title='bbox 1142 4747 1544 4806; x_wconf 87' lang='lat' dir='ltr'><strong>desiderantur.</strong></span> <span class='ocrx_word' id='word_1_746' title='bbox 1572 4750 1710 4807; x_wconf 69' lang='grc' dir='ltr'><strong>Ριι..</strong></span> <span class='ocrx_word' id='word_1_747' title='bbox 1739 4756 1792 4818; x_wconf 87' lang='lat' dir='ltr'><strong><em>D</em></strong></span> <span class='ocrx_word' id='word_1_748' title='bbox 1818 4755 1983 4813; x_wconf 77' lang='lat' dir='ltr'><strong>Mem.</strong></span> <span class='ocrx_word' id='word_1_749' title='bbox 2013 4757 2067 4814; x_wconf 89' lang='lat' dir='ltr'><strong>di</strong></span> <span class='ocrx_word' id='word_1_750' title='bbox 2099 4756 2298 4813; x_wconf 82' lang='lat' dir='ltr'><strong>Milano</strong></span> <span class='ocrx_word' id='word_1_751' title='bbox 2323 4757 2413 4822; x_wconf 88' lang='lat' dir='ltr'><strong>III,</strong></span> <span class='ocrx_word' id='word_1_752' title='bbox 2439 4756 2567 4812; x_wconf 80' lang='lat'><strong>423.</strong></span> 
     </span>
    </p>
   </div>
   <div class='ocr_carea' id='block_1_96' title="bbox 115 4819 1007 4890">
    <p class='ocr_par' dir='ltr' id='par_1_96' title="bbox 115 4819 1007 4890">
     <span class='ocr_line' id='line_1_98' title="bbox 115 4819 1007 4890; baseline -0.006 -12"><span class='ocrx_word' id='word_1_753' title='bbox 115 4819 243 4878; x_wconf 87' lang='lat' dir='ltr'><strong>Sed.</strong></span> <span class='ocrx_word' id='word_1_754' title='bbox 273 4819 344 4876; x_wconf 83' lang='lat' dir='ltr'><strong>cf.</strong></span> <span class='ocrx_word' id='word_1_755' title='bbox 372 4821 600 4877; x_wconf 81' lang='lat' dir='ltr'><strong>Joannis</strong></span> <span class='ocrx_word' id='word_1_756' title='bbox 628 4821 736 4875; x_wconf 74' lang='lat' dir='ltr'><strong>VIII</strong></span> <span class='ocrx_word' id='word_1_757' title='bbox 763 4836 849 4890; x_wconf 88' lang='lat' dir='ltr'><strong>ep.</strong></span> <span class='ocrx_word' id='word_1_758' title='bbox 880 4819 1007 4874; x_wconf 78' lang='lat' dir='ltr'><strong>22L</strong></span> 
     </span>
    </p>
   </div>
   <div class='ocr_carea' id='block_1_97' title="bbox 185 4890 1271 4967">
    <p class='ocr_par' dir='ltr' id='par_1_97' title="bbox 185 4890 1271 4967">
     <span class='ocr_line' id='line_1_99' title="bbox 185 4890 1271 4967; baseline -0.003 -19"><span class='ocrx_word' id='word_1_759' title='bbox 185 4891 301 4967; x_wconf 56' lang='grc' dir='ltr'>(ξε)</span> <span class='ocrx_word' id='word_1_760' title='bbox 339 4890 697 4967; x_wconf 62' lang='lat' dir='ltr'><strong>Tedbaldum,</strong></span> <span class='ocrx_word' id='word_1_761' title='bbox 725 4891 787 4967; x_wconf 66' lang='grc' dir='ltr'><strong>Υ.</strong></span> <span class='ocrx_word' id='word_1_762' title='bbox 816 4890 1041 4967; x_wconf 86' lang='lat' dir='ltr'><strong>Liudpr.</strong></span> <span class='ocrx_word' id='word_1_763' title='bbox 1074 4906 1149 4955; x_wconf 88' lang='lat' dir='ltr'><strong>tv,</strong></span> <span class='ocrx_word' id='word_1_764' title='bbox 1182 4890 1271 4946; x_wconf 79' lang='grc'><strong>15.</strong></span> 
     </span>
    </p>
   </div>
   <div class='ocr_carea' id='block_1_98' title="bbox 154 4960 1713 5092">
    <p class='ocr_par' dir='ltr' id='par_1_98' title="bbox 154 4960 1713 5092">
     <span class='ocr_line' id='line_1_100' title="bbox 154 4960 1713 5092; baseline 0 -73"><span class='ocrx_word' id='word_1_765' title='bbox 154 4960 455 5092; x_wconf 52' lang='grc' dir='ltr'><strong>ἁμῇιιωο</strong></span> <span class='ocrx_word' id='word_1_766' title='bbox 506 4963 602 5031; x_wconf 80' lang='lat' dir='ltr'><strong>t2;</strong></span> <span class='ocrx_word' id='word_1_767' title='bbox 650 4963 746 5020; x_wconf 91' lang='lat' dir='ltr'><strong>sed</strong></span> <span class='ocrx_word' id='word_1_768' title='bbox 792 4963 1044 5017; x_wconf 87' lang='lat' dir='ltr'><strong>eumdem</strong></span> <span class='ocrx_word' id='word_1_769' title='bbox 1096 4976 1341 5019; x_wconf 88' lang='lat' dir='ltr'><strong>errorem</strong></span> <span class='ocrx_word' id='word_1_770' title='bbox 1384 4960 1498 5033; x_wconf 88' lang='lat' dir='ltr'><strong>jam</strong></span> <span class='ocrx_word' id='word_1_771' title='bbox 1548 4979 1713 5036; x_wconf 89' lang='lat' dir='ltr'><strong>supra</strong></span> 
     </span>
     <span class='ocr_line' id='line_1_101' title="bbox 191 5050 358 5089; baseline 0 0"><span class='ocrx_word' id='word_1_772' title='bbox 191 5050 310 5089; x_wconf 76' lang='lat' dir='ltr'><strong>IIIISI</strong></span> <span class='ocrx_word' id='word_1_773' title='bbox 341 5073 358 5089; x_wconf 73' lang='grc' dir='ltr'><strong>ο</strong></span> 
     </span>
    </p>
   </div>
   <div class='ocr_carea' id='block_1_99' title="bbox 118 5045 358 5090">
    <p class='ocr_par' dir='ltr' id='par_1_99' title="bbox 118 5045 358 5090">
     <span class='ocr_line' id='line_1_102' title="bbox 118 5045 358 5090; baseline -0.004 0"><span class='ocrx_word' id='word_1_774' title='bbox 118 5045 358 5090; x_wconf 73' lang='lat' dir='ltr'><strong>admusut.</strong></span> 
     </span>
    </p>
   </div>
   <div class='ocr_carea' id='block_1_100' title="bbox 190 5101 1718 5176">
    <p class='ocr_par' dir='ltr' id='par_1_100' title="bbox 190 5101 1718 5176">
     <span class='ocr_line' id='line_1_103' title="bbox 190 5101 1718 5176; baseline 0.002 -19"><span class='ocrx_word' id='word_1_775' title='bbox 190 5105 304 5176; x_wconf 69' lang='lat'><strong>(43)</strong></span> <span class='ocrx_word' id='word_1_776' title='bbox 340 5104 493 5160; x_wconf 81' lang='lat' dir='ltr'><strong>Hane</strong></span> <span class='ocrx_word' id='word_1_777' title='bbox 522 5103 595 5176; x_wconf 82' lang='lat' dir='ltr'><strong>si</strong></span> <span class='ocrx_word' id='word_1_778' title='bbox 628 5101 1018 5176; x_wconf 72' lang='lat' dir='ltr'><strong>aceepit.__non_</strong></span> <span class='ocrx_word' id='word_1_779' title='bbox 1058 5104 1146 5160; x_wconf 90' lang='lat' dir='ltr'><strong>diu</strong></span> <span class='ocrx_word' id='word_1_780' title='bbox 1186 5103 1387 5176; x_wconf 89' lang='lat' dir='ltr'><strong>tenuit,</strong></span> <span class='ocrx_word' id='word_1_781' title='bbox 1418 5120 1543 5176; x_wconf 85' lang='lat' dir='ltr'><strong>nam</strong></span> <span class='ocrx_word' id='word_1_782' title='bbox 1587 5121 1718 5160; x_wconf 81' lang='lat' dir='ltr'><strong>mox</strong></span> 
     </span>
    </p>
   </div>
   <div class='ocr_carea' id='block_1_101' title="bbox 121 5170 1721 5248">
    <p class='ocr_par' dir='ltr' id='par_1_101' title="bbox 121 5170 1721 5248">
     <span class='ocr_line' id='line_1_104' title="bbox 121 5170 1721 5248; baseline 0 -18"><span class='ocrx_word' id='word_1_783' title='bbox 121 5170 210 5246; x_wconf 61' lang='lat' dir='ltr'><strong>ep.</strong></span> <span class='ocrx_word' id='word_1_784' title='bbox 232 5170 831 5248; x_wconf 50' lang='lat' dir='ltr'><strong>diutinensi_dataest.</strong></span> <span class='ocrx_word' id='word_1_785' title='bbox 867 5170 931 5226; x_wconf 84' lang='lat' dir='ltr'><strong>V.</strong></span> <span class='ocrx_word' id='word_1_786' title='bbox 960 5171 1182 5248; x_wconf 88' lang='lat' dir='ltr'><strong>Liudpr.</strong></span> <span class='ocrx_word' id='word_1_787' title='bbox 1240 5176 1305 5243; x_wconf 74' lang='grc' dir='ltr'><strong>γ,</strong></span> <span class='ocrx_word' id='word_1_788' title='bbox 1343 5175 1442 5243; x_wconf 83' lang='grc'><strong>17;</strong></span> <span class='ocrx_word' id='word_1_789' title='bbox 1491 5175 1721 5232; x_wconf 89' lang='lat' dir='ltr'><strong>Tirabo-</strong></span> 
     </span>
    </p>
   </div>
   <div class='ocr_carea' id='block_1_102' title="bbox 127 5244 1621 5316">
    <p class='ocr_par' dir='ltr' id='par_1_102' title="bbox 127 5244 1621 5316">
     <span class='ocr_line' id='line_1_105' title="bbox 127 5244 1621 5316; baseline 0 -14"><span class='ocrx_word' id='word_1_790' title='bbox 127 5244 243 5316; x_wconf 79' lang='lat' dir='ltr'><strong>sebi</strong></span> <span class='ocrx_word' id='word_1_791' title='bbox 272 5245 506 5301; x_wconf 82' lang='lat' dir='ltr'><strong>Nonant.</strong></span> <span class='ocrx_word' id='word_1_792' title='bbox 535 5244 576 5310; x_wconf 91' lang='lat' dir='ltr'><strong>I,</strong></span> <span class='ocrx_word' id='word_1_793' title='bbox 602 5263 652 5316; x_wconf 92' lang='lat' dir='ltr'><strong>p.</strong></span> <span class='ocrx_word' id='word_1_794' title='bbox 681 5244 775 5316; x_wconf 74' lang='lat'><strong>92.</strong></span> <span class='ocrx_word' id='word_1_795' title='bbox 819 5311 831 5316; x_wconf 92' lang='lat'><em>_</em></span> <span class='ocrx_word' id='word_1_796' title='bbox 931 5310 987 5316; x_wconf 87' lang='lat'><strong>__</strong></span> <span class='ocrx_word' id='word_1_797' title='bbox 1098 5244 1114 5248; x_wconf 67' lang='grc'>⁷</span> <span class='ocrx_word' id='word_1_798' title='bbox 1340 5314 1347 5316; x_wconf 18' lang='lat' dir='ltr'><strong>A</strong></span> <span class='ocrx_word' id='word_1_799' title='bbox 1615 5299 1621 5302; x_wconf 72' lang='grc'>,</span> 
     </span>
    </p>
   </div>
   <div class='ocr_carea' id='block_1_103' title="bbox 191 5310 1714 5380">
    <p class='ocr_par' dir='ltr' id='par_1_103' title="bbox 191 5310 1714 5380">
     <span class='ocr_line' id='line_1_106' title="bbox 191 5310 1714 5380; baseline -0.001 -10"><span class='ocrx_word' id='word_1_800' title='bbox 191 5315 303 5380; x_wconf 85' lang='lat'><strong>(44)</strong></span> <span class='ocrx_word' id='word_1_801' title='bbox 341 5317 555 5371; x_wconf 72' lang='lat' dir='ltr'><strong>V’idesis</strong></span> <span class='ocrx_word' id='word_1_802' title='bbox 592 5310 641 5372; x_wconf 77' lang='lat' dir='ltr'><strong>in</strong></span> <span class='ocrx_word' id='word_1_803' title='bbox 682 5311 892 5380; x_wconf 80' lang='lat' dir='ltr'><strong>Manip.</strong></span> <span class='ocrx_word' id='word_1_804' title='bbox 931 5310 1147 5373; x_wconf 85' lang='lat' dir='ltr'><strong>Florum</strong></span> <span class='ocrx_word' id='word_1_805' title='bbox 1176 5333 1224 5374; x_wconf 91' lang='lat' dir='ltr'><strong>c.</strong></span> <span class='ocrx_word' id='word_1_806' title='bbox 1255 5314 1381 5380; x_wconf 82' lang='lat' dir='ltr'><strong>I50,</strong></span> <span class='ocrx_word' id='word_1_807' title='bbox 1412 5331 1520 5380; x_wconf 90' lang='lat' dir='ltr'><strong>quo</strong></span> <span class='ocrx_word' id='word_1_808' title='bbox 1553 5323 1714 5380; x_wconf 81' lang='lat' dir='ltr'><strong>pacto</strong></span> 
     </span>
    </p>
   </div>
   <div class='ocr_carea' id='block_1_104' title="bbox 1889 4828 3419 4900">
    <p class='ocr_par' dir='ltr' id='par_1_104' title="bbox 1889 4828 3419 4900">
     <span class='ocr_line' id='line_1_107' title="bbox 1889 4828 3419 4900; baseline 0 -18"><span class='ocrx_word' id='word_1_809' title='bbox 1889 4828 2003 4899; x_wconf 86' lang='lat'><strong>(46)</strong></span> <span class='ocrx_word' id='word_1_810' title='bbox 2043 4829 2642 4900; x_wconf 63' lang='lat' dir='ltr'><strong>fornicesupraaltari</strong></span> <span class='ocrx_word' id='word_1_811' title='bbox 2669 4836 2874 4895; x_wconf 89' lang='lat' dir='ltr'><strong>erecto,</strong></span> <span class='ocrx_word' id='word_1_812' title='bbox 2897 4846 2951 4885; x_wconf 88' lang='lat' dir='ltr'><strong>v.</strong></span> <span class='ocrx_word' id='word_1_813' title='bbox 2975 4828 3176 4887; x_wconf 86' lang='lat' dir='ltr'><strong>Giulini</strong></span> <span class='ocrx_word' id='word_1_814' title='bbox 3197 4828 3263 4893; x_wconf 92' lang='lat' dir='ltr'><strong>ll,</strong></span> <span class='ocrx_word' id='word_1_815' title='bbox 3286 4828 3419 4883; x_wconf 78' lang='lat' dir='ltr'><strong>2m.</strong></span> 
     </span>
    </p>
   </div>
   <div class='ocr_carea' id='block_1_105' title="bbox 1884 4898 3417 4970">
    <p class='ocr_par' dir='ltr' id='par_1_105' title="bbox 1884 4898 3417 4970">
     <span class='ocr_line' id='line_1_108' title="bbox 1884 4898 3417 4970; baseline -0.001 -17"><span class='ocrx_word' id='word_1_816' title='bbox 1884 4900 2002 4970; x_wconf 87' lang='lat'><strong>(47)</strong></span> <span class='ocrx_word' id='word_1_817' title='bbox 2041 4898 2288 4953; x_wconf 82' lang='lat' dir='ltr'><strong>Rosmini</strong></span> <span class='ocrx_word' id='word_1_818' title='bbox 2328 4898 2382 4954; x_wconf 83' lang='lat' dir='ltr'><strong>in</strong></span> <span class='ocrx_word' id='word_1_819' title='bbox 2417 4898 2554 4953; x_wconf 87' lang='lat' dir='ltr'><strong>Hist.</strong></span> <span class='ocrx_word' id='word_1_820' title='bbox 2586 4900 2801 4956; x_wconf 83' lang='lat' dir='ltr'><strong>Mediol.</strong></span> <span class='ocrx_word' id='word_1_821' title='bbox 2836 4902 2884 4964; x_wconf 80' lang='lat' dir='ltr'><strong>l,</strong></span> <span class='ocrx_word' id='word_1_822' title='bbox 2912 4900 3004 4967; x_wconf 87' lang='lat'><strong>87,</strong></span> <span class='ocrx_word' id='word_1_823' title='bbox 3033 4907 3417 4970; x_wconf 80' lang='lat' dir='ltr'><strong>documentum</strong></span> 
     </span>
    </p>
   </div>
   <div class='ocr_carea' id='block_1_106' title="bbox 1815 4968 3419 5039">
    <p class='ocr_par' dir='ltr' id='par_1_106' title="bbox 1815 4968 3419 5039">
     <span class='ocr_line' id='line_1_109' title="bbox 1815 4968 3419 5039; baseline -0.001 -16"><span class='ocrx_word' id='word_1_824' title='bbox 1815 4968 1998 5025; x_wconf 80' lang='lat' dir='ltr'><strong>attulit</strong></span> <span class='ocrx_word' id='word_1_825' title='bbox 2020 4985 2128 5039; x_wconf 85' lang='lat' dir='ltr'><strong>quo</strong></span> <span class='ocrx_word' id='word_1_826' title='bbox 2152 4971 2382 5039; x_wconf 89' lang='lat' dir='ltr'><strong>probare</strong></span> <span class='ocrx_word' id='word_1_827' title='bbox 2407 4970 2507 5024; x_wconf 89' lang='lat' dir='ltr'><strong>sibi</strong></span> <span class='ocrx_word' id='word_1_828' title='bbox 2532 4972 2765 5035; x_wconf 88' lang='lat' dir='ltr'><strong>videtur,</strong></span> <span class='ocrx_word' id='word_1_829' title='bbox 2793 4970 3079 5027; x_wconf 80' lang='lat' dir='ltr'><strong>Manassen</strong></span> <span class='ocrx_word' id='word_1_830' title='bbox 3110 4986 3161 5024; x_wconf 90' lang='lat' dir='ltr'><strong>a.</strong></span> <span class='ocrx_word' id='word_1_831' title='bbox 3187 4968 3317 5039; x_wconf 10' lang='lat'><strong>959,7</strong></span> <span class='ocrx_word' id='word_1_832' title='bbox 3339 4984 3419 5021; x_wconf 88' lang='lat' dir='ltr'><strong>m.</strong></span> 
     </span>
    </p>
   </div>
   <div class='ocr_carea' id='block_1_107' title="bbox 1816 5038 3418 5113">
    <p class='ocr_par' dir='ltr' id='par_1_107' title="bbox 1816 5038 3418 5113">
     <span class='ocr_line' id='line_1_110' title="bbox 1816 5038 3418 5113; baseline -0.002 -18"><span class='ocrx_word' id='word_1_833' title='bbox 1816 5039 2032 5113; x_wconf 85' lang='lat' dir='ltr'><strong>Martio,</strong></span> <span class='ocrx_word' id='word_1_834' title='bbox 2070 5038 2818 5113; x_wconf 79' lang='lat' dir='ltr'><strong>adhuc_pro_archiepiscopo</strong></span> <span class='ocrx_word' id='word_1_835' title='bbox 2848 5058 2906 5097; x_wconf 91' lang='lat' dir='ltr'><strong>se</strong></span> <span class='ocrx_word' id='word_1_836' title='bbox 2931 5046 3184 5113; x_wconf 59' lang='lat' dir='ltr'><strong>gessisse.</strong></span> <span class='ocrx_word' id='word_1_837' title='bbox 3219 5038 3324 5094; x_wconf 90' lang='lat' dir='ltr'><strong>Sed</strong></span> <span class='ocrx_word' id='word_1_838' title='bbox 3351 5054 3418 5093; x_wconf 79' lang='lat' dir='ltr'><strong>es</strong></span> 
     </span>
    </p>
   </div>
   <div class='ocr_carea' id='block_1_108' title="bbox 1816 5110 3424 5184">
    <p class='ocr_par' dir='ltr' id='par_1_108' title="bbox 1816 5110 3424 5184">
     <span class='ocr_line' id='line_1_111' title="bbox 1816 5110 3424 5184; baseline -0.004 -16"><span class='ocrx_word' id='word_1_839' title='bbox 1816 5112 2001 5168; x_wconf 84' lang='lat' dir='ltr'><strong>verbis</strong></span> <span class='ocrx_word' id='word_1_840' title='bbox 2030 5124 2157 5178; x_wconf 77' lang='lat' dir='ltr'><strong>qna:</strong></span> <span class='ocrx_word' id='word_1_841' title='bbox 2176 5110 2325 5167; x_wconf 90' lang='lat' dir='ltr'><strong>dedit</strong></span> <span class='ocrx_word' id='word_1_842' title='bbox 2353 5110 2649 5184; x_wconf 71' lang='lat' dir='ltr'><strong>id_t_antnin</strong></span> <span class='ocrx_word' id='word_1_843' title='bbox 2676 5110 3273 5184; x_wconf 50' lang='lat' dir='ltr'><strong>apparen&#39;Erebertunt</strong></span> <span class='ocrx_word' id='word_1_844' title='bbox 3300 5124 3424 5178; x_wconf 84' lang='lat' dir='ltr'><strong>pre-</strong></span> 
     </span>
    </p>
   </div>
   <div class='ocr_carea' id='block_1_109' title="bbox 1817 5180 3427 5264">
    <p class='ocr_par' dir='ltr' id='par_1_109' title="bbox 1817 5180 3427 5264">
     <span class='ocr_line' id='line_1_112' title="bbox 1817 5180 3427 5264; baseline -0.016 -8"><span class='ocrx_word' id='word_1_845' title='bbox 1817 5185 2113 5264; x_wconf 61' lang='grc' dir='ltr'><strong>ἓυᾷἰθνυξΡ,</strong></span> <span class='ocrx_word' id='word_1_846' title='bbox 2148 5191 2367 5264; x_wconf 48' lang='grc' dir='ltr'><strong>ξιιμ-α.</strong></span> <span class='ocrx_word' id='word_1_847' title='bbox 2551 5180 2855 5264; x_wconf 58' lang='lat' dir='ltr'><strong>aliquando</strong></span> <span class='ocrx_word' id='word_1_848' title='bbox 2891 5181 3427 5264; x_wconf 52' lang='lat' dir='ltr'><strong>alariassesntissuin</strong></span> 
     </span>
    </p>
   </div>
   <div class='ocr_carea' id='block_1_110' title="bbox 1817 5248 3463 5328">
    <p class='ocr_par' dir='ltr' id='par_1_110' title="bbox 1817 5248 3463 5328">
     <span class='ocr_line' id='line_1_113' title="bbox 1817 5248 3463 5328; baseline 0.002 -22"><span class='ocrx_word' id='word_1_849' title='bbox 1817 5248 2005 5328; x_wconf 60' lang='lat' dir='ltr'><strong>fuisse.</strong></span> <span class='ocrx_word' id='word_1_850' title='bbox 2161 5248 2700 5328; x_wconf 13' lang='lat' dir='ltr'><strong>Liudp.r_._-llisl.‘0t&#39;t.</strong></span> <span class='ocrx_word' id='word_1_851' title='bbox 2728 5256 2767 5310; x_wconf 93' lang='lat' dir='ltr'><strong>I.</strong></span> <span class='ocrx_word' id='word_1_852' title='bbox 2792 5253 2993 5310; x_wconf 73' lang='grc' dir='ltr'><strong>(ἶἱυῖἱηί</strong></span> <span class='ocrx_word' id='word_1_853' title='bbox 3024 5257 3087 5320; x_wconf 94' lang='lat' dir='ltr'><strong>II,</strong></span> <span class='ocrx_word' id='word_1_854' title='bbox 3113 5251 3239 5308; x_wconf 68' lang='lat'><strong>292.</strong></span> <span class='ocrx_word' id='word_1_855' title='bbox 3322 5317 3359 5328; x_wconf 85' lang='lat'>__</span> <span class='ocrx_word' id='word_1_856' title='bbox 3446 5293 3463 5309; x_wconf 56' lang='grc' dir='ltr'>χ</span> 
     </span>
    </p>
   </div>
   <div class='ocr_carea' id='block_1_111' title="bbox 1891 5317 3430 5380">
    <p class='ocr_par' dir='ltr' id='par_1_111' title="bbox 1891 5317 3430 5380">
     <span class='ocr_line' id='line_1_114' title="bbox 1891 5317 3430 5380; baseline -0.005 -3"><span class='ocrx_word' id='word_1_857' title='bbox 1891 5320 2004 5380; x_wconf 84' lang='lat'><strong>(48)</strong></span> <span class='ocrx_word' id='word_1_858' title='bbox 2043 5320 2099 5374; x_wconf 93' lang='lat' dir='ltr'><strong>ld</strong></span> <span class='ocrx_word' id='word_1_859' title='bbox 2135 5332 2222 5378; x_wconf 89' lang='lat' dir='ltr'><strong>est</strong></span> <span class='ocrx_word' id='word_1_860' title='bbox 2247 5317 2529 5377; x_wconf 59' lang='lat' dir='ltr'><strong>auiilium.</strong></span> <span class='ocrx_word' id='word_1_861' title='bbox 2560 5326 2676 5380; x_wconf 85' lang='lat' dir='ltr'><strong>Hoc</strong></span> <span class='ocrx_word' id='word_1_862' title='bbox 2704 5335 2884 5380; x_wconf 89' lang='lat' dir='ltr'><strong>autem</strong></span> <span class='ocrx_word' id='word_1_863' title='bbox 2916 5317 3117 5380; x_wconf 76' lang='lat' dir='ltr'><strong>accidit</strong></span> <span class='ocrx_word' id='word_1_864' title='bbox 3141 5329 3265 5374; x_wconf 88' lang='lat' dir='ltr'><strong>ante</strong></span> <span class='ocrx_word' id='word_1_865' title='bbox 3289 5317 3430 5371; x_wconf 82' lang='lat' dir='ltr'><strong>alte-</strong></span> 
     </span>
    </p>
   </div>
  </div>
