  <div class='ocr_page' id='page_1' title='image "/cluster/home/n/w/nwhite01/storage/ocr_20150623/147/hvd.32044010574002/151.png"; bbox 0 0 3938 5380; ppageno 0'>
   <div class='ocr_carea' id='block_1_1' title="bbox 491 192 597 251">
    <p class='ocr_par' dir='ltr' id='par_1_1' title="bbox 491 192 597 251">
     <span class='ocr_line' id='line_1_1' title="bbox 491 192 597 251; baseline -0.009 0"><span class='ocrx_word' id='word_1_1' title='bbox 491 192 597 251; x_wconf 68' lang='grc'><strong>291</strong></span> 
     </span>
    </p>
   </div>
   <div class='ocr_carea' id='block_1_2' title="bbox 1571 182 2777 247">
    <p class='ocr_par' dir='ltr' id='par_1_2' title="bbox 1571 182 2777 247">
     <span class='ocr_line' id='line_1_2' title="bbox 1571 182 2777 247; baseline -0.004 0"><span class='ocrx_word' id='word_1_2' title='bbox 1571 188 1874 247; x_wconf 75' lang='lat' dir='ltr'><strong>ARNULFI</strong></span> <span class='ocrx_word' id='word_1_3' title='bbox 1911 182 2465 244; x_wconf 69' lang='lat' dir='ltr'><strong>MEDIOLANICNSIS</strong></span> <span class='ocrx_word' id='word_1_4' title='bbox 2504 184 2777 242; x_wconf 77' lang='lat' dir='ltr'><strong>CLERICI</strong></span> 
     </span>
    </p>
   </div>
   <div class='ocr_carea' id='block_1_3' title="bbox 3721 114 3903 237">
    <p class='ocr_par' dir='ltr' id='par_1_3' title="bbox 3721 114 3903 237">
     <span class='ocr_line' id='line_1_3' title="bbox 3721 114 3903 237; baseline 0.016 -3"><span class='ocrx_word' id='word_1_5' title='bbox 3721 174 3834 235; x_wconf 72' lang='lat'><strong>299.</strong></span> 
     </span>
    </p>
   </div>
   <div class='ocr_carea' id='block_1_4' title="bbox 469 298 3832 378">
    <p class='ocr_par' dir='ltr' id='par_1_4' title="bbox 469 298 3832 378">
     <span class='ocr_line' id='line_1_4' title="bbox 469 298 3832 378; baseline -0.003 -16"><span class='ocrx_word' id='word_1_6' title='bbox 469 308 721 372; x_wconf 77' lang='lat' dir='ltr'><strong>.ntilites.</strong></span> <span class='ocrx_word' id='word_1_7' title='bbox 747 306 907 365; x_wconf 89' lang='lat' dir='ltr'><strong>fidem</strong></span> <span class='ocrx_word' id='word_1_8' title='bbox 935 307 1171 365; x_wconf 89' lang='lat' dir='ltr'><strong>debitam</strong></span> <span class='ocrx_word' id='word_1_9' title='bbox 1200 305 1539 372; x_wconf 76' lang='lat' dir='ltr'><strong>simulantes,</strong></span> <span class='ocrx_word' id='word_1_10' title='bbox 1569 306 1840 378; x_wconf 90' lang='lat' dir='ltr'><strong>promissa</strong></span> <span class='ocrx_word' id='word_1_11' title='bbox 1879 305 2089 361; x_wconf 82' lang='lat' dir='ltr'><strong>securi-</strong></span> <span class='ocrx_word' id='word_1_12' title='bbox 2122 315 2165 373; x_wconf 79' lang='grc' dir='ltr'><strong>Α</strong></span> <span class='ocrx_word' id='word_1_13' title='bbox 2193 303 2261 367; x_wconf 79' lang='grc'><strong>⁸³,</strong></span> <span class='ocrx_word' id='word_1_14' title='bbox 2288 301 2472 357; x_wconf 63' lang='lat' dir='ltr'><strong>Romae</strong></span> <span class='ocrx_word' id='word_1_15' title='bbox 2498 302 2775 372; x_wconf 70' lang='lat' dir='ltr'><strong>praesedit,</strong></span> <span class='ocrx_word' id='word_1_16' title='bbox 2799 298 3049 371; x_wconf 80' lang='lat' dir='ltr'><strong>Apuliam</strong></span> <span class='ocrx_word' id='word_1_17' title='bbox 3080 298 3502 369; x_wconf 76' lang='lat' dir='ltr'><strong>Calabriamque</strong></span> <span class='ocrx_word' id='word_1_18' title='bbox 3532 298 3583 331; x_wconf 83' lang='grc'><strong>⁸³</strong></span> <span class='ocrx_word' id='word_1_19' title='bbox 3622 311 3832 368; x_wconf 76' lang='lat' dir='ltr'><strong>possc-</strong></span> 
     </span>
    </p>
   </div>
   <div class='ocr_carea' id='block_1_5' title="bbox 497 398 2088 458">
    <p class='ocr_par' dir='ltr' id='par_1_5' title="bbox 497 398 2088 458">
     <span class='ocr_line' id='line_1_5' title="bbox 497 398 2088 458; baseline -0.001 -4"><span class='ocrx_word' id='word_1_20' title='bbox 497 409 610 456; x_wconf 86' lang='lat' dir='ltr'><strong>tate</strong></span> <span class='ocrx_word' id='word_1_21' title='bbox 653 401 798 458; x_wconf 86' lang='lat' dir='ltr'><strong>foras</strong></span> <span class='ocrx_word' id='word_1_22' title='bbox 835 400 1090 458; x_wconf 88' lang='lat' dir='ltr'><strong>eductum</strong></span> <span class='ocrx_word' id='word_1_23' title='bbox 1137 401 1377 456; x_wconf 90' lang='lat' dir='ltr'><strong>hostium</strong></span> <span class='ocrx_word' id='word_1_24' title='bbox 1428 399 1679 455; x_wconf 89' lang='lat' dir='ltr'><strong>manibus</strong></span> <span class='ocrx_word' id='word_1_25' title='bbox 1730 398 2088 454; x_wconf 86' lang='lat' dir='ltr'><strong>tradiderunt.</strong></span> 
     </span>
    </p>
   </div>
   <div class='ocr_carea' id='block_1_6' title="bbox 495 489 2088 561">
    <p class='ocr_par' dir='ltr' id='par_1_6' title="bbox 495 489 2088 561">
     <span class='ocr_line' id='line_1_6' title="bbox 495 489 2088 561; baseline -0.003 -15"><span class='ocrx_word' id='word_1_26' title='bbox 495 491 705 548; x_wconf 83' lang='lat' dir='ltr'><strong>Revera</strong></span> <span class='ocrx_word' id='word_1_27' title='bbox 752 494 959 549; x_wconf 88' lang='lat' dir='ltr'><strong>inimici</strong></span> <span class='ocrx_word' id='word_1_28' title='bbox 1005 492 1240 548; x_wconf 85' lang='lat' dir='ltr'><strong>hominis</strong></span> <span class='ocrx_word' id='word_1_29' title='bbox 1285 491 1568 548; x_wconf 75' lang='lat' dir='ltr'><strong>domestici</strong></span> <span class='ocrx_word' id='word_1_30' title='bbox 1608 490 1727 561; x_wconf 88' lang='lat' dir='ltr'><strong>ejus</strong></span> <span class='ocrx_word' id='word_1_31' title='bbox 1762 489 1982 561; x_wconf 77' lang='lat' dir='ltr'><strong>(Matth.</strong></span> <span class='ocrx_word' id='word_1_32' title='bbox 2022 505 2088 552; x_wconf 72' lang='grc' dir='ltr'><strong>κ,</strong></span> 
     </span>
    </p>
   </div>
   <div class='ocr_carea' id='block_1_7' title="bbox 494 579 2089 653">
    <p class='ocr_par' dir='ltr' id='par_1_7' title="bbox 494 579 2089 653">
     <span class='ocr_line' id='line_1_7' title="bbox 494 579 2089 653; baseline -0.003 -18"><span class='ocrx_word' id='word_1_33' title='bbox 494 580 606 653; x_wconf 74' lang='lat'><strong>36).</strong></span> <span class='ocrx_word' id='word_1_34' title='bbox 650 581 882 639; x_wconf 85' lang='lat' dir='ltr'><strong>lutuitus</strong></span> <span class='ocrx_word' id='word_1_35' title='bbox 912 594 1092 638; x_wconf 88' lang='lat' dir='ltr'><strong>autem</strong></span> <span class='ocrx_word' id='word_1_36' title='bbox 1136 596 1259 636; x_wconf 92' lang='lat' dir='ltr'><strong>cum</strong></span> <span class='ocrx_word' id='word_1_37' title='bbox 1296 581 1531 637; x_wconf 89' lang='lat' dir='ltr'><strong>Litulfus</strong></span> <span class='ocrx_word' id='word_1_38' title='bbox 1569 581 1647 636; x_wconf 88' lang='lat' dir='ltr'><strong>ait</strong></span> <span class='ocrx_word' id='word_1_39' title='bbox 1687 598 1699 636; x_wconf 91' lang='lat'><strong>:</strong></span> <span class='ocrx_word' id='word_1_40' title='bbox 1742 580 1968 636; x_wconf 77' lang='lat' dir='ltr'><strong>Consule</strong></span> <span class='ocrx_word' id='word_1_41' title='bbox 1997 579 2089 633; x_wconf 80' lang='lat' dir='ltr'><strong>tibi</strong></span> 
     </span>
    </p>
   </div>
   <div class='ocr_carea' id='block_1_8' title="bbox 495 672 2087 746">
    <p class='ocr_par' dir='ltr' id='par_1_8' title="bbox 495 672 2087 746">
     <span class='ocr_line' id='line_1_8' title="bbox 495 672 2087 746; baseline -0.001 -18"><span class='ocrx_word' id='word_1_42' title='bbox 495 690 611 739; x_wconf 71' lang='lat' dir='ltr'><strong>rex,</strong></span> <span class='ocrx_word' id='word_1_43' title='bbox 637 686 682 728; x_wconf 90' lang='lat' dir='ltr'><strong>et</strong></span> <span class='ocrx_word' id='word_1_44' title='bbox 714 674 991 730; x_wconf 75' lang='lat' dir='ltr'><strong>humiliore</strong></span> <span class='ocrx_word' id='word_1_45' title='bbox 1020 692 1210 746; x_wconf 84' lang='lat' dir='ltr'><strong>magno</strong></span> <span class='ocrx_word' id='word_1_46' title='bbox 1248 674 1427 730; x_wconf 83' lang='lat' dir='ltr'><strong>Ottoni</strong></span> <span class='ocrx_word' id='word_1_47' title='bbox 1462 684 1705 745; x_wconf 85' lang='lat' dir='ltr'><strong>augusto.</strong></span> <span class='ocrx_word' id='word_1_48' title='bbox 1734 672 1792 727; x_wconf 87' lang='lat' dir='ltr'><strong>Si</strong></span> <span class='ocrx_word' id='word_1_49' title='bbox 1817 690 1919 727; x_wconf 84' lang='lat' dir='ltr'><strong>non</strong></span> <span class='ocrx_word' id='word_1_50' title='bbox 1950 673 2087 742; x_wconf 74' lang='lat' dir='ltr'><strong>fece-</strong></span> 
     </span>
    </p>
   </div>
   <div class='ocr_carea' id='block_1_9' title="bbox 496 765 2090 836">
    <p class='ocr_par' dir='ltr' id='par_1_9' title="bbox 496 765 2090 836">
     <span class='ocr_line' id='line_1_9' title="bbox 496 765 2090 836; baseline -0.001 -18"><span class='ocrx_word' id='word_1_51' title='bbox 496 767 590 829; x_wconf 80' lang='lat' dir='ltr'><strong>ris,</strong></span> <span class='ocrx_word' id='word_1_52' title='bbox 624 767 793 836; x_wconf 80' lang='lat' dir='ltr'><strong>ipsum</strong></span> <span class='ocrx_word' id='word_1_53' title='bbox 821 777 870 820; x_wconf 88' lang='lat' dir='ltr'><strong>te</strong></span> <span class='ocrx_word' id='word_1_54' title='bbox 912 768 1082 821; x_wconf 70' lang='lat' dir='ltr'><strong>(mdis.</strong></span> <span class='ocrx_word' id='word_1_55' title='bbox 1123 768 1368 836; x_wconf 87' lang='lat' dir='ltr'><strong>Cumque</strong></span> <span class='ocrx_word' id='word_1_56' title='bbox 1405 766 1683 820; x_wconf 79' lang='lat' dir='ltr'><strong>humiliter</strong></span> <span class='ocrx_word' id='word_1_57' title='bbox 1720 765 2090 835; x_wconf 85' lang='lat' dir='ltr'><strong>responderet.</strong></span> 
     </span>
    </p>
   </div>
   <div class='ocr_carea' id='block_1_10' title="bbox 495 855 2092 927">
    <p class='ocr_par' dir='ltr' id='par_1_10' title="bbox 495 855 2092 927">
     <span class='ocr_line' id='line_1_10' title="bbox 495 855 2092 927; baseline -0.003 -14"><span class='ocrx_word' id='word_1_58' title='bbox 495 873 685 913; x_wconf 85' lang='lat' dir='ltr'><strong>rursus</strong></span> <span class='ocrx_word' id='word_1_59' title='bbox 708 856 825 913; x_wconf 85' lang='lat' dir='ltr'><strong>infit</strong></span> <span class='ocrx_word' id='word_1_60' title='bbox 849 876 863 912; x_wconf 91' lang='lat'>:</span> <span class='ocrx_word' id='word_1_61' title='bbox 889 858 1035 912; x_wconf 72' lang='lat' dir='ltr'><strong>Absit</strong></span> <span class='ocrx_word' id='word_1_62' title='bbox 1063 876 1093 912; x_wconf 83' lang='grc' dir='ltr'><em>α</em></span> <span class='ocrx_word' id='word_1_63' title='bbox 1119 858 1224 926; x_wconf 79' lang='lat' dir='ltr'><strong>ﬁde</strong></span> <span class='ocrx_word' id='word_1_64' title='bbox 1250 875 1387 923; x_wconf 85' lang='lat' dir='ltr'><strong>mea,</strong></span> <span class='ocrx_word' id='word_1_65' title='bbox 1420 866 1475 911; x_wconf 87' lang='lat' dir='ltr'><strong>ut</strong></span> <span class='ocrx_word' id='word_1_66' title='bbox 1506 858 1708 912; x_wconf 83' lang='lat' dir='ltr'><strong>vincam</strong></span> <span class='ocrx_word' id='word_1_67' title='bbox 1733 856 1975 927; x_wconf 81' lang='lat' dir='ltr'><strong>perﬁdia,</strong></span> <span class='ocrx_word' id='word_1_68' title='bbox 2001 855 2092 926; x_wconf 85' lang='lat' dir='ltr'><strong>qui</strong></span> 
     </span>
    </p>
   </div>
   <div class='ocr_carea' id='block_1_11' title="bbox 500 947 2091 1020">
    <p class='ocr_par' dir='ltr' id='par_1_11' title="bbox 500 947 2091 1020">
     <span class='ocr_line' id='line_1_11' title="bbox 500 947 2091 1020; baseline -0.001 -18"><span class='ocrx_word' id='word_1_69' title='bbox 500 950 697 1003; x_wconf 72' lang='lat' dir='ltr'><strong>viribus</strong></span> <span class='ocrx_word' id='word_1_70' title='bbox 724 966 971 1020; x_wconf 73' lang='lat' dir='ltr'><strong>superare</strong></span> <span class='ocrx_word' id='word_1_71' title='bbox 1002 951 1277 1004; x_wconf 83' lang='lat' dir='ltr'><strong>contendo.</strong></span> <span class='ocrx_word' id='word_1_72' title='bbox 1308 948 1443 1004; x_wconf 84' lang='lat' dir='ltr'><strong>Cave</strong></span> <span class='ocrx_word' id='word_1_73' title='bbox 1473 965 1563 1004; x_wconf 77' lang='lat' dir='ltr'><strong>rea:</strong></span> <span class='ocrx_word' id='word_1_74' title='bbox 1592 949 1781 1003; x_wconf 83' lang='lat' dir='ltr'><strong>amodo</strong></span> <span class='ocrx_word' id='word_1_75' title='bbox 1807 947 1871 1002; x_wconf 85' lang='lat' dir='ltr'><strong>ab</strong></span> <span class='ocrx_word' id='word_1_76' title='bbox 1900 948 2091 1018; x_wconf 82' lang='lat' dir='ltr'><strong>hujus-</strong></span> 
     </span>
    </p>
   </div>
   <div class='ocr_carea' id='block_1_12' title="bbox 493 1039 2089 1109">
    <p class='ocr_par' dir='ltr' id='par_1_12' title="bbox 493 1039 2089 1109">
     <span class='ocr_line' id='line_1_12' title="bbox 493 1039 2089 1109; baseline 0 -16"><span class='ocrx_word' id='word_1_77' title='bbox 493 1039 638 1093; x_wconf 70' lang='grc' dir='ltr'><strong><em>πιοάὶ</em></strong></span> <span class='ocrx_word' id='word_1_78' title='bbox 662 1039 1137 1109; x_wconf 78' lang='lat' dir='ltr'><strong>psetulomilitibus.</strong></span> <span class='ocrx_word' id='word_1_79' title='bbox 1178 1041 1273 1096; x_wconf 84' lang='lat' dir='ltr'><strong>Sic</strong></span> <span class='ocrx_word' id='word_1_80' title='bbox 1314 1040 1459 1096; x_wconf 87' lang='lat' dir='ltr'><strong>fatus</strong></span> <span class='ocrx_word' id='word_1_81' title='bbox 1501 1040 1731 1095; x_wconf 89' lang='lat' dir='ltr'><strong>absolvit</strong></span> <span class='ocrx_word' id='word_1_82' title='bbox 1756 1056 1903 1104; x_wconf 88' lang='lat' dir='ltr'><strong>eum,</strong></span> <span class='ocrx_word' id='word_1_83' title='bbox 1935 1040 2089 1095; x_wconf 85' lang='lat' dir='ltr'><strong>deiu-</strong></span> 
     </span>
    </p>
   </div>
   <div class='ocr_carea' id='block_1_13' title="bbox 499 1134 2095 1204">
    <p class='ocr_par' dir='ltr' id='par_1_13' title="bbox 499 1134 2095 1204">
     <span class='ocr_line' id='line_1_13' title="bbox 499 1134 2095 1204; baseline 0.002 -18"><span class='ocrx_word' id='word_1_84' title='bbox 499 1146 629 1202; x_wconf 89' lang='lat' dir='ltr'><strong>ceps</strong></span> <span class='ocrx_word' id='word_1_85' title='bbox 666 1142 888 1189; x_wconf 88' lang='lat' dir='ltr'><strong>strenue</strong></span> <span class='ocrx_word' id='word_1_86' title='bbox 915 1144 1110 1189; x_wconf 86' lang='lat' dir='ltr'><strong>cuncta</strong></span> <span class='ocrx_word' id='word_1_87' title='bbox 1154 1135 1495 1190; x_wconf 90' lang='lat' dir='ltr'><strong>ministrans.</strong></span> <span class='ocrx_word' id='word_1_88' title='bbox 1539 1135 1585 1191; x_wconf 77' lang='grc' dir='ltr'>Ο</span> <span class='ocrx_word' id='word_1_89' title='bbox 1625 1136 1713 1204; x_wconf 88' lang='lat' dir='ltr'><strong>pia</strong></span> <span class='ocrx_word' id='word_1_90' title='bbox 1744 1134 2013 1189; x_wconf 84' lang='lat' dir='ltr'><strong>hostilitas</strong></span> <span class='ocrx_word' id='word_1_91' title='bbox 2040 1145 2095 1189; x_wconf 91' lang='lat' dir='ltr'><strong>ct</strong></span> 
     </span>
    </p>
   </div>
   <div class='ocr_carea' id='block_1_14' title="bbox 495 1223 2091 1295">
    <p class='ocr_par' dir='ltr' id='par_1_14' title="bbox 495 1223 2091 1295">
     <span class='ocr_line' id='line_1_14' title="bbox 495 1223 2091 1295; baseline -0.001 -17"><span class='ocrx_word' id='word_1_92' title='bbox 495 1223 708 1293; x_wconf 84' lang='lat' dir='ltr'><strong>hostilis</strong></span> <span class='ocrx_word' id='word_1_93' title='bbox 736 1226 943 1295; x_wconf 87' lang='lat' dir='ltr'><strong>pietas!</strong></span> <span class='ocrx_word' id='word_1_94' title='bbox 984 1225 1175 1281; x_wconf 79' lang='lat' dir='ltr'><strong>Postea</strong></span> <span class='ocrx_word' id='word_1_95' title='bbox 1206 1241 1335 1280; x_wconf 90' lang='lat' dir='ltr'><strong>vero</strong></span> <span class='ocrx_word' id='word_1_96' title='bbox 1366 1226 1486 1295; x_wconf 90' lang='lat' dir='ltr'><strong>pius</strong></span> <span class='ocrx_word' id='word_1_97' title='bbox 1514 1225 1602 1280; x_wconf 90' lang='lat' dir='ltr'><strong>ille</strong></span> <span class='ocrx_word' id='word_1_98' title='bbox 1624 1225 1670 1257; x_wconf 70' lang='lat'><strong>“</strong></span> <span class='ocrx_word' id='word_1_99' title='bbox 1695 1223 1922 1294; x_wconf 81' lang='lat' dir='ltr'><strong>perﬁdia</strong></span> <span class='ocrx_word' id='word_1_100' title='bbox 1945 1224 2091 1279; x_wconf 88' lang='lat' dir='ltr'><strong>Lou-</strong></span> 
     </span>
    </p>
   </div>
   <div class='ocr_carea' id='block_1_15' title="bbox 495 1314 2090 1386">
    <p class='ocr_par' dir='ltr' id='par_1_15' title="bbox 495 1314 2090 1386">
     <span class='ocr_line' id='line_1_15' title="bbox 495 1314 2090 1386; baseline 0 -17"><span class='ocrx_word' id='word_1_101' title='bbox 495 1316 632 1384; x_wconf 88' lang='lat' dir='ltr'><strong>goba</strong></span> <span class='ocrx_word' id='word_1_102' title='bbox 644 1318 861 1371; x_wconf 86' lang='lat' dir='ltr'><strong>rdorutn</strong></span> <span class='ocrx_word' id='word_1_103' title='bbox 887 1316 1061 1370; x_wconf 84' lang='lat' dir='ltr'><strong>fertur</strong></span> <span class='ocrx_word' id='word_1_104' title='bbox 1082 1331 1290 1371; x_wconf 87' lang='lat' dir='ltr'><strong>veneno</strong></span> <span class='ocrx_word' id='word_1_105' title='bbox 1314 1324 1540 1371; x_wconf 88' lang='lat' dir='ltr'><strong>necatus</strong></span> <span class='ocrx_word' id='word_1_106' title='bbox 1562 1314 1817 1386; x_wconf 80' lang='lat' dir='ltr'><strong>(an.957,</strong></span> <span class='ocrx_word' id='word_1_107' title='bbox 1844 1314 1988 1384; x_wconf 77' lang='lat' dir='ltr'><strong>Sept.</strong></span> <span class='ocrx_word' id='word_1_108' title='bbox 2014 1314 2090 1373; x_wconf 83' lang='lat'><strong>6).</strong></span> 
     </span>
    </p>
   </div>
   <div class='ocr_carea' id='block_1_16' title="bbox 2194 389 3833 463">
    <p class='ocr_par' dir='ltr' id='par_1_16' title="bbox 2194 389 3833 463">
     <span class='ocr_line' id='line_1_16' title="bbox 2194 389 3833 463; baseline -0.002 -18"><span class='ocrx_word' id='word_1_109' title='bbox 2194 391 2292 456; x_wconf 87' lang='lat' dir='ltr'><strong>dit,</strong></span> <span class='ocrx_word' id='word_1_110' title='bbox 2330 391 2604 461; x_wconf 87' lang='lat' dir='ltr'><strong>multaque</strong></span> <span class='ocrx_word' id='word_1_111' title='bbox 2629 391 2799 463; x_wconf 81' lang='lat' dir='ltr'><strong>gessit</strong></span> <span class='ocrx_word' id='word_1_112' title='bbox 2823 391 3077 461; x_wconf 73' lang='lat' dir='ltr'><strong>ius‘gnia,</strong></span> <span class='ocrx_word' id='word_1_113' title='bbox 3128 390 3481 461; x_wconf 84' lang='lat' dir='ltr'><strong>imperatoria</strong></span> <span class='ocrx_word' id='word_1_114' title='bbox 3506 389 3677 457; x_wconf 81' lang='lat' dir='ltr'><strong>maje</strong></span> <span class='ocrx_word' id='word_1_115' title='bbox 3713 394 3833 442; x_wconf 76' lang='lat' dir='ltr'><strong>tate</strong></span> 
     </span>
    </p>
   </div>
   <div class='ocr_carea' id='block_1_17' title="bbox 2193 482 3830 554">
    <p class='ocr_par' dir='ltr' id='par_1_17' title="bbox 2193 482 3830 554">
     <span class='ocr_line' id='line_1_17' title="bbox 2193 482 3830 554; baseline -0.004 -15"><span class='ocrx_word' id='word_1_116' title='bbox 2193 498 2294 539; x_wconf 91' lang='lat' dir='ltr'><strong>con</strong></span> <span class='ocrx_word' id='word_1_117' title='bbox 2318 483 2481 554; x_wconf 76' lang='lat' dir='ltr'><strong>ligna.</strong></span> <span class='ocrx_word' id='word_1_118' title='bbox 2530 482 2699 552; x_wconf 83' lang='lat' dir='ltr'><strong>Hujus</strong></span> <span class='ocrx_word' id='word_1_119' title='bbox 2755 493 3002 554; x_wconf 88' lang='lat' dir='ltr'><strong>tempore</strong></span> <span class='ocrx_word' id='word_1_120' title='bbox 3053 482 3470 539; x_wconf 83' lang='lat' dir='ltr'><strong>trausfrctantes</strong></span> <span class='ocrx_word' id='word_1_121' title='bbox 3533 483 3830 538; x_wconf 57' lang='lat' dir='ltr'><strong>Saraceni</strong></span> 
     </span>
    </p>
   </div>
   <div class='ocr_carea' id='block_1_18' title="bbox 2194 574 3830 645">
    <p class='ocr_par' dir='ltr' id='par_1_18' title="bbox 2194 574 3830 645">
     <span class='ocr_line' id='line_1_18' title="bbox 2194 574 3830 645; baseline -0.002 -16"><span class='ocrx_word' id='word_1_122' title='bbox 2194 591 2348 630; x_wconf 76' lang='lat' dir='ltr'><strong>mare</strong></span> <span class='ocrx_word' id='word_1_123' title='bbox 2382 576 2561 630; x_wconf 85' lang='lat' dir='ltr'><strong>conati</strong></span> <span class='ocrx_word' id='word_1_124' title='bbox 2586 585 2711 630; x_wconf 88' lang='lat' dir='ltr'><strong>sunt</strong></span> <span class='ocrx_word' id='word_1_125' title='bbox 2732 575 2990 631; x_wconf 84' lang='lat' dir='ltr'><strong>Calabres</strong></span> <span class='ocrx_word' id='word_1_126' title='bbox 3016 574 3152 630; x_wconf 75' lang='lat' dir='ltr'><strong>fines</strong></span> <span class='ocrx_word' id='word_1_127' title='bbox 3179 576 3465 638; x_wconf 71' lang='lat' dir='ltr'><strong>invadere;</strong></span> <span class='ocrx_word' id='word_1_128' title='bbox 3507 576 3740 645; x_wconf 75' lang='lat' dir='ltr'><strong>quibus</strong></span> <span class='ocrx_word' id='word_1_129' title='bbox 3761 589 3830 627; x_wconf 75' lang='lat' dir='ltr'><strong>ex</strong></span> 
     </span>
    </p>
   </div>
   <div class='ocr_carea' id='block_1_19' title="bbox 2193 666 3832 741">
    <p class='ocr_par' dir='ltr' id='par_1_19' title="bbox 2193 666 3832 741">
     <span class='ocr_line' id='line_1_19' title="bbox 2193 666 3832 741; baseline -0.001 -20"><span class='ocrx_word' id='word_1_130' title='bbox 2193 667 2422 722; x_wconf 87' lang='lat' dir='ltr'><strong>adverso</strong></span> <span class='ocrx_word' id='word_1_131' title='bbox 2459 682 2784 737; x_wconf 86' lang='lat' dir='ltr'><strong>congressus</strong></span> <span class='ocrx_word' id='word_1_132' title='bbox 2811 677 2896 723; x_wconf 89' lang='lat' dir='ltr'><strong>est</strong></span> <span class='ocrx_word' id='word_1_133' title='bbox 2928 669 3223 737; x_wconf 87' lang='lat' dir='ltr'><strong>imperator</strong></span> <span class='ocrx_word' id='word_1_134' title='bbox 3261 680 3321 741; x_wconf 35' lang='lat' dir='ltr'><strong>et,</strong></span> <span class='ocrx_word' id='word_1_135' title='bbox 3344 669 3461 738; x_wconf 88' lang='lat' dir='ltr'><strong>ipse</strong></span> <span class='ocrx_word' id='word_1_136' title='bbox 3493 669 3617 737; x_wconf 79' lang='lat' dir='ltr'><strong>(an.</strong></span> <span class='ocrx_word' id='word_1_137' title='bbox 3659 666 3832 735; x_wconf 64' lang='grc' dir='ltr'><strong>θεὲ),</strong></span> 
     </span>
    </p>
   </div>
   <div class='ocr_carea' id='block_1_20' title="bbox 2191 760 3835 832">
    <p class='ocr_par' dir='ltr' id='par_1_20' title="bbox 2191 760 3835 832">
     <span class='ocr_line' id='line_1_20' title="bbox 2191 760 3835 832; baseline -0.001 -19"><span class='ocrx_word' id='word_1_138' title='bbox 2191 774 2358 830; x_wconf 87' lang='lat' dir='ltr'><strong>parvo</strong></span> <span class='ocrx_word' id='word_1_139' title='bbox 2383 760 2508 816; x_wconf 90' lang='lat' dir='ltr'><strong>licet</strong></span> <span class='ocrx_word' id='word_1_140' title='bbox 2525 760 2570 792; x_wconf 78' lang='lat'><strong>“</strong></span> <span class='ocrx_word' id='word_1_141' title='bbox 2598 775 2817 816; x_wconf 88' lang='lat' dir='ltr'><strong>suorum</strong></span> <span class='ocrx_word' id='word_1_142' title='bbox 2844 760 3658 832; x_wconf 60' lang='lat' dir='ltr'><strong>sntfultuscollcgio.Quoniam</strong></span> <span class='ocrx_word' id='word_1_143' title='bbox 3693 774 3835 813; x_wconf 69' lang='lat' dir='ltr'><strong>vero</strong></span> 
     </span>
    </p>
   </div>
   <div class='ocr_carea' id='block_1_21' title="bbox 2193 853 3832 923">
    <p class='ocr_par' dir='ltr' id='par_1_21' title="bbox 2193 853 3832 923">
     <span class='ocr_line' id='line_1_21' title="bbox 2193 853 3832 923; baseline -0.001 -18"><span class='ocrx_word' id='word_1_144' title='bbox 2193 865 2487 920; x_wconf 75' lang='lat' dir='ltr'><strong>paucorum</strong></span> <span class='ocrx_word' id='word_1_145' title='bbox 2515 853 2581 907; x_wconf 89' lang='lat' dir='ltr'><strong>ad</strong></span> <span class='ocrx_word' id='word_1_146' title='bbox 2609 853 2790 922; x_wconf 58' lang='lat' dir='ltr'><strong>plures</strong></span> <span class='ocrx_word' id='word_1_147' title='bbox 2811 853 2986 923; x_wconf 83' lang='lat' dir='ltr'><strong>impar</strong></span> <span class='ocrx_word' id='word_1_148' title='bbox 3011 853 3147 908; x_wconf 87' lang='lat' dir='ltr'><strong>solet</strong></span> <span class='ocrx_word' id='word_1_149' title='bbox 3166 868 3285 909; x_wconf 87' lang='lat' dir='ltr'><strong>esse</strong></span> <span class='ocrx_word' id='word_1_150' title='bbox 3307 853 3667 923; x_wconf 72' lang='lat' dir='ltr'><strong>congresso.</strong></span> <span class='ocrx_word' id='word_1_151' title='bbox 3695 867 3832 906; x_wconf 84' lang='lat' dir='ltr'><strong>cum</strong></span> 
     </span>
    </p>
   </div>
   <div class='ocr_carea' id='block_1_22' title="bbox 2193 938 3836 1015">
    <p class='ocr_par' dir='ltr' id='par_1_22' title="bbox 2193 938 3836 1015">
     <span class='ocr_line' id='line_1_22' title="bbox 2193 938 3836 1015; baseline -0.001 -19"><span class='ocrx_word' id='word_1_152' title='bbox 2193 953 2488 1015; x_wconf 84' lang='lat' dir='ltr'><strong>pugnasset</strong></span> <span class='ocrx_word' id='word_1_153' title='bbox 2515 946 2742 999; x_wconf 90' lang='lat' dir='ltr'><strong>multum</strong></span> <span class='ocrx_word' id='word_1_154' title='bbox 2770 945 3024 1000; x_wconf 70' lang='lat' dir='ltr'><strong>delicit&quot;</strong></span> <span class='ocrx_word' id='word_1_155' title='bbox 3039 945 3108 999; x_wconf 90' lang='lat' dir='ltr'><strong>ad</strong></span> <span class='ocrx_word' id='word_1_156' title='bbox 3138 944 3413 999; x_wconf 87' lang='lat' dir='ltr'><strong>ultimum.</strong></span> <span class='ocrx_word' id='word_1_157' title='bbox 3433 942 3576 1011; x_wconf 84' lang='lat' dir='ltr'><strong>Quid</strong></span> <span class='ocrx_word' id='word_1_158' title='bbox 3607 938 3836 1014; x_wconf 79' lang='lat' dir='ltr'><strong>plura?</strong></span> 
     </span>
    </p>
   </div>
   <div class='ocr_carea' id='block_1_23' title="bbox 2192 1038 3830 1109">
    <p class='ocr_par' dir='ltr' id='par_1_23' title="bbox 2192 1038 3830 1109">
     <span class='ocr_line' id='line_1_23' title="bbox 2192 1038 3830 1109; baseline -0.002 -20"><span class='ocrx_word' id='word_1_159' title='bbox 2192 1039 2483 1109; x_wconf 83' lang='lat' dir='ltr'><strong>pugnando</strong></span> <span class='ocrx_word' id='word_1_160' title='bbox 2530 1049 2723 1109; x_wconf 87' lang='lat' dir='ltr'><strong>captus</strong></span> <span class='ocrx_word' id='word_1_161' title='bbox 2768 1038 2817 1070; x_wconf 79' lang='grc'><strong><em>⁵⁸</em></strong></span> <span class='ocrx_word' id='word_1_162' title='bbox 2852 1039 2920 1093; x_wconf 90' lang='lat' dir='ltr'><strong>ad</strong></span> <span class='ocrx_word' id='word_1_163' title='bbox 2965 1038 3169 1094; x_wconf 86' lang='lat' dir='ltr'><strong>classes</strong></span> <span class='ocrx_word' id='word_1_164' title='bbox 3204 1052 3379 1108; x_wconf 88' lang='lat' dir='ltr'><strong>usque</strong></span> <span class='ocrx_word' id='word_1_165' title='bbox 3427 1038 3830 1104; x_wconf 79' lang='lat' dir='ltr'><strong>protrahitur;</strong></span> 
     </span>
    </p>
   </div>
   <div class='ocr_carea' id='block_1_24' title="bbox 2194 1127 3829 1199">
    <p class='ocr_par' dir='ltr' id='par_1_24' title="bbox 2194 1127 3829 1199">
     <span class='ocr_line' id='line_1_24' title="bbox 2194 1127 3829 1199; baseline -0.003 -15"><span class='ocrx_word' id='word_1_166' title='bbox 2194 1138 2595 1199; x_wconf 74' lang='lat' dir='ltr'><strong>occupaverant</strong></span> <span class='ocrx_word' id='word_1_167' title='bbox 2621 1131 2766 1185; x_wconf 90' lang='lat' dir='ltr'><strong>enim</strong></span> <span class='ocrx_word' id='word_1_168' title='bbox 2808 1129 2993 1185; x_wconf 82' lang='lat' dir='ltr'><strong>hostes</strong></span> <span class='ocrx_word' id='word_1_169' title='bbox 3022 1131 3200 1185; x_wconf 84' lang='lat' dir='ltr'><strong>vicina</strong></span> <span class='ocrx_word' id='word_1_170' title='bbox 3229 1129 3397 1183; x_wconf 87' lang='lat' dir='ltr'><strong>maris</strong></span> <span class='ocrx_word' id='word_1_171' title='bbox 3423 1127 3439 1180; x_wconf 97' lang='lat' dir='ltr'><strong>l</strong></span> <span class='ocrx_word' id='word_1_172' title='bbox 3466 1136 3641 1182; x_wconf 84' lang='lat' dir='ltr'><strong>ttora.</strong></span> <span class='ocrx_word' id='word_1_173' title='bbox 3675 1127 3829 1180; x_wconf 59' lang='lat' dir='ltr'><strong>Sen-</strong></span> 
     </span>
    </p>
   </div>
   <div class='ocr_carea' id='block_1_25' title="bbox 2196 1216 3827 1280">
    <p class='ocr_par' dir='ltr' id='par_1_25' title="bbox 2196 1216 3827 1280">
     <span class='ocr_line' id='line_1_25' title="bbox 2196 1216 3827 1280; baseline -0.003 -5"><span class='ocrx_word' id='word_1_174' title='bbox 2196 1223 2334 1276; x_wconf 87' lang='lat' dir='ltr'><strong>tiens</strong></span> <span class='ocrx_word' id='word_1_175' title='bbox 2362 1236 2495 1276; x_wconf 83' lang='lat' dir='ltr'><strong>vero</strong></span> <span class='ocrx_word' id='word_1_176' title='bbox 2515 1236 2572 1277; x_wconf 91' lang='lat' dir='ltr'><strong>se</strong></span> <span class='ocrx_word' id='word_1_177' title='bbox 2596 1222 2756 1276; x_wconf 84' lang='lat' dir='ltr'><strong>vellet</strong></span> <span class='ocrx_word' id='word_1_178' title='bbox 2784 1220 2951 1275; x_wconf 84' lang='lat' dir='ltr'><strong>nollet</strong></span> <span class='ocrx_word' id='word_1_179' title='bbox 2974 1221 3018 1253; x_wconf 84' lang='grc'><strong>⁸⁷</strong></span> <span class='ocrx_word' id='word_1_180' title='bbox 3059 1221 3520 1275; x_wconf 86' lang='lat' dir='ltr'><strong>transvehcmlum</strong></span> <span class='ocrx_word' id='word_1_181' title='bbox 3544 1216 3610 1280; x_wconf 76' lang='grc'><strong>⁵⁸,</strong></span> <span class='ocrx_word' id='word_1_182' title='bbox 3641 1219 3827 1270; x_wconf 74' lang='lat' dir='ltr'><strong>sintn-</strong></span> 
     </span>
    </p>
   </div>
   <div class='ocr_carea' id='block_1_26' title="bbox 2195 1312 3828 1393">
    <p class='ocr_par' dir='ltr' id='par_1_26' title="bbox 2195 1312 3828 1393">
     <span class='ocr_line' id='line_1_26' title="bbox 2195 1312 3828 1393; baseline -0.002 -22"><span class='ocrx_word' id='word_1_183' title='bbox 2195 1317 2322 1373; x_wconf 90' lang='lat' dir='ltr'><strong>latis</strong></span> <span class='ocrx_word' id='word_1_184' title='bbox 2353 1318 2609 1388; x_wconf 88' lang='lat' dir='ltr'><strong>precibus</strong></span> <span class='ocrx_word' id='word_1_185' title='bbox 2632 1316 2963 1386; x_wconf 79' lang='lat' dir='ltr'><strong>postulabat,</strong></span> <span class='ocrx_word' id='word_1_186' title='bbox 2988 1324 3050 1369; x_wconf 90' lang='lat' dir='ltr'><strong>ut</strong></span> <span class='ocrx_word' id='word_1_187' title='bbox 3082 1314 3274 1393; x_wconf 83' lang='lat' dir='ltr'><strong>saltem</strong></span> <span class='ocrx_word' id='word_1_188' title='bbox 3299 1314 3516 1368; x_wconf 86' lang='lat' dir='ltr'><strong>unicam</strong></span> <span class='ocrx_word' id='word_1_189' title='bbox 3541 1312 3649 1366; x_wconf 88' lang='lat' dir='ltr'><strong>sibi</strong></span> <span class='ocrx_word' id='word_1_190' title='bbox 3686 1326 3828 1367; x_wconf 70' lang='lat' dir='ltr'><strong>eon-</strong></span> 
     </span>
    </p>
   </div>
   <div class='ocr_carea' id='block_1_27' title="bbox 567 1401 3824 1478">
    <p class='ocr_par' dir='ltr' id='par_1_27' title="bbox 567 1401 3824 1478">
     <span class='ocr_line' id='line_1_27' title="bbox 567 1401 3824 1478; baseline -0.002 -18"><span class='ocrx_word' id='word_1_191' title='bbox 567 1407 619 1461; x_wconf 86' lang='lat'><strong>7.</strong></span> <span class='ocrx_word' id='word_1_192' title='bbox 658 1409 788 1463; x_wconf 82' lang='lat' dir='ltr'><strong>Otto</strong></span> <span class='ocrx_word' id='word_1_193' title='bbox 820 1416 1002 1462; x_wconf 90' lang='lat' dir='ltr'><strong>autem</strong></span> <span class='ocrx_word' id='word_1_194' title='bbox 1035 1409 1159 1463; x_wconf 87' lang='lat' dir='ltr'><strong>licet</strong></span> <span class='ocrx_word' id='word_1_195' title='bbox 1185 1410 1431 1478; x_wconf 87' lang='lat' dir='ltr'><strong>privatus</strong></span> <span class='ocrx_word' id='word_1_196' title='bbox 1474 1407 1605 1471; x_wconf 79' lang='lat' dir='ltr'><strong>filio,</strong></span> <span class='ocrx_word' id='word_1_197' title='bbox 1637 1407 1880 1477; x_wconf 84' lang='lat' dir='ltr'><strong>conjugis</strong></span> <span class='ocrx_word' id='word_1_198' title='bbox 1912 1415 2091 1460; x_wconf 86' lang='lat' dir='ltr'><strong>tamen</strong></span> <span class='ocrx_word' id='word_1_199' title='bbox 2190 1407 2376 1478; x_wconf 84' lang='lat' dir='ltr'><strong>jugem</strong></span> <span class='ocrx_word' id='word_1_200' title='bbox 2407 1422 2531 1462; x_wconf 88' lang='lat' dir='ltr'><strong>cum</strong></span> <span class='ocrx_word' id='word_1_201' title='bbox 2568 1409 2766 1473; x_wconf 76' lang='lat' dir='ltr'><strong>exiguo</strong></span> <span class='ocrx_word' id='word_1_202' title='bbox 2808 1405 3134 1460; x_wconf 84' lang='lat' dir='ltr'><strong>famularum</strong></span> <span class='ocrx_word' id='word_1_203' title='bbox 3179 1403 3446 1474; x_wconf 86' lang='lat' dir='ltr'><strong>obsequio</strong></span> <span class='ocrx_word' id='word_1_204' title='bbox 3472 1401 3639 1459; x_wconf 80' lang='lat' dir='ltr'><strong>situui</strong></span> <span class='ocrx_word' id='word_1_205' title='bbox 3691 1417 3824 1456; x_wconf 72' lang='lat' dir='ltr'><strong>CIIII]</strong></span> 
     </span>
    </p>
   </div>
   <div class='ocr_carea' id='block_1_28' title="bbox 496 1497 2095 1569">
    <p class='ocr_par' dir='ltr' id='par_1_28' title="bbox 496 1497 2095 1569">
     <span class='ocr_line' id='line_1_28' title="bbox 496 1497 2095 1569; baseline -0.001 -18"><span class='ocrx_word' id='word_1_206' title='bbox 496 1508 739 1569; x_wconf 63' lang='lat' dir='ltr'><strong>augustae</strong></span> <span class='ocrx_word' id='word_1_207' title='bbox 781 1498 1054 1554; x_wconf 71' lang='lat' dir='ltr'><strong>Adeleidte</strong></span> <span class='ocrx_word' id='word_1_208' title='bbox 1100 1497 1274 1554; x_wconf 87' lang='lat' dir='ltr'><strong>fretus</strong></span> <span class='ocrx_word' id='word_1_209' title='bbox 1300 1498 1551 1565; x_wconf 90' lang='lat' dir='ltr'><strong>consilio,</strong></span> <span class='ocrx_word' id='word_1_210' title='bbox 1585 1497 1848 1568; x_wconf 87' lang='lat' dir='ltr'><strong>Walperti</strong></span> <span class='ocrx_word' id='word_1_211' title='bbox 1881 1510 2095 1568; x_wconf 79' lang='lat' dir='ltr'><strong>quoque</strong></span> 
     </span>
    </p>
   </div>
   <div class='ocr_carea' id='block_1_29' title="bbox 498 1590 2089 1662">
    <p class='ocr_par' dir='ltr' id='par_1_29' title="bbox 498 1590 2089 1662">
     <span class='ocr_line' id='line_1_29' title="bbox 498 1590 2089 1662; baseline -0.001 -17"><span class='ocrx_word' id='word_1_212' title='bbox 498 1591 841 1660; x_wconf 83' lang='lat' dir='ltr'><strong>aliorumque</strong></span> <span class='ocrx_word' id='word_1_213' title='bbox 878 1592 1029 1662; x_wconf 88' lang='lat' dir='ltr'><strong>regni</strong></span> <span class='ocrx_word' id='word_1_214' title='bbox 1066 1591 1394 1662; x_wconf 86' lang='lat' dir='ltr'><strong>principum,</strong></span> <span class='ocrx_word' id='word_1_215' title='bbox 1437 1591 1491 1646; x_wconf 89' lang='lat' dir='ltr'><strong>in</strong></span> <span class='ocrx_word' id='word_1_216' title='bbox 1530 1606 1693 1645; x_wconf 89' lang='lat' dir='ltr'><strong>manu</strong></span> <span class='ocrx_word' id='word_1_217' title='bbox 1724 1590 1851 1645; x_wconf 83' lang='lat' dir='ltr'><strong>forti</strong></span> <span class='ocrx_word' id='word_1_218' title='bbox 1881 1599 1937 1644; x_wconf 88' lang='lat' dir='ltr'><strong>et</strong></span> <span class='ocrx_word' id='word_1_219' title='bbox 1965 1590 2089 1644; x_wconf 85' lang='lat' dir='ltr'><strong>bra-</strong></span> 
     </span>
    </p>
   </div>
   <div class='ocr_carea' id='block_1_30' title="bbox 2197 1494 3821 1567">
    <p class='ocr_par' dir='ltr' id='par_1_30' title="bbox 2197 1494 3821 1567">
     <span class='ocr_line' id='line_1_30' title="bbox 2197 1494 3821 1567; baseline -0.005 -14"><span class='ocrx_word' id='word_1_220' title='bbox 2197 1512 2264 1554; x_wconf 93' lang='lat' dir='ltr'><strong>eo</strong></span> <span class='ocrx_word' id='word_1_221' title='bbox 2276 1497 2499 1553; x_wconf 79' lang='lat' dir='ltr'><strong>exulare</strong></span> <span class='ocrx_word' id='word_1_222' title='bbox 2511 1498 2557 1529; x_wconf 77' lang='lat'>”</span> <span class='ocrx_word' id='word_1_223' title='bbox 2574 1498 2981 1567; x_wconf 83' lang='lat' dir='ltr'><strong>permitterent,</strong></span> <span class='ocrx_word' id='word_1_224' title='bbox 3008 1495 3307 1552; x_wconf 74' lang='lat' dir='ltr'><strong>delaturum</strong></span> <span class='ocrx_word' id='word_1_225' title='bbox 3331 1509 3519 1549; x_wconf 86' lang='lat' dir='ltr'><strong>secum</strong></span> <span class='ocrx_word' id='word_1_226' title='bbox 3536 1494 3821 1547; x_wconf 77' lang='lat' dir='ltr'><strong>immensa</strong></span> 
     </span>
    </p>
   </div>
   <div class='ocr_carea' id='block_1_31' title="bbox 2204 1585 3821 1661">
    <p class='ocr_par' dir='ltr' id='par_1_31' title="bbox 2204 1585 3821 1661">
     <span class='ocr_line' id='line_1_31' title="bbox 2204 1585 3821 1661; baseline -0.004 -18"><span class='ocrx_word' id='word_1_227' title='bbox 2204 1590 2322 1644; x_wconf 84' lang='lat' dir='ltr'><strong>auri</strong></span> <span class='ocrx_word' id='word_1_228' title='bbox 2350 1598 2406 1644; x_wconf 89' lang='lat' dir='ltr'><strong>et</strong></span> <span class='ocrx_word' id='word_1_229' title='bbox 2427 1590 2637 1661; x_wconf 88' lang='lat' dir='ltr'><strong>argenti</strong></span> <span class='ocrx_word' id='word_1_230' title='bbox 2696 1588 2937 1659; x_wconf 77' lang='lat' dir='ltr'><strong>pondera</strong></span> <span class='ocrx_word' id='word_1_231' title='bbox 2986 1590 3331 1658; x_wconf 84' lang='lat' dir='ltr'><strong>promittens.</strong></span> <span class='ocrx_word' id='word_1_232' title='bbox 3370 1586 3622 1657; x_wconf 81' lang='lat' dir='ltr'><strong>Cumque</strong></span> <span class='ocrx_word' id='word_1_233' title='bbox 3668 1585 3821 1640; x_wconf 83' lang='lat' dir='ltr'><strong>foret</strong></span> 
     </span>
    </p>
   </div>
   <div class='ocr_carea' id='block_1_32' title="bbox 498 1679 3819 1753">
    <p class='ocr_par' dir='ltr' id='par_1_32' title="bbox 498 1679 3819 1753">
     <span class='ocr_line' id='line_1_32' title="bbox 498 1679 3819 1753; baseline -0.001 -16"><span class='ocrx_word' id='word_1_234' title='bbox 498 1680 623 1737; x_wconf 78' lang='lat' dir='ltr'><strong>chio</strong></span> <span class='ocrx_word' id='word_1_235' title='bbox 657 1691 879 1737; x_wconf 77' lang='lat' dir='ltr'><strong>extento</strong></span> <span class='ocrx_word' id='word_1_236' title='bbox 923 1683 1072 1737; x_wconf 85' lang='lat' dir='ltr'><strong>venit</strong></span> <span class='ocrx_word' id='word_1_237' title='bbox 1119 1681 1329 1736; x_wconf 85' lang='lat' dir='ltr'><strong>Italiam</strong></span> <span class='ocrx_word' id='word_1_238' title='bbox 1354 1682 1401 1713; x_wconf 76' lang='lat'><strong>&quot;</strong></span> <span class='ocrx_word' id='word_1_239' title='bbox 1432 1681 1545 1752; x_wconf 87' lang='lat' dir='ltr'><strong>(an.</strong></span> <span class='ocrx_word' id='word_1_240' title='bbox 1577 1680 1726 1753; x_wconf 85' lang='lat' dir='ltr'><strong>96l),</strong></span> <span class='ocrx_word' id='word_1_241' title='bbox 1774 1680 1984 1752; x_wconf 91' lang='lat' dir='ltr'><strong>primus</strong></span> <span class='ocrx_word' id='word_1_242' title='bbox 2027 1695 2090 1735; x_wconf 78' lang='lat' dir='ltr'><strong>ex</strong></span> <span class='ocrx_word' id='word_1_243' title='bbox 2125 1679 2171 1738; x_wconf 99' lang='grc' dir='ltr'><strong>Β</strong></span> <span class='ocrx_word' id='word_1_244' title='bbox 2199 1683 2527 1753; x_wconf 88' lang='lat' dir='ltr'><strong>permissum</strong></span> <span class='ocrx_word' id='word_1_245' title='bbox 2558 1682 2603 1717; x_wconf 82' lang='grc'><strong>⁶⁶</strong></span> <span class='ocrx_word' id='word_1_246' title='bbox 2648 1682 2796 1737; x_wconf 90' lang='lat' dir='ltr'><strong>viros</strong></span> <span class='ocrx_word' id='word_1_247' title='bbox 2846 1682 3220 1736; x_wconf 88' lang='lat' dir='ltr'><strong>adolescentes</strong></span> <span class='ocrx_word' id='word_1_248' title='bbox 3265 1679 3613 1734; x_wconf 65' lang='lat' dir='ltr'><strong>muliebriter</strong></span> <span class='ocrx_word' id='word_1_249' title='bbox 3646 1693 3819 1748; x_wconf 84' lang='lat' dir='ltr'><strong>supe-</strong></span> 
     </span>
    </p>
   </div>
   <div class='ocr_carea' id='block_1_33' title="bbox 502 1771 2091 1844">
    <p class='ocr_par' dir='ltr' id='par_1_33' title="bbox 502 1771 2091 1844">
     <span class='ocr_line' id='line_1_33' title="bbox 502 1771 2091 1844; baseline -0.001 -16"><span class='ocrx_word' id='word_1_250' title='bbox 502 1772 839 1828; x_wconf 87' lang='lat' dir='ltr'><strong>Teutonibus</strong></span> <span class='ocrx_word' id='word_1_251' title='bbox 863 1774 1159 1843; x_wconf 85' lang='lat' dir='ltr'><strong>imperator</strong></span> <span class='ocrx_word' id='word_1_252' title='bbox 1187 1774 1364 1829; x_wconf 90' lang='lat' dir='ltr'><strong>dictus</strong></span> <span class='ocrx_word' id='word_1_253' title='bbox 1397 1772 1649 1838; x_wconf 82' lang='lat' dir='ltr'><strong>Italicus;</strong></span> <span class='ocrx_word' id='word_1_254' title='bbox 1680 1785 1913 1844; x_wconf 87' lang='lat' dir='ltr'><strong>cumque</strong></span> <span class='ocrx_word' id='word_1_255' title='bbox 1943 1772 2016 1827; x_wconf 91' lang='lat' dir='ltr'><strong>illi</strong></span> <span class='ocrx_word' id='word_1_256' title='bbox 2046 1771 2091 1803; x_wconf 78' lang='lat'>&quot;</span> 
     </span>
    </p>
   </div>
   <div class='ocr_carea' id='block_1_34' title="bbox 500 1862 2095 1935">
    <p class='ocr_par' dir='ltr' id='par_1_34' title="bbox 500 1862 2095 1935">
     <span class='ocr_line' id='line_1_34' title="bbox 500 1862 2095 1935; baseline 0.002 -17"><span class='ocrx_word' id='word_1_257' title='bbox 500 1862 742 1931; x_wconf 85' lang='lat' dir='ltr'><strong>subjecta</strong></span> <span class='ocrx_word' id='word_1_258' title='bbox 798 1864 991 1919; x_wconf 81' lang='lat' dir='ltr'><strong>ﬁerent</strong></span> <span class='ocrx_word' id='word_1_259' title='bbox 1043 1866 1252 1930; x_wconf 86' lang='lat' dir='ltr'><strong>omnia,</strong></span> <span class='ocrx_word' id='word_1_260' title='bbox 1301 1864 1690 1935; x_wconf 84' lang='lat' dir='ltr'><strong>Berengarium</strong></span> <span class='ocrx_word' id='word_1_261' title='bbox 1741 1864 1916 1934; x_wconf 91' lang='lat' dir='ltr'><strong>ipsum</strong></span> <span class='ocrx_word' id='word_1_262' title='bbox 1967 1879 2095 1921; x_wconf 87' lang='lat' dir='ltr'><strong>arce</strong></span> 
     </span>
    </p>
   </div>
   <div class='ocr_carea' id='block_1_35' title="bbox 500 1954 2093 2027">
    <p class='ocr_par' dir='ltr' id='par_1_35' title="bbox 500 1954 2093 2027">
     <span class='ocr_line' id='line_1_35' title="bbox 500 1954 2093 2027; baseline 0.001 -19"><span class='ocrx_word' id='word_1_263' title='bbox 500 1955 734 2025; x_wconf 88' lang='lat' dir='ltr'><strong>quadam</strong></span> <span class='ocrx_word' id='word_1_264' title='bbox 767 1955 990 2009; x_wconf 84' lang='lat' dir='ltr'><strong>robusta</strong></span> <span class='ocrx_word' id='word_1_265' title='bbox 1020 1954 1134 2027; x_wconf 65' lang='grc' dir='ltr'><strong>(ἕο)</strong></span> <span class='ocrx_word' id='word_1_266' title='bbox 1168 1956 1438 2010; x_wconf 85' lang='lat' dir='ltr'><strong>munitum</strong></span> <span class='ocrx_word' id='word_1_267' title='bbox 1468 1956 1725 2011; x_wconf 89' lang='lat' dir='ltr'><strong>diuturna</strong></span> <span class='ocrx_word' id='word_1_268' title='bbox 1749 1954 1958 2009; x_wconf 84' lang='lat' dir='ltr'><strong>vallans</strong></span> <span class='ocrx_word' id='word_1_269' title='bbox 1992 1956 2093 2009; x_wconf 87' lang='lat' dir='ltr'><strong>ob-</strong></span> 
     </span>
    </p>
   </div>
   <div class='ocr_carea' id='block_1_36' title="bbox 501 2048 2094 2121">
    <p class='ocr_par' dir='ltr' id='par_1_36' title="bbox 501 2048 2094 2121">
     <span class='ocr_line' id='line_1_36' title="bbox 501 2048 2094 2121; baseline -0.001 -17"><span class='ocrx_word' id='word_1_270' title='bbox 501 2048 713 2105; x_wconf 87' lang='lat' dir='ltr'><strong>sidione</strong></span> <span class='ocrx_word' id='word_1_271' title='bbox 734 2049 947 2119; x_wconf 78' lang='lat' dir='ltr'><strong>subegit</strong></span> <span class='ocrx_word' id='word_1_272' title='bbox 970 2048 1081 2120; x_wconf 87' lang='lat' dir='ltr'><strong>(an.</strong></span> <span class='ocrx_word' id='word_1_273' title='bbox 1105 2048 1257 2121; x_wconf 64' lang='lat'><strong>964),</strong></span> <span class='ocrx_word' id='word_1_274' title='bbox 1284 2049 1409 2104; x_wconf 88' lang='lat' dir='ltr'><strong>filiis</strong></span> <span class='ocrx_word' id='word_1_275' title='bbox 1437 2049 1861 2120; x_wconf 80' lang='lat' dir='ltr'><strong>circumquaque</strong></span> <span class='ocrx_word' id='word_1_276' title='bbox 1883 2049 2094 2118; x_wconf 85' lang='lat' dir='ltr'><strong>disper-</strong></span> 
     </span>
    </p>
   </div>
   <div class='ocr_carea' id='block_1_37' title="bbox 500 2138 2097 2196">
    <p class='ocr_par' dir='ltr' id='par_1_37' title="bbox 500 2138 2097 2196">
     <span class='ocr_line' id='line_1_37' title="bbox 500 2138 2097 2196; baseline -0.001 -2"><span class='ocrx_word' id='word_1_277' title='bbox 500 2139 578 2194; x_wconf 86' lang='lat' dir='ltr'><strong>sis</strong></span> <span class='ocrx_word' id='word_1_278' title='bbox 616 2138 850 2195; x_wconf 83' lang='lat' dir='ltr'><strong>Widone</strong></span> <span class='ocrx_word' id='word_1_279' title='bbox 897 2139 1188 2195; x_wconf 83' lang='lat' dir='ltr'><strong>Adelberto</strong></span> <span class='ocrx_word' id='word_1_280' title='bbox 1232 2148 1289 2195; x_wconf 91' lang='lat' dir='ltr'><strong>et</strong></span> <span class='ocrx_word' id='word_1_281' title='bbox 1323 2139 1563 2196; x_wconf 83' lang='lat' dir='ltr'><strong>Conone.</strong></span> <span class='ocrx_word' id='word_1_282' title='bbox 1612 2139 1765 2194; x_wconf 92' lang='lat' dir='ltr'><strong>lllum</strong></span> <span class='ocrx_word' id='word_1_283' title='bbox 1806 2154 1934 2195; x_wconf 83' lang='lat' dir='ltr'><strong>vero</strong></span> <span class='ocrx_word' id='word_1_284' title='bbox 1973 2154 2097 2194; x_wconf 91' lang='lat' dir='ltr'><strong>cum</strong></span> 
     </span>
    </p>
   </div>
   <div class='ocr_carea' id='block_1_38' title="bbox 502 2228 2095 2300">
    <p class='ocr_par' dir='ltr' id='par_1_38' title="bbox 502 2228 2095 2300">
     <span class='ocr_line' id='line_1_38' title="bbox 502 2228 2095 2300; baseline 0.001 -16"><span class='ocrx_word' id='word_1_285' title='bbox 502 2230 718 2284; x_wconf 86' lang='lat' dir='ltr'><strong>filiabus</strong></span> <span class='ocrx_word' id='word_1_286' title='bbox 749 2239 804 2285; x_wconf 86' lang='lat' dir='ltr'><strong>et</strong></span> <span class='ocrx_word' id='word_1_287' title='bbox 832 2228 1062 2300; x_wconf 88' lang='lat' dir='ltr'><strong>conjuge</strong></span> <span class='ocrx_word' id='word_1_288' title='bbox 1104 2238 1320 2300; x_wconf 87' lang='lat' dir='ltr'><strong>captum</strong></span> <span class='ocrx_word' id='word_1_289' title='bbox 1370 2245 1559 2286; x_wconf 89' lang='lat' dir='ltr'><strong>secum</strong></span> <span class='ocrx_word' id='word_1_290' title='bbox 1601 2231 1818 2286; x_wconf 79' lang='lat' dir='ltr'><strong>devexit</strong></span> <span class='ocrx_word' id='word_1_291' title='bbox 1860 2231 1912 2286; x_wconf 91' lang='lat' dir='ltr'><strong>in</strong></span> <span class='ocrx_word' id='word_1_292' title='bbox 1958 2230 2095 2285; x_wconf 89' lang='lat' dir='ltr'><strong>Sue-</strong></span> 
     </span>
    </p>
   </div>
   <div class='ocr_carea' id='block_1_39' title="bbox 502 2321 2098 2393">
    <p class='ocr_par' dir='ltr' id='par_1_39' title="bbox 502 2321 2098 2393">
     <span class='ocr_line' id='line_1_39' title="bbox 502 2321 2098 2393; baseline 0.002 -18"><span class='ocrx_word' id='word_1_293' title='bbox 502 2322 644 2376; x_wconf 85' lang='lat' dir='ltr'><strong>viam</strong></span> <span class='ocrx_word' id='word_1_294' title='bbox 660 2321 903 2393; x_wconf 73' lang='lat' dir='ltr'><strong>(51),ubi</strong></span> <span class='ocrx_word' id='word_1_295' title='bbox 926 2337 1031 2377; x_wconf 92' lang='lat' dir='ltr'><strong>non</strong></span> <span class='ocrx_word' id='word_1_296' title='bbox 1058 2322 1226 2377; x_wconf 89' lang='lat' dir='ltr'><strong>multo</strong></span> <span class='ocrx_word' id='word_1_297' title='bbox 1248 2331 1369 2392; x_wconf 91' lang='lat' dir='ltr'><strong>post</strong></span> <span class='ocrx_word' id='word_1_298' title='bbox 1393 2324 1444 2377; x_wconf 90' lang='lat' dir='ltr'><strong>in</strong></span> <span class='ocrx_word' id='word_1_299' title='bbox 1469 2322 1884 2378; x_wconf 80' lang='lat' dir='ltr'><strong>amaritudine&quot;</strong></span> <span class='ocrx_word' id='word_1_300' title='bbox 1902 2321 2098 2378; x_wconf 84' lang='lat' dir='ltr'><strong>animae</strong></span> 
     </span>
    </p>
   </div>
   <div class='ocr_carea' id='block_1_40' title="bbox 502 2411 1518 2483">
    <p class='ocr_par' dir='ltr' id='par_1_40' title="bbox 502 2411 1518 2483">
     <span class='ocr_line' id='line_1_40' title="bbox 502 2411 1518 2483; baseline 0 -15"><span class='ocrx_word' id='word_1_301' title='bbox 502 2411 649 2469; x_wconf 84' lang='lat' dir='ltr'><strong>diem</strong></span> <span class='ocrx_word' id='word_1_302' title='bbox 674 2412 871 2468; x_wconf 86' lang='lat' dir='ltr'><strong>clausit</strong></span> <span class='ocrx_word' id='word_1_303' title='bbox 894 2421 1198 2469; x_wconf 81' lang='lat' dir='ltr'><strong>extremum</strong></span> <span class='ocrx_word' id='word_1_304' title='bbox 1232 2413 1343 2483; x_wconf 84' lang='lat' dir='ltr'><strong>(an.</strong></span> <span class='ocrx_word' id='word_1_305' title='bbox 1371 2413 1518 2481; x_wconf 82' lang='lat'><strong>966).</strong></span> 
     </span>
    </p>
   </div>
   <div class='ocr_carea' id='block_1_41' title="bbox 570 2501 2099 2575">
    <p class='ocr_par' dir='ltr' id='par_1_41' title="bbox 570 2501 2099 2575">
     <span class='ocr_line' id='line_1_41' title="bbox 570 2501 2099 2575; baseline 0.003 -20"><span class='ocrx_word' id='word_1_306' title='bbox 570 2501 626 2555; x_wconf 85' lang='lat'><strong>8.</strong></span> <span class='ocrx_word' id='word_1_307' title='bbox 668 2501 870 2557; x_wconf 88' lang='lat' dir='ltr'><strong>Eodem</strong></span> <span class='ocrx_word' id='word_1_308' title='bbox 912 2510 1153 2572; x_wconf 90' lang='lat' dir='ltr'><strong>tempore</strong></span> <span class='ocrx_word' id='word_1_309' title='bbox 1183 2503 1417 2558; x_wconf 86' lang='lat' dir='ltr'><strong>obeunte</strong></span> <span class='ocrx_word' id='word_1_310' title='bbox 1449 2503 1752 2575; x_wconf 86' lang='lat' dir='ltr'><strong>Walperto,</strong></span> <span class='ocrx_word' id='word_1_311' title='bbox 1783 2503 2099 2560; x_wconf 73' lang='lat' dir='ltr'><strong>cathedram</strong></span> 
     </span>
    </p>
   </div>
   <div class='ocr_carea' id='block_1_42' title="bbox 501 2595 2101 2670">
    <p class='ocr_par' dir='ltr' id='par_1_42' title="bbox 501 2595 2101 2670">
     <span class='ocr_line' id='line_1_42' title="bbox 501 2595 2101 2670; baseline 0.001 -17"><span class='ocrx_word' id='word_1_312' title='bbox 501 2597 746 2667; x_wconf 81' lang='lat' dir='ltr'><strong>suscepit</strong></span> <span class='ocrx_word' id='word_1_313' title='bbox 785 2595 1048 2652; x_wconf 84' lang='lat' dir='ltr'><strong>Arnulfus</strong></span> <span class='ocrx_word' id='word_1_314' title='bbox 1082 2596 1193 2668; x_wconf 86' lang='lat' dir='ltr'><strong>(an.</strong></span> <span class='ocrx_word' id='word_1_315' title='bbox 1222 2597 1347 2663; x_wconf 89' lang='lat'><strong>970,</strong></span> <span class='ocrx_word' id='word_1_316' title='bbox 1383 2597 1524 2652; x_wconf 84' lang='lat' dir='ltr'><strong>Nov.</strong></span> <span class='ocrx_word' id='word_1_317' title='bbox 1553 2598 1630 2670; x_wconf 86' lang='lat'><strong>6),</strong></span> <span class='ocrx_word' id='word_1_318' title='bbox 1663 2614 1790 2654; x_wconf 87' lang='lat' dir='ltr'><strong>vere</strong></span> <span class='ocrx_word' id='word_1_319' title='bbox 1817 2598 2101 2655; x_wconf 88' lang='lat' dir='ltr'><strong>declinans</strong></span> 
     </span>
    </p>
   </div>
   <div class='ocr_carea' id='block_1_43' title="bbox 501 2687 2100 2761">
    <p class='ocr_par' dir='ltr' id='par_1_43' title="bbox 501 2687 2100 2761">
     <span class='ocr_line' id='line_1_43' title="bbox 501 2687 2100 2761; baseline 0.004 -20"><span class='ocrx_word' id='word_1_320' title='bbox 501 2702 532 2742; x_wconf 87' lang='lat' dir='ltr'><strong>a</strong></span> <span class='ocrx_word' id='word_1_321' title='bbox 574 2687 717 2744; x_wconf 92' lang='lat' dir='ltr'><strong>malo</strong></span> <span class='ocrx_word' id='word_1_322' title='bbox 755 2698 812 2743; x_wconf 90' lang='lat' dir='ltr'><strong>et</strong></span> <span class='ocrx_word' id='word_1_323' title='bbox 848 2687 1057 2745; x_wconf 84' lang='lat' dir='ltr'><strong>faciens</strong></span> <span class='ocrx_word' id='word_1_324' title='bbox 1098 2689 1330 2755; x_wconf 87' lang='lat' dir='ltr'><strong>bonum;</strong></span> <span class='ocrx_word' id='word_1_325' title='bbox 1379 2689 1533 2759; x_wconf 87' lang='lat' dir='ltr'><strong>cujus</strong></span> <span class='ocrx_word' id='word_1_326' title='bbox 1576 2692 1882 2761; x_wconf 86' lang='lat' dir='ltr'><strong>aequivocus</strong></span> <span class='ocrx_word' id='word_1_327' title='bbox 1923 2691 2100 2747; x_wconf 75' lang='lat' dir='ltr'><strong>existo</strong></span> 
     </span>
    </p>
   </div>
   <div class='ocr_carea' id='block_1_44' title="bbox 501 2771 2100 2851">
    <p class='ocr_par' dir='ltr' id='par_1_44' title="bbox 501 2771 2100 2851">
     <span class='ocr_line' id='line_1_44' title="bbox 501 2771 2100 2851; baseline 0.002 -17"><span class='ocrx_word' id='word_1_328' title='bbox 501 2786 778 2851; x_wconf 87' lang='lat' dir='ltr'><strong>gestorum</strong></span> <span class='ocrx_word' id='word_1_329' title='bbox 805 2780 1039 2851; x_wconf 87' lang='lat' dir='ltr'><strong>scriptor</strong></span> <span class='ocrx_word' id='word_1_330' title='bbox 1063 2794 1164 2851; x_wconf 89' lang='lat' dir='ltr'><strong>ego</strong></span> <span class='ocrx_word' id='word_1_331' title='bbox 1185 2771 1558 2850; x_wconf 66' lang='lat' dir='ltr'><strong>praesentium,</strong></span> <span class='ocrx_word' id='word_1_332' title='bbox 1589 2781 1776 2836; x_wconf 79' lang='lat' dir='ltr'><strong>fratris</strong></span> <span class='ocrx_word' id='word_1_333' title='bbox 1806 2797 1935 2837; x_wconf 85' lang='lat' dir='ltr'><strong>vero</strong></span> <span class='ocrx_word' id='word_1_334' title='bbox 1957 2782 2100 2837; x_wconf 89' lang='lat' dir='ltr'><strong>illius</strong></span> 
     </span>
    </p>
   </div>
   <div class='ocr_carea' id='block_1_45' title="bbox 501 2869 2103 2943">
    <p class='ocr_par' dir='ltr' id='par_1_45' title="bbox 501 2869 2103 2943">
     <span class='ocr_line' id='line_1_45' title="bbox 501 2869 2103 2943; baseline 0.001 -18"><span class='ocrx_word' id='word_1_335' title='bbox 501 2885 770 2941; x_wconf 88' lang='lat' dir='ltr'><strong>pronepos</strong></span> <span class='ocrx_word' id='word_1_336' title='bbox 817 2886 981 2926; x_wconf 89' lang='lat' dir='ltr'><strong>verus</strong></span> <span class='ocrx_word' id='word_1_337' title='bbox 1024 2869 1093 2925; x_wconf 75' lang='lat'><strong>“.</strong></span> <span class='ocrx_word' id='word_1_338' title='bbox 1149 2871 1320 2940; x_wconf 84' lang='lat' dir='ltr'><strong>Hujus</strong></span> <span class='ocrx_word' id='word_1_339' title='bbox 1372 2872 1428 2927; x_wconf 87' lang='lat' dir='ltr'><strong>in</strong></span> <span class='ocrx_word' id='word_1_340' title='bbox 1480 2873 1797 2943; x_wconf 87' lang='lat' dir='ltr'><strong>episcopatu</strong></span> <span class='ocrx_word' id='word_1_341' title='bbox 1844 2872 1953 2927; x_wconf 89' lang='lat' dir='ltr'><strong>vita</strong></span> <span class='ocrx_word' id='word_1_342' title='bbox 1997 2872 2103 2927; x_wconf 88' lang='lat' dir='ltr'><strong>fuit</strong></span> 
     </span>
    </p>
   </div>
   <div class='ocr_carea' id='block_1_46' title="bbox 504 2961 2101 3034">
    <p class='ocr_par' dir='ltr' id='par_1_46' title="bbox 504 2961 2101 3034">
     <span class='ocr_line' id='line_1_46' title="bbox 504 2961 2101 3034; baseline 0 -16"><span class='ocrx_word' id='word_1_343' title='bbox 504 2962 754 3027; x_wconf 90' lang='lat' dir='ltr'><strong>triennis,</strong></span> <span class='ocrx_word' id='word_1_344' title='bbox 803 2961 947 3017; x_wconf 89' lang='lat' dir='ltr'><strong>facta</strong></span> <span class='ocrx_word' id='word_1_345' title='bbox 978 2963 1024 2995; x_wconf 75' lang='lat'><strong>&quot;</strong></span> <span class='ocrx_word' id='word_1_346' title='bbox 1054 2978 1200 3017; x_wconf 90' lang='lat' dir='ltr'><strong>nunc</strong></span> <span class='ocrx_word' id='word_1_347' title='bbox 1243 2979 1343 3033; x_wconf 87' lang='lat' dir='ltr'><strong>pro</strong></span> <span class='ocrx_word' id='word_1_348' title='bbox 1383 2971 1535 3019; x_wconf 87' lang='lat' dir='ltr'><strong>certo</strong></span> <span class='ocrx_word' id='word_1_349' title='bbox 1579 2963 1791 3019; x_wconf 89' lang='lat' dir='ltr'><strong>meliori</strong></span> <span class='ocrx_word' id='word_1_350' title='bbox 1837 2962 2101 3034; x_wconf 81' lang='lat' dir='ltr'><strong>dignitate</strong></span> 
     </span>
    </p>
   </div>
   <div class='ocr_carea' id='block_1_47' title="bbox 505 3042 2171 3125">
    <p class='ocr_par' dir='ltr' id='par_1_47' title="bbox 505 3042 2171 3125">
     <span class='ocr_line' id='line_1_47' title="bbox 505 3042 2171 3125; baseline -0.001 -18"><span class='ocrx_word' id='word_1_351' title='bbox 505 3054 798 3123; x_wconf 88' lang='lat' dir='ltr'><strong>perhennis</strong></span> <span class='ocrx_word' id='word_1_352' title='bbox 824 3053 935 3121; x_wconf 86' lang='lat' dir='ltr'><strong>(an.</strong></span> <span class='ocrx_word' id='word_1_353' title='bbox 966 3053 1095 3119; x_wconf 65' lang='lat'><strong>974,</strong></span> <span class='ocrx_word' id='word_1_354' title='bbox 1126 3054 1255 3124; x_wconf 80' lang='lat' dir='ltr'><strong>Apr.</strong></span> <span class='ocrx_word' id='word_1_355' title='bbox 1284 3042 1393 3125; x_wconf 78' lang='grc'><strong>16).</strong></span> <span class='ocrx_word' id='word_1_356' title='bbox 1422 3053 1518 3109; x_wconf 87' lang='lat' dir='ltr'><strong>Cui</strong></span> <span class='ocrx_word' id='word_1_357' title='bbox 1554 3054 1817 3110; x_wconf 87' lang='lat' dir='ltr'><strong>successit</strong></span> <span class='ocrx_word' id='word_1_358' title='bbox 1844 3053 2093 3110; x_wconf 85' lang='lat' dir='ltr'><strong>Gotefre-</strong></span> <span class='ocrx_word' id='word_1_359' title='bbox 2125 3044 2171 3106; x_wconf 88' lang='lat' dir='ltr'><strong>C</strong></span> 
     </span>
    </p>
   </div>
   <div class='ocr_carea' id='block_1_48' title="bbox 505 3143 2096 3217">
    <p class='ocr_par' dir='ltr' id='par_1_48' title="bbox 505 3143 2096 3217">
     <span class='ocr_line' id='line_1_48' title="bbox 505 3143 2096 3217; baseline 0.004 -19"><span class='ocrx_word' id='word_1_360' title='bbox 505 3144 628 3205; x_wconf 83' lang='lat' dir='ltr'><strong>dus,</strong></span> <span class='ocrx_word' id='word_1_361' title='bbox 659 3143 835 3213; x_wconf 92' lang='lat' dir='ltr'><strong>primo</strong></span> <span class='ocrx_word' id='word_1_362' title='bbox 861 3143 1077 3213; x_wconf 88' lang='lat' dir='ltr'><strong>quidem</strong></span> <span class='ocrx_word' id='word_1_363' title='bbox 1103 3158 1134 3197; x_wconf 92' lang='lat' dir='ltr'><strong>a</strong></span> <span class='ocrx_word' id='word_1_364' title='bbox 1160 3144 1305 3199; x_wconf 92' lang='lat' dir='ltr'><strong>clero</strong></span> <span class='ocrx_word' id='word_1_365' title='bbox 1350 3146 1672 3214; x_wconf 88' lang='lat' dir='ltr'><strong>reprobatus</strong></span> <span class='ocrx_word' id='word_1_366' title='bbox 1698 3155 1752 3201; x_wconf 90' lang='lat' dir='ltr'><strong>et</strong></span> <span class='ocrx_word' id='word_1_367' title='bbox 1780 3146 1999 3217; x_wconf 91' lang='lat' dir='ltr'><strong>populo,</strong></span> <span class='ocrx_word' id='word_1_368' title='bbox 2031 3162 2096 3204; x_wconf 92' lang='lat' dir='ltr'><strong>eo</strong></span> 
     </span>
    </p>
   </div>
   <div class='ocr_carea' id='block_1_49' title="bbox 507 3233 2102 3304">
    <p class='ocr_par' dir='ltr' id='par_1_49' title="bbox 507 3233 2102 3304">
     <span class='ocr_line' id='line_1_49' title="bbox 507 3233 2102 3304; baseline 0.006 -19"><span class='ocrx_word' id='word_1_369' title='bbox 507 3235 650 3304; x_wconf 88' lang='lat' dir='ltr'><strong>quod</strong></span> <span class='ocrx_word' id='word_1_370' title='bbox 679 3233 1072 3289; x_wconf 88' lang='lat' dir='ltr'><strong>sacerdotalem</strong></span> <span class='ocrx_word' id='word_1_371' title='bbox 1099 3234 1186 3290; x_wconf 91' lang='lat' dir='ltr'><strong>vel</strong></span> <span class='ocrx_word' id='word_1_372' title='bbox 1212 3235 1485 3290; x_wconf 85' lang='lat' dir='ltr'><strong>leviticum</strong></span> <span class='ocrx_word' id='word_1_373' title='bbox 1513 3237 1752 3292; x_wconf 90' lang='lat' dir='ltr'><strong>nondum</strong></span> <span class='ocrx_word' id='word_1_374' title='bbox 1781 3239 2102 3294; x_wconf 85' lang='lat' dir='ltr'><strong>ascenderat</strong></span> 
     </span>
    </p>
   </div>
   <div class='ocr_carea' id='block_1_50' title="bbox 508 3322 2101 3400">
    <p class='ocr_par' dir='ltr' id='par_1_50' title="bbox 508 3322 2101 3400">
     <span class='ocr_line' id='line_1_50' title="bbox 508 3322 2101 3400; baseline 0.006 -23"><span class='ocrx_word' id='word_1_375' title='bbox 508 3322 768 3394; x_wconf 87' lang='lat' dir='ltr'><strong>gradum,</strong></span> <span class='ocrx_word' id='word_1_376' title='bbox 819 3323 1183 3380; x_wconf 84' lang='lat' dir='ltr'><strong>subdiaconus</strong></span> <span class='ocrx_word' id='word_1_377' title='bbox 1222 3334 1461 3393; x_wconf 90' lang='lat' dir='ltr'><strong>tantum;</strong></span> <span class='ocrx_word' id='word_1_378' title='bbox 1511 3336 1757 3385; x_wconf 80' lang='lat' dir='ltr'><strong>extrema</strong></span> <span class='ocrx_word' id='word_1_379' title='bbox 1797 3344 1928 3385; x_wconf 86' lang='lat' dir='ltr'><strong>vero</strong></span> <span class='ocrx_word' id='word_1_380' title='bbox 1968 3344 2101 3400; x_wconf 85' lang='lat' dir='ltr'><strong>pace</strong></span> 
     </span>
    </p>
   </div>
   <div class='ocr_carea' id='block_1_51' title="bbox 510 3414 2100 3488">
    <p class='ocr_par' dir='ltr' id='par_1_51' title="bbox 510 3414 2100 3488">
     <span class='ocr_line' id='line_1_51' title="bbox 510 3414 2100 3488; baseline 0.005 -20"><span class='ocrx_word' id='word_1_381' title='bbox 510 3423 762 3482; x_wconf 88' lang='lat' dir='ltr'><strong>receptus</strong></span> <span class='ocrx_word' id='word_1_382' title='bbox 791 3415 951 3485; x_wconf 72' lang='lat' dir='ltr'><strong>regite</strong></span> <span class='ocrx_word' id='word_1_383' title='bbox 977 3414 1255 3471; x_wconf 86' lang='lat' dir='ltr'><strong>fidelitatis</strong></span> <span class='ocrx_word' id='word_1_384' title='bbox 1278 3417 1475 3488; x_wconf 86' lang='lat' dir='ltr'><strong>gratia,</strong></span> <span class='ocrx_word' id='word_1_385' title='bbox 1504 3427 1694 3474; x_wconf 90' lang='lat' dir='ltr'><strong>contra</strong></span> <span class='ocrx_word' id='word_1_386' title='bbox 1728 3418 1865 3475; x_wconf 92' lang='lat' dir='ltr'><strong>fllios</strong></span> <span class='ocrx_word' id='word_1_387' title='bbox 1897 3420 2100 3476; x_wconf 88' lang='lat' dir='ltr'><strong>Beren-</strong></span> 
     </span>
    </p>
   </div>
   <div class='ocr_carea' id='block_1_52' title="bbox 510 3504 2099 3584">
    <p class='ocr_par' dir='ltr' id='par_1_52' title="bbox 510 3504 2099 3584">
     <span class='ocr_line' id='line_1_52' title="bbox 510 3504 2099 3584; baseline 0.006 -26"><span class='ocrx_word' id='word_1_388' title='bbox 510 3505 647 3576; x_wconf 88' lang='lat' dir='ltr'><strong>garii</strong></span> <span class='ocrx_word' id='word_1_389' title='bbox 695 3505 996 3561; x_wconf 87' lang='lat' dir='ltr'><strong>dimicavit.</strong></span> <span class='ocrx_word' id='word_1_390' title='bbox 1048 3504 1290 3574; x_wconf 77' lang='lat' dir='ltr'><strong>Querum</strong></span> <span class='ocrx_word' id='word_1_391' title='bbox 1337 3508 1570 3566; x_wconf 89' lang='lat' dir='ltr'><strong>Widone</strong></span> <span class='ocrx_word' id='word_1_392' title='bbox 1623 3511 1913 3568; x_wconf 87' lang='lat' dir='ltr'><strong>interfecto</strong></span> <span class='ocrx_word' id='word_1_393' title='bbox 1962 3512 2099 3584; x_wconf 70' lang='lat'><strong>(52),</strong></span> 
     </span>
    </p>
   </div>
   <div class='ocr_carea' id='block_1_53' title="bbox 511 3597 2103 3671">
    <p class='ocr_par' dir='ltr' id='par_1_53' title="bbox 511 3597 2103 3671">
     <span class='ocr_line' id='line_1_53' title="bbox 511 3597 2103 3671; baseline 0.004 -19"><span class='ocrx_word' id='word_1_394' title='bbox 511 3597 733 3653; x_wconf 90' lang='lat' dir='ltr'><strong>Conone</strong></span> <span class='ocrx_word' id='word_1_395' title='bbox 764 3599 1012 3668; x_wconf 86' lang='lat' dir='ltr'><strong>pactione</strong></span> <span class='ocrx_word' id='word_1_396' title='bbox 1036 3600 1222 3668; x_wconf 89' lang='lat' dir='ltr'><strong>quieto</strong></span> <span class='ocrx_word' id='word_1_397' title='bbox 1243 3600 1376 3671; x_wconf 77' lang='lat'><strong>(55),</strong></span> <span class='ocrx_word' id='word_1_398' title='bbox 1406 3601 1726 3659; x_wconf 83' lang='lat' dir='ltr'><strong>Adclbertus</strong></span> <span class='ocrx_word' id='word_1_399' title='bbox 1753 3603 1965 3659; x_wconf 55' lang='lat' dir='ltr'><strong>exteris</strong></span> <span class='ocrx_word' id='word_1_400' title='bbox 1988 3604 2103 3658; x_wconf 90' lang='lat' dir='ltr'><strong>ani-</strong></span> 
     </span>
    </p>
   </div>
   <div class='ocr_carea' id='block_1_54' title="bbox 514 3688 2106 3752">
    <p class='ocr_par' dir='ltr' id='par_1_54' title="bbox 514 3688 2106 3752">
     <span class='ocr_line' id='line_1_54' title="bbox 514 3688 2106 3752; baseline 0.006 -10"><span class='ocrx_word' id='word_1_401' title='bbox 514 3688 719 3743; x_wconf 89' lang='lat' dir='ltr'><strong>mosior</strong></span> <span class='ocrx_word' id='word_1_402' title='bbox 746 3689 934 3745; x_wconf 90' lang='lat' dir='ltr'><strong>diebus</strong></span> <span class='ocrx_word' id='word_1_403' title='bbox 964 3690 1089 3745; x_wconf 75' lang='lat' dir='ltr'><strong>vitae</strong></span> <span class='ocrx_word' id='word_1_404' title='bbox 1118 3692 1370 3748; x_wconf 86' lang='lat' dir='ltr'><strong>omnibus</strong></span> <span class='ocrx_word' id='word_1_405' title='bbox 1403 3692 1449 3724; x_wconf 82' lang='lat'><strong>&#39;°</strong></span> <span class='ocrx_word' id='word_1_406' title='bbox 1483 3693 1656 3749; x_wconf 85' lang='lat' dir='ltr'><strong>factus</strong></span> <span class='ocrx_word' id='word_1_407' title='bbox 1684 3702 1768 3750; x_wconf 87' lang='lat' dir='ltr'><strong>est</strong></span> <span class='ocrx_word' id='word_1_408' title='bbox 1803 3695 1856 3749; x_wconf 93' lang='lat' dir='ltr'><strong>in</strong></span> <span class='ocrx_word' id='word_1_409' title='bbox 1892 3695 2106 3752; x_wconf 83' lang='lat' dir='ltr'><strong>diversa</strong></span> 
     </span>
    </p>
   </div>
   <div class='ocr_carea' id='block_1_55' title="bbox 515 3778 1711 3852">
    <p class='ocr_par' dir='ltr' id='par_1_55' title="bbox 515 3778 1711 3852">
     <span class='ocr_line' id='line_1_55' title="bbox 515 3778 1711 3852; baseline 0 -19"><span class='ocrx_word' id='word_1_410' title='bbox 515 3778 795 3852; x_wconf 77' lang='lat' dir='ltr'><strong>profugus.</strong></span> <span class='ocrx_word' id='word_1_411' title='bbox 1708 3806 1711 3807; x_wconf 52' lang='grc' dir='ltr'><em>ν</em></span> 
     </span>
    </p>
   </div>
   <div class='ocr_carea' id='block_1_56' title="bbox 584 3871 2104 3949">
    <p class='ocr_par' dir='ltr' id='par_1_56' title="bbox 584 3871 2104 3949">
     <span class='ocr_line' id='line_1_56' title="bbox 584 3871 2104 3949; baseline 0.006 -22"><span class='ocrx_word' id='word_1_412' title='bbox 584 3871 637 3927; x_wconf 85' lang='lat'><strong>9.</strong></span> <span class='ocrx_word' id='word_1_413' title='bbox 656 3871 856 3927; x_wconf 82' lang='lat' dir='ltr'><strong>Deinde</strong></span> <span class='ocrx_word' id='word_1_414' title='bbox 881 3872 1081 3930; x_wconf 91' lang='lat' dir='ltr'><strong>Ottone</strong></span> <span class='ocrx_word' id='word_1_415' title='bbox 1103 3883 1316 3931; x_wconf 81' lang='lat' dir='ltr'><strong>mortuo</strong></span> <span class='ocrx_word' id='word_1_416' title='bbox 1337 3874 1614 3947; x_wconf 76' lang='lat' dir='ltr'><strong>(an.973),</strong></span> <span class='ocrx_word' id='word_1_417' title='bbox 1638 3879 1890 3949; x_wconf 81' lang='lat' dir='ltr'><strong>regnavit</strong></span> <span class='ocrx_word' id='word_1_418' title='bbox 1914 3894 2013 3949; x_wconf 87' lang='lat' dir='ltr'><strong>pro</strong></span> <span class='ocrx_word' id='word_1_419' title='bbox 2038 3894 2104 3936; x_wconf 84' lang='lat' dir='ltr'><strong>eo</strong></span> 
     </span>
    </p>
   </div>
   <div class='ocr_carea' id='block_1_57' title="bbox 515 3961 2099 4041">
    <p class='ocr_par' dir='ltr' id='par_1_57' title="bbox 515 3961 2099 4041">
     <span class='ocr_line' id='line_1_57' title="bbox 515 3961 2099 4041; baseline 0.005 -24"><span class='ocrx_word' id='word_1_420' title='bbox 515 3961 633 4030; x_wconf 87' lang='lat' dir='ltr'><strong>ejus</strong></span> <span class='ocrx_word' id='word_1_421' title='bbox 659 3963 704 3994; x_wconf 83' lang='lat'>“</span> <span class='ocrx_word' id='word_1_422' title='bbox 741 3962 982 4033; x_wconf 88' lang='lat' dir='ltr'><strong>ejusdem</strong></span> <span class='ocrx_word' id='word_1_423' title='bbox 1007 3966 1240 4022; x_wconf 89' lang='lat' dir='ltr'><strong>nominis</strong></span> <span class='ocrx_word' id='word_1_424' title='bbox 1260 3966 1421 4035; x_wconf 86' lang='lat' dir='ltr'><strong>ﬂlius,</strong></span> <span class='ocrx_word' id='word_1_425' title='bbox 1454 3983 1581 4024; x_wconf 91' lang='lat' dir='ltr'><strong>acer</strong></span> <span class='ocrx_word' id='word_1_426' title='bbox 1603 3970 1656 4024; x_wconf 92' lang='lat' dir='ltr'><strong>in</strong></span> <span class='ocrx_word' id='word_1_427' title='bbox 1688 3971 1876 4033; x_wconf 89' lang='lat' dir='ltr'><strong>armis,</strong></span> <span class='ocrx_word' id='word_1_428' title='bbox 1926 3986 2099 4041; x_wconf 78' lang='lat' dir='ltr'><strong>sagax</strong></span> 
     </span>
    </p>
   </div>
   <div class='ocr_carea' id='block_1_58' title="bbox 517 4054 2099 4130">
    <p class='ocr_par' dir='ltr' id='par_1_58' title="bbox 517 4054 2099 4130">
     <span class='ocr_line' id='line_1_58' title="bbox 517 4054 2099 4130; baseline 0.005 -21"><span class='ocrx_word' id='word_1_429' title='bbox 517 4054 761 4125; x_wconf 85' lang='lat' dir='ltr'><strong>ingenio;</strong></span> <span class='ocrx_word' id='word_1_430' title='bbox 787 4056 879 4125; x_wconf 93' lang='lat' dir='ltr'><strong>qui</strong></span> <span class='ocrx_word' id='word_1_431' title='bbox 901 4055 1102 4112; x_wconf 61' lang='lat' dir='ltr'><strong>Graeca:</strong></span> <span class='ocrx_word' id='word_1_432' title='bbox 1127 4059 1371 4114; x_wconf 71' lang='lat' dir='ltr'><strong>mulieris</strong></span> <span class='ocrx_word' id='word_1_433' title='bbox 1399 4060 1629 4130; x_wconf 86' lang='lat' dir='ltr'><strong>adeptus</strong></span> <span class='ocrx_word' id='word_1_434' title='bbox 1652 4063 2099 4129; x_wconf 90' lang='lat' dir='ltr'><strong>contubernium,</strong></span> 
     </span>
    </p>
   </div>
   <div class='ocr_carea' id='block_1_59' title="bbox 518 4147 2108 4219">
    <p class='ocr_par' dir='ltr' id='par_1_59' title="bbox 518 4147 2108 4219">
     <span class='ocr_line' id='line_1_59' title="bbox 518 4147 2108 4219; baseline 0.006 -18"><span class='ocrx_word' id='word_1_435' title='bbox 518 4147 779 4203; x_wconf 86' lang='lat' dir='ltr'><strong>industria</strong></span> <span class='ocrx_word' id='word_1_436' title='bbox 807 4149 1072 4219; x_wconf 85' lang='lat' dir='ltr'><strong>sapientis</strong></span> <span class='ocrx_word' id='word_1_437' title='bbox 1096 4151 1369 4207; x_wconf 70' lang='lat' dir='ltr'><strong>Adeleidaa</strong></span> <span class='ocrx_word' id='word_1_438' title='bbox 1404 4154 1595 4209; x_wconf 88' lang='lat' dir='ltr'><strong>matris</strong></span> <span class='ocrx_word' id='word_1_439' title='bbox 1645 4154 1952 4210; x_wconf 84' lang='lat' dir='ltr'><strong>Romanum</strong></span> <span class='ocrx_word' id='word_1_440' title='bbox 1991 4155 2108 4211; x_wconf 80' lang='lat' dir='ltr'><strong>feli-</strong></span> 
     </span>
    </p>
   </div>
   <div class='ocr_carea' id='block_1_60' title="bbox 2199 1771 3819 1838">
    <p class='ocr_par' dir='ltr' id='par_1_60' title="bbox 2199 1771 3819 1838">
     <span class='ocr_line' id='line_1_60' title="bbox 2199 1771 3819 1838; baseline -0.004 -9"><span class='ocrx_word' id='word_1_441' title='bbox 2199 1775 2463 1838; x_wconf 85' lang='lat' dir='ltr'><strong>riudutos,</strong></span> <span class='ocrx_word' id='word_1_442' title='bbox 2499 1774 2686 1829; x_wconf 88' lang='lat' dir='ltr'><strong>subtus</strong></span> <span class='ocrx_word' id='word_1_443' title='bbox 2719 1783 2897 1827; x_wconf 84' lang='lat' dir='ltr'><strong>autem</strong></span> <span class='ocrx_word' id='word_1_444' title='bbox 2929 1773 3204 1828; x_wconf 82' lang='lat' dir='ltr'><strong>accinctos</strong></span> <span class='ocrx_word' id='word_1_445' title='bbox 3229 1771 3606 1836; x_wconf 85' lang='lat' dir='ltr'><strong>mucronibus,</strong></span> <span class='ocrx_word' id='word_1_446' title='bbox 3682 1785 3819 1824; x_wconf 66' lang='lat' dir='ltr'><strong>mn-</strong></span> 
     </span>
    </p>
   </div>
   <div class='ocr_carea' id='block_1_61' title="bbox 2198 1862 3811 1941">
    <p class='ocr_par' dir='ltr' id='par_1_61' title="bbox 2198 1862 3811 1941">
     <span class='ocr_line' id='line_1_61' title="bbox 2198 1862 3811 1941; baseline -0.004 -20"><span class='ocrx_word' id='word_1_447' title='bbox 2198 1867 2408 1922; x_wconf 86' lang='lat' dir='ltr'><strong>tissime</strong></span> <span class='ocrx_word' id='word_1_448' title='bbox 2436 1866 2620 1921; x_wconf 85' lang='lat' dir='ltr'><strong>venire</strong></span> <span class='ocrx_word' id='word_1_449' title='bbox 2648 1864 2944 1941; x_wconf 81' lang='lat' dir='ltr'><strong>mandavit.</strong></span> <span class='ocrx_word' id='word_1_450' title='bbox 2974 1863 3075 1920; x_wconf 87' lang='lat' dir='ltr'><strong>Ubi</strong></span> <span class='ocrx_word' id='word_1_451' title='bbox 3100 1879 3232 1918; x_wconf 87' lang='lat' dir='ltr'><strong>vero</strong></span> <span class='ocrx_word' id='word_1_452' title='bbox 3263 1862 3497 1934; x_wconf 87' lang='lat' dir='ltr'><strong>ingressi</strong></span> <span class='ocrx_word' id='word_1_453' title='bbox 3541 1872 3673 1919; x_wconf 90' lang='lat' dir='ltr'><strong>sunt</strong></span> <span class='ocrx_word' id='word_1_454' title='bbox 3709 1878 3811 1915; x_wconf 82' lang='lat' dir='ltr'><strong>na-</strong></span> 
     </span>
    </p>
   </div>
   <div class='ocr_carea' id='block_1_62' title="bbox 2197 1954 3804 2025">
    <p class='ocr_par' dir='ltr' id='par_1_62' title="bbox 2197 1954 3804 2025">
     <span class='ocr_line' id='line_1_62' title="bbox 2197 1954 3804 2025; baseline -0.004 -13"><span class='ocrx_word' id='word_1_455' title='bbox 2197 1972 2340 2025; x_wconf 81' lang='lat' dir='ltr'><strong>vem;</strong></span> <span class='ocrx_word' id='word_1_456' title='bbox 2378 1959 2522 2014; x_wconf 89' lang='lat' dir='ltr'><strong>illico</strong></span> <span class='ocrx_word' id='word_1_457' title='bbox 2552 1960 2824 2013; x_wconf 87' lang='lat' dir='ltr'><strong>irruentes</strong></span> <span class='ocrx_word' id='word_1_458' title='bbox 2863 1957 2918 2010; x_wconf 87' lang='lat' dir='ltr'><strong>in</strong></span> <span class='ocrx_word' id='word_1_459' title='bbox 2954 1956 3161 2021; x_wconf 88' lang='lat' dir='ltr'><strong>hostes,</strong></span> <span class='ocrx_word' id='word_1_460' title='bbox 3213 1954 3519 2025; x_wconf 80' lang='lat' dir='ltr'><strong>evaginatis</strong></span> <span class='ocrx_word' id='word_1_461' title='bbox 3568 1954 3804 2009; x_wconf 77' lang='lat' dir='ltr'><strong>ensibus</strong></span> 
     </span>
    </p>
   </div>
   <div class='ocr_carea' id='block_1_63' title="bbox 2199 2047 3812 2121">
    <p class='ocr_par' dir='ltr' id='par_1_63' title="bbox 2199 2047 3812 2121">
     <span class='ocr_line' id='line_1_63' title="bbox 2199 2047 3812 2121; baseline -0.005 -14"><span class='ocrx_word' id='word_1_462' title='bbox 2199 2050 2824 2121; x_wconf 67' lang='lat' dir='ltr'><strong>indill‘erenterquosque</strong></span> <span class='ocrx_word' id='word_1_463' title='bbox 2853 2047 3143 2104; x_wconf 89' lang='lat' dir='ltr'><strong>trucidant.</strong></span> <span class='ocrx_word' id='word_1_464' title='bbox 3172 2048 3393 2102; x_wconf 90' lang='lat' dir='ltr'><strong>lnterim</strong></span> <span class='ocrx_word' id='word_1_465' title='bbox 3419 2047 3562 2102; x_wconf 89' lang='lat' dir='ltr'><strong>saltu</strong></span> <span class='ocrx_word' id='word_1_466' title='bbox 3590 2047 3812 2116; x_wconf 80' lang='lat' dir='ltr'><strong>percito</strong></span> 
     </span>
    </p>
   </div>
   <div class='ocr_carea' id='block_1_64' title="bbox 2199 2140 3808 2217">
    <p class='ocr_par' dir='ltr' id='par_1_64' title="bbox 2199 2140 3808 2217">
     <span class='ocr_line' id='line_1_64' title="bbox 2199 2140 3808 2217; baseline -0.004 -18"><span class='ocrx_word' id='word_1_467' title='bbox 2199 2146 2493 2217; x_wconf 81' lang='lat' dir='ltr'><strong>prosiliens</strong></span> <span class='ocrx_word' id='word_1_468' title='bbox 2531 2146 2828 2215; x_wconf 88' lang='lat' dir='ltr'><strong>imperator</strong></span> <span class='ocrx_word' id='word_1_469' title='bbox 2867 2143 2920 2198; x_wconf 90' lang='lat' dir='ltr'><strong>in</strong></span> <span class='ocrx_word' id='word_1_470' title='bbox 2961 2142 3203 2213; x_wconf 86' lang='lat' dir='ltr'><strong>pelagus,</strong></span> <span class='ocrx_word' id='word_1_471' title='bbox 3246 2142 3490 2195; x_wconf 84' lang='lat' dir='ltr'><strong>natando</strong></span> <span class='ocrx_word' id='word_1_472' title='bbox 3536 2141 3717 2195; x_wconf 85' lang='lat' dir='ltr'><strong>evasit</strong></span> <span class='ocrx_word' id='word_1_473' title='bbox 3739 2140 3808 2193; x_wconf 89' lang='lat' dir='ltr'><strong>ad</strong></span> 
     </span>
    </p>
   </div>
   <div class='ocr_carea' id='block_1_65' title="bbox 2200 2231 3809 2294">
    <p class='ocr_par' dir='ltr' id='par_1_65' title="bbox 2200 2231 3809 2294">
     <span class='ocr_line' id='line_1_65' title="bbox 2200 2231 3809 2294; baseline -0.006 0"><span class='ocrx_word' id='word_1_474' title='bbox 2200 2238 2353 2294; x_wconf 89' lang='lat' dir='ltr'><strong>littus</strong></span> <span class='ocrx_word' id='word_1_475' title='bbox 2398 2238 2535 2293; x_wconf 89' lang='lat' dir='ltr'><strong>liber</strong></span> <span class='ocrx_word' id='word_1_476' title='bbox 2580 2247 2635 2292; x_wconf 90' lang='lat' dir='ltr'><strong>et</strong></span> <span class='ocrx_word' id='word_1_477' title='bbox 2703 2237 2879 2292; x_wconf 57' lang='lat' dir='ltr'><strong>laetus.</strong></span> <span class='ocrx_word' id='word_1_478' title='bbox 2943 2233 3100 2290; x_wconf 85' lang='lat' dir='ltr'><strong>Unde</strong></span> <span class='ocrx_word' id='word_1_479' title='bbox 3139 2231 3419 2290; x_wconf 81' lang='lat' dir='ltr'><strong>terrefacti</strong></span> <span class='ocrx_word' id='word_1_480' title='bbox 3474 2234 3809 2287; x_wconf 73' lang='lat' dir='ltr'><strong>transierunt</strong></span> 
     </span>
    </p>
   </div>
   <div class='ocr_carea' id='block_1_66' title="bbox 2200 2328 3805 2401">
    <p class='ocr_par' dir='ltr' id='par_1_66' title="bbox 2200 2328 3805 2401">
     <span class='ocr_line' id='line_1_66' title="bbox 2200 2328 3805 2401; baseline -0.002 -15"><span class='ocrx_word' id='word_1_481' title='bbox 2200 2330 2387 2387; x_wconf 87' lang='lat' dir='ltr'><strong>hostes</strong></span> <span class='ocrx_word' id='word_1_482' title='bbox 2414 2331 2480 2386; x_wconf 89' lang='lat' dir='ltr'><strong>ad</strong></span> <span class='ocrx_word' id='word_1_483' title='bbox 2503 2329 2723 2401; x_wconf 89' lang='lat' dir='ltr'><strong>propria</strong></span> <span class='ocrx_word' id='word_1_484' title='bbox 2752 2328 2819 2383; x_wconf 73' lang='grc' dir='ltr'><strong>θ’.</strong></span> <span class='ocrx_word' id='word_1_485' title='bbox 2856 2330 2932 2384; x_wconf 90' lang='lat' dir='ltr'><strong>De</strong></span> <span class='ocrx_word' id='word_1_486' title='bbox 2972 2338 3173 2385; x_wconf 65' lang='lat' dir='ltr'><strong>caetero</strong></span> <span class='ocrx_word' id='word_1_487' title='bbox 3199 2328 3497 2397; x_wconf 81' lang='lat' dir='ltr'><strong>disponens</strong></span> <span class='ocrx_word' id='word_1_488' title='bbox 3522 2343 3805 2396; x_wconf 84' lang='lat' dir='ltr'><strong>aequoreas</strong></span> 
     </span>
    </p>
   </div>
   <div class='ocr_carea' id='block_1_67' title="bbox 2202 2418 3805 2494">
    <p class='ocr_par' dir='ltr' id='par_1_67' title="bbox 2202 2418 3805 2494">
     <span class='ocr_line' id='line_1_67' title="bbox 2202 2418 3805 2494; baseline -0.004 -14"><span class='ocrx_word' id='word_1_489' title='bbox 2202 2426 2375 2480; x_wconf 91' lang='lat' dir='ltr'><strong>undas</strong></span> <span class='ocrx_word' id='word_1_490' title='bbox 2402 2421 2726 2494; x_wconf 83' lang='lat' dir='ltr'><strong>potestative</strong></span> <span class='ocrx_word' id='word_1_491' title='bbox 2742 2437 2866 2478; x_wconf 93' lang='lat' dir='ltr'><strong>cum</strong></span> <span class='ocrx_word' id='word_1_492' title='bbox 2885 2421 3032 2476; x_wconf 89' lang='lat' dir='ltr'><strong>omni</strong></span> <span class='ocrx_word' id='word_1_493' title='bbox 3059 2430 3395 2475; x_wconf 77' lang='lat' dir='ltr'><strong>transmeare</strong></span> <span class='ocrx_word' id='word_1_494' title='bbox 3420 2418 3467 2450; x_wconf 82' lang='lat'>“</span> <span class='ocrx_word' id='word_1_495' title='bbox 3496 2419 3673 2486; x_wconf 87' lang='lat' dir='ltr'><strong>Italia,</strong></span> <span class='ocrx_word' id='word_1_496' title='bbox 3708 2434 3805 2490; x_wconf 86' lang='lat' dir='ltr'><strong>per</strong></span> 
     </span>
    </p>
   </div>
   <div class='ocr_carea' id='block_1_68' title="bbox 2201 2514 3805 2586">
    <p class='ocr_par' dir='ltr' id='par_1_68' title="bbox 2201 2514 3805 2586">
     <span class='ocr_line' id='line_1_68' title="bbox 2201 2514 3805 2586; baseline -0.002 -14"><span class='ocrx_word' id='word_1_497' title='bbox 2201 2518 2518 2572; x_wconf 88' lang='lat' dir='ltr'><strong>universum</strong></span> <span class='ocrx_word' id='word_1_498' title='bbox 2553 2531 2778 2586; x_wconf 89' lang='lat' dir='ltr'><strong>regnum</strong></span> <span class='ocrx_word' id='word_1_499' title='bbox 2805 2515 2994 2571; x_wconf 90' lang='lat' dir='ltr'><strong>dilatat</strong></span> <span class='ocrx_word' id='word_1_500' title='bbox 3016 2514 3283 2570; x_wconf 87' lang='lat' dir='ltr'><strong>militandi</strong></span> <span class='ocrx_word' id='word_1_501' title='bbox 3313 2525 3667 2584; x_wconf 64' lang='lat' dir='ltr'><strong>prmceptum.</strong></span> <span class='ocrx_word' id='word_1_502' title='bbox 3699 2515 3805 2570; x_wconf 79' lang='lat' dir='ltr'><strong>Sed</strong></span> 
     </span>
    </p>
   </div>
   <div class='ocr_carea' id='block_1_69' title="bbox 2201 2605 3797 2679">
    <p class='ocr_par' dir='ltr' id='par_1_69' title="bbox 2201 2605 3797 2679">
     <span class='ocr_line' id='line_1_69' title="bbox 2201 2605 3797 2679; baseline -0.004 -14"><span class='ocrx_word' id='word_1_503' title='bbox 2201 2609 2312 2665; x_wconf 89' lang='lat' dir='ltr'><strong>Deo</strong></span> <span class='ocrx_word' id='word_1_504' title='bbox 2337 2608 2497 2663; x_wconf 88' lang='lat' dir='ltr'><strong>aliter</strong></span> <span class='ocrx_word' id='word_1_505' title='bbox 2531 2608 2872 2679; x_wconf 89' lang='lat' dir='ltr'><strong>providente,</strong></span> <span class='ocrx_word' id='word_1_506' title='bbox 2913 2606 3077 2661; x_wconf 89' lang='lat' dir='ltr'><strong>rebus</strong></span> <span class='ocrx_word' id='word_1_507' title='bbox 3109 2605 3346 2661; x_wconf 79' lang='lat' dir='ltr'><strong>excessit</strong></span> <span class='ocrx_word' id='word_1_508' title='bbox 3398 2605 3657 2660; x_wconf 87' lang='lat' dir='ltr'><strong>humanis</strong></span> <span class='ocrx_word' id='word_1_509' title='bbox 3688 2607 3797 2677; x_wconf 73' lang='lat' dir='ltr'><strong>(an.</strong></span> 
     </span>
    </p>
   </div>
   <div class='ocr_carea' id='block_1_70' title="bbox 2201 2698 3800 2773">
    <p class='ocr_par' dir='ltr' id='par_1_70' title="bbox 2201 2698 3800 2773">
     <span class='ocr_line' id='line_1_70' title="bbox 2201 2698 3800 2773; baseline -0.006 -15"><span class='ocrx_word' id='word_1_510' title='bbox 2201 2701 2326 2769; x_wconf 76' lang='lat'><strong>985,</strong></span> <span class='ocrx_word' id='word_1_511' title='bbox 2359 2701 2480 2756; x_wconf 88' lang='lat' dir='ltr'><strong>Dec.</strong></span> <span class='ocrx_word' id='word_1_512' title='bbox 2516 2700 2596 2773; x_wconf 89' lang='lat'><strong>7),</strong></span> <span class='ocrx_word' id='word_1_513' title='bbox 2629 2702 2782 2772; x_wconf 79' lang='lat' dir='ltr'><strong>juxta</strong></span> <span class='ocrx_word' id='word_1_514' title='bbox 2807 2699 2935 2755; x_wconf 89' lang='lat' dir='ltr'><strong>illud</strong></span> <span class='ocrx_word' id='word_1_515' title='bbox 2960 2714 2974 2753; x_wconf 92' lang='lat'><strong>:</strong></span> <span class='ocrx_word' id='word_1_516' title='bbox 3003 2698 3110 2753; x_wconf 88' lang='lat' dir='ltr'><strong>Cor</strong></span> <span class='ocrx_word' id='word_1_517' title='bbox 3131 2699 3363 2753; x_wconf 81' lang='lat' dir='ltr'><strong>hominis</strong></span> <span class='ocrx_word' id='word_1_518' title='bbox 3407 2698 3638 2768; x_wconf 76' lang='lat' dir='ltr'><strong>disponit</strong></span> <span class='ocrx_word' id='word_1_519' title='bbox 3662 2700 3800 2750; x_wconf 73' lang='lat' dir='ltr'><strong>viam</strong></span> 
     </span>
    </p>
   </div>
   <div class='ocr_carea' id='block_1_71' title="bbox 2202 2773 3797 2861">
    <p class='ocr_par' dir='ltr' id='par_1_71' title="bbox 2202 2773 3797 2861">
     <span class='ocr_line' id='line_1_71' title="bbox 2202 2773 3797 2861; baseline -0.006 -13"><span class='ocrx_word' id='word_1_520' title='bbox 2202 2809 2355 2848; x_wconf 86' lang='lat' dir='ltr'><strong>suam</strong></span> <span class='ocrx_word' id='word_1_521' title='bbox 2376 2809 2397 2858; x_wconf 88' lang='lat'><em>;</em></span> <span class='ocrx_word' id='word_1_522' title='bbox 2424 2791 2640 2847; x_wconf 86' lang='lat' dir='ltr'><strong>Domini</strong></span> <span class='ocrx_word' id='word_1_523' title='bbox 2673 2804 2847 2846; x_wconf 70' lang='lat' dir='ltr'><strong>ament</strong></span> <span class='ocrx_word' id='word_1_524' title='bbox 2868 2799 2942 2845; x_wconf 82' lang='lat' dir='ltr'><strong>est</strong></span> <span class='ocrx_word' id='word_1_525' title='bbox 2970 2790 3196 2861; x_wconf 82' lang='lat' dir='ltr'><strong>dirigere</strong></span> <span class='ocrx_word' id='word_1_526' title='bbox 3219 2805 3428 2859; x_wconf 80' lang='lat' dir='ltr'><strong>gressus</strong></span> <span class='ocrx_word' id='word_1_527' title='bbox 3469 2788 3584 2857; x_wconf 80' lang='lat' dir='ltr'><strong>ejus</strong></span> <span class='ocrx_word' id='word_1_528' title='bbox 3604 2773 3797 2856; x_wconf 68' lang='grc' dir='ltr'><strong>’(Ρτυυ.</strong></span> 
     </span>
    </p>
   </div>
   <div class='ocr_carea' id='block_1_72' title="bbox 2204 2880 3801 2957">
    <p class='ocr_par' dir='ltr' id='par_1_72' title="bbox 2204 2880 3801 2957">
     <span class='ocr_line' id='line_1_72' title="bbox 2204 2880 3801 2957; baseline -0.005 -18"><span class='ocrx_word' id='word_1_529' title='bbox 2204 2884 2424 2957; x_wconf 84' lang='lat' dir='ltr'><strong>xvt,9).</strong></span> <span class='ocrx_word' id='word_1_530' title='bbox 2472 2885 2569 2940; x_wconf 91' lang='lat' dir='ltr'><strong>Cui</strong></span> <span class='ocrx_word' id='word_1_531' title='bbox 2626 2885 2679 2939; x_wconf 91' lang='lat' dir='ltr'><strong>in</strong></span> <span class='ocrx_word' id='word_1_532' title='bbox 2717 2882 3015 2938; x_wconf 74' lang='lat' dir='ltr'><strong>Alcmanize</strong></span> <span class='ocrx_word' id='word_1_533' title='bbox 3066 2882 3313 2952; x_wconf 64' lang='lat' dir='ltr'><strong>panibus</strong></span> <span class='ocrx_word' id='word_1_534' title='bbox 3350 2880 3623 2951; x_wconf 88' lang='lat' dir='ltr'><strong>superfuit</strong></span> <span class='ocrx_word' id='word_1_535' title='bbox 3668 2892 3801 2948; x_wconf 86' lang='lat' dir='ltr'><strong>puer</strong></span> 
     </span>
    </p>
   </div>
   <div class='ocr_carea' id='block_1_73' title="bbox 2204 2972 3775 3045">
    <p class='ocr_par' dir='ltr' id='par_1_73' title="bbox 2204 2972 3775 3045">
     <span class='ocr_line' id='line_1_73' title="bbox 2204 2972 3775 3045; baseline -0.004 -14"><span class='ocrx_word' id='word_1_536' title='bbox 2204 2976 2288 3031; x_wconf 90' lang='lat' dir='ltr'><strong>sui</strong></span> <span class='ocrx_word' id='word_1_537' title='bbox 2320 2975 2557 3031; x_wconf 91' lang='lat' dir='ltr'><strong>nominis</strong></span> <span class='ocrx_word' id='word_1_538' title='bbox 2582 2974 2745 3041; x_wconf 86' lang='lat' dir='ltr'><strong>filius,</strong></span> <span class='ocrx_word' id='word_1_539' title='bbox 2772 2988 2867 3030; x_wconf 78' lang='lat' dir='ltr'><strong>rex</strong></span> <span class='ocrx_word' id='word_1_540' title='bbox 2904 2982 3123 3030; x_wconf 90' lang='lat' dir='ltr'><strong>mortuo</strong></span> <span class='ocrx_word' id='word_1_541' title='bbox 3150 2972 3269 3045; x_wconf 62' lang='lat' dir='ltr'><strong>(5t)</strong></span> <span class='ocrx_word' id='word_1_542' title='bbox 3309 2980 3467 3041; x_wconf 89' lang='lat' dir='ltr'><strong>patre</strong></span> <span class='ocrx_word' id='word_1_543' title='bbox 3488 2979 3732 3026; x_wconf 86' lang='lat' dir='ltr'><strong>creatus.</strong></span> <span class='ocrx_word' id='word_1_544' title='bbox 3768 2992 3775 2997; x_wconf 65' lang='grc' dir='ltr'><strong><em>ο</em></strong></span> 
     </span>
    </p>
   </div>
   <div class='ocr_carea' id='block_1_74' title="bbox 2275 3062 3802 3134">
    <p class='ocr_par' dir='ltr' id='par_1_74' title="bbox 2275 3062 3802 3134">
     <span class='ocr_line' id='line_1_74' title="bbox 2275 3062 3802 3134; baseline -0.005 -10"><span class='ocrx_word' id='word_1_545' title='bbox 2275 3069 2362 3124; x_wconf 88' lang='grc'><strong>10.</strong></span> <span class='ocrx_word' id='word_1_546' title='bbox 2391 3069 2512 3125; x_wconf 84' lang='lat' dir='ltr'><strong>Jam</strong></span> <span class='ocrx_word' id='word_1_547' title='bbox 2541 3068 2686 3123; x_wconf 90' lang='lat' dir='ltr'><strong>enim</strong></span> <span class='ocrx_word' id='word_1_548' title='bbox 2728 3075 3071 3124; x_wconf 84' lang='lat' dir='ltr'><strong>successerat</strong></span> <span class='ocrx_word' id='word_1_549' title='bbox 3116 3065 3408 3123; x_wconf 86' lang='lat' dir='ltr'><strong>Gotefredo</strong></span> <span class='ocrx_word' id='word_1_550' title='bbox 3456 3062 3802 3134; x_wconf 77' lang='lat' dir='ltr'><strong>Landulpluts</strong></span> 
     </span>
    </p>
   </div>
   <div class='ocr_carea' id='block_1_75' title="bbox 2206 3156 3802 3233">
    <p class='ocr_par' dir='ltr' id='par_1_75' title="bbox 2206 3156 3802 3233">
     <span class='ocr_line' id='line_1_75' title="bbox 2206 3156 3802 3233; baseline -0.004 -16"><span class='ocrx_word' id='word_1_551' title='bbox 2206 3164 2669 3233; x_wconf 88' lang='lat' dir='ltr'><strong>archiepiscopus,</strong></span> <span class='ocrx_word' id='word_1_552' title='bbox 2722 3162 2813 3232; x_wconf 90' lang='lat' dir='ltr'><strong>qui</strong></span> <span class='ocrx_word' id='word_1_553' title='bbox 2851 3169 3075 3232; x_wconf 88' lang='lat' dir='ltr'><strong>propter</strong></span> <span class='ocrx_word' id='word_1_554' title='bbox 3123 3159 3347 3217; x_wconf 91' lang='lat' dir='ltr'><strong>nimiam</strong></span> <span class='ocrx_word' id='word_1_555' title='bbox 3408 3158 3583 3229; x_wconf 88' lang='lat' dir='ltr'><strong>patris</strong></span> <span class='ocrx_word' id='word_1_556' title='bbox 3605 3174 3669 3213; x_wconf 90' lang='lat' dir='ltr'><strong>ac</strong></span> <span class='ocrx_word' id='word_1_557' title='bbox 3693 3156 3802 3212; x_wconf 74' lang='lat' dir='ltr'><strong>fra-</strong></span> 
     </span>
    </p>
   </div>
   <div class='ocr_carea' id='block_1_76' title="bbox 2206 3250 3801 3325">
    <p class='ocr_par' dir='ltr' id='par_1_76' title="bbox 2206 3250 3801 3325">
     <span class='ocr_line' id='line_1_76' title="bbox 2206 3250 3801 3325; baseline -0.006 -13"><span class='ocrx_word' id='word_1_558' title='bbox 2206 3265 2351 3312; x_wconf 89' lang='lat' dir='ltr'><strong>trum</strong></span> <span class='ocrx_word' id='word_1_559' title='bbox 2381 3254 2747 3318; x_wconf 88' lang='lat' dir='ltr'><strong>insolentiam,</strong></span> <span class='ocrx_word' id='word_1_560' title='bbox 2784 3268 3005 3325; x_wconf 87' lang='lat' dir='ltr'><strong>gravem</strong></span> <span class='ocrx_word' id='word_1_561' title='bbox 3029 3252 3211 3324; x_wconf 88' lang='lat' dir='ltr'><strong>populi</strong></span> <span class='ocrx_word' id='word_1_562' title='bbox 3234 3267 3531 3324; x_wconf 88' lang='lat' dir='ltr'><strong>perpessus</strong></span> <span class='ocrx_word' id='word_1_563' title='bbox 3558 3264 3640 3306; x_wconf 87' lang='lat' dir='ltr'><strong>est</strong></span> <span class='ocrx_word' id='word_1_564' title='bbox 3663 3250 3801 3305; x_wconf 82' lang='lat' dir='ltr'><strong>invi-</strong></span> 
     </span>
    </p>
   </div>
   <div class='ocr_carea' id='block_1_77' title="bbox 2207 3338 3801 3414">
    <p class='ocr_par' dir='ltr' id='par_1_77' title="bbox 2207 3338 3801 3414">
     <span class='ocr_line' id='line_1_77' title="bbox 2207 3338 3801 3414; baseline -0.004 -11"><span class='ocrx_word' id='word_1_565' title='bbox 2207 3348 2466 3403; x_wconf 86' lang='lat' dir='ltr'><strong>dentiam.</strong></span> <span class='ocrx_word' id='word_1_566' title='bbox 2494 3345 2775 3401; x_wconf 88' lang='lat' dir='ltr'><strong>lnstabant</strong></span> <span class='ocrx_word' id='word_1_567' title='bbox 2812 3345 2959 3399; x_wconf 89' lang='lat' dir='ltr'><strong>enim</strong></span> <span class='ocrx_word' id='word_1_568' title='bbox 2986 3344 3033 3375; x_wconf 82' lang='grc'><strong>⁸³</strong></span> <span class='ocrx_word' id='word_1_569' title='bbox 3049 3359 3159 3414; x_wconf 63' lang='lat' dir='ltr'><strong>prae</strong></span> <span class='ocrx_word' id='word_1_570' title='bbox 3184 3343 3366 3408; x_wconf 89' lang='lat' dir='ltr'><strong>solito,</strong></span> <span class='ocrx_word' id='word_1_571' title='bbox 3395 3344 3637 3399; x_wconf 82' lang='lat' dir='ltr'><strong>civitatis</strong></span> <span class='ocrx_word' id='word_1_572' title='bbox 3656 3338 3801 3396; x_wconf 78' lang='lat' dir='ltr'><strong>abuti</strong></span> 
     </span>
    </p>
   </div>
   <div class='ocr_carea' id='block_1_78' title="bbox 2208 3434 3802 3506">
    <p class='ocr_par' dir='ltr' id='par_1_78' title="bbox 2208 3434 3802 3506">
     <span class='ocr_line' id='line_1_78' title="bbox 2208 3434 3802 3506; baseline -0.003 -14"><span class='ocrx_word' id='word_1_573' title='bbox 2208 3436 2472 3492; x_wconf 91' lang='lat' dir='ltr'><strong>dominio.</strong></span> <span class='ocrx_word' id='word_1_574' title='bbox 2508 3434 2663 3490; x_wconf 89' lang='lat' dir='ltr'><strong>Unde</strong></span> <span class='ocrx_word' id='word_1_575' title='bbox 2691 3436 2838 3491; x_wconf 87' lang='lat' dir='ltr'><strong>cives</strong></span> <span class='ocrx_word' id='word_1_576' title='bbox 2858 3434 3143 3506; x_wconf 88' lang='lat' dir='ltr'><strong>indignati,</strong></span> <span class='ocrx_word' id='word_1_577' title='bbox 3169 3450 3276 3489; x_wconf 92' lang='lat' dir='ltr'><strong>una</strong></span> <span class='ocrx_word' id='word_1_578' title='bbox 3308 3449 3432 3490; x_wconf 85' lang='lat' dir='ltr'><strong>sese</strong></span> <span class='ocrx_word' id='word_1_579' title='bbox 3463 3435 3738 3504; x_wconf 77' lang='lat' dir='ltr'><strong>coniurati</strong></span> <span class='ocrx_word' id='word_1_580' title='bbox 3759 3434 3802 3464; x_wconf 78' lang='lat'><strong>“</strong></span> 
     </span>
    </p>
   </div>
   <div class='ocr_carea' id='block_1_79' title="bbox 2209 3526 3803 3601">
    <p class='ocr_par' dir='ltr' id='par_1_79' title="bbox 2209 3526 3803 3601">
     <span class='ocr_line' id='line_1_79' title="bbox 2209 3526 3803 3601; baseline -0.002 -16"><span class='ocrx_word' id='word_1_581' title='bbox 2209 3530 2567 3585; x_wconf 80' lang='lat' dir='ltr'><strong>strinxerunt.</strong></span> <span class='ocrx_word' id='word_1_582' title='bbox 2592 3527 2721 3583; x_wconf 83' lang='lat' dir='ltr'><strong>Inde</strong></span> <span class='ocrx_word' id='word_1_583' title='bbox 2761 3526 2937 3582; x_wconf 88' lang='lat' dir='ltr'><strong>civilis</strong></span> <span class='ocrx_word' id='word_1_584' title='bbox 2970 3528 3167 3583; x_wconf 89' lang='lat' dir='ltr'><strong>seditio</strong></span> <span class='ocrx_word' id='word_1_585' title='bbox 3191 3543 3257 3584; x_wconf 83' lang='lat' dir='ltr'><strong>ac</strong></span> <span class='ocrx_word' id='word_1_586' title='bbox 3274 3528 3643 3601; x_wconf 65' lang='lat' dir='ltr'><strong>&#39;partiumest</strong></span> <span class='ocrx_word' id='word_1_587' title='bbox 3666 3528 3803 3584; x_wconf 80' lang='lat' dir='ltr'><strong>facta</strong></span> 
     </span>
    </p>
   </div>
   <div class='ocr_carea' id='block_1_80' title="bbox 2213 3619 3802 3690">
    <p class='ocr_par' dir='ltr' id='par_1_80' title="bbox 2213 3619 3802 3690">
     <span class='ocr_line' id='line_1_80' title="bbox 2213 3619 3802 3690; baseline -0.002 -14"><span class='ocrx_word' id='word_1_588' title='bbox 2213 3621 2426 3676; x_wconf 86' lang='lat' dir='ltr'><strong>divisio.</strong></span> <span class='ocrx_word' id='word_1_589' title='bbox 2460 3620 2666 3689; x_wconf 85' lang='lat' dir='ltr'><strong>Quibus</strong></span> <span class='ocrx_word' id='word_1_590' title='bbox 2696 3619 2912 3675; x_wconf 89' lang='lat' dir='ltr'><strong>assidue</strong></span> <span class='ocrx_word' id='word_1_591' title='bbox 2942 3619 3268 3685; x_wconf 79' lang='lat' dir='ltr'><strong>rixantibus,</strong></span> <span class='ocrx_word' id='word_1_592' title='bbox 3294 3634 3433 3690; x_wconf 87' lang='lat' dir='ltr'><strong>gran</strong></span> <span class='ocrx_word' id='word_1_593' title='bbox 3458 3620 3507 3674; x_wconf 92' lang='lat' dir='ltr'><strong>&#39;e</strong></span> <span class='ocrx_word' id='word_1_594' title='bbox 3558 3621 3802 3674; x_wconf 85' lang='lat' dir='ltr'><strong>commis-</strong></span> 
     </span>
    </p>
   </div>
   <div class='ocr_carea' id='block_1_81' title="bbox 2214 3709 3803 3780">
    <p class='ocr_par' dir='ltr' id='par_1_81' title="bbox 2214 3709 3803 3780">
     <span class='ocr_line' id='line_1_81' title="bbox 2214 3709 3803 3780; baseline -0.001 -13"><span class='ocrx_word' id='word_1_595' title='bbox 2214 3726 2335 3767; x_wconf 90' lang='lat' dir='ltr'><strong>sum</strong></span> <span class='ocrx_word' id='word_1_596' title='bbox 2365 3719 2451 3767; x_wconf 92' lang='lat' dir='ltr'><strong>est</strong></span> <span class='ocrx_word' id='word_1_597' title='bbox 2482 3712 2536 3766; x_wconf 88' lang='lat' dir='ltr'><strong>in</strong></span> <span class='ocrx_word' id='word_1_598' title='bbox 2573 3712 2709 3766; x_wconf 89' lang='lat' dir='ltr'><strong>urbe</strong></span> <span class='ocrx_word' id='word_1_599' title='bbox 2745 3718 3047 3765; x_wconf 83' lang='lat' dir='ltr'><strong>certamen.</strong></span> <span class='ocrx_word' id='word_1_600' title='bbox 3104 3709 3305 3764; x_wconf 73' lang='lat' dir='ltr'><strong>Videns</strong></span> <span class='ocrx_word' id='word_1_601' title='bbox 3353 3720 3540 3766; x_wconf 87' lang='lat' dir='ltr'><strong>au&#39;em</strong></span> <span class='ocrx_word' id='word_1_602' title='bbox 3585 3728 3646 3766; x_wconf 91' lang='lat' dir='ltr'><strong>se</strong></span> <span class='ocrx_word' id='word_1_603' title='bbox 3670 3726 3803 3780; x_wconf 65' lang='lat' dir='ltr'><strong>prm-</strong></span> 
     </span>
    </p>
   </div>
   <div class='ocr_carea' id='block_1_82' title="bbox 2214 3800 3803 3873">
    <p class='ocr_par' dir='ltr' id='par_1_82' title="bbox 2214 3800 3803 3873">
     <span class='ocr_line' id='line_1_82' title="bbox 2214 3800 3803 3873; baseline -0.001 -14"><span class='ocrx_word' id='word_1_604' title='bbox 2214 3805 2431 3873; x_wconf 86' lang='lat' dir='ltr'><strong>gravari</strong></span> <span class='ocrx_word' id='word_1_605' title='bbox 2459 3804 2698 3873; x_wconf 89' lang='lat' dir='ltr'><strong>undique</strong></span> <span class='ocrx_word' id='word_1_606' title='bbox 2733 3802 2954 3873; x_wconf 70' lang='lat' dir='ltr'><strong>pmsul,</strong></span> <span class='ocrx_word' id='word_1_607' title='bbox 2993 3817 3094 3857; x_wconf 91' lang='lat' dir='ltr'><strong>nec</strong></span> <span class='ocrx_word' id='word_1_608' title='bbox 3112 3816 3274 3871; x_wconf 89' lang='lat' dir='ltr'><strong>posse</strong></span> <span class='ocrx_word' id='word_1_609' title='bbox 3306 3800 3580 3868; x_wconf 62' lang='lat' dir='ltr'><strong>sumi-ere,</strong></span> <span class='ocrx_word' id='word_1_610' title='bbox 3610 3804 3803 3859; x_wconf 86' lang='lat' dir='ltr'><strong>disces-</strong></span> 
     </span>
    </p>
   </div>
   <div class='ocr_carea' id='block_1_83' title="bbox 2212 3892 3803 3966">
    <p class='ocr_par' dir='ltr' id='par_1_83' title="bbox 2212 3892 3803 3966">
     <span class='ocr_line' id='line_1_83' title="bbox 2212 3892 3803 3966; baseline -0.001 -15"><span class='ocrx_word' id='word_1_611' title='bbox 2212 3895 2284 3951; x_wconf 88' lang='lat' dir='ltr'><strong>sit</strong></span> <span class='ocrx_word' id='word_1_612' title='bbox 2310 3896 2378 3951; x_wconf 89' lang='lat' dir='ltr'><strong>ab</strong></span> <span class='ocrx_word' id='word_1_613' title='bbox 2390 3896 2524 3951; x_wconf 88' lang='lat' dir='ltr'><strong>urbe</strong></span> <span class='ocrx_word' id='word_1_614' title='bbox 2550 3910 2673 3951; x_wconf 88' lang='lat' dir='ltr'><strong>eum</strong></span> <span class='ocrx_word' id='word_1_615' title='bbox 2698 3894 2981 3959; x_wconf 89' lang='lat' dir='ltr'><strong>fratribus,</strong></span> <span class='ocrx_word' id='word_1_616' title='bbox 3005 3892 3196 3949; x_wconf 88' lang='lat' dir='ltr'><strong>relicto</strong></span> <span class='ocrx_word' id='word_1_617' title='bbox 3224 3904 3376 3964; x_wconf 87' lang='lat' dir='ltr'><strong>patre</strong></span> <span class='ocrx_word' id='word_1_618' title='bbox 3402 3894 3542 3965; x_wconf 75' lang='lat'><strong>(55),</strong></span> <span class='ocrx_word' id='word_1_619' title='bbox 3574 3897 3668 3966; x_wconf 88' lang='lat' dir='ltr'><strong>qui</strong></span> <span class='ocrx_word' id='word_1_620' title='bbox 3698 3894 3803 3949; x_wconf 86' lang='lat' dir='ltr'><strong>fue-</strong></span> 
     </span>
    </p>
   </div>
   <div class='ocr_carea' id='block_1_84' title="bbox 2214 3987 3801 4057">
    <p class='ocr_par' dir='ltr' id='par_1_84' title="bbox 2214 3987 3801 4057">
     <span class='ocr_line' id='line_1_84' title="bbox 2214 3987 3801 4057; baseline -0.001 -14"><span class='ocrx_word' id='word_1_621' title='bbox 2214 3997 2299 4043; x_wconf 87' lang='lat' dir='ltr'><strong>rat</strong></span> <span class='ocrx_word' id='word_1_622' title='bbox 2325 3989 2439 4057; x_wconf 90' lang='lat' dir='ltr'><strong>jam</strong></span> <span class='ocrx_word' id='word_1_623' title='bbox 2470 4003 2630 4043; x_wconf 89' lang='lat' dir='ltr'><strong>senes</strong></span> <span class='ocrx_word' id='word_1_624' title='bbox 2682 3996 2738 4042; x_wconf 89' lang='lat' dir='ltr'><strong>et</strong></span> <span class='ocrx_word' id='word_1_625' title='bbox 2768 3987 2975 4042; x_wconf 83' lang='lat' dir='ltr'><strong>viribus</strong></span> <span class='ocrx_word' id='word_1_626' title='bbox 3023 3987 3306 4042; x_wconf 84' lang='lat' dir='ltr'><strong>imbecillis</strong></span> <span class='ocrx_word' id='word_1_627' title='bbox 3333 3987 3399 4038; x_wconf 80' lang='grc'><strong>⁸⁸.</strong></span> <span class='ocrx_word' id='word_1_628' title='bbox 3445 3988 3801 4054; x_wconf 74' lang='lat' dir='ltr'><strong>Quamobrem</strong></span> 
     </span>
    </p>
   </div>
   <div class='ocr_carea' id='block_1_85' title="bbox 2215 4066 3804 4123">
    <p class='ocr_par' dir='ltr' id='par_1_85' title="bbox 2215 4066 3804 4123">
     <span class='ocr_line' id='line_1_85' title="bbox 2215 4066 3804 4123; baseline -0.001 0"><span class='ocrx_word' id='word_1_629' title='bbox 2215 4067 2463 4123; x_wconf 68' lang='lat' dir='ltr'><strong>ecclesia:</strong></span> <span class='ocrx_word' id='word_1_630' title='bbox 2497 4066 2785 4123; x_wconf 86' lang='lat' dir='ltr'><strong>facultates</strong></span> <span class='ocrx_word' id='word_1_631' title='bbox 2850 4076 2906 4121; x_wconf 88' lang='lat' dir='ltr'><strong>et</strong></span> <span class='ocrx_word' id='word_1_632' title='bbox 2933 4066 3101 4120; x_wconf 88' lang='lat' dir='ltr'><strong>multa</strong></span> <span class='ocrx_word' id='word_1_633' title='bbox 3152 4066 3480 4121; x_wconf 83' lang='lat' dir='ltr'><strong>clericorum</strong></span> <span class='ocrx_word' id='word_1_634' title='bbox 3534 4069 3804 4123; x_wconf 83' lang='lat' dir='ltr'><strong>distrhuit</strong></span> 
     </span>
    </p>
   </div>
   <div class='ocr_carea' id='block_1_86' title="bbox 2212 4157 3803 4215">
    <p class='ocr_par' dir='ltr' id='par_1_86' title="bbox 2212 4157 3803 4215">
     <span class='ocr_line' id='line_1_86' title="bbox 2212 4157 3803 4215; baseline -0.002 -1"><span class='ocrx_word' id='word_1_635' title='bbox 2212 4159 2478 4215; x_wconf 91' lang='lat' dir='ltr'><strong>militibus</strong></span> <span class='ocrx_word' id='word_1_636' title='bbox 2506 4158 2787 4215; x_wconf 86' lang='lat' dir='ltr'><strong>beneficia.</strong></span> <span class='ocrx_word' id='word_1_637' title='bbox 2818 4157 3018 4213; x_wconf 88' lang='lat' dir='ltr'><strong>lterum</strong></span> <span class='ocrx_word' id='word_1_638' title='bbox 3034 4167 3213 4214; x_wconf 89' lang='lat' dir='ltr'><strong>autem</strong></span> <span class='ocrx_word' id='word_1_639' title='bbox 3230 4157 3460 4214; x_wconf 89' lang='lat' dir='ltr'><strong>collecto</strong></span> <span class='ocrx_word' id='word_1_640' title='bbox 3486 4174 3555 4213; x_wconf 82' lang='lat' dir='ltr'><strong>ex</strong></span> <span class='ocrx_word' id='word_1_641' title='bbox 3587 4159 3803 4214; x_wconf 79' lang='lat' dir='ltr'><strong>diversis</strong></span> 
     </span>
    </p>
   </div>
   <div class='ocr_carea' id='block_1_87' title="bbox 517 4240 3798 4331">
    <p class='ocr_par' dir='ltr' id='par_1_87' title="bbox 517 4240 3798 4331">
     <span class='ocr_line' id='line_1_87' title="bbox 517 4240 3798 4331; baseline 0.002 -36"><span class='ocrx_word' id='word_1_642' title='bbox 517 4240 656 4295; x_wconf 90' lang='lat' dir='ltr'><strong>citer</strong></span> <span class='ocrx_word' id='word_1_643' title='bbox 688 4240 940 4297; x_wconf 88' lang='lat' dir='ltr'><strong>solidavit</strong></span> <span class='ocrx_word' id='word_1_644' title='bbox 986 4244 1295 4315; x_wconf 89' lang='lat' dir='ltr'><strong>imperium.</strong></span> <span class='ocrx_word' id='word_1_645' title='bbox 1334 4244 1533 4301; x_wconf 78' lang='lat' dir='ltr'><strong>Exiens</strong></span> <span class='ocrx_word' id='word_1_646' title='bbox 1585 4260 1716 4303; x_wconf 89' lang='lat' dir='ltr'><strong>vero</strong></span> <span class='ocrx_word' id='word_1_647' title='bbox 1751 4246 2102 4331; x_wconf 86' lang='lat' dir='ltr'><strong>aGermania</strong></span> <span class='ocrx_word' id='word_1_648' title='bbox 2144 4250 2461 4323; x_wconf 78' lang='lat' dir='ltr'><strong>Dpartibus</strong></span> <span class='ocrx_word' id='word_1_649' title='bbox 2508 4250 2743 4322; x_wconf 84' lang='lat' dir='ltr'><strong>agmine,</strong></span> <span class='ocrx_word' id='word_1_650' title='bbox 2791 4249 3261 4307; x_wconf 81' lang='lat' dir='ltr'><strong>conﬂixiteisdem</strong></span> <span class='ocrx_word' id='word_1_651' title='bbox 3307 4265 3434 4305; x_wconf 86' lang='lat' dir='ltr'><strong>cum</strong></span> <span class='ocrx_word' id='word_1_652' title='bbox 3482 4249 3698 4305; x_wconf 86' lang='lat' dir='ltr'><strong>civibus</strong></span> <span class='ocrx_word' id='word_1_653' title='bbox 3750 4250 3798 4304; x_wconf 89' lang='lat' dir='ltr'><strong>in</strong></span> 
     </span>
    </p>
   </div>
   <div class='ocr_carea' id='block_1_88' title="bbox 1818 4405 2494 4466">
    <p class='ocr_par' dir='ltr' id='par_1_88' title="bbox 1818 4405 2494 4466">
     <span class='ocr_line' id='line_1_88' title="bbox 1818 4405 2494 4466; baseline 0.001 -4"><span class='ocrx_word' id='word_1_654' title='bbox 1818 4407 1905 4463; x_wconf 83' lang='lat' dir='ltr'><strong>VA</strong></span> <span class='ocrx_word' id='word_1_655' title='bbox 1917 4405 2051 4462; x_wconf 72' lang='lat' dir='ltr'><strong>RLE</strong></span> <span class='ocrx_word' id='word_1_656' title='bbox 2086 4406 2494 4466; x_wconf 81' lang='lat' dir='ltr'><strong>LECTIONES.</strong></span> 
     </span>
    </p>
   </div>
   <div class='ocr_carea' id='block_1_89' title="bbox 593 4513 1426 4572">
    <p class='ocr_par' dir='ltr' id='par_1_89' title="bbox 593 4513 1426 4572">
     <span class='ocr_line' id='line_1_89' title="bbox 593 4513 1426 4572; baseline 0.004 -3"><span class='ocrx_word' id='word_1_657' title='bbox 593 4513 641 4547; x_wconf 69' lang='lat'><em>“</em></span> <span class='ocrx_word' id='word_1_658' title='bbox 673 4513 906 4570; x_wconf 85' lang='lat' dir='ltr'><strong>Lilulfus</strong></span> <span class='ocrx_word' id='word_1_659' title='bbox 949 4516 1153 4570; x_wconf 81' lang='lat' dir='ltr'><strong>addunt</strong></span> <span class='ocrx_word' id='word_1_660' title='bbox 1185 4516 1244 4572; x_wconf 88' lang='grc' dir='ltr'><strong>Β.</strong></span> <span class='ocrx_word' id='word_1_661' title='bbox 1281 4516 1426 4572; x_wconf 78' lang='lat' dir='ltr'><strong>Mur.</strong></span> 
     </span>
    </p>
   </div>
   <div class='ocr_carea' id='block_1_90' title="bbox 526 4584 1371 4642">
    <p class='ocr_par' dir='ltr' id='par_1_90' title="bbox 526 4584 1371 4642">
     <span class='ocr_line' id='line_1_90' title="bbox 526 4584 1371 4642; baseline 0.004 -3"><span class='ocrx_word' id='word_1_662' title='bbox 526 4584 817 4639; x_wconf 85' lang='lat' dir='ltr'><strong>ritudiuem</strong></span> <span class='ocrx_word' id='word_1_663' title='bbox 849 4585 888 4638; x_wconf 89' lang='grc' dir='ltr'><strong>Β</strong></span> <span class='ocrx_word' id='word_1_664' title='bbox 914 4588 963 4640; x_wconf 91' lang='grc'><strong>1.</strong></span> <span class='ocrx_word' id='word_1_665' title='bbox 992 4596 1046 4640; x_wconf 86' lang='lat' dir='ltr'><strong>at</strong></span> <span class='ocrx_word' id='word_1_666' title='bbox 1092 4604 1193 4641; x_wconf 82' lang='lat' dir='ltr'><strong>non</strong></span> <span class='ocrx_word' id='word_1_667' title='bbox 1224 4588 1265 4641; x_wconf 90' lang='lat' dir='ltr'><strong>B</strong></span> <span class='ocrx_word' id='word_1_668' title='bbox 1293 4590 1371 4642; x_wconf 78' lang='lat'><strong>2&#39;.</strong></span> 
     </span>
    </p>
   </div>
   <div class='ocr_carea' id='block_1_91' title="bbox 526 4655 2663 4731">
    <p class='ocr_par' dir='ltr' id='par_1_91' title="bbox 526 4655 2663 4731">
     <span class='ocr_line' id='line_1_91' title="bbox 526 4655 2663 4731; baseline 0.005 -23"><span class='ocrx_word' id='word_1_669' title='bbox 526 4655 784 4731; x_wconf 40' lang='lat' dir='ltr'><strong>armilqu</strong></span> <span class='ocrx_word' id='word_1_670' title='bbox 809 4668 1077 4731; x_wconf 66' lang='lat' dir='ltr'><strong>pronepos</strong></span> <span class='ocrx_word' id='word_1_671' title='bbox 1104 4656 1290 4731; x_wconf 78' lang='lat' dir='ltr'><strong>fratris</strong></span> <span class='ocrx_word' id='word_1_672' title='bbox 1318 4659 1463 4714; x_wconf 90' lang='lat' dir='ltr'><strong>illius</strong></span> <span class='ocrx_word' id='word_1_673' title='bbox 1490 4655 1888 4731; x_wconf 76' lang='lat' dir='ltr'><strong>archiepiscopi</strong></span> <span class='ocrx_word' id='word_1_674' title='bbox 1917 4665 2151 4723; x_wconf 86' lang='lat' dir='ltr'><strong>Amulli.</strong></span> <span class='ocrx_word' id='word_1_675' title='bbox 2223 4666 2269 4697; x_wconf 79' lang='lat'><strong>”</strong></span> <span class='ocrx_word' id='word_1_676' title='bbox 2308 4665 2488 4720; x_wconf 85' lang='lat' dir='ltr'><strong>factus</strong></span> <span class='ocrx_word' id='word_1_677' title='bbox 2515 4655 2570 4721; x_wconf 70' lang='lat'><strong>3.</strong></span> <span class='ocrx_word' id='word_1_678' title='bbox 2601 4664 2663 4718; x_wconf 88' lang='grc' dir='ltr'><strong>Β.</strong></span> 
     </span>
    </p>
   </div>
   <div class='ocr_carea' id='block_1_92' title="bbox 527 4724 2224 4795">
    <p class='ocr_par' dir='ltr' id='par_1_92' title="bbox 527 4724 2224 4795">
     <span class='ocr_line' id='line_1_92' title="bbox 527 4724 2224 4795; baseline 0.006 -14"><span class='ocrx_word' id='word_1_679' title='bbox 527 4725 588 4781; x_wconf 91' lang='grc' dir='ltr'><strong>Β.</strong></span> <span class='ocrx_word' id='word_1_680' title='bbox 615 4724 758 4779; x_wconf 80' lang='lat' dir='ltr'><strong>Mur.</strong></span> <span class='ocrx_word' id='word_1_681' title='bbox 812 4724 886 4757; x_wconf 21' lang='lat' dir='ltr'><strong>V&quot;</strong></span> <span class='ocrx_word' id='word_1_682' title='bbox 913 4724 1057 4783; x_wconf 53' lang='lat' dir='ltr'><strong>Efv.</strong></span> <span class='ocrx_word' id='word_1_683' title='bbox 1088 4743 1118 4782; x_wconf 90' lang='lat' dir='ltr'><strong>a</strong></span> <span class='ocrx_word' id='word_1_684' title='bbox 1139 4729 1206 4795; x_wconf 89' lang='lat' dir='ltr'><strong>G,</strong></span> <span class='ocrx_word' id='word_1_685' title='bbox 1252 4730 1439 4784; x_wconf 84' lang='lat' dir='ltr'><strong>desunt</strong></span> <span class='ocrx_word' id='word_1_686' title='bbox 1462 4732 1520 4784; x_wconf 88' lang='grc' dir='ltr'><strong>Β.</strong></span> <span class='ocrx_word' id='word_1_687' title='bbox 1579 4732 1627 4765; x_wconf 82' lang='grc'><strong>⁵³</strong></span> <span class='ocrx_word' id='word_1_688' title='bbox 1649 4724 1954 4788; x_wconf 76' lang='lat' dir='ltr'><strong>Calabriam</strong></span> <span class='ocrx_word' id='word_1_689' title='bbox 1985 4736 2038 4791; x_wconf 82' lang='grc'><strong>5.</strong></span> <span class='ocrx_word' id='word_1_690' title='bbox 2112 4736 2159 4768; x_wconf 67' lang='grc'><strong>⁸⁸</strong></span> <span class='ocrx_word' id='word_1_691' title='bbox 2183 4735 2224 4791; x_wconf 86' lang='grc' dir='ltr'><strong>Ι.</strong></span> 
     </span>
    </p>
   </div>
   <div class='ocr_carea' id='block_1_93' title="bbox 528 4796 1497 4867">
    <p class='ocr_par' dir='ltr' id='par_1_93' title="bbox 528 4796 1497 4867">
     <span class='ocr_line' id='line_1_93' title="bbox 528 4796 1497 4867; baseline 0.006 -18"><span class='ocrx_word' id='word_1_692' title='bbox 528 4810 755 4867; x_wconf 79' lang='lat' dir='ltr'><strong>prosper</strong></span> <span class='ocrx_word' id='word_1_693' title='bbox 797 4796 920 4852; x_wconf 93' lang='lat' dir='ltr'><strong>belli</strong></span> <span class='ocrx_word' id='word_1_694' title='bbox 945 4803 1208 4854; x_wconf 89' lang='lat' dir='ltr'><strong>successit</strong></span> <span class='ocrx_word' id='word_1_695' title='bbox 1251 4810 1497 4856; x_wconf 89' lang='lat' dir='ltr'><strong>eventus.</strong></span> 
     </span>
    </p>
   </div>
   <div class='ocr_carea' id='block_1_94' title="bbox 1575 4519 2876 4592">
    <p class='ocr_par' dir='ltr' id='par_1_94' title="bbox 1575 4519 2876 4592">
     <span class='ocr_line' id='line_1_94' title="bbox 1575 4519 2876 4592; baseline -0.002 -13"><span class='ocrx_word' id='word_1_696' title='bbox 1575 4520 1620 4553; x_wconf 76' lang='lat'><strong>“</strong></span> <span class='ocrx_word' id='word_1_697' title='bbox 1658 4536 1714 4592; x_wconf 91' lang='lat' dir='ltr'><strong>p.</strong></span> <span class='ocrx_word' id='word_1_698' title='bbox 1745 4519 1871 4576; x_wconf 86' lang='lat' dir='ltr'><strong>forti</strong></span> <span class='ocrx_word' id='word_1_699' title='bbox 1900 4539 1972 4576; x_wconf 90' lang='lat' dir='ltr'><strong>m.</strong></span> <span class='ocrx_word' id='word_1_700' title='bbox 2022 4532 2077 4579; x_wconf 89' lang='lat' dir='ltr'><strong>et</strong></span> <span class='ocrx_word' id='word_1_701' title='bbox 2106 4524 2161 4580; x_wconf 93' lang='lat' dir='ltr'><strong>b.</strong></span> <span class='ocrx_word' id='word_1_702' title='bbox 2215 4534 2441 4581; x_wconf 85' lang='lat' dir='ltr'><strong>extenso</strong></span> <span class='ocrx_word' id='word_1_703' title='bbox 2471 4524 2704 4580; x_wconf 84' lang='lat' dir='ltr'><strong>Ytaliam</strong></span> <span class='ocrx_word' id='word_1_704' title='bbox 2732 4538 2785 4577; x_wconf 90' lang='lat' dir='ltr'><strong>v.</strong></span> <span class='ocrx_word' id='word_1_705' title='bbox 2812 4523 2876 4578; x_wconf 88' lang='grc' dir='ltr'><strong>Β.</strong></span> 
     </span>
    </p>
   </div>
   <div class='ocr_carea' id='block_1_95' title="bbox 1524 4802 2820 4873">
    <p class='ocr_par' dir='ltr' id='par_1_95' title="bbox 1524 4802 2820 4873">
     <span class='ocr_line' id='line_1_95' title="bbox 1524 4802 2820 4873; baseline 0.002 -17"><span class='ocrx_word' id='word_1_706' title='bbox 1524 4802 1590 4870; x_wconf 85' lang='lat' dir='ltr'><strong>Q.</strong></span> <span class='ocrx_word' id='word_1_707' title='bbox 1616 4819 1669 4873; x_wconf 90' lang='lat' dir='ltr'><strong>p.</strong></span> <span class='ocrx_word' id='word_1_708' title='bbox 1724 4805 1901 4858; x_wconf 88' lang='lat' dir='ltr'><strong>victus</strong></span> <span class='ocrx_word' id='word_1_709' title='bbox 1963 4815 2019 4859; x_wconf 91' lang='lat' dir='ltr'><strong>et</strong></span> <span class='ocrx_word' id='word_1_710' title='bbox 2060 4821 2111 4861; x_wconf 90' lang='lat' dir='ltr'><strong>c.</strong></span> <span class='ocrx_word' id='word_1_711' title='bbox 2135 4805 2199 4860; x_wconf 92' lang='grc' dir='ltr'><strong>Β.</strong></span> <span class='ocrx_word' id='word_1_712' title='bbox 2259 4802 2323 4838; x_wconf 69' lang='grc'><strong>“⁸⁷</strong></span> <span class='ocrx_word' id='word_1_713' title='bbox 2357 4822 2406 4861; x_wconf 82' lang='lat' dir='ltr'><strong>v.</strong></span> <span class='ocrx_word' id='word_1_714' title='bbox 2443 4808 2486 4860; x_wconf 94' lang='lat' dir='ltr'><strong>si</strong></span> <span class='ocrx_word' id='word_1_715' title='bbox 2519 4822 2576 4860; x_wconf 88' lang='lat' dir='ltr'><strong>n.</strong></span> <span class='ocrx_word' id='word_1_716' title='bbox 2619 4821 2673 4860; x_wconf 89' lang='lat' dir='ltr'><strong>v.</strong></span> <span class='ocrx_word' id='word_1_717' title='bbox 2708 4806 2749 4859; x_wconf 89' lang='lat' dir='ltr'><strong>B</strong></span> <span class='ocrx_word' id='word_1_718' title='bbox 2772 4806 2820 4860; x_wconf 95' lang='grc'><strong>1.</strong></span> 
     </span>
    </p>
   </div>
   <div class='ocr_carea' id='block_1_96' title="bbox 3022 4524 3803 4579">
    <p class='ocr_par' dir='ltr' id='par_1_96' title="bbox 3022 4524 3803 4579">
     <span class='ocr_line' id='line_1_96' title="bbox 3022 4524 3803 4579; baseline -0.005 0"><span class='ocrx_word' id='word_1_719' title='bbox 3022 4524 3071 4557; x_wconf 75' lang='grc'><strong>⁸⁸</strong></span> <span class='ocrx_word' id='word_1_720' title='bbox 3107 4525 3195 4579; x_wconf 88' lang='lat' dir='ltr'><strong>cui</strong></span> <span class='ocrx_word' id='word_1_721' title='bbox 3221 4539 3343 4579; x_wconf 89' lang='lat' dir='ltr'><strong>cum</strong></span> <span class='ocrx_word' id='word_1_722' title='bbox 3366 4524 3427 4577; x_wconf 85' lang='grc' dir='ltr'><strong>Β.</strong></span> <span class='ocrx_word' id='word_1_723' title='bbox 3579 4524 3631 4555; x_wconf 72' lang='grc'><strong>⁸⁷</strong></span> <span class='ocrx_word' id='word_1_724' title='bbox 3665 4536 3803 4575; x_wconf 79' lang='lat' dir='ltr'><strong>ama-</strong></span> 
     </span>
    </p>
   </div>
   <div class='ocr_carea' id='block_1_97' title="bbox 1515 4588 3803 4665">
    <p class='ocr_par' dir='ltr' id='par_1_97' title="bbox 1515 4588 3803 4665">
     <span class='ocr_line' id='line_1_97' title="bbox 1515 4588 3803 4665; baseline 0.001 -21"><span class='ocrx_word' id='word_1_725' title='bbox 1515 4588 1563 4665; x_wconf 75' lang='lat'><strong>‘_&#39;</strong></span> <span class='ocrx_word' id='word_1_726' title='bbox 1591 4588 1983 4665; x_wconf 59' lang='lat' dir='ltr'><strong>iiimargineB</strong></span> <span class='ocrx_word' id='word_1_727' title='bbox 2006 4594 2056 4648; x_wconf 90' lang='grc'><strong>1.</strong></span> <span class='ocrx_word' id='word_1_728' title='bbox 2084 4595 2384 4649; x_wconf 77' lang='lat' dir='ltr'><strong>rubricator</strong></span> <span class='ocrx_word' id='word_1_729' title='bbox 2433 4597 2640 4665; x_wconf 78' lang='lat' dir='ltr'><strong>scripsit</strong></span> <span class='ocrx_word' id='word_1_730' title='bbox 2670 4608 2688 4646; x_wconf 91' lang='lat'><strong><em>:</em></strong></span> <span class='ocrx_word' id='word_1_731' title='bbox 2739 4594 2875 4649; x_wconf 84' lang='lat' dir='ltr'><strong>Nota</strong></span> <span class='ocrx_word' id='word_1_732' title='bbox 2908 4596 3052 4664; x_wconf 91' lang='lat' dir='ltr'><strong>quod</strong></span> <span class='ocrx_word' id='word_1_733' title='bbox 3104 4598 3206 4650; x_wconf 90' lang='lat' dir='ltr'><strong>iste</strong></span> <span class='ocrx_word' id='word_1_734' title='bbox 3255 4603 3423 4665; x_wconf 59' lang='lat' dir='ltr'><strong>autot:</strong></span> <span class='ocrx_word' id='word_1_735' title='bbox 3464 4603 3696 4665; x_wconf 78' lang='lat' dir='ltr'><strong>vocatus</strong></span> <span class='ocrx_word' id='word_1_736' title='bbox 3728 4600 3803 4646; x_wconf 60' lang='lat' dir='ltr'><strong>est</strong></span> 
     </span>
    </p>
   </div>
   <div class='ocr_carea' id='block_1_98' title="bbox 2764 4663 3802 4721">
    <p class='ocr_par' dir='ltr' id='par_1_98' title="bbox 2764 4663 3802 4721">
     <span class='ocr_line' id='line_1_98' title="bbox 2764 4663 3802 4721; baseline -0.002 -3"><span class='ocrx_word' id='word_1_737' title='bbox 2764 4665 2811 4696; x_wconf 83' lang='grc' dir='ltr'><strong>⁸ο</strong></span> <span class='ocrx_word' id='word_1_738' title='bbox 2843 4663 3047 4721; x_wconf 82' lang='lat' dir='ltr'><strong>Hoibus</strong></span> <span class='ocrx_word' id='word_1_739' title='bbox 3085 4666 3144 4720; x_wconf 89' lang='grc' dir='ltr'><strong>Β.</strong></span> <span class='ocrx_word' id='word_1_740' title='bbox 3180 4676 3232 4717; x_wconf 85' lang='lat' dir='ltr'><strong>ut</strong></span> <span class='ocrx_word' id='word_1_741' title='bbox 3260 4682 3366 4719; x_wconf 84' lang='lat' dir='ltr'><strong>non</strong></span> <span class='ocrx_word' id='word_1_742' title='bbox 3393 4663 3434 4716; x_wconf 89' lang='grc' dir='ltr'><strong>Β</strong></span> <span class='ocrx_word' id='word_1_743' title='bbox 3460 4663 3542 4717; x_wconf 78' lang='lat'><strong>2&#39;.</strong></span> <span class='ocrx_word' id='word_1_744' title='bbox 3602 4665 3648 4695; x_wconf 80' lang='grc'><strong>⁵¹</strong></span> <span class='ocrx_word' id='word_1_745' title='bbox 3680 4678 3802 4717; x_wconf 88' lang='lat' dir='ltr'><strong>suus</strong></span> 
     </span>
    </p>
   </div>
   <div class='ocr_carea' id='block_1_99' title="bbox 2257 4733 3801 4805">
    <p class='ocr_par' dir='ltr' id='par_1_99' title="bbox 2257 4733 3801 4805">
     <span class='ocr_line' id='line_1_99' title="bbox 2257 4733 3801 4805; baseline -0.003 -16"><span class='ocrx_word' id='word_1_746' title='bbox 2257 4751 2312 4805; x_wconf 90' lang='lat' dir='ltr'><strong>p.</strong></span> <span class='ocrx_word' id='word_1_747' title='bbox 2344 4752 2389 4791; x_wconf 91' lang='lat' dir='ltr'><strong>s.</strong></span> <span class='ocrx_word' id='word_1_748' title='bbox 2424 4735 2590 4791; x_wconf 83' lang='lat' dir='ltr'><strong>fultus</strong></span> <span class='ocrx_word' id='word_1_749' title='bbox 2618 4737 2680 4789; x_wconf 89' lang='lat' dir='ltr'><strong>B.</strong></span> <span class='ocrx_word' id='word_1_750' title='bbox 2735 4736 2781 4767; x_wconf 82' lang='grc'>⁸⁸</span> <span class='ocrx_word' id='word_1_751' title='bbox 2811 4736 3083 4799; x_wconf 76' lang='lat' dir='ltr'><strong>defecit5,</strong></span> <span class='ocrx_word' id='word_1_752' title='bbox 3152 4735 3199 4767; x_wconf 81' lang='grc'><strong>⁵⁸</strong></span> <span class='ocrx_word' id='word_1_753' title='bbox 3222 4735 3573 4805; x_wconf 71' lang='lat' dir='ltr'><strong>congressio.</strong></span> <span class='ocrx_word' id='word_1_754' title='bbox 3604 4750 3709 4789; x_wconf 91' lang='lat' dir='ltr'><strong>non</strong></span> <span class='ocrx_word' id='word_1_755' title='bbox 3737 4733 3801 4805; x_wconf 83' lang='lat' dir='ltr'><strong>illi</strong></span> 
     </span>
    </p>
   </div>
   <div class='ocr_carea' id='block_1_100' title="bbox 2901 4803 3801 4861">
    <p class='ocr_par' dir='ltr' id='par_1_100' title="bbox 2901 4803 3801 4861">
     <span class='ocr_line' id='line_1_100' title="bbox 2901 4803 3801 4861; baseline -0.006 -1"><span class='ocrx_word' id='word_1_756' title='bbox 2901 4806 2948 4838; x_wconf 80' lang='grc'><strong>⁸⁸</strong></span> <span class='ocrx_word' id='word_1_757' title='bbox 2978 4803 3362 4861; x_wconf 80' lang='lat' dir='ltr'><strong>ttansvendum</strong></span> <span class='ocrx_word' id='word_1_758' title='bbox 3398 4807 3451 4859; x_wconf 93' lang='grc'><strong>1.</strong></span> <span class='ocrx_word' id='word_1_759' title='bbox 3533 4804 3580 4837; x_wconf 79' lang='grc'><strong>⁵³</strong></span> <span class='ocrx_word' id='word_1_760' title='bbox 3604 4803 3801 4860; x_wconf 64' lang='grc' dir='ltr'>θκιιιπί</span> 
     </span>
    </p>
   </div>
   <div class='ocr_carea' id='block_1_101' title="bbox 531 4864 3798 4947">
    <p class='ocr_par' dir='ltr' id='par_1_101' title="bbox 531 4864 3798 4947">
     <span class='ocr_line' id='line_1_101' title="bbox 531 4864 3798 4947; baseline 0.002 -27"><span class='ocrx_word' id='word_1_761' title='bbox 531 4864 588 4947; x_wconf 62' lang='grc'><strong>1.</strong></span> <span class='ocrx_word' id='word_1_762' title='bbox 608 4864 682 4947; x_wconf 22' lang='grc'><strong>(⁸⁸</strong></span> <span class='ocrx_word' id='word_1_763' title='bbox 712 4866 828 4935; x_wconf 84' lang='lat' dir='ltr'><strong>Quo</strong></span> <span class='ocrx_word' id='word_1_764' title='bbox 845 4884 1103 4947; x_wconf 66' lang='lat' dir='ltr'><strong>concesso</strong></span> <span class='ocrx_word' id='word_1_765' title='bbox 1131 4868 1172 4923; x_wconf 90' lang='grc' dir='ltr'><strong>Β</strong></span> <span class='ocrx_word' id='word_1_766' title='bbox 1306 4871 1363 4947; x_wconf 82' lang='lat'>“_</span> <span class='ocrx_word' id='word_1_767' title='bbox 1382 4870 1445 4927; x_wconf 90' lang='lat' dir='ltr'><strong>U.</strong></span> <span class='ocrx_word' id='word_1_768' title='bbox 1472 4864 1582 4947; x_wconf 34' lang='grc' dir='ltr'><strong>ιέῖ.</strong></span> <span class='ocrx_word' id='word_1_769' title='bbox 1670 4890 1720 4928; x_wconf 88' lang='lat' dir='ltr'><strong>a.</strong></span> <span class='ocrx_word' id='word_1_770' title='bbox 1745 4890 1810 4947; x_wconf 54' lang='grc' dir='ltr'><strong>ρ.</strong></span> <span class='ocrx_word' id='word_1_771' title='bbox 1826 4875 2012 4947; x_wconf 74' lang='lat' dir='ltr'><strong>desunt</strong></span> <span class='ocrx_word' id='word_1_772' title='bbox 2042 4875 2102 4929; x_wconf 92' lang='grc' dir='ltr'><strong>Β.</strong></span> <span class='ocrx_word' id='word_1_773' title='bbox 2147 4876 2192 4908; x_wconf 78' lang='grc'><strong><em>⁸²</em></strong></span> <span class='ocrx_word' id='word_1_774' title='bbox 2225 4877 2460 4932; x_wconf 88' lang='lat' dir='ltr'><strong>transire</strong></span> <span class='ocrx_word' id='word_1_775' title='bbox 2486 4876 2548 4931; x_wconf 91' lang='grc' dir='ltr'><strong>Β.</strong></span> <span class='ocrx_word' id='word_1_776' title='bbox 2571 4886 2764 4946; x_wconf 84' lang='lat' dir='ltr'><strong>puncta</strong></span> <span class='ocrx_word' id='word_1_777' title='bbox 2780 4877 2894 4946; x_wconf 87' lang='lat' dir='ltr'><strong>ejus</strong></span> <span class='ocrx_word' id='word_1_778' title='bbox 2925 4876 3039 4932; x_wconf 77' lang='lat' dir='ltr'><strong>loco</strong></span> <span class='ocrx_word' id='word_1_779' title='bbox 3072 4878 3246 4947; x_wconf 83' lang='lat' dir='ltr'><strong>posuit</strong></span> <span class='ocrx_word' id='word_1_780' title='bbox 3272 4877 3330 4931; x_wconf 82' lang='grc' dir='ltr'><strong>Β.</strong></span> <span class='ocrx_word' id='word_1_781' title='bbox 3359 4875 3440 4933; x_wconf 74' lang='grc'><strong>2⁸.</strong></span> <span class='ocrx_word' id='word_1_782' title='bbox 3507 4873 3556 4908; x_wconf 79' lang='grc'><strong>⁸³</strong></span> <span class='ocrx_word' id='word_1_783' title='bbox 3578 4877 3719 4931; x_wconf 76' lang='lat' dir='ltr'><strong>deest</strong></span> <span class='ocrx_word' id='word_1_784' title='bbox 3746 4873 3798 4927; x_wconf 83' lang='grc' dir='ltr'><strong>Β.</strong></span> 
     </span>
    </p>
   </div>
   <div class='ocr_carea' id='block_1_102' title="bbox 530 4937 2094 5012">
    <p class='ocr_par' dir='ltr' id='par_1_102' title="bbox 530 4937 2094 5012">
     <span class='ocr_line' id='line_1_102' title="bbox 530 4937 2094 5012; baseline 0.005 -21"><span class='ocrx_word' id='word_1_785' title='bbox 530 4937 619 4992; x_wconf 86' lang='lat' dir='ltr'><strong>ubi</strong></span> <span class='ocrx_word' id='word_1_786' title='bbox 649 4956 661 4993; x_wconf 91' lang='lat'><strong>:</strong></span> <span class='ocrx_word' id='word_1_787' title='bbox 689 4953 746 5009; x_wconf 91' lang='lat' dir='ltr'><strong>p,</strong></span> <span class='ocrx_word' id='word_1_788' title='bbox 786 4939 965 4995; x_wconf 87' lang='lat' dir='ltr'><strong>solito.</strong></span> <span class='ocrx_word' id='word_1_789' title='bbox 1004 4939 1050 4972; x_wconf 79' lang='lat'><strong>“</strong></span> <span class='ocrx_word' id='word_1_790' title='bbox 1099 4943 1475 5012; x_wconf 81' lang='lat' dir='ltr'><strong>conjuratione</strong></span> <span class='ocrx_word' id='word_1_791' title='bbox 1495 4943 1557 4997; x_wconf 87' lang='grc' dir='ltr'><strong>Β.</strong></span> <span class='ocrx_word' id='word_1_792' title='bbox 1594 4937 1812 4999; x_wconf 53' lang='lat' dir='ltr'><strong>Mur.“</strong></span> <span class='ocrx_word' id='word_1_793' title='bbox 1839 4945 2094 5002; x_wconf 88' lang='lat' dir='ltr'><strong>imbellis.</strong></span> 
     </span>
    </p>
   </div>
   <div class='ocr_carea' id='block_1_103' title="bbox 2060 5075 2289 5133">
    <p class='ocr_par' dir='ltr' id='par_1_103' title="bbox 2060 5075 2289 5133">
     <span class='ocr_line' id='line_1_103' title="bbox 2060 5075 2289 5133; baseline 0 -2"><span class='ocrx_word' id='word_1_794' title='bbox 2060 5075 2289 5133; x_wconf 70' lang='grc' dir='ltr'><strong>ΝΟΤᾸΞ.</strong></span> 
     </span>
    </p>
   </div>
   <div class='ocr_carea' id='block_1_104' title="bbox 582 5207 1277 5275">
    <p class='ocr_par' dir='ltr' id='par_1_104' title="bbox 582 5207 1277 5275">
     <span class='ocr_line' id='line_1_104' title="bbox 582 5207 1277 5275; baseline -0.004 -12"><span class='ocrx_word' id='word_1_795' title='bbox 582 5207 720 5275; x_wconf 81' lang='grc'><strong>,(50)</strong></span> <span class='ocrx_word' id='word_1_796' title='bbox 763 5207 939 5262; x_wconf 83' lang='lat' dir='ltr'><strong>Monte</strong></span> <span class='ocrx_word' id='word_1_797' title='bbox 964 5207 1022 5264; x_wconf 91' lang='lat' dir='ltr'><strong>S.</strong></span> <span class='ocrx_word' id='word_1_798' title='bbox 1055 5207 1277 5265; x_wconf 86' lang='lat' dir='ltr'><strong>Leonis.</strong></span> 
     </span>
    </p>
   </div>
   <div class='ocr_carea' id='block_1_105' title="bbox 606 5276 1497 5353">
    <p class='ocr_par' dir='ltr' id='par_1_105' title="bbox 606 5276 1497 5353">
     <span class='ocr_line' id='line_1_105' title="bbox 606 5276 1497 5353; baseline 0.003 -3"><span class='ocrx_word' id='word_1_799' title='bbox 606 5276 718 5353; x_wconf 62' lang='lat' dir='ltr'><strong>(5t)</strong></span> <span class='ocrx_word' id='word_1_800' title='bbox 754 5279 869 5353; x_wconf 71' lang='lat' dir='ltr'><strong>lmo</strong></span> <span class='ocrx_word' id='word_1_801' title='bbox 898 5277 1353 5353; x_wconf 51' lang='grc' dir='ltr'><strong>Βιιπρεξιψεξνεεηηέ,</strong></span> <span class='ocrx_word' id='word_1_802' title='bbox 1424 5308 1440 5353; x_wconf 84' lang='grc'><strong>·,</strong></span> 
     </span>
    </p>
   </div>
   <div class='ocr_carea' id='block_1_106' title="bbox 608 5347 1541 5380">
    <p class='ocr_par' dir='ltr' id='par_1_106' title="bbox 608 5347 1541 5380">
     <span class='ocr_line' id='line_1_106' title="bbox 608 5347 1541 5380; baseline 0 0"><span class='ocrx_word' id='word_1_803' title='bbox 608 5347 720 5380; x_wconf 47' lang='lat' dir='ltr'><strong>imit</strong></span> <span class='ocrx_word' id='word_1_804' title='bbox 754 5348 865 5380; x_wconf 72' lang='lat' dir='ltr'><strong>‘nm</strong></span> <span class='ocrx_word' id='word_1_805' title='bbox 900 5364 926 5380; x_wconf 68' lang='grc' dir='ltr'>η</span> <span class='ocrx_word' id='word_1_806' title='bbox 980 5349 1083 5380; x_wconf 61' lang='lat' dir='ltr'><strong>GRK</strong></span> <span class='ocrx_word' id='word_1_807' title='bbox 1136 5347 1245 5380; x_wconf 64' lang='grc' dir='ltr'><strong>Αιξη</strong></span> <span class='ocrx_word' id='word_1_808' title='bbox 1293 5347 1497 5380; x_wconf 63' lang='grc' dir='ltr'><strong>ῺὲηοῖΛΙ</strong></span> <span class='ocrx_word' id='word_1_809' title='bbox 1531 5362 1541 5380; x_wconf 79' lang='grc' dir='ltr'><strong><em>ι</em></strong></span> 
     </span>
    </p>
   </div>
   <div class='ocr_carea' id='block_1_107' title="bbox 2303 5206 3007 5282">
    <p class='ocr_par' dir='ltr' id='par_1_107' title="bbox 2303 5206 3007 5282">
     <span class='ocr_line' id='line_1_107' title="bbox 2303 5206 3007 5282; baseline 0.009 -19"><span class='ocrx_word' id='word_1_810' title='bbox 2303 5206 2416 5282; x_wconf 70' lang='lat'><strong>(54)</strong></span> <span class='ocrx_word' id='word_1_811' title='bbox 2447 5209 2697 5282; x_wconf 68' lang='lat' dir='ltr'><strong>Vivente,</strong></span> <span class='ocrx_word' id='word_1_812' title='bbox 2725 5227 2800 5266; x_wconf 93' lang='lat' dir='ltr'><strong>m.</strong></span> <span class='ocrx_word' id='word_1_813' title='bbox 2828 5210 3007 5269; x_wconf 78' lang='lat' dir='ltr'><strong>Junio.</strong></span> 
     </span>
    </p>
   </div>
   <div class='ocr_carea' id='block_1_108' title="bbox 2303 5280 3794 5380">
    <p class='ocr_par' dir='ltr' id='par_1_108' title="bbox 2303 5280 3794 5380">
     <span class='ocr_line' id='line_1_108' title="bbox 2303 5280 3794 5380; baseline 0 0"><span class='ocrx_word' id='word_1_814' title='bbox 2303 5280 2618 5380; x_wconf 58' lang='grc' dir='ltr'><strong>ςὲἕὶηρξμξξιξ</strong></span> <span class='ocrx_word' id='word_1_815' title='bbox 2642 5280 3794 5380; x_wconf 47' lang='lat' dir='ltr'><strong>malitiam}Z;E_uiearse_svrs&#39;laa</strong></span> 
     </span>
    </p>
   </div>
   <div class='ocr_carea' id='block_1_109' title="bbox 2233 5352 3060 5380">
    <p class='ocr_par' dir='ltr' id='par_1_109' title="bbox 2233 5352 3060 5380">
     <span class='ocr_line' id='line_1_109' title="bbox 2233 5352 3060 5380; baseline 0 0"><span class='ocrx_word' id='word_1_816' title='bbox 2503 5353 2618 5380; x_wconf 65' lang='lat' dir='ltr'><strong>:nnn</strong></span> <span class='ocrx_word' id='word_1_817' title='bbox 2653 5352 2706 5380; x_wconf 68' lang='lat' dir='ltr'><strong>:n</strong></span> <span class='ocrx_word' id='word_1_818' title='bbox 2741 5361 3060 5380; x_wconf 59' lang='grc' dir='ltr'><strong>ΙΛηΙιι-κηκοιι</strong></span> 
     </span>
    </p>
   </div>
  </div>
