3938 5380
110 269 236 326 295
294 233 302 238 ⁸
1059 268 1281 326 GESTA
1326 266 1754 325 ARClllEPlSC.
1797 269 2172 325 MEDIOLAN.
2207 302 2270 311 -
2305 272 2430 326 LIB.
2468 272 2506 328 l.
3311 274 3418 331 291.

112 399 332 456 campo
355 383 684 441 Carbonat-ia
724 381 987 455 (56)Ξυ1›ἰ
1027 384 1165 440 facta
1188 394 1273 439 est
1301 384 1531 455 plurima
1559 385 1730 440 cmdcs
1763 396 1803 450 Λ
1838 389 2132 441 monarcha
2194 404 2388 460 magna
2446 395 2729 458 susceptus
2794 388 3230 457 honorificentia,
3283 395 3421 448 satis

114 479 428 547 utrinque;
458 493 487 530 a
511 492 620 546 quo
643 468 784 531 be‘llo
820 492 964 547 aegre
992 478 1211 532 divertit
1238 479 1342 532 hac
1386 480 1552 533 etiam
1583 479 1723 534 vice.
1833 479 2214 550 cpiscopaliter
2236 493 2600 537 conversatus
2629 492 2712 537 est
2749 483 2799 537 in
2843 485 2978 539 urbe
3027 488 3193 555 regia,
3228 487 3298 540 ita
3327 502 3420 542 ca-

111 570 176 624 ln
205 571 437 625 civitate
487 581 668 624 autem
719 570 939 638 quidam
986 569 1032 600 ⁸⁸
1052 570 1276 626 vernula
1307 571 1488 625 audita
1519 571 1726 625 domini
1832 585 1924 624 rus
1965 571 3417 642 utquicquidpoposcerat"facileimpetraret.C0m-

111 660 208 714 sui
238 676 377 716 nece
406 675 724 724 accurrens,
754 671 963 730 patrem
1000 662 1410 730 praesulislecto
1452 660 1724 730 jacentem
1830 662 2012 730 posito
2057 664 2292 716 tamdem
2346 673 2568 732 prepter
2621 665 2765 732 quod
2817 676 3040 718 venerat
3074 668 3307 734 negotio,
3346 670 3416 720 ab

111 753 306 807 cultro
336 754 625 808 transfixit.
659 752 786 808 Post
818 754 931 808 haec
953 763 1007 808 et
1055 754 1371 832 alia‘multa,
1428 756 1727 824 inspirante
1829 753 2018 807 eodem
2049 751 2525 810 Basileodecenter
2555 756 2834 812 absolutus
2862 759 3420 829 reversionenﬁaccc-

113 845 726 901 Deoetinterveniente
739 839 989 902 consultu
1003 848 1309 916 sapientum
1336 849 1512 919 partis
1525 849 1726 904 utrius-
1828 841 1985 896 lerat.

113 955 249 1008 que,
287 954 425 993 nova
450 953 556 1008 pax
590 949 773 994 vetera
807 940 1049 994 dissolvit
1073 941 1218 996 odia.
1269 941 1727 1011 Arclticpiscopus
1900 934 1985 988 H-
2018 933 2225 991 lnterca
2253 937 2553 1006 imperator
2604 940 2780 1008 primo
2817 941 3119 1010 juventutis
3174 942 3227 996 in
3287 942 3417 998 flore

113 1031 270 1085 enim
301 1047 512 1086 memor
549 1033 838 1101 pastoralis
863 1033 1178 1101 diligentiae,
1224 1035 1454 1105 populus
1482 1050 1611 1089 vero
1643 1050 1728 1089 re-
1828 1027 2142 1100 defungitur
2165 1029 2290 1086 Otto
2321 1034 2432 1100 (an.
2472 1033 2632 1096 100%,
2664 1033 2790 1087 Jan.
2831 1034 2945 1103 25),
2999 1035 3050 1088 in
3101 1050 3208 1102 quo
3237 1036 3416 1090 omnis

113 1125 382 1180 cordatus
423 1125 585 1180 ovilis
611 1125 653 1156 ⁸⁷
708 1125 1054 1190 obedientiaa,
1105 1127 1374 1181 donantes
1420 1127 1720 1196 przeterita.
1827 1119 1875 1150 ⁷⁸⁵
1904 1129 1986 1173 cst
2017 1121 2276 1176 Ottonunt
2300 1124 2347 1154 ⁷⁸
2377 1135 2698 1195 consumpta
2753 1141 3008 1196 propago.
3043 1127 3194 1182 Tunc
3223 1128 3416 1183 Ardoi-

113 1213 380 1268 foederati
425 1224 552 1270 sunt
580 1230 713 1284 pace
746 1224 1029 1285 perpetua.
1081 1214 1352 1270 Prtcterea
1391 1215 1633 1270 sentiens
1664 1231 1722 1270 se
1828 1213 1996 1268 nus"
2021 1216 2241 1284 quidam
2276 1217 2473 1272 nobilis
2507 1217 3090 1289 \‘pporegimnnarchio
3138 1237 3164 1275 a
3203 1221 3416 1293 Lango-

114 1305 319 1371 praesul
352 1305 617 1374 dispersis
661 1303 1008 1360 facultatibus
1053 1305 1342 1362 offendisse
1395 1305 1706 1371 ecclesiam,
1828 1303 2010 1358 bardis
2048 1305 2227 1375 Papia!
2269 1307 2488 1377 cligitur
2515 1307 2699 1380 (Fcb.)
2745 1319 2799 1362 et
2847 1321 3070 1365 vocatus
3123 1325 3295 1365 caesar
3345 1311 3414 1365 ab

117 1406 178 1450 ut
209 1397 422 1453 clerum
455 1399 651 1453 leniret
693 1413 758 1453 ac
813 1398 859 1429 ⁸⁸
911 1398 1186 1469 populum,
1239 1399 1416 1454 sancti
1464 1400 1722 1470 martyris
1828 1395 2082 1452 omnibus
2117 1412 2342 1467 regnum
2380 1399 2721 1468 perambulat
2747 1401 3086 1467 universum,
3116 1403 3266 1473 regio
3288 1403 3414 1472 jure

117 1489 267 1544 Celsi
299 1490 1278 1562 fundavitmonasterium,multisque
1298 1493 1718 1563 ditavitopibus.
1827 1498 2018 1544 cuncta
2071 1500 2428 1559 pertractans.
2486 1492 2715 1564 Cognito
2753 1505 2931 1548 autem
2961 1495 3072 1562 jam
3117 1497 3244 1551 dicti
3272 1513 3409 1567 pra:-

123 1578 230 1636 Ubi
268 1583 538 1652 completo
559 1584 772 1637 dierum
803 1597 1050 1648 numero,
1107 1584 1347 1639 moriens
1381 1600 1480 1638 suo
1516 1585 1722 1654 quievit
1824 1579 1955 1634 sulis
1988 1583 2183 1648 reditu,
2214 1585 2419 1638 occurit
2449 1585 2499 1638 ei
2550 1585 2601 1638 irt
2633 1586 2826 1639 itinere
2871 1587 3087 1650 obvius,
3117 1591 3412 1644 securitate

121 1673 179 1724 in
212 1673 425 1726 tumulo
460 1672 574 1743 (an.
617 1672 742 1737 998,
793 1673 959 1727 Mart.
995 1674 1112 1738 25).
1148 1675 1246 1730 Cui
1273 1675 1410 1729 alter
1453 1676 1718 1731 successit
1826 1683 2026 1742 quanta
2059 1675 2229 1728 valuit
2251 1675 2353 1729 sibi
2387 1675 2536 1730 illum
2581 1677 2850 1746 applicare
2883 1693 3198 1746 procurans.

117 1762 405 1829 Arnulfus;
443 1767 512 1818 de
541 1780 648 1834 quo
675 1766 887 1820 dicetur
921 1768 1213 1836 posterius.
1749 1751 1793 1810 Β
1893 1765 1980 1817 15.
2010 1763 2211 1819 Eodem
2253 1775 2498 1837 tempore
2539 1766 2829 1823 lleinricus
2853 1770 2897 1800 "
2927 1779 3145 1823 creatus
3191 1778 3273 1824 est
3314 1787 3407 1824 rex

195 1855 285 1909 11.
314 1855 535 1910 Interim
552 1866 815 1926 regnante
829 1855 1024 1913 Ottone
1059 1859 1146 1923 lll,
1175 1859 1713 1927 cummatreGrmca,
1819 1853 2161 1910 Alamanniae
2178 1857 2330 1926 (Jun.
2354 1857 2470 1924 29).
2501 1858 2644 1912 inter
2673 1859 2772 1913 hos
2795 1859 2862 1914 de
2881 1868 3096 1928 sceptro
3121 1859 3305 1915 italico
3330 1861 3410 1914 in-

121 1945 341 2014 quidam
359 1945 582 2000 Grzecus
611 1947 748 2016 (57),
772 1946 1224 2005 Grmcaadominze
1246 1951 1580 2020 capellanus,
1607 1953 1716 2007 [ειε-
1817 1961 1950 2016 gens
1975 1949 2151 2002 oritur
2181 1950 2474 2005 contentio.
2501 1951 2554 2005 In
2585 1953 2760 2006 medio
2790 1953 3065 2022 principes
3089 1954 3236 2023 regni
3265 1953 3410 2009 frau-

123 2023 220 2094 tusi
259 2047 343 2094 est
370 2037 718 2094 Placentinus
765 2041 1070 2111 episcopus.
1125 2042 1201 2096 De
1247 2059 1356 2112 quo
1403 2044 1605 2099 dictum
1631 2055 1718 2101 est
1817 2038 2066 2094 dolenter
2121 2040 2454 2106 incedentes,
2526 2044 2769 2098 Ardoino
2836 2045 3012 2114 palam
3069 2049 3408 2114 militabant,

123 2132 266 2200 quod
323 2131 549 2185 Romani
603 2131 768 2188 decus
843 2133 1056 2203 imperii
1128 2144 1308 2190 astute
1386 2137 1440 2190 in
1495 2136 1714 2194 Graecos
1818 2129 2074 2185 lleinrico
2108 2131 2344 2187 latenter
2382 2134 2954 2201 favebant,-avaricia:
3000 2137 3152 2192 lucra
3190 2150 3408 2194 sectan-

127 2219 427 2276 transferre
491 2231 835 2292 temptasset.
892 2223 1175 2293 Siquidem
1229 2227 1475 2282 consultu
1507 2238 1558 2283 et
1611 2245 1714 2300 ope
1816 2231 1916 2286 les.
1941 2222 2082 2277 sicut
2105 2222 2152 2254 "
2174 2223 2375 2278 dictum
2397 2236 2479 2280 est
2505 2227 2570 2281 ad
2599 2226 2905 2281 Jerusalem
2933 2243 3027 2297 per
3052 2229 3402 2299 prophetam:

122 2313 478 2381 quorumdam
503 2314 699 2367 civium
716 2313 1104 2382 Romanorum,
1129 2319 1710 2388 prmcipuecrcscemii
1817 2311 2091 2382 Principes
2118 2316 2196 2368 tui
2219 2317 2481 2384 inﬁdeles,
2508 2318 2638 2371 socii
2686 2318 2890 2385 furum,
2941 2335 3117 2373 omnes
3177 2322 3403 2390 diligunt

121 2406 397 2474 Cujusdam
428 2407 738 2476 praedivitis,
771 2411 1122 2478 apostolicam
1149 2410 1465 2478 setiemjam
1491 2414 1672 2468 violen

1846 2421 2052 2472 ωηεν-α,
2075 2418 2324 2461 secuntur
2351 2410 2714 2464 retributiones
2753 2409 2886 2480 (lsa.
2923 2427 2960 2473 ι,
3017 2411 3129 2482 23).
3158 2412 3401 2479 Quorum

124 2507 203 2552 ter
231 2498 522 2561 invaserat,
551 2497 762 2566 dejecto
788 2513 854 2554 eo
878 2499 970 2570 qui
999 2509 1126 2555 tunc
1160 2501 1434 2556 insederat
1479 2518 1710 2557 veneni-
1813 2498 2370 2555 consciliolleinricus
2396 2502 2594 2556 direxit
2613 2503 2664 2556 in
2689 2502 2894 2556 Italiam
2919 2519 3072 2558 suum
3098 2491 3218 2559 cuin
3245 2521 3406 2560 exer-

120 2589 214 2644 bili
244 2605 384 2659 papa
435 2590 478 2622 ⁸⁹
509 2590 645 2661 (58).
677 2590 794 2657 Quo
821 2593 1009 2647 audito
1051 2591 1251 2662 palam,
1279 2592 1464 2649 relicta
1509 2593 1706 2651 Suevia
1813 2589 1925 2644 citu
1955 2591 2146 2646 ducem
2177 2592 2312 2663 (59).
2357 2594 2456 2648 Cui
2508 2610 2804 2650 occurrens
2837 2596 3068 2650 viriliter
3107 2597 3402 2666 Ardoinus,

120 2671 420 2737 venimuo
443 2681 670 2738 festinus
698 2683 906 2738 Italiam
939 2686 1054 2754 (οη,
1083 2684 1232 2754 997),
1812 2678 1952 2735 facta
1968 2684 2418 2752 congressionein
2441 2701 2634 2756 campo
2649 2686 3038 2758 Fabricze(60),
3054 2691 3402 2760 quamplures

185 2774 272 2828 12.
292 2773 400 2830 Nec
426 2777 838 2842 mora,consilio
860 2777 1046 2832 habito
1088 2793 1210 2833 cum
1237 2775 1592 2848 optimatibus
1626 2795 1709 2835 re-
1812 2775 2024 2839 stravit,
2055 2787 2267 2831 ceteros
2291 2786 2444 2832 extra
2475 2779 2610 2834 fines
2638 2780 2788 2848 regni
2815 2779 3040 2850 fugavit.

117 2871 228 2938 gni,
248 2869 550 2924 Romanum
579 2871 925 2941 arripuititer
940 2869 1707 2942 cumlegionibusLatinorttm
1886 2865 1974 2918 16.
2009 2865 2276 2936 Tempore
2311 2883 2416 2922 non
2434 2868 2593 2936 longo
2607 2879 2728 2938 post
2753 2868 2863 2938 (an.
2903 2869 3193 2940 1004)cum
3222 2872 3400 2928 valida

119 2980 181 3020 ac
229 2963 674 3029 Teutonicorum,
734 2963 1090 3020 terrefaciens
1148 2974 1343 3020 cuncta
1375 2964 1428 3019 in
1477 2964 1707 3020 circuitu
1813 2955 2234 3014 Teutonicorum
2260 2959 2448 3014 militia
2475 2961 2782 3029 proveravit
2806 2960 3140 3017 lleinricusa
3163 2962 3397 3018 Germa-

117 3057 254 3112 loca.
282 3057 363 3110 Ad
391 3055 545 3124 cujus
579 3055 858 3110 introitum
889 3055 1002 3126 (an.
1039 3031 1165 3124 99έ)
1196 3054 1364 3111 Roma
1391 3055 1670 3110 concutitu

1840 3048 1923 3112 tia,
1952 3049 2068 3118 ipso
2097 3048 2260 3104 Italia:
2282 3059 2701 3106 castrametatus
2739 3052 2792 3106 itt
2824 3052 3009 3107 limine
3057 3053 3255 3125 (Αρν.).
3317 3056 3395 3110 Ex

118 3105 254 3112 ---νγ
397 3105 542 3124 -.τη
579 3105 858 3110 ---ην-η---
1045 3105 1163 3124 ην,
1196 3105 1364 3111 ---π-ν
1398 3105 1694 3110 ---η----ηπ
1910 3105 1921 3112 ,
1971 3105 1983 3118 ,
2566 3105 2627 3106 ην
2684 3105 2693 3106 κ
2746 3105 2749 3106 ν
2846 3105 2849 3106 ν
2962 3105 3005 3107 κ-
3061 3105 3137 3123 ,η
3166 3105 3253 3125 ν-,-
3317 3105 3396 3110 __

118 3151 391 3204 universa.
419 3149 638 3204 Gnaeus
673 3148 788 3218 ipse
829 3148 1261 3204 misericordiam
1290 3148 1519 3213 clamat;
1545 3147 1704 3202 Cres—
1731 3105 1778 3167 ϐ
1807 3139 2036 3193 adverso
2078 3139 2349 3195 Ardoinus
2402 3140 2575 3198 ﬁdens
2617 3142 2826 3198 viribus
2876 3160 2974 3198 nec
3017 3146 3195 3200 minus
3234 3148 3402 3202 armis

117 3241 327 3296 centius
359 3255 487 3295 vero
522 3239 871 3295 rebellionem
900 3248 1081 3309 parat,
1108 3238 1362 3294 Tiberina
1389 3239 1562 3294 sancti
1592 3238 1704 3290 An-
1806 3231 2133 3298 instructus,
2168 3249 2274 3289 non
2333 3242 2544 3289 tantum
2589 3235 2883 3291 defendere
2923 3247 3186 3306 quantum
3233 3255 3399 3310 super

117 3333 217 3404 geli
251 3333 496 3387 munitus
542 3333 596 3386 in
632 3347 761 3386 arce
798 3331 870 3385 ⁷⁸.
919 3330 1073 3385 llunc
1126 3331 1425 3400 imperator
1468 3329 1707 3398 undique
1807 3340 1930 3380 eum
1962 3336 2184 3396 paratus
2211 3328 2512 3398 insurgere,
2549 3329 2789 3385 occurrit
2817 3329 2889 3385 illi
2928 3332 3235 3387 Veronae".
3289 3335 3397 3388 Sed

115 3427 395 3482 obsidione
425 3424 745 3486 circumdat.
768 3424 1020 3480 omnibus
1035 3423 1161 3478 belli
1192 3423 1462 3478 machinis
1484 3421 1707 3478 cottidie
1807 3420 2069 3488 deceptus
2094 3419 2317 3488 perfidia
2372 3421 2702 3492 principum,
2754 3422 2944 3491 majori
2979 3426 3210 3480 militum
3245 3438 3400 3498 parte

115 3533 453 3588 oppugnatis,
485 3516 657 3572 donec
678 3524 836 3585 pacto
864 3525 1159 3586 utcumque
1203 3515 1528 3585 composito,
1562 3513 1705 3569 illius
1806 3508 2140 3564 destituitur.
2171 3509 2415 3579 Cumque
2445 3509 2702 3565 cessisset
2725 3512 2942 3576 invitus,
2973 3530 3195 3585 regnum
3229 3515 3396 3571 llein-

117 3625 176 3666 se
207 3609 426 3664 tradidit
455 3608 730 3678 potestati.
767 3607 868 3675 Qui
892 3608 1074 3664 statim
1121 3607 1173 3662 in
1205 3621 1361 3677 prato
1392 3605 1703 3662 Neroniana
1807 3600 1951 3655 ricus
1977 3600 2302 3670 ingreditur,
2333 3615 2429 3654 rex
2457 3602 2638 3656 statim
2661 3602 3165 3675 electus(.llai.15),
3190 3623 3396 3677 suoque

113 3705 292 3774 jussus
313 3712 399 3758 est
417 3701 673 3757 decolari.
707 3700 1003 3772 Stephania
1047 3709 1228 3755 atttem
1261 3715 1398 3754 uxor
1445 3699 1560 3769 ejus
1593 3709 1705 3753 tra-
1805 3699 1927 3762 post
1956 3699 2200 3761 lempOl'e
2229 3691 2341 3762 (61)
2371 3692 2645 3747 Βοηιεὶηυδ
2677 3694 2972 3763 “litterator
3015 3694 3258 3751 enectus.
3297 3699 3393 3754 Ve-

115 3796 260 3849 ditur
313 3794 668 3849 adulteranda
725 3791 1079 3848 Teutonibus.
1155 3790 1506 3860 Pseudopapa
1571 3805 1702 3846 vero
1803 3787 1960 3843 niens
1987 3801 2119 3841 vero
2142 3784 2385 3856 Papiam,
2420 3801 2546 3842 cum
2589 3802 2694 3840 non
2738 3789 2803 3840 ad
2830 3797 3010 3842 votum
3038 3790 3139 3844 sibi
3187 3794 3396 3846 obtent.

118 3887 339 3942 Graccus
398 3885 612 3941 effossis
643 3884 838 3948 oculis,
894 3883 1124 3940 abscisis
1167 3897 1300 3936 naso
1343 3890 1398 3935 et
1453 3882 1698 3947 auribus,
1801 3889 2070 3950 perasset,
2101 3893 2211 3933 uno
2263 3888 2430 3933 totam
2483 3882 2860 3935 concremavit
2913 3882 3186 3938 inccndio.
3243 3886 3395 3942 Unde

118 3979 275 4033 dorso
310 3978 476 4031 asina:
493 3985 1218 4032 retroversusmanutenens
1245 3972 1497 4037 caudam,
1531 3982 1698 4028 totam
1800 3971 1978 4026 omnis
2010 3969 2280 4026 inhorruit
2302 3971 2476 4036 Italia,
2505 3971 2685 4027 simile
2713 3973 3121 4041 pertimescens.
3156 3978 3238 4033 Ab
3265 3980 3391 4035 hinc

118 4069 436 4125 distrahitur
484 4084 582 4138 per
635 4068 883 4122 lturbem.
933 4066 1022 4122 Sic
1051 4066 1221 4121 Roma
1257 4073 1384 4120 ante
1415 4064 1628 4121 mobilis
1652 4064 1697 4097 ⁷¹
1799 4060 1946 4117 illius
1972 4061 2250 4117 exinanita
2274 4061 2623 4126 confidentia,
2659 4061 2818 4130 hujtts
2858 4065 3140 4132 praevaluit
3190 4069 3390 4137 ubique

113 4161 473 4234 regisquievit
500 4161 552 4214 in
582 4159 772 4214 oculis.
1798 4154 2062 4225 potentia.
2099 4153 2486 4210 Verumtamen
2510 4157 2803 4226 resumptis
2840 4158 2885 4189 ⁸ο
2915 4161 3133 4214 interim
3184 4162 3228 4193 ⁸⁸
3260 4165 3392 4217 viri-

183 4255 268 4309 15.
325 4253 598 4322 Tempore
644 4251 988 4320 praeterito"
1037 4251 1355 4306 decreverat
1401 4248 1698 4319 imperator
1796 4247 1899 4302 bus
1923 4245 2197 4301 Ardoinus
2218 4245 2374 4316 juxta
2399 4262 2557 4317 posse
2589 4248 2850 4303 ultionem
2878 4260 3098 4305 exercet
3142 4253 3192 4306 in
3220 4259 3388 4322 pet-ti-

115 4355 373 4400 maternte
395 4344 577 4415 gentis
616 4343 815 4399 sociari
847 4341 1120 4412 conjugio.
1153 4340 1323 4411 Hujus
1351 4355 1514 4395 causa
1537 4355 1697 4396 cons-
1797 4339 1912 4394 dos.
1975 4336 2254 4408 Siquidem
2294 4348 2482 4409 postea
2526 4337 2946 4396 Vercellensium
2985 4342 3171 4398 urbem
3223 4347 3387 4416 cepit,

115 4436 223 4492 cilii
245 4435 502 4508 pra'falus
524 4433 788 4490 Arnulfus
845 4432 1174 4488 venerabilis
1230 4432 1689 4502 archiepiscopus,
1722 4459 1773 4520 Ι)
1799 4428 2087 4484 Novariam
2118 4429 2348 4493 obsedit,
2375 4430 2576 4484 Cumas
2617 4429 2834 4495 invasit,
2867 4433 3141 4502 multaque
3162 4435 3268 4490 alia
3298 4437 3391 4491 de-

116 4531 258 4601 regia
297 4529 548 4598 jussione
597 4526 970 4598 prannonitus,
1027 4539 1177 4580 mare
1223 4523 1491 4578 transiens
1545 4521 1692 4578 Con-
1798 4521 2018 4575 molitus
2049 4531 2134 4576 est
2173 4522 2290 4577 loca
2342 4521 2444 4577 sibi
2498 4524 2792 4576 contraria.
2839 4524 2917 4577 Ad
2970 4527 3218 4581 ultimum
3275 4530 3386 4598 (an.

112 4623 516 4696 stantinopolim
552 4618 938 4693 proficiscitur.
972 4607 1183 4685 Quiab
1233 4616 1349 4686 ipso
1385 4615 1690 4669 admirabili
1797 4613 1957 4682 1015)
1979 4613 2162 4668 labore
2184 4612 2463 4669 confectus
2489 4615 3030 4684 etmorbo,privatus
3054 4632 3244 4688 regno,
3273 4622 3389 4674 solo

1411 4756 1649 4812 VARUE
1689 4757 2098 4814 LECTIONES.

180 4855 223 4887 ⁸⁸
245 4856 487 4926 ᾳιιωὸεῐη
524 4851 741 4926 Μυκη
771 4853 944 4909 civilis
978 4853 1041 4926 li.
1191 4851 1236 4883 ⁸⁸
1268 4851 1341 4903 ita
1370 4848 1422 4903 5.
1459 4849 1535 4904 5'.
1662 4850 1729 4926 ad
1757 4851 1808 4906 1.
1840 4851 2053 4926 _”_papa
2084 4851 2397 4926 Benedicto,
2429 4852 2521 4926 qui
2546 4860 2791 4926 captusa
2823 4851 2968 4926 dicto
2994 4852 3308 4926 Crescentio
3330 4855 3388 4926 in

123 4920 293 4981 castro
329 4927 504 4981 sancti
529 4925 719 4995 Angeli
754 4923 1143 4995 strangullatus
1170 4931 1257 4977 est
1279 4929 1436 4995 nocte
1464 4920 1660 4995 natalis
1699 4922 1910 4995 Domini
1939 4923 2171 4995 additi}.
2209 4923 2255 4995 ⁷⁸
2287 4938 2337 4990 p.
2363 4924 2514 4995 tn.in
2546 4920 2798 4995 Τέῳ-ΑΔ.
2831 4937 2882 4974 a.
2911 4923 2971 4995 Β.
2998 4926 3041 4954 ⁷⁸
3075 4924 3290 4995 nobilis,
3328 4925 3387 4977 Β.

113 4999 157 5029 ’⁸
188 4997 245 5051 Τ.
275 5009 456 5051 autem
487 5012 538 5064 p.
566 4989 642 5050 ΒῙ
665 4995 710 5026 ⁷³
739 4989 986 5062 posceret
1013 4993 1124 5048 ΒΞ.
1159 4989 1536 5064 apLPurjcell.
1570 4989 1719 5064 dion.
1747 4992 2008 5064 Ambrap.
2042 4991 2166 5046 505.
2221 4994 2266 5029 ⁷⁸
2288 4989 2542 5064 omnium
2592 4993 2651 5064 Ιξ.
2684 4992 2731 5064 ⁸⁸
2763 4991 2826 5046 0.
2853 5008 2902 5045 e.
2938 4994 2972 5048 5
3043 4994 3090 5027 ⁷⁸
3123 4994 3390 5047 arduinus

113 5068 171 5124 Β.
193 5081 348 5122 cuust.
407 5068 454 5098 ⁷⁷
485 5059 1002 5120 ῙιειιτὶευέΒλοηει.
1052 5066 1098 5096 ⁷⁸
1123 5059 1214 5119 Sic
1243 5062 1295 5115 5.
1362 5061 1408 5092 ⁷⁸
1430 5077 1483 5116 ο.
1517 5062 1560 5134 _i.
1697 5065 1882 5134 desunt
1921 5061 1983 5113 Β.
2013 5062 2395 5134 υὺίγεεᾳαεῃι-ὶίξ
2433 5061 2544 5116 ita:
2603 5063 2706 5134 Sed
2754 5063 2990 5120 instante
3013 5080 3068 5134 p.
3099 5080 3154 5134 p.
3195 5078 3390 5131 magna

113 5154 316 5194 suorum
348 5146 505 5208 parte
533 5139 848 5199 destitutus,
882 5144 934 5190 et
955 5136 1033 5190 sic
1067 5136 1293 5191 cedente
1321 5147 1406 5200 eo,
1439 5149 1485 5188 r.
1517 5130 1582 5186 Η.
1617 5129 1654 5184 i.
1709 5132 1756 5164 ⁸⁰
1796 5133 2148 5201 reassumptis
2170 5129 2223 5188 5.
2301 5131 2345 5163 ⁸¹
2383 5131 2653 5188 interdum
2688 5133 2737 5186 1.
