3938 5380
511 197 620 254 293

1547 192 1854 257 ARNULFI
1894 192 2450 256 MEDIOLANENSIS
2485 194 2757 257 CLERlCl

3694 198 3798 261 9.96

512 322 803 371 contentus
826 324 911 371 est
938 314 985 348 “
1012 315 1343 373 monasterio
1395 314 1614 371 nomine
1636 314 1921 370 Fructeria
1946 314 2097 385 (62);
2131 321 2178 376 Α
2280 315 2368 370 19.
2416 313 2652 370 Veniens
2701 314 2865 385 igitur
2890 315 2936 348 “
2968 331 3021 371 in
3056 323 3324 371 conventu
3370 316 3801 375 Mediolanensis

514 405 699 474 ibique
720 404 979 475 depositis
1026 404 1298 475 regalibus
1327 418 1489 474 super
1536 403 1731 469 altare,
1776 412 2101 473 sumptoque

511 497 698 553 habitu
725 513 961 570 paupere
987 498 1057 563 ⁸³,
1086 512 1184 553 suo
1207 496 1464 553 dormivit
1495 497 1548 552 in
1578 507 1819 567 tempore
1852 496 1988 565 (65).

584 591 675 645 17.
700 590 810 646 Illis
837 592 892 646 in
917 590 1106 646 diebus
1130 588 1339 661 primus
1365 590 1420 644 in
1470 588 1720 659 Apuliam
1758 585 2101 642 Normanno.

512 696 636 739 rum
666 682 768 739 fuit
793 691 1017 739 eventus
1053 682 1123 749 “,
1147 682 1453 754 principum
1486 691 1645 739 terra!
1671 680 1918 737 consultu
1941 694 2105 756 voca.

516 784 627 840 tus,
660 789 781 829 cum
822 773 995 830 Graeci
1024 788 1147 829 eam
1198 773 1499 829 innumeris
1548 781 1839 844 gravarent
1883 760 2105 842 oppres-

513 864 777 920 sionibus.
809 862 1016 931 Quibus
1038 864 1280 919 subactis
1298 874 1354 920 et
1387 877 1609 933 {equore
1643 861 1853 918 sulcato
1883 860 2103 933 fugatis,

512 957 926 1014 considerantes
951 955 1250 1013 Normanni
1281 956 1581 1026 Apulorum
1620 956 1896 1019 inertiam,
1929 955 2109 1027 regio-

511 1047 599 1103 nis
624 1061 839 1117 quoque
862 1048 915 1103 in
944 1048 1197 1104 omnibus
1224 1046 1697 1118 opulentiam,etsi
1722 1045 1905 1116 pauci,
1955 1045 2103 1100 inva~

512 1138 650 1194 dunt
676 1154 743 1195 ex
773 1147 928 1210 parte
970 1140 1332 1210 provinciam.
1378 1139 1644 1195 Remissis
1695 1138 1863 1208 igitur
1914 1136 2108 1210 legatis

511 1229 568 1284 in
599 1230 835 1299 patriam
868 1229 935 1285 ad
967 1230 1071 1285 boc
1103 1230 1418 1286 ortantibus
1446 1239 1676 1285 caeteros
1702 1229 1772 1294 ⁸⁵,
1827 1238 2109 1286 crescente

515 1319 774 1390 paulatim
820 1336 1068 1383 numero,
1100 1330 1267 1376 totam
1291 1321 1644 1391 repleverunt
1674 1319 1953 1390 Apuliam,
1980 1319 2109 1390 jure

512 1413 667 1480 quasi
692 1412 915 1482 proprio
965 1412 1164 1468 deinde
1227 1413 1590 1483 possidentes,
1628 1413 1927 1469 atrociores
1977 1412 2107 1468 facti

513 1503 740 1570 Graecis,
755 1504 1063 1570 Saracenis,
1087 1504 1414 1570 ferociores;
1441 1506 1552 1560 imo
1566 1501 1795 1574 dejectis
1809 1503 2106 1574 prioribus,

514 1609 877 1655 surrexerunt
905 1600 1183 1671 principes
1205 1600 1329 1670 ipsi.
1576 1602 1581 1607 ’

2201 404 2467 470 ecclesiae,
2517 405 2883 462 anatbematis
2919 405 3104 475 jaculo
3154 409 3463 464 consecrati
3516 409 3801 464 transﬁxit

2203 496 2510 551 audaciam.
2541 496 2745 552 Deinde
2769 496 2997 554 collecto
3019 499 3255 569 undique
3275 501 3521 556 exercitu
3541 502 3799 571 copioso,

2204 603 2326 643 cuin
2343 585 2700 660 sull'raganeis
2722 590 2883 645 simul
2902 590 3173 662 episcopis
3197 592 3476 648 civitatem
3499 608 3804 664 aggressus

2203 679 2511 745 Astcnsem,
2543 682 2743 737 clausis
2763 682 2817 737 in
2850 685 2986 740 urbe
3015 684 3335 741 marcbione
3361 701 3487 742 cum
3510 687 3800 756 episeopo.

2207 769 2528 828 densissima
2548 773 2834 830 obsidione
2860 775 3080 831 valavit.
3109 775 3220 831 Nec
3243 791 3273 830 a
3298 777 3666 847 populatione
3690 776 3807 832 bel«

2205 862 2366 935 loque
2391 863 2622 930 destitit,
2648 865 2821 922 donec
2849 867 3321 938 pace.composita
3366 868 3518 924 illius
3566 868 3803 925 satisfa-

2206 963 2353 1011 ctum
2383 964 2468 1011 est
2490 955 2776 1012 voluntati.
2804 958 2933 1015 Hmc
2970 967 3153 1015 autem
3181 959 3285 1014 fuit
3322 960 3474 1031 pacis
3526 960 3801 1025 conditio,

2206 1047 2349 1118 quod
2379 1048 2661 1104 venientes
2689 1048 3072 1117 Mediolanum,
3100 1053 3265 1107 tertio
3294 1052 3363 1107 ab
3390 1053 3528 1108 urbe
3554 1052 3805 1108 miliario

2207 1138 2369 1194 nudis
2402 1139 2705 1194 incedendo
2742 1140 3009 1212 vestigiis,
3039 1143 3329 1213 episcopus
3352 1145 3628 1205 codicem.
3654 1158 3804 1197 mar-

2207 1230 2332 1286 cbio
2368 1244 2560 1286 canem
2585 1230 2854 1300 bajulans,
2885 1242 3012 1288 ante
3044 1235 3189 1290 fores
3211 1235 3427 1291 eclesia:
3458 1235 3612 1291 beati
3665 1236 3802 1289 Am-

2208 1320 2376 1377 brosii
2410 1331 2594 1377 reatus
2646 1323 2900 1392 proprios
2947 1324 3295 1381 devotissime
3348 1335 3479 1381 sunt
3535 1324 3798 1381 conferri.

2210 1411 2448 1467 Praetera
2476 1413 2763 1483 episcopus
2787 1415 2995 1485 virgam
3016 1423 3073 1470 et
3099 1415 3321 1471 anulum
3344 1416 3584 1486 suscepti
3618 1415 3801 1485 ponti-

2210 1502 2402 1559 ﬁcatus
2427 1518 2589 1573 supra
2620 1505 2792 1560 sancti
2816 1505 3144 1562 confessoris
3171 1506 3342 1562 altare
3364 1508 3643 1577 deposuit,
3684 1520 3801 1574 qua:

2210 1597 2398 1663 postea
2427 1592 2690 1663 largiente
2735 1598 2990 1668 episcopo
3029 1597 3075 1629 ⁸³
3113 1598 3201 1666 pie
3246 1598 3563 1667 resumpsit.
3604 1595 3801 1651 Frater

1129 1650 1418 1747 ll—c—iiir—icus
1446 1650 1736 1759 veroquid
1774 1688 1842 1744 de
1893 1687 2105 1758 reliquo
2134 1683 2182 1745 Β
2211 1650 2340 1740 vero
2394 1650 2542 1740 illius
2573 1650 3211 1744 Mainfred‘usrinarcltio
3247 1650 3801 1743 vdonavitwecclesim

515 1784 766 1857 gesserit,
793 1783 1063 1852 quomodo
1085 1781 1304 1850 Trojani
1336 1782 1568 1839 nobilem
1595 1781 1805 1850 Apuliae
1828 1779 2104 1836 civitatem

515 1878 816 1941 obsederit,
839 1876 1072 1946 qualiter
1093 1875 1443 1932 marcbiones
1461 1874 1629 1930 Italiae
1669 1881 1926 1944 quatuor,
1960 1871 2108 1943 Ugo-

515 1984 667 2034 nem,
682 1972 945 2033 Azonem,
959 1967 1307 2023 Adelbertum
1331 1965 1712 2030 etObizonem,
1728 1963 1980 2034 captione
2003 1978 2109 2020 una

516 2060 909 2118 constrinxerit
973 2059 1108 2130 (61),
1172 2057 1407 2113 recitare
1456 2070 1566 2111 non
1601 2055 1840 2125 expedit,
1888 2053 2017 2108 dum
2057 2057 2108 2109 in

516 2152 839 2210 fortitudine
872 2149 989 2220 ejus
1015 2148 1193 2204 omnis
1224 2156 1369 2203 terra
1401 2146 1753 2209 contremuit,
1783 2159 1957 2214 usque
1976 2145 2112 2200 adeo

519 2243 650 2301 ut'si
680 2245 771 2309 qui
802 2241 1040 2312 repperti
1089 2240 1298 2295 fuerint
1322 2238 1550 2294 Ardoini
1596 2237 1799 2296 favisse
1842 2236 2109 2306 partibus,

520 2347 617 2393 aut
667 2336 922 2406 fugerent
974 2340 1064 2387 aut
1122 2330 1450 2388 deditionem
1508 2328 1774 2385 facerent.
1824 2328 1869 2382 E
1915 2327 2114 2397 quibus

518 2428 770 2484 Astensis
798 2426 1087 2496 episcopus
1121 2423 1235 2494 (65)
1267 2421 1488 2493 propria
1519 2421 1707 2477 relicta
1737 2420 1866 2476 sede
1912 2418 2115 2474 Medio-

518 2520 631 2576 lani
658 2534 830 2590 usque
867 2516 934 2573 ad
977 2517 1185 2572 obitum
1226 2515 1404 2570 latuit.
1433 2513 1669 2570 Dederat
1699 2512 1845 2568 enim
1875 2510 2113 2581 impera-

520 2620 630 2679 tor,
671 2612 889 2669 vivente
939 2608 1060 2679 ipso
1103 2617 1161 2665 et
1200 2606 1432 2678 abjecto,
1487 2606 1860 2678 episc0patum
1898 2603 2115 2660 cuidam

521 2702 777 2762 Olderico
826 2700 941 2773 (66)
982 2699 1136 2756 fratri
1184 2698 1469 2755 Mainfredi
1520 2697 1855 2754 marcliionis
1903 2695 2112 2752 eximri.

522 2797 677 2866 Quod
700 2795 902 2852 factum
925 2792 1278 2864 arcbipraesul
1301 2792 1563 2847 Arnulfus
1584 2791 1935 2846 vehementer
1961 2801 2118 2842 exor-

521 2904 675 2955 rens,
703 2888 1170 2943 consecrationem
1205 2899 1326 2954 quae
1373 2882 1477 2938 sibi
1517 2881 1881 2952 conipctebat,
1932 2880 2117 2935 omni-

523 2983 688 3040 modo
712 2982 908 3036 vetuit.
938 2977 1222 3034 Oldericus
1250 2977 1295 3009 ⁸⁸
1326 2985 1505 3031 autem
1544 2974 1636 3030 ille
1681 2988 1780 3029 sua
1830 2971 2003 3027 fretus
2052 2986 2117 3026 ac

525 3074 717 3131 fratris
743 3072 1010 3146 potentia,
1066 3070 1290 3124 Romam
1336 3068 1709 3140 proﬁciscens,
1763 3064 2115 3134 subreptione
2142 3046 2188 3108 Ο

525 3164 762 3236 quadam
786 3160 1098 3217 consecrari
1122 3175 1182 3216 se
1224 3159 1270 3192 "
1307 3158 1436 3214 fecit
1481 3174 1513 3213 a
1563 3156 1809 3213 Romano
1859 3156 2117 3226 pontifice

526 3252 641 3324 (67)
672 3249 1000 3323 [an.<1008].
1046 3248 1202 3317 Quod
1256 3248 1347 3303 ubi
1406 3247 1637 3302 innotuit
1680 3245 1933 3312 Arnulfo,
1967 3245 2115 3316 justa

528 3345 664 3401 satis
690 3342 1008 3399 accenditur
1030 3339 1335 3405 iracundia,
1368 3355 1475 3395 non
1507 3348 1714 3394 tantum
1763 3338 1907 3409 regia
1960 3337 2117 3392 iusti-

529 3434 762 3497 tutione,
782 3441 1041 3502 quantum
1071 3430 1337 3496 Romana,
1358 3431 1503 3501 quod
1530 3430 1769 3486 deterius
1799 3428 2110 3495 videbatur,

529 3525 844 3597 indignatus
865 3523 1296 3579 consecratione.

2211 1778 2330 1832 auri
2360 1777 2562 1834 talenta
2589 1779 3025 1850 quamplurima;
3059 1780 3202 1836 unde
3229 1780 3492 1849 producta
3533 1788 3619 1835 est
3667 1793 3798 1834 crux

2210 1870 2298 1926 illa
2322 1869 2709 1941 pulcherrima,
2736 1885 2858 1942 quae
2885 1886 3058 1941 usque
3086 1870 3247 1926 hodie
3270 1869 3558 1940 praecipuis
3583 1878 3797 1923 tantum

2211 1960 2418 2032 geritur
2442 1961 2495 2015 in
2527 1960 2736 2016 diebus.
2769 1961 2975 2016 Deinde
3002 1962 3163 2017 nudis
3206 1961 3349 2016 sicut
3389 1969 3658 2037 venerant
3704 1976 3797 2029 pe-

2211 2052 2370 2108 dibus
2397 2066 2495 2123 per
2530 2051 2766 2106 medium
2797 2051 3038 2106 civitatis
3089 2052 3156 2106 ad
3194 2050 3481 2106 ecclesiam
3536 2049 3797 2118 majorem

2212 2154 2414 2200 sanctae
2439 2143 2745 2200 Tbeotocos
2766 2158 2939 2214 usque
2961 2144 3271 2207 deveniunt,
3293 2143 3363 2199 ab
3388 2144 3796 2213 archiepiscopo

2213 2242 2268 2290 et
2297 2234 2444 2290 clero
2469 2244 2778 2305 cunctoque
2800 2234 3005 2305 recepti
3036 2235 3090 2290 in
3123 2249 3258 2305 pace
3280 2235 3502 2305 populo.

2282 2327 2374 2381 20.
2424 2326 2499 2382 De
2542 2325 2751 2397 reliquo
2791 2326 3053 2382 Arnull‘us
3083 2326 3499 2383 saccrdotaliter
3548 2327 3594 2360 θ’
3644 2342 3794 2383 suam

2213 2417 2436 2487 regebat
2457 2416 2766 2483 ecclesiam,
2793 2416 3000 2473 clerum
3026 2416 3217 2473 fovens
3238 2432 3304 2471 ac
3341 2417 3621 2487 populum,
3660 2418 3796 2472 suis-

2215 2526 2322 2581 que
2374 2510 2538 2582 plane
2598 2525 2804 2566 vacans
2862 2510 3112 2582 negotiis.
3181 2508 3353 2579 Hujus
3408 2510 3793 2565 beatitudinem

2216 2604 2367 2673 plura
2408 2603 2656 2659 ecclesiis
2696 2603 2895 2658 tradita
2933 2606 3319 2659 commendant
3343 2602 3795 2666 beneﬁela‘llius

2220 2702 2462 2764 tempore
2495 2694 2540 2726 “
2583 2694 2757 2750 sancti
2797 2693 3127 2751 confessoris
3159 2694 3332 2750 Menas
3377 2695 3630 2752 revelata:
3676 2706 3794 2751 sunt

2217 2785 2482 2855 reliquiae,
2514 2784 2568 2840 in
2595 2785 2825 2841 ecclesia
2878 2786 3053 2840 sancti
3093 2784 3289 2841 Vitalis
3333 2786 3483 2856 justa
3537 2786 3790 2841 Sanctum

2217 2877 2487 2936 Naborem
2516 2879 2584 2934 ".
2618 2876 2719 2934 llic
2746 2879 2913 2935 etiam
2959 2880 3209 2936 fundavit
3261 2881 3573 2936 coenobium
3628 2880 3792 2936 sancti

2218 2972 2453 3029 Victoris
2479 2971 2737 3043 martyris
2792 2972 2848 3028 in
2897 2987 3095 3044 magno
3126 2972 3333 3028 bonore
3375 2981 3433 3027 et
3484 2972 3641 3041 copia
3687 2971 3796 3025 ἴω·

2221 3077 2371 3135 gum,
2403 3063 2460 3137 in
2490 3076 2600 3132 quo
2653 3061 2949 3131 requiescit
2981 3064 3035 3117 in
3065 3077 3200 3133 pace
3224 3063 3492 3133 sepultus.
3544 3063 3601 3116 ln
3645 3063 3796 3131 cujus

2222 3157 2382 3213 laude
2413 3155 2684 3212 reddenda
2716 3156 2973 3226 quoniam
3005 3158 3122 3212 dies
3152 3171 3257 3212 non
3293 3156 3492 3211 sutlicit
3520 3155 3795 3214 bodierna,

2224 3263 2466 3318 praesens
2493 3247 2776 3304 claudatur
2801 3248 3019 3320 pagina,
3065 3262 3192 3303 cum
3220 3246 3295 3302 sit
3320 3246 3498 3302 altera
3553 3246 3797 3315 deintcps

2223 3342 2539 3411 aperienda.

1361 3715 1827 3807 INCIPIT
1881 3714 2243 3804 LIBER
2304 3695 3028 3805 SECUNDUS".

611 3920 659 3975 1.
701 3916 980 3989 Superiori
1010 3915 1286 3972 volumine
1336 3913 1521 3970 audita
1570 3921 1777 3966 tantum
1828 3919 2122 3977 utcumque
2151 3912 2199 3972 ι)
2227 3922 2292 3962 ac
2322 3908 2464 3962 dono
2495 3908 2857 3980 imperatoria:
2901 3910 3191 3980 potestatis
3239 3910 3606 3971 intronizatur
3655 3915 3804 3973 lleri-

534 4010 819 4072 exsullhre
851 4011 1233 4080 temptavimus
1265 4026 1279 4063 :
1312 4022 1456 4061 nunc
1502 4015 1684 4060 autem
1731 4018 1795 4057 ea
1826 4016 1966 4072 qua:
2018 4001 2119 4070 ipsi

533 4104 767 4162 videndo
790 4102 1165 4175 cognovimus,
1208 4114 1275 4155 ex
1318 4097 1655 4155 babundanti
1702 4102 1955 4150 ernctare
2008 4099 2123 4146 stn-

535 4199 782 4252 deamus.
805 4193 1032 4250 Coalitus
1055 4191 1220 4261 igitur
1243 4199 1435 4245 vocato
1460 4188 1598 4242 diva:
1623 4184 1902 4241 memoria:
1920 4183 2124 4238 Arnnl-

535 4288 592 4345 fo
619 4288 733 4359 (an.
757 4286 918 4350 1018,
950 4282 1110 4338 Febr.
1138 4282 1251 4351 25).
1284 4279 1533 4338 consultu
1572 4278 1839 4349 majorum
1887 4275 2125 4331 civitatis

2220 4001 2409 4054 bertns
2432 4000 2564 4071 (68).
2592 4000 2693 4068 Qui
2721 4016 2787 4057 ex
2810 4018 2917 4072 quo
2946 4002 3200 4072 prmlatus
3220 4012 3327 4069 est,
3358 4006 3476 4060 suis
3501 4017 3557 4061 et
3586 4010 3803 4065 aliorum

2223 4092 2439 4147 vacavit
2466 4093 2720 4163 negotiis,
2747 4092 2991 4163 pluribus
3009 4094 3513 4166 intentus,grandia
3534 4110 3805 4169 expertus,

2225 4199 2348 4255 qum
2369 4185 2589 4255 quidem
2632 4187 2923 4249 narranda,
2964 4202 3071 4242 non
3113 4187 3404 4256 iudicanda
3453 4195 3805 4263 suscepittus

2226 4277 2393 4348 Cujus
2436 4281 2489 4335 in
2540 4283 2731 4338 diebus
2771 4281 3011 4339 lleinrici
3062 4293 3480 4341 consummatur
3530 4286 3806 4359 imperium

1825 4428 2057 4486 VARIE
2093 4429 2386 4490 LECTION
2394 4436 2496 4491 ES.

610 4551 656 4584 "
689 4549 829 4604 deest
865 4548 925 4603 Β.
949 4550 995 4581 ⁸³
1024 4563 1228 4619 pauper
1249 4549 1308 4603 B.
1334 4549 1383 4582 “
1410 4549 1673 4603 adventus
1700 4548 1776 4601 5‘.
1807 4547 1959 4619 Mur.

540 4622 585 4653 ⁸⁷
619 4636 679 4675 se
704 4636 755 4675 c.
800 4621 889 4689 5.7g
942 4619 989 4657 ⁸⁸
1017 4638 1145 4689 ergo
1180 4620 1234 4675 5.

541 4691 606 4746 Ν.
636 4692 819 4745 desunt
862 4687 921 4741 Β.

543 4762 711 4827 venit,
733 4777 899 4831 quum
930 4758 1045 4830 jam
1091 4762 1242 4832 prior
1292 4760 1380 4816 ille
1413 4760 1642 4817 recedit.

2081 4547 2129 4581 "
2158 4550 2223 4603 ad
2254 4550 2310 4605 lt.
2340 4569 2391 4607 ο.
2422 4568 2472 4608 c.
2501 4555 2689 4611 desim!
2728 4556 2789 4612 Β.

1415 4621 1460 4655 ⁸⁸
1487 4620 1900 4688 archiepiscopo
1926 4617 1986 4670 Β.
2062 4620 2108 4652 ³ο
2138 4624 2577 4679 sacerdocialiter
2605 4629 2642 4680 Β
2672 4628 2721 4682 1.

1048 4690 1093 4723 ³³
1128 4692 1249 4765 huic
1290 4691 1424 4765 libro
1455 4691 1508 4743 2.
1541 4690 1655 4765 υμιι.
1686 4690 2081 4759 superscribunt
2110 4706 2130 4745 :
2163 4690 2359 4763 Incipit
2385 4695 2521 4752 liber
2555 4699 2825 4755 secundus
2850 4700 3167 4756 istoriaruui
3190 4703 3423 4759 Amulli.
3457 4706 3619 4763 Alter
3639 4690 3808 4765 seruio

2897 4558 2945 4595 ⁸⁸
2990 4557 3275 4617 Odclricus
3323 4562 3376 4616 1.
3428 4562 3717 4621 Odelricns
3756 4566 3806 4621 Β.

2831 4629 2873 4660 ⁹¹
2908 4631 2942 4683 i.
2976 4631 3029 4685 in
3066 4640 3103 4685 ι.
3134 4632 3194 4685 Β.
3292 4634 3338 4665 ⁹²
3365 4635 3416 4688 in
3444 4651 3496 4689 e.
3525 4652 3571 4691 s.
3618 4638 3682 4692 γ.
3711 4639 3743 4691 i.
3767 4654 3805 4691 s.

2069 4850 2300 4909 NOTAE.

614 4976 728 5048 (62)
764 4974 824 5031 S.
858 4975 1099 5048 Benigno
1121 4975 1171 5031 di
1203 4975 1539 5048 Frtittuaria.

636 5049 727 5116 65)
758 5048 824 5100 14
874 5046 1017 5121 Περί
1059 5046 1354 5102 secundum
1405 5047 1622 5104 Necrol.
1678 5048 2026 5121 Divioncnse,
2059 5055 2121 5110 ν.

542 5118 809 5175 Provana.
836 5134 887 5186 p.
910 5116 1035 5171 305.

613 5188 730 5261 (61)
764 5186 1093 5256 Tempurum
1113 5187 1363 5261 ordinem
1395 5187 1461 5240 A.
1508 5188 1559 5242 in
1588 5189 1686 5261 bis
1724 5205 1831 5247 non
1863 5196 2125 5261 servavit,

542 5256 815 5335 s_iqnidcm
843 5271 1072 5335 eos_non
1094 5256 1339 5335 diversos
1364 5273 1487 5312 esse
1514 5259 1713 5335 volunt_
1726 5264 1799 5335 ab
1838 5263 1943 5335 illis
1992 5256 2130 5335 quos

541 5326 784 5380 Tliietnt.
819 5342 916 5380 vit.
942 5326 992 5380 1.
1015 5339 1133 5380 vui.
1171 5327 1220 5380 1.
1249 5339 1661 5380 commemorat.
1686 5330 1822 5380 ﬁlius
1850 5326 2124 5380 (limi-i'i-II-

2305 4986 2419 5058 (66)
2452 4990 2655 5048 rectius
2683 4991 2948 5047 Adstrico.

2234 5054 2602 5186 Migndiijgmi
2632 5064 2862 5188 18:8
2908 5064 3110 5121 factum
3149 5080 3272 5122 esse
3317 5067 3578 5138 probavit
3622 5070 3808 5127 Ginlini

2307 5200 2793 5282 (tia-Ambenus...
2820 5203 2899 5282 ﬂ.
2931 5204 2989 5282 _b.
3017 5221 3090 5282 in.
3134 5204 3411 5282 quiardt',
3464 5211 3560 5279 qui
3610 5211 3714 5281 fuit
3754 5214 3808 5265 de

2237 5268 2964 5346 Ιοςὸ,Ἀηι-ἰιιιὶαηοᾲείῑιίπίζ
3014 5275 3128 5346 lege
3183 5268 3704 5346 Langobardorum:
3743 5285 3807 5337 ita

2239 5340 2438 5380 Mlmlm
2460 5342 2807 5380 nincnnniinn
2829 5340 3091 5380 multum";
3114 5340 3376 5380 ἓηηίηίιῖηι
3420 5348 3610 5380 ll..n..:..
3630 5368 3745 5380 ...ιω
