  <div class='ocr_page' id='page_1' title='image "/cluster/home/n/w/nwhite01/storage/ocr_20150623/147/hvd.32044010574002/154.png"; bbox 0 0 3938 5380; ppageno 0'>
   <div class='ocr_carea' id='block_1_1' title="bbox 107 332 210 387">
    <p class='ocr_par' dir='ltr' id='par_1_1' title="bbox 107 332 210 387">
     <span class='ocr_line' id='line_1_1' title="bbox 107 332 210 387; baseline -0.01 0"><span class='ocrx_word' id='word_1_1' title='bbox 107 332 210 387; x_wconf 71' lang='lat'><strong>297</strong></span> 
     </span>
    </p>
   </div>
   <div class='ocr_carea' id='block_1_2' title="bbox 1024 327 2453 391">
    <p class='ocr_par' dir='ltr' id='par_1_2' title="bbox 1024 327 2453 391">
     <span class='ocr_line' id='line_1_2' title="bbox 1024 327 2453 391; baseline -0.006 -1"><span class='ocrx_word' id='word_1_2' title='bbox 1024 333 1248 390; x_wconf 72' lang='lat' dir='ltr'><strong>GESTA</strong></span> <span class='ocrx_word' id='word_1_3' title='bbox 1283 331 1704 391; x_wconf 76' lang='lat' dir='ltr'><strong>ARClﬂEPISC.</strong></span> <span class='ocrx_word' id='word_1_4' title='bbox 1743 328 2110 387; x_wconf 63' lang='lat' dir='ltr'><strong>MEDiOl..-\N.</strong></span> <span class='ocrx_word' id='word_1_5' title='bbox 2141 360 2206 369; x_wconf 87' lang='lat'><strong>--</strong></span> <span class='ocrx_word' id='word_1_6' title='bbox 2228 329 2354 384; x_wconf 80' lang='lat' dir='ltr'><strong>LIB.</strong></span> <span class='ocrx_word' id='word_1_7' title='bbox 2393 327 2453 382; x_wconf 85' lang='lat' dir='ltr'><strong>ll.</strong></span> 
     </span>
    </p>
   </div>
   <div class='ocr_carea' id='block_1_3' title="bbox 3249 319 3357 376">
    <p class='ocr_par' dir='ltr' id='par_1_3' title="bbox 3249 319 3357 376">
     <span class='ocr_line' id='line_1_3' title="bbox 3249 319 3357 376; baseline 0.019 -3"><span class='ocrx_word' id='word_1_8' title='bbox 3249 319 3357 376; x_wconf 70' lang='lat'><strong>298</strong></span> 
     </span>
    </p>
   </div>
   <div class='ocr_carea' id='block_1_4' title="bbox 110 403 3356 520">
    <p class='ocr_par' dir='ltr' id='par_1_4' title="bbox 110 403 3356 520">
     <span class='ocr_line' id='line_1_4' title="bbox 110 403 3356 520; baseline -0.001 -18"><span class='ocrx_word' id='word_1_9' title='bbox 110 449 227 519; x_wconf 83' lang='lat' dir='ltr'><strong>(an.</strong></span> <span class='ocrx_word' id='word_1_10' title='bbox 249 403 443 520; x_wconf 22' lang='lat' dir='ltr'><strong>.lOii).</strong></span> <span class='ocrx_word' id='word_1_11' title='bbox 465 446 613 518; x_wconf 86' lang='lat' dir='ltr'><strong>prole</strong></span> <span class='ocrx_word' id='word_1_12' title='bbox 649 447 800 504; x_wconf 85' lang='lat' dir='ltr'><strong>nulla</strong></span> <span class='ocrx_word' id='word_1_13' title='bbox 852 450 1161 519; x_wconf 74' lang='lat' dir='ltr'><strong>superstite.</strong></span> <span class='ocrx_word' id='word_1_14' title='bbox 1193 449 1346 504; x_wconf 87' lang='lat' dir='ltr'><strong>Tunc</strong></span> <span class='ocrx_word' id='word_1_15' title='bbox 1396 449 1688 518; x_wconf 83' lang='lat' dir='ltr'><strong>Papienses</strong></span> <span class='ocrx_word' id='word_1_16' title='bbox 1717 455 1765 511; x_wconf 74' lang='grc' dir='ltr'>Α</span> <span class='ocrx_word' id='word_1_17' title='bbox 1794 459 1922 500; x_wconf 91' lang='lat' dir='ltr'><strong>vero</strong></span> <span class='ocrx_word' id='word_1_18' title='bbox 1947 443 2356 498; x_wconf 74' lang='lat' dir='ltr'><strong>Mediolanensis</strong></span> <span class='ocrx_word' id='word_1_19' title='bbox 2385 443 2632 511; x_wconf 83' lang='lat' dir='ltr'><strong>antistes,</strong></span> <span class='ocrx_word' id='word_1_20' title='bbox 2671 459 2738 500; x_wconf 93' lang='lat' dir='ltr'><strong>ne</strong></span> <span class='ocrx_word' id='word_1_21' title='bbox 2768 442 2820 499; x_wconf 91' lang='lat' dir='ltr'><strong>in</strong></span> <span class='ocrx_word' id='word_1_22' title='bbox 2845 444 2932 500; x_wconf 88' lang='lat' dir='ltr'><strong>die</strong></span> <span class='ocrx_word' id='word_1_23' title='bbox 2976 442 3117 500; x_wconf 80' lang='lat' dir='ltr'><strong>festo</strong></span> <span class='ocrx_word' id='word_1_24' title='bbox 3155 445 3356 500; x_wconf 84' lang='lat' dir='ltr'><strong>tumul-</strong></span> 
     </span>
    </p>
   </div>
   <div class='ocr_carea' id='block_1_5' title="bbox 110 537 1691 609">
    <p class='ocr_par' dir='ltr' id='par_1_5' title="bbox 110 537 1691 609">
     <span class='ocr_line' id='line_1_5' title="bbox 110 537 1691 609; baseline -0.001 -17"><span class='ocrx_word' id='word_1_25' title='bbox 110 540 168 592; x_wconf 83' lang='lat' dir='ltr'><strong>in</strong></span> <span class='ocrx_word' id='word_1_26' title='bbox 201 538 463 592; x_wconf 83' lang='lat' dir='ltr'><strong>ultionem</strong></span> <span class='ocrx_word' id='word_1_27' title='bbox 496 538 728 593; x_wconf 64' lang='lat' dir='ltr'><strong>incensae</strong></span> <span class='ocrx_word' id='word_1_28' title='bbox 751 540 902 593; x_wconf 68' lang='lat' dir='ltr'><strong>umis</strong></span> <span class='ocrx_word' id='word_1_29' title='bbox 944 539 1151 609; x_wconf 79' lang='lat' dir='ltr'><strong>regium</strong></span> <span class='ocrx_word' id='word_1_30' title='bbox 1183 539 1326 608; x_wconf 88' lang='lat' dir='ltr'><strong>quod</strong></span> <span class='ocrx_word' id='word_1_31' title='bbox 1358 538 1500 608; x_wconf 90' lang='lat' dir='ltr'><strong>apud</strong></span> <span class='ocrx_word' id='word_1_32' title='bbox 1547 537 1691 607; x_wconf 87' lang='lat' dir='ltr'><strong>ipsos</strong></span> 
     </span>
    </p>
   </div>
   <div class='ocr_carea' id='block_1_6' title="bbox 110 626 1691 699">
    <p class='ocr_par' dir='ltr' id='par_1_6' title="bbox 110 626 1691 699">
     <span class='ocr_line' id='line_1_6' title="bbox 110 626 1691 699; baseline -0.003 -17"><span class='ocrx_word' id='word_1_33' title='bbox 110 639 235 683; x_wconf 90' lang='lat' dir='ltr'><strong>erat</strong></span> <span class='ocrx_word' id='word_1_34' title='bbox 266 631 588 684; x_wconf 79' lang='lat' dir='ltr'><strong>destruxere</strong></span> <span class='ocrx_word' id='word_1_35' title='bbox 614 629 894 699; x_wconf 83' lang='lat' dir='ltr'><strong>palatium.</strong></span> <span class='ocrx_word' id='word_1_36' title='bbox 923 629 1147 682; x_wconf 84' lang='lat' dir='ltr'><strong>Factum</strong></span> <span class='ocrx_word' id='word_1_37' title='bbox 1172 639 1254 681; x_wconf 90' lang='lat' dir='ltr'><strong>est</strong></span> <span class='ocrx_word' id='word_1_38' title='bbox 1287 637 1492 691; x_wconf 89' lang='lat' dir='ltr'><strong>autem,</strong></span> <span class='ocrx_word' id='word_1_39' title='bbox 1524 635 1583 679; x_wconf 92' lang='lat' dir='ltr'><strong>ut</strong></span> <span class='ocrx_word' id='word_1_40' title='bbox 1614 626 1691 679; x_wconf 88' lang='lat' dir='ltr'><strong>si-</strong></span> 
     </span>
    </p>
   </div>
   <div class='ocr_carea' id='block_1_7' title="bbox 112 714 1695 780">
    <p class='ocr_par' dir='ltr' id='par_1_7' title="bbox 112 714 1695 780">
     <span class='ocr_line' id='line_1_7' title="bbox 112 714 1695 780; baseline -0.004 -7"><span class='ocrx_word' id='word_1_41' title='bbox 112 720 227 773; x_wconf 87' lang='lat' dir='ltr'><strong>mul</strong></span> <span class='ocrx_word' id='word_1_42' title='bbox 257 720 644 775; x_wconf 77' lang='lat' dir='ltr'><strong>convenientes</strong></span> <span class='ocrx_word' id='word_1_43' title='bbox 670 720 723 773; x_wconf 92' lang='lat' dir='ltr'><strong>in</strong></span> <span class='ocrx_word' id='word_1_44' title='bbox 749 734 1054 780; x_wconf 88' lang='lat' dir='ltr'><strong>commune,</strong></span> <span class='ocrx_word' id='word_1_45' title='bbox 1089 727 1382 771; x_wconf 81' lang='lat' dir='ltr'><strong>tractarent</strong></span> <span class='ocrx_word' id='word_1_46' title='bbox 1402 717 1467 770; x_wconf 89' lang='lat' dir='ltr'><strong>de</strong></span> <span class='ocrx_word' id='word_1_47' title='bbox 1495 714 1695 768; x_wconf 90' lang='lat' dir='ltr'><strong>consti-</strong></span> 
     </span>
    </p>
   </div>
   <div class='ocr_carea' id='block_1_8' title="bbox 115 805 1695 882">
    <p class='ocr_par' dir='ltr' id='par_1_8' title="bbox 115 805 1695 882">
     <span class='ocr_line' id='line_1_8' title="bbox 115 805 1695 882; baseline -0.005 -18"><span class='ocrx_word' id='word_1_48' title='bbox 115 813 324 866; x_wconf 88' lang='lat' dir='ltr'><strong>tuendo</strong></span> <span class='ocrx_word' id='word_1_49' title='bbox 372 827 498 882; x_wconf 79' lang='lat' dir='ltr'><strong>rege</strong></span> <span class='ocrx_word' id='word_1_50' title='bbox 534 812 814 881; x_wconf 80' lang='lat' dir='ltr'><strong>primates.</strong></span> <span class='ocrx_word' id='word_1_51' title='bbox 873 809 1112 864; x_wconf 73' lang='lat' dir='ltr'><strong>Diversis</strong></span> <span class='ocrx_word' id='word_1_52' title='bbox 1161 809 1345 877; x_wconf 88' lang='lat' dir='ltr'><strong>itaque</strong></span> <span class='ocrx_word' id='word_1_53' title='bbox 1372 807 1426 859; x_wconf 92' lang='lat' dir='ltr'><strong>in</strong></span> <span class='ocrx_word' id='word_1_54' title='bbox 1482 805 1695 859; x_wconf 86' lang='lat' dir='ltr'><strong>diversa</strong></span> 
     </span>
    </p>
   </div>
   <div class='ocr_carea' id='block_1_9' title="bbox 114 899 1541 969">
    <p class='ocr_par' dir='ltr' id='par_1_9' title="bbox 114 899 1541 969">
     <span class='ocr_line' id='line_1_9' title="bbox 114 899 1541 969; baseline -0.006 -11"><span class='ocrx_word' id='word_1_55' title='bbox 114 905 484 969; x_wconf 84' lang='lat' dir='ltr'><strong>trahentibus,</strong></span> <span class='ocrx_word' id='word_1_56' title='bbox 518 920 623 958; x_wconf 89' lang='lat' dir='ltr'><strong>non</strong></span> <span class='ocrx_word' id='word_1_57' title='bbox 654 905 894 959; x_wconf 89' lang='lat' dir='ltr'><strong>omnium</strong></span> <span class='ocrx_word' id='word_1_58' title='bbox 934 903 1074 957; x_wconf 90' lang='lat' dir='ltr'><strong>idem</strong></span> <span class='ocrx_word' id='word_1_59' title='bbox 1100 904 1275 955; x_wconf 85' lang='lat' dir='ltr'><strong>fuerat</strong></span> <span class='ocrx_word' id='word_1_60' title='bbox 1306 899 1541 954; x_wconf 91' lang='lat' dir='ltr'><strong>animus.</strong></span> 
     </span>
    </p>
   </div>
   <div class='ocr_carea' id='block_1_10' title="bbox 185 993 1697 1064">
    <p class='ocr_par' dir='ltr' id='par_1_10' title="bbox 185 993 1697 1064">
     <span class='ocr_line' id='line_1_10' title="bbox 185 993 1697 1064; baseline -0.007 -14"><span class='ocrx_word' id='word_1_61' title='bbox 185 995 242 1050; x_wconf 76' lang='grc'><strong>2.</strong></span> <span class='ocrx_word' id='word_1_62' title='bbox 279 996 533 1064; x_wconf 81' lang='lat' dir='ltr'><strong>interque</strong></span> <span class='ocrx_word' id='word_1_63' title='bbox 571 995 697 1047; x_wconf 87' lang='lat' dir='ltr'><strong>talia</strong></span> <span class='ocrx_word' id='word_1_64' title='bbox 744 993 1233 1056; x_wconf 82' lang='lat' dir='ltr'><strong>ﬂuctuanteltalia,</strong></span> <span class='ocrx_word' id='word_1_65' title='bbox 1280 1004 1501 1044; x_wconf 90' lang='lat' dir='ltr'><strong>suorum</strong></span> <span class='ocrx_word' id='word_1_66' title='bbox 1548 1001 1697 1042; x_wconf 91' lang='lat' dir='ltr'><strong>com-</strong></span> 
     </span>
    </p>
   </div>
   <div class='ocr_carea' id='block_1_11' title="bbox 114 1079 1700 1160">
    <p class='ocr_par' dir='ltr' id='par_1_11' title="bbox 114 1079 1700 1160">
     <span class='ocr_line' id='line_1_11' title="bbox 114 1079 1700 1160; baseline -0.005 -17"><span class='ocrx_word' id='word_1_67' title='bbox 114 1106 313 1160; x_wconf 86' lang='lat' dir='ltr'><strong>parum</strong></span> <span class='ocrx_word' id='word_1_68' title='bbox 346 1091 392 1121; x_wconf 75' lang='grc'><strong>⁹⁸</strong></span> <span class='ocrx_word' id='word_1_69' title='bbox 423 1090 704 1144; x_wconf 85' lang='lat' dir='ltr'><strong>declinans</strong></span> <span class='ocrx_word' id='word_1_70' title='bbox 748 1088 1066 1142; x_wconf 82' lang='lat' dir='ltr'><strong>Heribertus</strong></span> <span class='ocrx_word' id='word_1_71' title='bbox 1102 1084 1461 1148; x_wconf 86' lang='lat' dir='ltr'><strong>consortium,</strong></span> <span class='ocrx_word' id='word_1_72' title='bbox 1515 1079 1700 1136; x_wconf 80' lang='lat' dir='ltr'><strong>invitis</strong></span> 
     </span>
    </p>
   </div>
   <div class='ocr_carea' id='block_1_12' title="bbox 117 1172 1704 1252">
    <p class='ocr_par' dir='ltr' id='par_1_12' title="bbox 117 1172 1704 1252">
     <span class='ocr_line' id='line_1_12' title="bbox 117 1172 1704 1252; baseline -0.007 -15"><span class='ocrx_word' id='word_1_73' title='bbox 117 1183 226 1238; x_wconf 83' lang='lat' dir='ltr'><strong>illis</strong></span> <span class='ocrx_word' id='word_1_74' title='bbox 255 1198 321 1237; x_wconf 89' lang='lat' dir='ltr'><strong>ac</strong></span> <span class='ocrx_word' id='word_1_75' title='bbox 347 1181 768 1252; x_wconf 75' lang='lat' dir='ltr'><strong>repugnantibus</strong></span> <span class='ocrx_word' id='word_1_76' title='bbox 801 1180 938 1234; x_wconf 84' lang='lat' dir='ltr'><strong>adiit</strong></span> <span class='ocrx_word' id='word_1_77' title='bbox 988 1176 1336 1233; x_wconf 84' lang='lat' dir='ltr'><strong>Germaniam</strong></span> <span class='ocrx_word' id='word_1_78' title='bbox 1383 1172 1529 1229; x_wconf 90' lang='lat' dir='ltr'><strong>solus</strong></span> <span class='ocrx_word' id='word_1_79' title='bbox 1586 1172 1704 1242; x_wconf 91' lang='lat' dir='ltr'><strong>ipse</strong></span> 
     </span>
    </p>
   </div>
   <div class='ocr_carea' id='block_1_13' title="bbox 116 1265 1704 1344">
    <p class='ocr_par' dir='ltr' id='par_1_13' title="bbox 116 1265 1704 1344">
     <span class='ocr_line' id='line_1_13' title="bbox 116 1265 1704 1344; baseline -0.008 -17"><span class='ocrx_word' id='word_1_80' title='bbox 116 1289 306 1344; x_wconf 57' lang='lat' dir='ltr'><strong>regem</strong></span> <span class='ocrx_word' id='word_1_81' title='bbox 337 1273 610 1326; x_wconf 88' lang='lat' dir='ltr'><strong>electurus</strong></span> <span class='ocrx_word' id='word_1_82' title='bbox 660 1270 1076 1324; x_wconf 87' lang='lat' dir='ltr'><strong>Theutonicum.</strong></span> <span class='ocrx_word' id='word_1_83' title='bbox 1137 1268 1378 1337; x_wconf 86' lang='lat' dir='ltr'><strong>Cumque</strong></span> <span class='ocrx_word' id='word_1_84' title='bbox 1428 1265 1704 1318; x_wconf 85' lang='lat' dir='ltr'><strong>Teutones</strong></span> 
     </span>
    </p>
   </div>
   <div class='ocr_carea' id='block_1_14' title="bbox 119 1352 1702 1430">
    <p class='ocr_par' dir='ltr' id='par_1_14' title="bbox 119 1352 1702 1430">
     <span class='ocr_line' id='line_1_14' title="bbox 119 1352 1702 1430; baseline -0.008 -14"><span class='ocrx_word' id='word_1_85' title='bbox 119 1364 222 1417; x_wconf 68' lang='lat' dir='ltr'><strong>sibi</strong></span> <span class='ocrx_word' id='word_1_86' title='bbox 247 1361 634 1417; x_wconf 78' lang='lat' dir='ltr'><strong>Clmonradum</strong></span> <span class='ocrx_word' id='word_1_87' title='bbox 668 1361 716 1391; x_wconf 84' lang='lat'><strong>&quot;</strong></span> <span class='ocrx_word' id='word_1_88' title='bbox 751 1360 1032 1430; x_wconf 77' lang='lat' dir='ltr'><strong>eligerent,</strong></span> <span class='ocrx_word' id='word_1_89' title='bbox 1078 1356 1326 1412; x_wconf 90' lang='lat' dir='ltr'><strong>eumdem</strong></span> <span class='ocrx_word' id='word_1_90' title='bbox 1359 1355 1534 1424; x_wconf 88' lang='lat' dir='ltr'><strong>ipsum</strong></span> <span class='ocrx_word' id='word_1_91' title='bbox 1589 1352 1702 1405; x_wconf 87' lang='lat' dir='ltr'><strong>lau-</strong></span> 
     </span>
    </p>
   </div>
   <div class='ocr_carea' id='block_1_15' title="bbox 120 1440 1702 1523">
    <p class='ocr_par' dir='ltr' id='par_1_15' title="bbox 120 1440 1702 1523">
     <span class='ocr_line' id='line_1_15' title="bbox 120 1440 1702 1523; baseline -0.008 -19"><span class='ocrx_word' id='word_1_92' title='bbox 120 1452 272 1504; x_wconf 81' lang='lat' dir='ltr'><strong>davit</strong></span> <span class='ocrx_word' id='word_1_93' title='bbox 313 1450 454 1523; x_wconf 73' lang='lat'><strong>(69),</strong></span> <span class='ocrx_word' id='word_1_94' title='bbox 498 1449 855 1518; x_wconf 89' lang='lat' dir='ltr'><strong>omniumque</strong></span> <span class='ocrx_word' id='word_1_95' title='bbox 904 1449 956 1502; x_wconf 92' lang='lat' dir='ltr'><strong>in</strong></span> <span class='ocrx_word' id='word_1_96' title='bbox 1004 1446 1208 1500; x_wconf 87' lang='lat' dir='ltr'><strong>occulis</strong></span> <span class='ocrx_word' id='word_1_97' title='bbox 1258 1443 1540 1498; x_wconf 79' lang='lat' dir='ltr'><strong>coronavit</strong></span> <span class='ocrx_word' id='word_1_98' title='bbox 1591 1440 1702 1512; x_wconf 86' lang='lat' dir='ltr'><strong>(an.</strong></span> 
     </span>
    </p>
   </div>
   <div class='ocr_carea' id='block_1_16' title="bbox 124 1534 1704 1612">
    <p class='ocr_par' dir='ltr' id='par_1_16' title="bbox 124 1534 1704 1612">
     <span class='ocr_line' id='line_1_16' title="bbox 124 1534 1704 1612; baseline -0.006 -15"><span class='ocrx_word' id='word_1_99' title='bbox 124 1544 308 1612; x_wconf 68' lang='lat'><strong>1025).</strong></span> <span class='ocrx_word' id='word_1_100' title='bbox 342 1542 614 1612; x_wconf 86' lang='lat' dir='ltr'><strong>accipiens</strong></span> <span class='ocrx_word' id='word_1_101' title='bbox 643 1541 712 1595; x_wconf 89' lang='lat' dir='ltr'><strong>ab</strong></span> <span class='ocrx_word' id='word_1_102' title='bbox 761 1556 826 1596; x_wconf 92' lang='lat' dir='ltr'><strong>co</strong></span> <span class='ocrx_word' id='word_1_103' title='bbox 878 1549 1076 1610; x_wconf 62' lang='lat' dir='ltr'><strong>praeter</strong></span> <span class='ocrx_word' id='word_1_104' title='bbox 1120 1539 1256 1591; x_wconf 90' lang='lat' dir='ltr'><strong>dona</strong></span> <span class='ocrx_word' id='word_1_105' title='bbox 1308 1534 1704 1606; x_wconf 69' lang='lat' dir='ltr'><strong>quamplurima</strong></span> 
     </span>
    </p>
   </div>
   <div class='ocr_carea' id='block_1_17' title="bbox 120 1632 1705 1704">
    <p class='ocr_par' dir='ltr' id='par_1_17' title="bbox 120 1632 1705 1704">
     <span class='ocr_line' id='line_1_17' title="bbox 120 1632 1705 1704; baseline -0.009 -11"><span class='ocrx_word' id='word_1_106' title='bbox 120 1638 468 1693; x_wconf 77' lang='lat' dir='ltr'><strong>Laudeusen</strong></span> <span class='ocrx_word' id='word_1_107' title='bbox 540 1637 928 1704; x_wconf 83' lang='lat' dir='ltr'><strong>episcopatum,</strong></span> <span class='ocrx_word' id='word_1_108' title='bbox 973 1641 1031 1687; x_wconf 86' lang='lat' dir='ltr'><strong>ut</strong></span> <span class='ocrx_word' id='word_1_109' title='bbox 1081 1632 1222 1687; x_wconf 86' lang='lat' dir='ltr'><strong>sicut</strong></span> <span class='ocrx_word' id='word_1_110' title='bbox 1271 1635 1705 1690; x_wconf 84' lang='lat' dir='ltr'><strong>consecraverat,</strong></span> 
     </span>
    </p>
   </div>
   <div class='ocr_carea' id='block_1_18' title="bbox 122 1723 1709 1800">
    <p class='ocr_par' dir='ltr' id='par_1_18' title="bbox 122 1723 1709 1800">
     <span class='ocr_line' id='line_1_18' title="bbox 122 1723 1709 1800; baseline -0.009 -16"><span class='ocrx_word' id='word_1_111' title='bbox 122 1731 378 1786; x_wconf 85' lang='lat' dir='ltr'><strong>similiter</strong></span> <span class='ocrx_word' id='word_1_112' title='bbox 424 1730 706 1793; x_wconf 84' lang='lat' dir='ltr'><strong>investiret</strong></span> <span class='ocrx_word' id='word_1_113' title='bbox 735 1728 1069 1800; x_wconf 82' lang='lat' dir='ltr'><strong>episcOpum.</strong></span> <span class='ocrx_word' id='word_1_114' title='bbox 1100 1723 1340 1778; x_wconf 87' lang='lat' dir='ltr'><strong>Rediens</strong></span> <span class='ocrx_word' id='word_1_115' title='bbox 1377 1734 1504 1774; x_wconf 90' lang='lat' dir='ltr'><strong>vero</strong></span> <span class='ocrx_word' id='word_1_116' title='bbox 1556 1734 1709 1772; x_wconf 87' lang='lat' dir='ltr'><strong>secn-</strong></span> 
     </span>
    </p>
   </div>
   <div class='ocr_carea' id='block_1_19' title="bbox 1796 536 3356 610">
    <p class='ocr_par' dir='ltr' id='par_1_19' title="bbox 1796 536 3356 610">
     <span class='ocr_line' id='line_1_19' title="bbox 1796 536 3356 610; baseline 0.002 -18"><span class='ocrx_word' id='word_1_117' title='bbox 1796 545 1882 592; x_wconf 85' lang='lat' dir='ltr'><strong>tus</strong></span> <span class='ocrx_word' id='word_1_118' title='bbox 1910 536 2065 592; x_wconf 83' lang='lat' dir='ltr'><strong>ﬁeret</strong></span> <span class='ocrx_word' id='word_1_119' title='bbox 2099 536 2151 591; x_wconf 94' lang='lat' dir='ltr'><strong>in</strong></span> <span class='ocrx_word' id='word_1_120' title='bbox 2203 537 2416 608; x_wconf 85' lang='lat' dir='ltr'><strong>populo,</strong></span> <span class='ocrx_word' id='word_1_121' title='bbox 2465 539 2740 604; x_wconf 87' lang='lat' dir='ltr'><strong>sapienter</strong></span> <span class='ocrx_word' id='word_1_122' title='bbox 2777 539 3004 593; x_wconf 91' lang='lat' dir='ltr'><strong>multum</strong></span> <span class='ocrx_word' id='word_1_123' title='bbox 3046 540 3356 610; x_wconf 84' lang='lat' dir='ltr'><strong>pepularem</strong></span> 
     </span>
    </p>
   </div>
   <div class='ocr_carea' id='block_1_20' title="bbox 1795 627 3358 697">
    <p class='ocr_par' dir='ltr' id='par_1_20' title="bbox 1795 627 3358 697">
     <span class='ocr_line' id='line_1_20' title="bbox 1795 627 3358 697; baseline 0.003 -13"><span class='ocrx_word' id='word_1_124' title='bbox 1795 627 2081 697; x_wconf 80' lang='lat' dir='ltr'><strong>declinavit</strong></span> <span class='ocrx_word' id='word_1_125' title='bbox 2099 630 2405 692; x_wconf 90' lang='lat' dir='ltr'><strong>tumultum,</strong></span> <span class='ocrx_word' id='word_1_126' title='bbox 2433 639 2657 685; x_wconf 86' lang='lat' dir='ltr'><strong>cunctos</strong></span> <span class='ocrx_word' id='word_1_127' title='bbox 2676 643 2804 684; x_wconf 85' lang='lat' dir='ltr'><strong>suos</strong></span> <span class='ocrx_word' id='word_1_128' title='bbox 2824 631 3100 686; x_wconf 87' lang='lat' dir='ltr'><strong>adversari</strong></span> <span class='ocrx_word' id='word_1_129' title='bbox 3120 632 3358 689; x_wconf 84' lang='lat' dir='ltr'><strong>volentes</strong></span> 
     </span>
    </p>
   </div>
   <div class='ocr_carea' id='block_1_21' title="bbox 1795 720 2816 777">
    <p class='ocr_par' dir='ltr' id='par_1_21' title="bbox 1795 720 2816 777">
     <span class='ocr_line' id='line_1_21' title="bbox 1795 720 2816 777; baseline 0.001 -3"><span class='ocrx_word' id='word_1_130' title='bbox 1795 720 1864 774; x_wconf 83' lang='lat' dir='ltr'><strong>ab</strong></span> <span class='ocrx_word' id='word_1_131' title='bbox 1887 721 2032 775; x_wconf 91' lang='lat' dir='ltr'><strong>omni</strong></span> <span class='ocrx_word' id='word_1_132' title='bbox 2055 721 2480 776; x_wconf 84' lang='lat' dir='ltr'><strong>contradictione</strong></span> <span class='ocrx_word' id='word_1_133' title='bbox 2505 722 2816 777; x_wconf 80' lang='lat' dir='ltr'><strong>cohercens.</strong></span> 
     </span>
    </p>
   </div>
   <div class='ocr_carea' id='block_1_22' title="bbox 1866 809 3359 886">
    <p class='ocr_par' dir='ltr' id='par_1_22' title="bbox 1866 809 3359 886">
     <span class='ocr_line' id='line_1_22' title="bbox 1866 809 3359 886; baseline 0.005 -23"><span class='ocrx_word' id='word_1_134' title='bbox 1866 809 1923 863; x_wconf 73' lang='grc' dir='ltr'><strong>ι.</strong></span> <span class='ocrx_word' id='word_1_135' title='bbox 1962 809 2077 864; x_wconf 83' lang='lat' dir='ltr'><strong>Rex</strong></span> <span class='ocrx_word' id='word_1_136' title='bbox 2114 811 2277 880; x_wconf 77' lang='lat' dir='ltr'><strong>igitur</strong></span> <span class='ocrx_word' id='word_1_137' title='bbox 2322 811 2760 867; x_wconf 88' lang='lat' dir='ltr'><strong>tumultuantium</strong></span> <span class='ocrx_word' id='word_1_138' title='bbox 2803 813 3030 886; x_wconf 84' lang='lat' dir='ltr'><strong>strepitu</strong></span> <span class='ocrx_word' id='word_1_139' title='bbox 3080 817 3359 882; x_wconf 88' lang='lat' dir='ltr'><strong>attonitus,</strong></span> 
     </span>
    </p>
   </div>
   <div class='ocr_carea' id='block_1_23' title="bbox 1799 899 3362 978">
    <p class='ocr_par' dir='ltr' id='par_1_23' title="bbox 1799 899 3362 978">
     <span class='ocr_line' id='line_1_23' title="bbox 1799 899 3362 978; baseline 0.004 -23"><span class='ocrx_word' id='word_1_140' title='bbox 1799 899 2012 970; x_wconf 79' lang='lat' dir='ltr'><strong>cognita</strong></span> <span class='ocrx_word' id='word_1_141' title='bbox 2041 901 2257 978; x_wconf 85' lang='lat' dir='ltr'><strong>tandem</strong></span> <span class='ocrx_word' id='word_1_142' title='bbox 2297 900 2374 955; x_wconf 87' lang='lat' dir='ltr'><strong>rei</strong></span> <span class='ocrx_word' id='word_1_143' title='bbox 2404 900 2654 966; x_wconf 87' lang='lat' dir='ltr'><strong>veritate,</strong></span> <span class='ocrx_word' id='word_1_144' title='bbox 2693 903 2918 972; x_wconf 78' lang='lat' dir='ltr'><strong>gradum</strong></span> <span class='ocrx_word' id='word_1_145' title='bbox 2961 904 3132 974; x_wconf 77' lang='lat' dir='ltr'><strong>ﬁgens</strong></span> <span class='ocrx_word' id='word_1_146' title='bbox 3182 906 3362 961; x_wconf 82' lang='lat' dir='ltr'><strong>taliter</strong></span> 
     </span>
    </p>
   </div>
   <div class='ocr_carea' id='block_1_24' title="bbox 1799 989 3364 1064">
    <p class='ocr_par' dir='ltr' id='par_1_24' title="bbox 1799 989 3364 1064">
     <span class='ocr_line' id='line_1_24' title="bbox 1799 989 3364 1064; baseline 0.004 -20"><span class='ocrx_word' id='word_1_147' title='bbox 1799 997 1882 1044; x_wconf 88' lang='lat' dir='ltr'><strong>est</strong></span> <span class='ocrx_word' id='word_1_148' title='bbox 1913 989 2298 1046; x_wconf 79' lang='lat' dir='ltr'><strong>cautionatus:</strong></span> <span class='ocrx_word' id='word_1_149' title='bbox 2344 1011 2362 1044; x_wconf 74' lang='grc' dir='ltr'>ι</span> <span class='ocrx_word' id='word_1_150' title='bbox 2406 990 2628 1047; x_wconf 77' lang='lat' dir='ltr'><strong>Certant</strong></span> <span class='ocrx_word' id='word_1_151' title='bbox 2669 1003 2754 1048; x_wconf 90' lang='lat' dir='ltr'><strong>est</strong></span> <span class='ocrx_word' id='word_1_152' title='bbox 2787 994 3028 1064; x_wconf 81' lang='lat' dir='ltr'><strong>quidem,</strong></span> <span class='ocrx_word' id='word_1_153' title='bbox 3081 997 3364 1052; x_wconf 89' lang='lat' dir='ltr'><strong>reverendi</strong></span> 
     </span>
    </p>
   </div>
   <div class='ocr_carea' id='block_1_25' title="bbox 1800 1082 3367 1156">
    <p class='ocr_par' dir='ltr' id='par_1_25' title="bbox 1800 1082 3367 1156">
     <span class='ocr_line' id='line_1_25' title="bbox 1800 1082 3367 1156; baseline 0.004 -20"><span class='ocrx_word' id='word_1_154' title='bbox 1800 1092 2001 1154; x_wconf 70' lang='lat' dir='ltr'><strong>patres,</strong></span> <span class='ocrx_word' id='word_1_155' title='bbox 2051 1082 2178 1152; x_wconf 86' lang='lat' dir='ltr'><strong>quia</strong></span> <span class='ocrx_word' id='word_1_156' title='bbox 2223 1084 2362 1138; x_wconf 79' lang='lat' dir='ltr'><strong>sicut</strong></span> <span class='ocrx_word' id='word_1_157' title='bbox 2400 1083 2738 1155; x_wconf 80' lang='lat' dir='ltr'><strong>privilegium</strong></span> <span class='ocrx_word' id='word_1_158' title='bbox 2771 1095 2855 1140; x_wconf 91' lang='lat' dir='ltr'><strong>est</strong></span> <span class='ocrx_word' id='word_1_159' title='bbox 2881 1087 3187 1156; x_wconf 69' lang='lat' dir='ltr'><strong>apostolicae</strong></span> <span class='ocrx_word' id='word_1_160' title='bbox 3226 1089 3367 1144; x_wconf 62' lang='lat' dir='ltr'><strong>setis</strong></span> 
     </span>
    </p>
   </div>
   <div class='ocr_carea' id='block_1_26' title="bbox 1801 1173 3370 1246">
    <p class='ocr_par' dir='ltr' id='par_1_26' title="bbox 1801 1173 3370 1246">
     <span class='ocr_line' id='line_1_26' title="bbox 1801 1173 3370 1246; baseline 0 -16"><span class='ocrx_word' id='word_1_161' title='bbox 1801 1176 2140 1230; x_wconf 88' lang='lat' dir='ltr'><strong>consecratio</strong></span> <span class='ocrx_word' id='word_1_162' title='bbox 2184 1173 2497 1245; x_wconf 83' lang='lat' dir='ltr'><strong>imperialis,</strong></span> <span class='ocrx_word' id='word_1_163' title='bbox 2527 1174 2598 1228; x_wconf 89' lang='lat' dir='ltr'><strong>ita</strong></span> <span class='ocrx_word' id='word_1_164' title='bbox 2628 1174 2994 1230; x_wconf 67' lang='lat' dir='ltr'><strong>Ambrosianum</strong></span> <span class='ocrx_word' id='word_1_165' title='bbox 3023 1177 3168 1232; x_wconf 85' lang='lat' dir='ltr'><strong>sedis</strong></span> <span class='ocrx_word' id='word_1_166' title='bbox 3205 1177 3370 1246; x_wconf 86' lang='lat' dir='ltr'><strong>privi-</strong></span> 
     </span>
    </p>
   </div>
   <div class='ocr_carea' id='block_1_27' title="bbox 1802 1265 3368 1338">
    <p class='ocr_par' dir='ltr' id='par_1_27' title="bbox 1802 1265 3368 1338">
     <span class='ocr_line' id='line_1_27' title="bbox 1802 1265 3368 1338; baseline 0 -18"><span class='ocrx_word' id='word_1_167' title='bbox 1802 1267 2000 1338; x_wconf 78' lang='lat' dir='ltr'><strong>legium</strong></span> <span class='ocrx_word' id='word_1_168' title='bbox 2019 1276 2101 1322; x_wconf 86' lang='lat' dir='ltr'><strong>est</strong></span> <span class='ocrx_word' id='word_1_169' title='bbox 2126 1266 2319 1321; x_wconf 85' lang='lat' dir='ltr'><strong>electio</strong></span> <span class='ocrx_word' id='word_1_170' title='bbox 2344 1275 2399 1320; x_wconf 78' lang='lat' dir='ltr'><strong>et</strong></span> <span class='ocrx_word' id='word_1_171' title='bbox 2413 1265 2746 1322; x_wconf 85' lang='lat' dir='ltr'><strong>consecratio</strong></span> <span class='ocrx_word' id='word_1_172' title='bbox 2767 1265 2982 1337; x_wconf 71' lang='lat' dir='ltr'><strong>regalis.</strong></span> <span class='ocrx_word' id='word_1_173' title='bbox 3010 1267 3158 1322; x_wconf 75' lang='lat' dir='ltr'><strong>Unde</strong></span> <span class='ocrx_word' id='word_1_174' title='bbox 3193 1279 3368 1322; x_wconf 87' lang='lat' dir='ltr'><strong>ratum</strong></span> 
     </span>
    </p>
   </div>
   <div class='ocr_carea' id='block_1_28' title="bbox 1805 1357 3371 1428">
    <p class='ocr_par' dir='ltr' id='par_1_28' title="bbox 1805 1357 3371 1428">
     <span class='ocr_line' id='line_1_28' title="bbox 1805 1357 3371 1428; baseline 0 -16"><span class='ocrx_word' id='word_1_175' title='bbox 1805 1361 2042 1425; x_wconf 88' lang='lat' dir='ltr'><strong>videtur,</strong></span> <span class='ocrx_word' id='word_1_176' title='bbox 2071 1368 2128 1412; x_wconf 92' lang='lat' dir='ltr'><strong>ut</strong></span> <span class='ocrx_word' id='word_1_177' title='bbox 2153 1373 2342 1412; x_wconf 87' lang='lat' dir='ltr'><strong>manus</strong></span> <span class='ocrx_word' id='word_1_178' title='bbox 2365 1373 2484 1428; x_wconf 72' lang='lat' dir='ltr'><strong>qua:</strong></span> <span class='ocrx_word' id='word_1_179' title='bbox 2513 1357 2781 1413; x_wconf 87' lang='lat' dir='ltr'><strong>benedicit</strong></span> <span class='ocrx_word' id='word_1_180' title='bbox 2818 1367 2874 1412; x_wconf 91' lang='lat' dir='ltr'><strong>et</strong></span> <span class='ocrx_word' id='word_1_181' title='bbox 2915 1359 3068 1428; x_wconf 85' lang='lat' dir='ltr'><strong>prius</strong></span> <span class='ocrx_word' id='word_1_182' title='bbox 3114 1375 3371 1415; x_wconf 87' lang='lat' dir='ltr'><strong>coronam</strong></span> 
     </span>
    </p>
   </div>
   <div class='ocr_carea' id='block_1_29' title="bbox 1807 1447 3374 1522">
    <p class='ocr_par' dir='ltr' id='par_1_29' title="bbox 1807 1447 3374 1522">
     <span class='ocr_line' id='line_1_29' title="bbox 1807 1447 3374 1522; baseline -0.001 -17"><span class='ocrx_word' id='word_1_183' title='bbox 1807 1451 2037 1522; x_wconf 87' lang='lat' dir='ltr'><strong>imponit</strong></span> <span class='ocrx_word' id='word_1_184' title='bbox 2082 1449 2254 1521; x_wconf 73' lang='lat' dir='ltr'><strong>regni,</strong></span> <span class='ocrx_word' id='word_1_185' title='bbox 2285 1449 2330 1504; x_wconf 88' lang='lat' dir='ltr'><strong>si</strong></span> <span class='ocrx_word' id='word_1_186' title='bbox 2360 1464 2596 1518; x_wconf 67' lang='lat' dir='ltr'><strong>prmsens</strong></span> <span class='ocrx_word' id='word_1_187' title='bbox 2627 1447 2862 1514; x_wconf 72' lang='lat' dir='ltr'><strong>affuerit,</strong></span> <span class='ocrx_word' id='word_1_188' title='bbox 2894 1458 3244 1519; x_wconf 74' lang='lat' dir='ltr'><strong>reprtnsentet</strong></span> <span class='ocrx_word' id='word_1_189' title='bbox 3285 1465 3374 1504; x_wconf 88' lang='lat' dir='ltr'><strong>re-</strong></span> 
     </span>
    </p>
   </div>
   <div class='ocr_carea' id='block_1_30' title="bbox 1807 1537 3380 1613">
    <p class='ocr_par' dir='ltr' id='par_1_30' title="bbox 1807 1537 3380 1613">
     <span class='ocr_line' id='line_1_30' title="bbox 1807 1537 3380 1613; baseline -0.004 -15"><span class='ocrx_word' id='word_1_190' title='bbox 1807 1558 1927 1613; x_wconf 76' lang='lat' dir='ltr'><strong>gem</strong></span> <span class='ocrx_word' id='word_1_191' title='bbox 1967 1542 2032 1596; x_wconf 85' lang='lat' dir='ltr'><strong>ad</strong></span> <span class='ocrx_word' id='word_1_192' title='bbox 2079 1540 2362 1610; x_wconf 90' lang='lat' dir='ltr'><strong>imperium</strong></span> <span class='ocrx_word' id='word_1_193' title='bbox 2393 1539 2816 1609; x_wconf 85' lang='lat' dir='ltr'><strong>promovendum</strong></span> <span class='ocrx_word' id='word_1_194' title='bbox 2869 1548 3055 1594; x_wconf 84' lang='lat' dir='ltr'><strong>sancto</strong></span> <span class='ocrx_word' id='word_1_195' title='bbox 3104 1537 3268 1594; x_wconf 85' lang='lat' dir='ltr'><strong>Petro</strong></span> <span class='ocrx_word' id='word_1_196' title='bbox 3323 1548 3380 1595; x_wconf 90' lang='lat' dir='ltr'><strong>et</strong></span> 
     </span>
    </p>
   </div>
   <div class='ocr_carea' id='block_1_31' title="bbox 1806 1627 3379 1700">
    <p class='ocr_par' dir='ltr' id='par_1_31' title="bbox 1806 1627 3379 1700">
     <span class='ocr_line' id='line_1_31' title="bbox 1806 1627 3379 1700; baseline -0.003 -12"><span class='ocrx_word' id='word_1_197' title='bbox 1806 1631 1924 1700; x_wconf 88' lang='lat' dir='ltr'><strong>ejus</strong></span> <span class='ocrx_word' id='word_1_198' title='bbox 1957 1630 2191 1695; x_wconf 85' lang='lat' dir='ltr'><strong>vicario;</strong></span> <span class='ocrx_word' id='word_1_199' title='bbox 2226 1639 2491 1700; x_wconf 86' lang='lat' dir='ltr'><strong>quatenus</strong></span> <span class='ocrx_word' id='word_1_200' title='bbox 2532 1627 2892 1692; x_wconf 79' lang='lat' dir='ltr'><strong>Ambrosiano</strong></span> <span class='ocrx_word' id='word_1_201' title='bbox 2928 1629 3237 1684; x_wconf 85' lang='lat' dir='ltr'><strong>testimonio</strong></span> <span class='ocrx_word' id='word_1_202' title='bbox 3255 1627 3379 1695; x_wconf 87' lang='lat' dir='ltr'><strong>jure</strong></span> 
     </span>
    </p>
   </div>
   <div class='ocr_carea' id='block_1_32' title="bbox 1808 1721 3382 1795">
    <p class='ocr_par' dir='ltr' id='par_1_32' title="bbox 1808 1721 3382 1795">
     <span class='ocr_line' id='line_1_32' title="bbox 1808 1721 3382 1795; baseline -0.001 -17"><span class='ocrx_word' id='word_1_203' title='bbox 1808 1725 1978 1795; x_wconf 87' lang='lat' dir='ltr'><strong>possit</strong></span> <span class='ocrx_word' id='word_1_204' title='bbox 2008 1724 2297 1793; x_wconf 70' lang='lat' dir='ltr'><strong>imperare,</strong></span> <span class='ocrx_word' id='word_1_205' title='bbox 2329 1721 2418 1792; x_wconf 90' lang='lat' dir='ltr'><strong>qui</strong></span> <span class='ocrx_word' id='word_1_206' title='bbox 2450 1721 2806 1777; x_wconf 85' lang='lat' dir='ltr'><strong>Ambrosiana</strong></span> <span class='ocrx_word' id='word_1_207' title='bbox 2848 1724 3252 1778; x_wconf 75' lang='lat' dir='ltr'><strong>consecratione</strong></span> <span class='ocrx_word' id='word_1_208' title='bbox 3301 1721 3382 1777; x_wconf 85' lang='lat' dir='ltr'><strong>di-</strong></span> 
     </span>
    </p>
   </div>
   <div class='ocr_carea' id='block_1_33' title="bbox 122 1801 3382 1886">
    <p class='ocr_par' dir='ltr' id='par_1_33' title="bbox 122 1801 3382 1886">
     <span class='ocr_line' id='line_1_33' title="bbox 122 1801 3382 1886; baseline -0.002 -11"><span class='ocrx_word' id='word_1_209' title='bbox 122 1837 219 1875; x_wconf 65' lang='lat' dir='ltr'><strong>ras</strong></span> <span class='ocrx_word' id='word_1_210' title='bbox 263 1821 316 1875; x_wconf 86' lang='lat' dir='ltr'><strong>in</strong></span> <span class='ocrx_word' id='word_1_211' title='bbox 380 1821 654 1882; x_wconf 86' lang='lat' dir='ltr'><strong>omnibus,</strong></span> <span class='ocrx_word' id='word_1_212' title='bbox 710 1827 878 1871; x_wconf 87' lang='lat' dir='ltr'><strong>tutam</strong></span> <span class='ocrx_word' id='word_1_213' title='bbox 939 1816 1050 1871; x_wconf 86' lang='lat' dir='ltr'><strong>suis</strong></span> <span class='ocrx_word' id='word_1_214' title='bbox 1097 1813 1456 1885; x_wconf 80' lang='lat' dir='ltr'><strong>legationibus</strong></span> <span class='ocrx_word' id='word_1_215' title='bbox 1512 1808 1707 1865; x_wconf 85' lang='lat' dir='ltr'><strong>evertit</strong></span> <span class='ocrx_word' id='word_1_216' title='bbox 1741 1801 1784 1861; x_wconf 87' lang='grc' dir='ltr'>Β</span> <span class='ocrx_word' id='word_1_217' title='bbox 1811 1817 2021 1872; x_wconf 79' lang='lat' dir='ltr'><strong>dicit&#39;et</strong></span> <span class='ocrx_word' id='word_1_218' title='bbox 2048 1814 2211 1885; x_wconf 74' lang='lat' dir='ltr'><strong>ctcpit</strong></span> <span class='ocrx_word' id='word_1_219' title='bbox 2234 1829 2480 1884; x_wconf 76' lang='lat' dir='ltr'><strong>regnare.</strong></span> <span class='ocrx_word' id='word_1_220' title='bbox 2509 1833 2528 1864; x_wconf 73' lang='grc' dir='ltr'><strong><em>ι</em></strong></span> <span class='ocrx_word' id='word_1_221' title='bbox 2560 1813 2800 1883; x_wconf 83' lang='lat' dir='ltr'><strong>Cumque</strong></span> <span class='ocrx_word' id='word_1_222' title='bbox 2823 1814 2940 1869; x_wconf 70' lang='lat' dir='ltr'><strong>haec</strong></span> <span class='ocrx_word' id='word_1_223' title='bbox 2969 1816 3110 1886; x_wconf 80' lang='lat' dir='ltr'><strong>regis</strong></span> <span class='ocrx_word' id='word_1_224' title='bbox 3132 1816 3382 1870; x_wconf 86' lang='lat' dir='ltr'><strong>omnibus</strong></span> 
     </span>
    </p>
   </div>
   <div class='ocr_carea' id='block_1_34' title="bbox 123 1903 1708 1979">
    <p class='ocr_par' dir='ltr' id='par_1_34' title="bbox 123 1903 1708 1979">
     <span class='ocr_line' id='line_1_34' title="bbox 123 1903 1708 1979; baseline -0.005 -13"><span class='ocrx_word' id='word_1_225' title='bbox 123 1913 357 1972; x_wconf 75' lang='lat' dir='ltr'><strong>lraliam.</strong></span> <span class='ocrx_word' id='word_1_226' title='bbox 392 1912 525 1965; x_wconf 89' lang='lat' dir='ltr'><strong>alios</strong></span> <span class='ocrx_word' id='word_1_227' title='bbox 548 1926 606 1965; x_wconf 93' lang='lat' dir='ltr'><strong>re</strong></span> <span class='ocrx_word' id='word_1_228' title='bbox 637 1910 774 1964; x_wconf 88' lang='lat' dir='ltr'><strong>alios</strong></span> <span class='ocrx_word' id='word_1_229' title='bbox 819 1922 912 1979; x_wconf 86' lang='lat' dir='ltr'><strong>spe</strong></span> <span class='ocrx_word' id='word_1_230' title='bbox 939 1907 1217 1964; x_wconf 86' lang='lat' dir='ltr'><strong>benivolos</strong></span> <span class='ocrx_word' id='word_1_231' title='bbox 1249 1905 1475 1965; x_wconf 80' lang='lat' dir='ltr'><strong>faciens.</strong></span> <span class='ocrx_word' id='word_1_232' title='bbox 1532 1903 1708 1958; x_wconf 90' lang='lat' dir='ltr'><strong>donec</strong></span> 
     </span>
    </p>
   </div>
   <div class='ocr_carea' id='block_1_35' title="bbox 125 1995 1707 2066">
    <p class='ocr_par' dir='ltr' id='par_1_35' title="bbox 125 1995 1707 2066">
     <span class='ocr_line' id='line_1_35' title="bbox 125 1995 1707 2066; baseline -0.004 -11"><span class='ocrx_word' id='word_1_233' title='bbox 125 2019 282 2056; x_wconf 86' lang='lat' dir='ltr'><strong>suum</strong></span> <span class='ocrx_word' id='word_1_234' title='bbox 311 2002 543 2057; x_wconf 86' lang='lat' dir='ltr'><strong>electum</strong></span> <span class='ocrx_word' id='word_1_235' title='bbox 585 2001 697 2056; x_wconf 79' lang='lat' dir='ltr'><strong>fere</strong></span> <span class='ocrx_word' id='word_1_236' title='bbox 717 2015 909 2056; x_wconf 87' lang='lat' dir='ltr'><strong>omnes</strong></span> <span class='ocrx_word' id='word_1_237' title='bbox 951 1999 1237 2052; x_wconf 85' lang='lat' dir='ltr'><strong>laudavere</strong></span> <span class='ocrx_word' id='word_1_238' title='bbox 1287 1995 1707 2066; x_wconf 81' lang='lat' dir='ltr'><strong>suscipiendum.</strong></span> 
     </span>
    </p>
   </div>
   <div class='ocr_carea' id='block_1_36' title="bbox 128 2085 1712 2160">
    <p class='ocr_par' dir='ltr' id='par_1_36' title="bbox 128 2085 1712 2160">
     <span class='ocr_line' id='line_1_36' title="bbox 128 2085 1712 2160; baseline -0.004 -14"><span class='ocrx_word' id='word_1_239' title='bbox 128 2093 244 2146; x_wconf 88' lang='lat' dir='ltr'><strong>Tali</strong></span> <span class='ocrx_word' id='word_1_240' title='bbox 306 2092 478 2146; x_wconf 78' lang='lat' dir='ltr'><strong>fultus</strong></span> <span class='ocrx_word' id='word_1_241' title='bbox 532 2092 759 2160; x_wconf 82' lang='lat' dir='ltr'><strong>remigio</strong></span> <span class='ocrx_word' id='word_1_242' title='bbox 814 2091 1036 2146; x_wconf 80' lang='lat' dir='ltr'><strong>veniens</strong></span> <span class='ocrx_word' id='word_1_243' title='bbox 1093 2088 1452 2144; x_wconf 83' lang='lat' dir='ltr'><strong>Chuonradus</strong></span> <span class='ocrx_word' id='word_1_244' title='bbox 1503 2085 1712 2141; x_wconf 85' lang='lat' dir='ltr'><strong>Italiam</strong></span> 
     </span>
    </p>
   </div>
   <div class='ocr_carea' id='block_1_37' title="bbox 127 2177 1711 2255">
    <p class='ocr_par' dir='ltr' id='par_1_37' title="bbox 127 2177 1711 2255">
     <span class='ocr_line' id='line_1_37' title="bbox 127 2177 1711 2255; baseline -0.003 -20"><span class='ocrx_word' id='word_1_245' title='bbox 127 2185 240 2255; x_wconf 83' lang='lat' dir='ltr'><strong>(an.</strong></span> <span class='ocrx_word' id='word_1_246' title='bbox 280 2182 464 2252; x_wconf 67' lang='lat' dir='ltr'><strong>miti),</strong></span> <span class='ocrx_word' id='word_1_247' title='bbox 493 2183 562 2237; x_wconf 92' lang='lat' dir='ltr'><strong>ab</strong></span> <span class='ocrx_word' id='word_1_248' title='bbox 591 2196 656 2237; x_wconf 92' lang='lat' dir='ltr'><strong>eo</strong></span> <span class='ocrx_word' id='word_1_249' title='bbox 686 2190 742 2235; x_wconf 91' lang='lat' dir='ltr'><strong>ut</strong></span> <span class='ocrx_word' id='word_1_250' title='bbox 774 2181 942 2236; x_wconf 87' lang='lat' dir='ltr'><strong>moris</strong></span> <span class='ocrx_word' id='word_1_251' title='bbox 974 2188 1058 2234; x_wconf 91' lang='lat' dir='ltr'><strong>est</strong></span> <span class='ocrx_word' id='word_1_252' title='bbox 1083 2185 1376 2234; x_wconf 84' lang='lat' dir='ltr'><strong>coronatur</strong></span> <span class='ocrx_word' id='word_1_253' title='bbox 1409 2177 1461 2230; x_wconf 94' lang='lat' dir='ltr'><strong>in</strong></span> <span class='ocrx_word' id='word_1_254' title='bbox 1507 2189 1711 2246; x_wconf 76' lang='lat' dir='ltr'><strong>regno;</strong></span> 
     </span>
    </p>
   </div>
   <div class='ocr_carea' id='block_1_38' title="bbox 129 2269 1713 2341">
    <p class='ocr_par' dir='ltr' id='par_1_38' title="bbox 129 2269 1713 2341">
     <span class='ocr_line' id='line_1_38' title="bbox 129 2269 1713 2341; baseline -0.004 -12"><span class='ocrx_word' id='word_1_255' title='bbox 129 2275 323 2329; x_wconf 66' lang='lat' dir='ltr'><strong>deinde</strong></span> <span class='ocrx_word' id='word_1_256' title='bbox 353 2274 583 2329; x_wconf 90' lang='lat' dir='ltr'><strong>Romam</strong></span> <span class='ocrx_word' id='word_1_257' title='bbox 632 2274 769 2328; x_wconf 92' lang='lat' dir='ltr'><strong>duce</strong></span> <span class='ocrx_word' id='word_1_258' title='bbox 811 2273 1137 2341; x_wconf 80' lang='lat' dir='ltr'><strong>commigrat</strong></span> <span class='ocrx_word' id='word_1_259' title='bbox 1174 2270 1384 2325; x_wconf 89' lang='lat' dir='ltr'><strong>eodem.</strong></span> <span class='ocrx_word' id='word_1_260' title='bbox 1445 2270 1503 2324; x_wconf 91' lang='lat' dir='ltr'><strong>ln</strong></span> <span class='ocrx_word' id='word_1_261' title='bbox 1550 2269 1713 2339; x_wconf 79' lang='lat' dir='ltr'><strong>cujus</strong></span> 
     </span>
    </p>
   </div>
   <div class='ocr_carea' id='block_1_39' title="bbox 127 2361 1713 2439">
    <p class='ocr_par' dir='ltr' id='par_1_39' title="bbox 127 2361 1713 2439">
     <span class='ocr_line' id='line_1_39' title="bbox 127 2361 1713 2439; baseline -0.003 -22"><span class='ocrx_word' id='word_1_262' title='bbox 127 2368 365 2439; x_wconf 20' lang='lat' dir='ltr'><strong>alv’entu</strong></span> <span class='ocrx_word' id='word_1_263' title='bbox 396 2367 504 2437; x_wconf 85' lang='lat' dir='ltr'><strong>(an.</strong></span> <span class='ocrx_word' id='word_1_264' title='bbox 547 2363 705 2432; x_wconf 71' lang='lat' dir='ltr'><strong>i027)</strong></span> <span class='ocrx_word' id='word_1_265' title='bbox 739 2361 912 2418; x_wconf 77' lang='lat' dir='ltr'><strong>factus</strong></span> <span class='ocrx_word' id='word_1_266' title='bbox 939 2371 1022 2417; x_wconf 90' lang='lat' dir='ltr'><strong>est</strong></span> <span class='ocrx_word' id='word_1_267' title='bbox 1052 2363 1097 2394; x_wconf 82' lang='lat'><strong>“</strong></span> <span class='ocrx_word' id='word_1_268' title='bbox 1133 2362 1322 2432; x_wconf 73' lang='lat' dir='ltr'><strong>ingens</strong></span> <span class='ocrx_word' id='word_1_269' title='bbox 1358 2361 1543 2416; x_wconf 68' lang='lat' dir='ltr'><strong>Romae</strong></span> <span class='ocrx_word' id='word_1_270' title='bbox 1575 2375 1713 2414; x_wconf 88' lang='lat' dir='ltr'><strong>con-</strong></span> 
     </span>
    </p>
   </div>
   <div class='ocr_carea' id='block_1_40' title="bbox 127 2453 1714 2523">
    <p class='ocr_par' dir='ltr' id='par_1_40' title="bbox 127 2453 1714 2523">
     <span class='ocr_line' id='line_1_40' title="bbox 127 2453 1714 2523; baseline -0.003 -15"><span class='ocrx_word' id='word_1_271' title='bbox 127 2467 326 2510; x_wconf 82' lang='lat' dir='ltr'><strong>ventus</strong></span> <span class='ocrx_word' id='word_1_272' title='bbox 359 2457 699 2510; x_wconf 81' lang='lat' dir='ltr'><strong>diversarum</strong></span> <span class='ocrx_word' id='word_1_273' title='bbox 738 2454 975 2522; x_wconf 91' lang='lat' dir='ltr'><strong>undique</strong></span> <span class='ocrx_word' id='word_1_274' title='bbox 1026 2453 1290 2523; x_wconf 77' lang='lat' dir='ltr'><strong>gentium,</strong></span> <span class='ocrx_word' id='word_1_275' title='bbox 1339 2453 1714 2523; x_wconf 86' lang='lat' dir='ltr'><strong>episcoporum</strong></span> 
     </span>
    </p>
   </div>
   <div class='ocr_carea' id='block_1_41' title="bbox 133 2543 1717 2618">
    <p class='ocr_par' dir='ltr' id='par_1_41' title="bbox 133 2543 1717 2618">
     <span class='ocr_line' id='line_1_41' title="bbox 133 2543 1717 2618; baseline -0.002 -17"><span class='ocrx_word' id='word_1_276' title='bbox 133 2564 348 2618; x_wconf 84' lang='lat' dir='ltr'><strong>quoque</strong></span> <span class='ocrx_word' id='word_1_277' title='bbox 376 2564 439 2602; x_wconf 82' lang='lat' dir='ltr'><strong>ac</strong></span> <span class='ocrx_word' id='word_1_278' title='bbox 465 2546 801 2601; x_wconf 64' lang='lat' dir='ltr'><strong>saecularium</strong></span> <span class='ocrx_word' id='word_1_279' title='bbox 825 2545 1152 2617; x_wconf 86' lang='lat' dir='ltr'><strong>principum,</strong></span> <span class='ocrx_word' id='word_1_280' title='bbox 1173 2543 1493 2616; x_wconf 62' lang='lat' dir='ltr'><strong>praesidente</strong></span> <span class='ocrx_word' id='word_1_281' title='bbox 1518 2543 1717 2598; x_wconf 80' lang='lat' dir='ltr'><strong>domno</strong></span> 
     </span>
    </p>
   </div>
   <div class='ocr_carea' id='block_1_42' title="bbox 129 2638 560 2710">
    <p class='ocr_par' dir='ltr' id='par_1_42' title="bbox 129 2638 560 2710">
     <span class='ocr_line' id='line_1_42' title="bbox 129 2638 560 2710; baseline 0.007 -20"><span class='ocrx_word' id='word_1_282' title='bbox 129 2656 266 2710; x_wconf 78' lang='lat' dir='ltr'><strong>papa</strong></span> <span class='ocrx_word' id='word_1_283' title='bbox 291 2638 560 2699; x_wconf 68' lang='lat' dir='ltr'><strong>Iohanne.</strong></span> 
     </span>
    </p>
   </div>
   <div class='ocr_carea' id='block_1_43' title="bbox 200 2723 1716 2801">
    <p class='ocr_par' dir='ltr' id='par_1_43' title="bbox 200 2723 1716 2801">
     <span class='ocr_line' id='line_1_43' title="bbox 200 2723 1716 2801; baseline -0.003 -15"><span class='ocrx_word' id='word_1_284' title='bbox 200 2732 254 2786; x_wconf 80' lang='grc'><strong>5.</strong></span> <span class='ocrx_word' id='word_1_285' title='bbox 286 2731 606 2785; x_wconf 89' lang='lat' dir='ltr'><strong>lmminente</strong></span> <span class='ocrx_word' id='word_1_286' title='bbox 635 2730 818 2801; x_wconf 86' lang='lat' dir='ltr'><strong>itaque</strong></span> <span class='ocrx_word' id='word_1_287' title='bbox 844 2728 1082 2799; x_wconf 81' lang='lat' dir='ltr'><strong>paschali</strong></span> <span class='ocrx_word' id='word_1_288' title='bbox 1101 2723 1487 2800; x_wconf 53' lang='lat' dir='ltr'><strong>&#39;solempnitate</strong></span> <span class='ocrx_word' id='word_1_289' title='bbox 1513 2726 1716 2799; x_wconf 84' lang='lat' dir='ltr'><strong>(Mart.</strong></span> 
     </span>
    </p>
   </div>
   <div class='ocr_carea' id='block_1_44' title="bbox 133 2819 1718 2892">
    <p class='ocr_par' dir='ltr' id='par_1_44' title="bbox 133 2819 1718 2892">
     <span class='ocr_line' id='line_1_44' title="bbox 133 2819 1718 2892; baseline -0.001 -18"><span class='ocrx_word' id='word_1_290' title='bbox 133 2822 247 2892; x_wconf 74' lang='lat'><strong>26),</strong></span> <span class='ocrx_word' id='word_1_291' title='bbox 287 2837 414 2876; x_wconf 90' lang='lat' dir='ltr'><strong>cum</strong></span> <span class='ocrx_word' id='word_1_292' title='bbox 454 2838 548 2876; x_wconf 88' lang='lat' dir='ltr'><strong>rex</strong></span> <span class='ocrx_word' id='word_1_293' title='bbox 578 2821 941 2877; x_wconf 88' lang='lat' dir='ltr'><strong>Chuonradus</strong></span> <span class='ocrx_word' id='word_1_294' title='bbox 985 2821 1038 2877; x_wconf 92' lang='lat' dir='ltr'><strong>in</strong></span> <span class='ocrx_word' id='word_1_295' title='bbox 1085 2821 1308 2876; x_wconf 77' lang='lat' dir='ltr'><strong>basilica</strong></span> <span class='ocrx_word' id='word_1_296' title='bbox 1353 2819 1718 2890; x_wconf 89' lang='lat' dir='ltr'><strong>apostolorum</strong></span> 
     </span>
    </p>
   </div>
   <div class='ocr_carea' id='block_1_45' title="bbox 134 2913 1721 2986">
    <p class='ocr_par' dir='ltr' id='par_1_45' title="bbox 134 2913 1721 2986">
     <span class='ocr_line' id='line_1_45' title="bbox 134 2913 1721 2986; baseline -0.001 -18"><span class='ocrx_word' id='word_1_297' title='bbox 134 2918 200 2968; x_wconf 76' lang='lat' dir='ltr'><strong>al</strong></span> <span class='ocrx_word' id='word_1_298' title='bbox 231 2915 456 2972; x_wconf 69' lang='lat' dir='ltr'><strong>culmen</strong></span> <span class='ocrx_word' id='word_1_299' title='bbox 515 2916 728 2986; x_wconf 89' lang='lat' dir='ltr'><strong>imperii</strong></span> <span class='ocrx_word' id='word_1_300' title='bbox 780 2916 1072 2986; x_wconf 90' lang='lat' dir='ltr'><strong>apostolica</strong></span> <span class='ocrx_word' id='word_1_301' title='bbox 1122 2916 1262 2969; x_wconf 82' lang='lat' dir='ltr'><strong>foret</strong></span> <span class='ocrx_word' id='word_1_302' title='bbox 1309 2913 1721 2969; x_wconf 89' lang='lat' dir='ltr'><strong>consecratione</strong></span> 
     </span>
    </p>
   </div>
   <div class='ocr_carea' id='block_1_46' title="bbox 135 3007 1721 3077">
    <p class='ocr_par' dir='ltr' id='par_1_46' title="bbox 135 3007 1721 3077">
     <span class='ocr_line' id='line_1_46' title="bbox 135 3007 1721 3077; baseline 0.001 -16"><span class='ocrx_word' id='word_1_303' title='bbox 135 3008 534 3071; x_wconf 86' lang='lat' dir='ltr'><strong>sublimandus,</strong></span> <span class='ocrx_word' id='word_1_304' title='bbox 583 3007 896 3063; x_wconf 80' lang='lat' dir='ltr'><strong>lleribertus</strong></span> <span class='ocrx_word' id='word_1_305' title='bbox 943 3008 1230 3063; x_wconf 87' lang='lat' dir='ltr'><strong>Ravennas</strong></span> <span class='ocrx_word' id='word_1_306' title='bbox 1281 3007 1721 3077; x_wconf 82' lang='lat' dir='ltr'><strong>archiepiscopus</strong></span> 
     </span>
    </p>
   </div>
   <div class='ocr_carea' id='block_1_47' title="bbox 138 3097 1720 3172">
    <p class='ocr_par' dir='ltr' id='par_1_47' title="bbox 138 3097 1720 3172">
     <span class='ocr_line' id='line_1_47' title="bbox 138 3097 1720 3172; baseline -0.002 -17"><span class='ocrx_word' id='word_1_307' title='bbox 138 3104 433 3158; x_wconf 88' lang='lat' dir='ltr'><strong>temerarie</strong></span> <span class='ocrx_word' id='word_1_308' title='bbox 461 3102 738 3157; x_wconf 76' lang='lat' dir='ltr'><strong>dexteram</strong></span> <span class='ocrx_word' id='word_1_309' title='bbox 777 3103 920 3172; x_wconf 76' lang='lat' dir='ltr'><strong>regis</strong></span> <span class='ocrx_word' id='word_1_310' title='bbox 944 3102 1140 3156; x_wconf 80' lang='lat' dir='ltr'><strong>invasit</strong></span> <span class='ocrx_word' id='word_1_311' title='bbox 1180 3116 1246 3156; x_wconf 89' lang='lat' dir='ltr'><strong>ae</strong></span> <span class='ocrx_word' id='word_1_312' title='bbox 1275 3100 1466 3163; x_wconf 83' lang='lat' dir='ltr'><strong>tenuit,</strong></span> <span class='ocrx_word' id='word_1_313' title='bbox 1513 3097 1720 3154; x_wconf 79' lang='lat' dir='ltr'><strong>faciens</strong></span> 
     </span>
    </p>
   </div>
   <div class='ocr_carea' id='block_1_48' title="bbox 1811 1904 3380 1979">
    <p class='ocr_par' dir='ltr' id='par_1_48' title="bbox 1811 1904 3380 1979">
     <span class='ocr_line' id='line_1_48' title="bbox 1811 1904 3380 1979; baseline 0 -19"><span class='ocrx_word' id='word_1_314' title='bbox 1811 1909 2048 1979; x_wconf 87' lang='lat' dir='ltr'><strong>placeret</strong></span> <span class='ocrx_word' id='word_1_315' title='bbox 2099 1905 2386 1974; x_wconf 85' lang='lat' dir='ltr'><strong>sententia,</strong></span> <span class='ocrx_word' id='word_1_316' title='bbox 2434 1906 2711 1961; x_wconf 77' lang='lat' dir='ltr'><strong>dexteram</strong></span> <span class='ocrx_word' id='word_1_317' title='bbox 2759 1904 3058 1962; x_wconf 74' lang='lat' dir='ltr'><strong>Ravennati</strong></span> <span class='ocrx_word' id='word_1_318' title='bbox 3108 1907 3380 1972; x_wconf 77' lang='lat' dir='ltr'><strong>auferens,</strong></span> 
     </span>
    </p>
   </div>
   <div class='ocr_carea' id='block_1_49' title="bbox 1812 1995 3384 2068">
    <p class='ocr_par' dir='ltr' id='par_1_49' title="bbox 1812 1995 3384 2068">
     <span class='ocr_line' id='line_1_49' title="bbox 1812 1995 3384 2068; baseline -0.001 -15"><span class='ocrx_word' id='word_1_319' title='bbox 1812 1997 2229 2054; x_wconf 82' lang='lat' dir='ltr'><strong>Ambrosianum</strong></span> <span class='ocrx_word' id='word_1_320' title='bbox 2261 1996 2413 2068; x_wconf 89' lang='lat' dir='ltr'><strong>jubet</strong></span> <span class='ocrx_word' id='word_1_321' title='bbox 2436 1995 2689 2052; x_wconf 82' lang='lat' dir='ltr'><strong>accersiri</strong></span> <span class='ocrx_word' id='word_1_322' title='bbox 2717 1996 3044 2067; x_wconf 78' lang='lat' dir='ltr'><strong>pontiﬁcem.</strong></span> <span class='ocrx_word' id='word_1_323' title='bbox 3093 1996 3193 2064; x_wconf 85' lang='lat' dir='ltr'><strong>Qui</strong></span> <span class='ocrx_word' id='word_1_324' title='bbox 3249 2013 3384 2068; x_wconf 72' lang='lat' dir='ltr'><strong>prte-</strong></span> 
     </span>
    </p>
   </div>
   <div class='ocr_carea' id='block_1_50' title="bbox 1812 2090 3167 2154">
    <p class='ocr_par' dir='ltr' id='par_1_50' title="bbox 1812 2090 3167 2154">
     <span class='ocr_line' id='line_1_50' title="bbox 1812 2090 3167 2154; baseline 0 -10"><span class='ocrx_word' id='word_1_325' title='bbox 1812 2090 1959 2146; x_wconf 87' lang='lat' dir='ltr'><strong>dicta</strong></span> <span class='ocrx_word' id='word_1_326' title='bbox 1985 2090 2188 2144; x_wconf 88' lang='lat' dir='ltr'><strong>vitandi</strong></span> <span class='ocrx_word' id='word_1_327' title='bbox 2224 2090 2483 2145; x_wconf 90' lang='lat' dir='ltr'><strong>tumultus</strong></span> <span class='ocrx_word' id='word_1_328' title='bbox 2512 2104 2692 2154; x_wconf 82' lang='lat' dir='ltr'><strong>causa,</strong></span> <span class='ocrx_word' id='word_1_329' title='bbox 2728 2090 2914 2145; x_wconf 89' lang='lat' dir='ltr'><strong>venire</strong></span> <span class='ocrx_word' id='word_1_330' title='bbox 2942 2090 3167 2145; x_wconf 78' lang='lat' dir='ltr'><strong>distulit.</strong></span> 
     </span>
    </p>
   </div>
   <div class='ocr_carea' id='block_1_51' title="bbox 1883 2181 3386 2255">
    <p class='ocr_par' dir='ltr' id='par_1_51' title="bbox 1883 2181 3386 2255">
     <span class='ocr_line' id='line_1_51' title="bbox 1883 2181 3386 2255; baseline -0.002 -17"><span class='ocrx_word' id='word_1_331' title='bbox 1883 2184 1937 2238; x_wconf 86' lang='lat'><strong>5.</strong></span> <span class='ocrx_word' id='word_1_332' title='bbox 1962 2183 2129 2255; x_wconf 73' lang='lat' dir='ltr'><strong>Igitur</strong></span> <span class='ocrx_word' id='word_1_333' title='bbox 2154 2182 2466 2238; x_wconf 86' lang='lat' dir='ltr'><strong>consulente</strong></span> <span class='ocrx_word' id='word_1_334' title='bbox 2493 2183 2690 2238; x_wconf 92' lang='lat' dir='ltr'><strong>domno</strong></span> <span class='ocrx_word' id='word_1_335' title='bbox 2714 2181 3013 2252; x_wconf 79' lang='lat' dir='ltr'><strong>apostolico</strong></span> <span class='ocrx_word' id='word_1_336' title='bbox 3037 2191 3090 2235; x_wconf 81' lang='lat' dir='ltr'><strong>et</strong></span> <span class='ocrx_word' id='word_1_337' title='bbox 3118 2181 3386 2236; x_wconf 89' lang='lat' dir='ltr'><strong>universis</strong></span> 
     </span>
    </p>
   </div>
   <div class='ocr_carea' id='block_1_52' title="bbox 1815 2273 3385 2346">
    <p class='ocr_par' dir='ltr' id='par_1_52' title="bbox 1815 2273 3385 2346">
     <span class='ocr_line' id='line_1_52' title="bbox 1815 2273 3385 2346; baseline -0.004 -15"><span class='ocrx_word' id='word_1_338' title='bbox 1815 2275 2107 2346; x_wconf 89' lang='lat' dir='ltr'><strong>episcopis,</strong></span> <span class='ocrx_word' id='word_1_339' title='bbox 2147 2273 2426 2330; x_wconf 87' lang='lat' dir='ltr'><strong>dexteram</strong></span> <span class='ocrx_word' id='word_1_340' title='bbox 2460 2276 2608 2332; x_wconf 88' lang='lat' dir='ltr'><strong>dedit</strong></span> <span class='ocrx_word' id='word_1_341' title='bbox 2625 2275 2889 2330; x_wconf 86' lang='lat' dir='ltr'><strong>Arderico</strong></span> <span class='ocrx_word' id='word_1_342' title='bbox 2914 2273 3239 2330; x_wconf 78' lang='lat' dir='ltr'><strong>Vercellensi</strong></span> <span class='ocrx_word' id='word_1_343' title='bbox 3269 2273 3385 2342; x_wconf 88' lang='lat' dir='ltr'><strong>epi-</strong></span> 
     </span>
    </p>
   </div>
   <div class='ocr_carea' id='block_1_53' title="bbox 1815 2365 3390 2439">
    <p class='ocr_par' dir='ltr' id='par_1_53' title="bbox 1815 2365 3390 2439">
     <span class='ocr_line' id='line_1_53' title="bbox 1815 2365 3390 2439; baseline -0.003 -16"><span class='ocrx_word' id='word_1_344' title='bbox 1815 2381 1978 2437; x_wconf 79' lang='lat' dir='ltr'><strong>scopo</strong></span> <span class='ocrx_word' id='word_1_345' title='bbox 2009 2367 2152 2421; x_wconf 86' lang='lat' dir='ltr'><strong>illius</strong></span> <span class='ocrx_word' id='word_1_346' title='bbox 2175 2365 2538 2439; x_wconf 79' lang='lat' dir='ltr'><strong>sull&#39;raganeo,</strong></span> <span class='ocrx_word' id='word_1_347' title='bbox 2577 2376 2636 2422; x_wconf 90' lang='lat' dir='ltr'><strong>ut</strong></span> <span class='ocrx_word' id='word_1_348' title='bbox 2670 2379 2824 2438; x_wconf 91' lang='lat' dir='ltr'><strong>pater</strong></span> <span class='ocrx_word' id='word_1_349' title='bbox 2852 2368 2903 2422; x_wconf 90' lang='lat' dir='ltr'><strong>in</strong></span> <span class='ocrx_word' id='word_1_350' title='bbox 2946 2367 3077 2432; x_wconf 80' lang='lat' dir='ltr'><strong>tilio,</strong></span> <span class='ocrx_word' id='word_1_351' title='bbox 3134 2367 3390 2436; x_wconf 82' lang='lat' dir='ltr'><strong>magister</strong></span> 
     </span>
    </p>
   </div>
   <div class='ocr_carea' id='block_1_54' title="bbox 1816 2454 3384 2526">
    <p class='ocr_par' dir='ltr' id='par_1_54' title="bbox 1816 2454 3384 2526">
     <span class='ocr_line' id='line_1_54' title="bbox 1816 2454 3384 2526; baseline -0.004 -15"><span class='ocrx_word' id='word_1_352' title='bbox 1816 2458 2091 2513; x_wconf 87' lang='lat' dir='ltr'><strong>videretur</strong></span> <span class='ocrx_word' id='word_1_353' title='bbox 2129 2457 2183 2510; x_wconf 90' lang='lat' dir='ltr'><strong>in</strong></span> <span class='ocrx_word' id='word_1_354' title='bbox 2206 2456 2488 2526; x_wconf 89' lang='lat' dir='ltr'><strong>discipulo.</strong></span> <span class='ocrx_word' id='word_1_355' title='bbox 2519 2455 2623 2524; x_wconf 86' lang='lat' dir='ltr'><strong>Qui</strong></span> <span class='ocrx_word' id='word_1_356' title='bbox 2649 2457 2704 2511; x_wconf 90' lang='lat' dir='ltr'><strong>in</strong></span> <span class='ocrx_word' id='word_1_357' title='bbox 2731 2457 2774 2488; x_wconf 84' lang='lat'><strong>&quot;</strong></span> <span class='ocrx_word' id='word_1_358' title='bbox 2797 2454 3065 2525; x_wconf 87' lang='lat' dir='ltr'><strong>imperiali</strong></span> <span class='ocrx_word' id='word_1_359' title='bbox 3097 2470 3384 2510; x_wconf 64' lang='lat' dir='ltr'><strong>cons-erra-</strong></span> 
     </span>
    </p>
   </div>
   <div class='ocr_carea' id='block_1_55' title="bbox 1820 2546 3392 2619">
    <p class='ocr_par' dir='ltr' id='par_1_55' title="bbox 1820 2546 3392 2619">
     <span class='ocr_line' id='line_1_55' title="bbox 1820 2546 3392 2619; baseline -0.004 -15"><span class='ocrx_word' id='word_1_360' title='bbox 1820 2550 1968 2604; x_wconf 81' lang='lat' dir='ltr'><strong>tione</strong></span> <span class='ocrx_word' id='word_1_361' title='bbox 2025 2549 2196 2603; x_wconf 89' lang='lat' dir='ltr'><strong>vicem</strong></span> <span class='ocrx_word' id='word_1_362' title='bbox 2249 2548 2668 2604; x_wconf 79' lang='lat' dir='ltr'><strong>Mediolanensis</strong></span> <span class='ocrx_word' id='word_1_363' title='bbox 2715 2547 3107 2619; x_wconf 84' lang='lat' dir='ltr'><strong>archiepiscopi</strong></span> <span class='ocrx_word' id='word_1_364' title='bbox 3163 2546 3392 2615; x_wconf 73' lang='lat' dir='ltr'><strong>plenlter</strong></span> 
     </span>
    </p>
   </div>
   <div class='ocr_carea' id='block_1_56' title="bbox 1820 2637 3382 2710">
    <p class='ocr_par' dir='ltr' id='par_1_56' title="bbox 1820 2637 3382 2710">
     <span class='ocr_line' id='line_1_56' title="bbox 1820 2637 3382 2710; baseline -0.004 -14"><span class='ocrx_word' id='word_1_365' title='bbox 1820 2641 1993 2697; x_wconf 89' lang='lat' dir='ltr'><strong>tenuit</strong></span> <span class='ocrx_word' id='word_1_366' title='bbox 2021 2641 2112 2695; x_wconf 83' lang='grc'><strong>¹⁰⁰.</strong></span> <span class='ocrx_word' id='word_1_367' title='bbox 2141 2640 2269 2694; x_wconf 86' lang='lat' dir='ltr'><strong>Post</strong></span> <span class='ocrx_word' id='word_1_368' title='bbox 2297 2640 2415 2695; x_wconf 90' lang='lat' dir='ltr'><strong>dies</strong></span> <span class='ocrx_word' id='word_1_369' title='bbox 2440 2640 2646 2710; x_wconf 68' lang='lat' dir='ltr'><strong>aliquot</strong></span> <span class='ocrx_word' id='word_1_370' title='bbox 2675 2639 2875 2696; x_wconf 90' lang='lat' dir='ltr'><strong>indicta</strong></span> <span class='ocrx_word' id='word_1_371' title='bbox 2897 2650 2982 2694; x_wconf 91' lang='lat' dir='ltr'><strong>est</strong></span> <span class='ocrx_word' id='word_1_372' title='bbox 3008 2639 3246 2710; x_wconf 82' lang='lat' dir='ltr'><strong>synodus</strong></span> <span class='ocrx_word' id='word_1_373' title='bbox 3279 2637 3382 2690; x_wconf 76' lang='lat' dir='ltr'><strong>Ro-</strong></span> 
     </span>
    </p>
   </div>
   <div class='ocr_carea' id='block_1_57' title="bbox 1817 2731 3392 2802">
    <p class='ocr_par' dir='ltr' id='par_1_57' title="bbox 1817 2731 3392 2802">
     <span class='ocr_line' id='line_1_57' title="bbox 1817 2731 3392 2802; baseline 0 -14"><span class='ocrx_word' id='word_1_374' title='bbox 1817 2749 1920 2788; x_wconf 75' lang='lat' dir='ltr'><strong>ma:</strong></span> <span class='ocrx_word' id='word_1_375' title='bbox 1942 2732 2269 2787; x_wconf 90' lang='lat' dir='ltr'><strong>auctoritate</strong></span> <span class='ocrx_word' id='word_1_376' title='bbox 2293 2731 2592 2802; x_wconf 85' lang='lat' dir='ltr'><strong>apostolica</strong></span> <span class='ocrx_word' id='word_1_377' title='bbox 2623 2731 2776 2802; x_wconf 79' lang='lat' dir='ltr'><strong>(Apr.</strong></span> <span class='ocrx_word' id='word_1_378' title='bbox 2807 2731 2882 2802; x_wconf 81' lang='lat'><strong>6),</strong></span> <span class='ocrx_word' id='word_1_379' title='bbox 2905 2731 2958 2785; x_wconf 91' lang='lat' dir='ltr'><strong>in</strong></span> <span class='ocrx_word' id='word_1_380' title='bbox 2989 2747 3095 2802; x_wconf 85' lang='lat' dir='ltr'><strong>qua</strong></span> <span class='ocrx_word' id='word_1_381' title='bbox 3129 2735 3392 2790; x_wconf 79' lang='lat' dir='ltr'><strong>constitu-</strong></span> 
     </span>
    </p>
   </div>
   <div class='ocr_carea' id='block_1_58' title="bbox 1821 2823 3393 2894">
    <p class='ocr_par' dir='ltr' id='par_1_58' title="bbox 1821 2823 3393 2894">
     <span class='ocr_line' id='line_1_58' title="bbox 1821 2823 3393 2894; baseline 0 -16"><span class='ocrx_word' id='word_1_382' title='bbox 1821 2834 1930 2878; x_wconf 92' lang='lat' dir='ltr'><strong>tum</strong></span> <span class='ocrx_word' id='word_1_383' title='bbox 1959 2835 2061 2890; x_wconf 90' lang='lat' dir='ltr'><strong>est,</strong></span> <span class='ocrx_word' id='word_1_384' title='bbox 2092 2833 2150 2878; x_wconf 90' lang='lat' dir='ltr'><strong>ut</strong></span> <span class='ocrx_word' id='word_1_385' title='bbox 2179 2824 2234 2878; x_wconf 89' lang='lat' dir='ltr'><strong>in</strong></span> <span class='ocrx_word' id='word_1_386' title='bbox 2263 2823 2515 2879; x_wconf 89' lang='lat' dir='ltr'><strong>omnibus</strong></span> <span class='ocrx_word' id='word_1_387' title='bbox 2565 2823 2794 2894; x_wconf 77' lang='lat' dir='ltr'><strong>negotiis</strong></span> <span class='ocrx_word' id='word_1_388' title='bbox 2850 2824 3246 2894; x_wconf 66' lang='lat' dir='ltr'><strong>pontiﬁtalibus</strong></span> <span class='ocrx_word' id='word_1_389' title='bbox 3285 2826 3393 2879; x_wconf 85' lang='lat' dir='ltr'><strong>Ra-</strong></span> 
     </span>
    </p>
   </div>
   <div class='ocr_carea' id='block_1_59' title="bbox 1819 2913 3393 2981">
    <p class='ocr_par' dir='ltr' id='par_1_59' title="bbox 1819 2913 3393 2981">
     <span class='ocr_line' id='line_1_59' title="bbox 1819 2913 3393 2981; baseline 0.002 -12"><span class='ocrx_word' id='word_1_390' title='bbox 1819 2929 2026 2969; x_wconf 87' lang='lat' dir='ltr'><strong>vennas</strong></span> <span class='ocrx_word' id='word_1_391' title='bbox 2065 2913 2209 2970; x_wconf 70' lang='lat' dir='ltr'><strong>nullo</strong></span> <span class='ocrx_word' id='word_1_392' title='bbox 2259 2914 2423 2969; x_wconf 91' lang='lat' dir='ltr'><strong>modo</strong></span> <span class='ocrx_word' id='word_1_393' title='bbox 2476 2914 2531 2968; x_wconf 92' lang='lat' dir='ltr'><strong>in</strong></span> <span class='ocrx_word' id='word_1_394' title='bbox 2588 2923 2850 2981; x_wconf 71' lang='lat' dir='ltr'><strong>teternum</strong></span> <span class='ocrx_word' id='word_1_395' title='bbox 2894 2930 2954 2970; x_wconf 85' lang='lat' dir='ltr'><strong>se</strong></span> <span class='ocrx_word' id='word_1_396' title='bbox 3009 2914 3393 2972; x_wconf 74' lang='lat' dir='ltr'><strong>Mediolanensi</strong></span> 
     </span>
    </p>
   </div>
   <div class='ocr_carea' id='block_1_60' title="bbox 1819 3003 3394 3075">
    <p class='ocr_par' dir='ltr' id='par_1_60' title="bbox 1819 3003 3394 3075">
     <span class='ocr_line' id='line_1_60' title="bbox 1819 3003 3394 3075; baseline 0.001 -15"><span class='ocrx_word' id='word_1_397' title='bbox 1819 3005 2072 3075; x_wconf 79' lang='lat' dir='ltr'><strong>przel&#39;erat</strong></span> <span class='ocrx_word' id='word_1_398' title='bbox 2100 3005 2361 3070; x_wconf 87' lang='lat' dir='ltr'><strong>antistiti;</strong></span> <span class='ocrx_word' id='word_1_399' title='bbox 2403 3012 2457 3071; x_wconf 80' lang='lat' dir='ltr'><strong>et</strong></span> <span class='ocrx_word' id='word_1_400' title='bbox 2505 3005 2550 3059; x_wconf 94' lang='lat' dir='ltr'><strong>si</strong></span> <span class='ocrx_word' id='word_1_401' title='bbox 2589 3003 2732 3059; x_wconf 81' lang='lat' dir='ltr'><strong>forte</strong></span> <span class='ocrx_word' id='word_1_402' title='bbox 2762 3006 3192 3075; x_wconf 64' lang='lat' dir='ltr'><strong>praesumpserit,</strong></span> <span class='ocrx_word' id='word_1_403' title='bbox 3233 3023 3394 3062; x_wconf 87' lang='lat' dir='ltr'><strong>cano-</strong></span> 
     </span>
    </p>
   </div>
   <div class='ocr_carea' id='block_1_61' title="bbox 1823 3098 3392 3169">
    <p class='ocr_par' dir='ltr' id='par_1_61' title="bbox 1823 3098 3392 3169">
     <span class='ocr_line' id='line_1_61' title="bbox 1823 3098 3392 3169; baseline -0.002 -15"><span class='ocrx_word' id='word_1_404' title='bbox 1823 3101 1958 3155; x_wconf 71' lang='lat' dir='ltr'><strong>nica:</strong></span> <span class='ocrx_word' id='word_1_405' title='bbox 1999 3099 2103 3169; x_wconf 74' lang='lat' dir='ltr'><strong>legi</strong></span> <span class='ocrx_word' id='word_1_406' title='bbox 2135 3099 2201 3131; x_wconf 84' lang='grc'><strong>¹⁰¹</strong></span> <span class='ocrx_word' id='word_1_407' title='bbox 2250 3099 2544 3168; x_wconf 77' lang='lat' dir='ltr'><strong>subjaceat.</strong></span> <span class='ocrx_word' id='word_1_408' title='bbox 2601 3098 2826 3168; x_wconf 84' lang='lat' dir='ltr'><strong>Insuper</strong></span> <span class='ocrx_word' id='word_1_409' title='bbox 2874 3098 3073 3168; x_wconf 89' lang='lat' dir='ltr'><strong>placuit</strong></span> <span class='ocrx_word' id='word_1_410' title='bbox 3126 3100 3392 3164; x_wconf 63' lang='lat' dir='ltr'><strong>omnibus,</strong></span> 
     </span>
    </p>
   </div>
   <div class='ocr_carea' id='block_1_62' title="bbox 137 3191 3390 3286">
    <p class='ocr_par' dir='ltr' id='par_1_62' title="bbox 137 3191 3390 3286">
     <span class='ocr_line' id='line_1_62' title="bbox 137 3191 3390 3286; baseline -0.001 -38"><span class='ocrx_word' id='word_1_411' title='bbox 137 3197 278 3264; x_wconf 75' lang='lat' dir='ltr'><strong>quod</strong></span> <span class='ocrx_word' id='word_1_412' title='bbox 302 3195 692 3250; x_wconf 77' lang='lat' dir='ltr'><strong>Mediolanensi</strong></span> <span class='ocrx_word' id='word_1_413' title='bbox 716 3195 840 3265; x_wconf 88' lang='lat' dir='ltr'><strong>jure</strong></span> <span class='ocrx_word' id='word_1_414' title='bbox 865 3195 1207 3265; x_wconf 86' lang='lat' dir='ltr'><strong>competebat</strong></span> <span class='ocrx_word' id='word_1_415' title='bbox 1227 3193 1458 3248; x_wconf 82' lang='lat' dir='ltr'><strong>antistiti</strong></span> <span class='ocrx_word' id='word_1_416' title='bbox 1483 3193 1719 3260; x_wconf 79' lang='lat' dir='ltr'><strong>&quot;.Qnod</strong></span> <span class='ocrx_word' id='word_1_417' title='bbox 1750 3226 1793 3286; x_wconf 78' lang='lat' dir='ltr'>C</span> <span class='ocrx_word' id='word_1_418' title='bbox 1825 3205 1988 3260; x_wconf 90' lang='lat' dir='ltr'><strong>super</strong></span> <span class='ocrx_word' id='word_1_419' title='bbox 2018 3191 2086 3222; x_wconf 73' lang='grc'><strong><em>⁸⁸⁵⁸</em></strong></span> <span class='ocrx_word' id='word_1_420' title='bbox 2124 3193 2224 3246; x_wconf 80' lang='lat' dir='ltr'><strong>hat-</strong></span> <span class='ocrx_word' id='word_1_421' title='bbox 2257 3207 2316 3244; x_wconf 91' lang='lat' dir='ltr'><strong>re</strong></span> <span class='ocrx_word' id='word_1_422' title='bbox 2343 3191 2610 3246; x_wconf 89' lang='lat' dir='ltr'><strong>conscribi</strong></span> <span class='ocrx_word' id='word_1_423' title='bbox 2642 3191 2880 3246; x_wconf 86' lang='lat' dir='ltr'><strong>thomum</strong></span> <span class='ocrx_word' id='word_1_424' title='bbox 2911 3192 2962 3244; x_wconf 91' lang='lat' dir='ltr'><strong>in</strong></span> <span class='ocrx_word' id='word_1_425' title='bbox 3005 3192 3390 3261; x_wconf 83' lang='lat' dir='ltr'><strong>sempiternum</strong></span> 
     </span>
    </p>
   </div>
   <div class='ocr_carea' id='block_1_63' title="bbox 138 3285 1720 3355">
    <p class='ocr_par' dir='ltr' id='par_1_63' title="bbox 138 3285 1720 3355">
     <span class='ocr_line' id='line_1_63' title="bbox 138 3285 1720 3355; baseline -0.001 -15"><span class='ocrx_word' id='word_1_426' title='bbox 138 3303 259 3340; x_wconf 75' lang='lat' dir='ltr'><strong>cum</strong></span> <span class='ocrx_word' id='word_1_427' title='bbox 292 3289 539 3342; x_wconf 89' lang='lat' dir='ltr'><strong>omnium</strong></span> <span class='ocrx_word' id='word_1_428' title='bbox 565 3287 873 3355; x_wconf 84' lang='lat' dir='ltr'><strong>displiceret</strong></span> <span class='ocrx_word' id='word_1_429' title='bbox 918 3287 969 3340; x_wconf 93' lang='lat' dir='ltr'><strong>in</strong></span> <span class='ocrx_word' id='word_1_430' title='bbox 1022 3285 1246 3351; x_wconf 81' lang='lat' dir='ltr'><strong>occulis,</strong></span> <span class='ocrx_word' id='word_1_431' title='bbox 1300 3287 1720 3340; x_wconf 89' lang='lat' dir='ltr'><strong>commonebant</strong></span> 
     </span>
    </p>
   </div>
   <div class='ocr_carea' id='block_1_64' title="bbox 140 3375 1718 3448">
    <p class='ocr_par' dir='ltr' id='par_1_64' title="bbox 140 3375 1718 3448">
     <span class='ocr_line' id='line_1_64' title="bbox 140 3375 1718 3448; baseline -0.001 -18"><span class='ocrx_word' id='word_1_432' title='bbox 140 3393 260 3430; x_wconf 81' lang='lat' dir='ltr'><strong>eum</strong></span> <span class='ocrx_word' id='word_1_433' title='bbox 293 3377 556 3448; x_wconf 67' lang='lat' dir='ltr'><strong>praesules</strong></span> <span class='ocrx_word' id='word_1_434' title='bbox 584 3377 770 3440; x_wconf 86' lang='lat' dir='ltr'><strong>ceteri,</strong></span> <span class='ocrx_word' id='word_1_435' title='bbox 798 3386 1065 3446; x_wconf 88' lang='lat' dir='ltr'><strong>quatenus</strong></span> <span class='ocrx_word' id='word_1_436' title='bbox 1090 3392 1118 3431; x_wconf 88' lang='lat' dir='ltr'><strong>a</strong></span> <span class='ocrx_word' id='word_1_437' title='bbox 1144 3391 1250 3430; x_wconf 92' lang='lat' dir='ltr'><strong>non</strong></span> <span class='ocrx_word' id='word_1_438' title='bbox 1283 3390 1380 3430; x_wconf 91' lang='lat' dir='ltr'><strong>suo</strong></span> <span class='ocrx_word' id='word_1_439' title='bbox 1411 3375 1718 3430; x_wconf 87' lang='lat' dir='ltr'><strong>desisteret.</strong></span> 
     </span>
    </p>
   </div>
   <div class='ocr_carea' id='block_1_65' title="bbox 140 3448 1722 3538">
    <p class='ocr_par' dir='ltr' id='par_1_65' title="bbox 140 3448 1722 3538">
     <span class='ocr_line' id='line_1_65' title="bbox 140 3448 1722 3538; baseline -0.001 -15"><span class='ocrx_word' id='word_1_440' title='bbox 140 3467 543 3523; x_wconf 73' lang='lat' dir='ltr'><strong>NichLlomiuus</strong></span> <span class='ocrx_word' id='word_1_441' title='bbox 567 3448 654 3522; x_wconf 73' lang='lat' dir='ltr'><strong>ille</strong></span> <span class='ocrx_word' id='word_1_442' title='bbox 681 3468 1035 3538; x_wconf 86' lang='lat' dir='ltr'><strong>pertinaciter</strong></span> <span class='ocrx_word' id='word_1_443' title='bbox 1065 3467 1301 3524; x_wconf 88' lang='lat' dir='ltr'><strong>tenebat.</strong></span> <span class='ocrx_word' id='word_1_444' title='bbox 1334 3466 1652 3522; x_wconf 85' lang='lat' dir='ltr'><strong>lieribertus</strong></span> <span class='ocrx_word' id='word_1_445' title='bbox 1676 3465 1722 3498; x_wconf 79' lang='lat'><strong>&quot;</strong></span> 
     </span>
    </p>
   </div>
   <div class='ocr_carea' id='block_1_66' title="bbox 1066 3602 1646 3705">
    <p class='ocr_par' dir='ltr' id='par_1_66' title="bbox 1066 3602 1646 3705">
     <span class='ocr_line' id='line_1_66' title="bbox 1066 3602 1646 3705; baseline -0.002 -48"><span class='ocrx_word' id='word_1_446' title='bbox 1066 3639 1137 3705; x_wconf 75' lang='lat'><strong>.</strong></span> <span class='ocrx_word' id='word_1_447' title='bbox 1416 3602 1646 3656; x_wconf 72' lang='lat' dir='ltr'><strong>VARUE</strong></span> 
     </span>
    </p>
   </div>
   <div class='ocr_carea' id='block_1_67' title="bbox 213 3735 1664 3811">
    <p class='ocr_par' dir='ltr' id='par_1_67' title="bbox 213 3735 1664 3811">
     <span class='ocr_line' id='line_1_67' title="bbox 213 3735 1664 3811; baseline -0.003 -17"><span class='ocrx_word' id='word_1_448' title='bbox 213 3742 260 3773; x_wconf 69' lang='grc' dir='ltr'><strong>’δ</strong></span> <span class='ocrx_word' id='word_1_449' title='bbox 291 3742 630 3811; x_wconf 88' lang='lat' dir='ltr'><strong>comparium</strong></span> <span class='ocrx_word' id='word_1_450' title='bbox 660 3742 712 3796; x_wconf 78' lang='lat'><strong>&#39;5.</strong></span> <span class='ocrx_word' id='word_1_451' title='bbox 739 3741 816 3794; x_wconf 68' lang='grc' dir='ltr'><strong>δ’.</strong></span> <span class='ocrx_word' id='word_1_452' title='bbox 849 3740 911 3793; x_wconf 82' lang='grc' dir='ltr'><strong>Β.</strong></span> <span class='ocrx_word' id='word_1_453' title='bbox 989 3740 1034 3771; x_wconf 77' lang='grc'><strong>⁸³</strong></span> <span class='ocrx_word' id='word_1_454' title='bbox 1063 3738 1356 3811; x_wconf 79' lang='lat' dir='ltr'><strong>conradum</strong></span> <span class='ocrx_word' id='word_1_455' title='bbox 1384 3737 1472 3811; x_wconf 56' lang='grc' dir='ltr'><strong>βε.</strong></span> <span class='ocrx_word' id='word_1_456' title='bbox 1503 3735 1579 3811; x_wconf 82' lang='lat'><strong>5_&#39;,</strong></span> <span class='ocrx_word' id='word_1_457' title='bbox 1605 3736 1664 3790; x_wconf 85' lang='grc' dir='ltr'><strong>Β.</strong></span> 
     </span>
    </p>
   </div>
   <div class='ocr_carea' id='block_1_68' title="bbox 143 3810 1213 3882">
    <p class='ocr_par' dir='ltr' id='par_1_68' title="bbox 143 3810 1213 3882">
     <span class='ocr_line' id='line_1_68' title="bbox 143 3810 1213 3882; baseline -0.004 -15"><span class='ocrx_word' id='word_1_458' title='bbox 143 3812 223 3867; x_wconf 75' lang='grc'><strong>2’.</strong></span> <span class='ocrx_word' id='word_1_459' title='bbox 300 3812 347 3845; x_wconf 81' lang='lat'><strong>”</strong></span> <span class='ocrx_word' id='word_1_460' title='bbox 377 3810 518 3866; x_wconf 77' lang='lat' dir='ltr'><strong>decu</strong></span> <span class='ocrx_word' id='word_1_461' title='bbox 562 3811 622 3865; x_wconf 89' lang='grc' dir='ltr'><strong>Β.</strong></span> <span class='ocrx_word' id='word_1_462' title='bbox 671 3813 740 3844; x_wconf 80' lang='grc'><strong>¹⁰⁰</strong></span> <span class='ocrx_word' id='word_1_463' title='bbox 769 3813 938 3868; x_wconf 89' lang='lat' dir='ltr'><strong>tenuit</strong></span> <span class='ocrx_word' id='word_1_464' title='bbox 970 3811 1126 3882; x_wconf 88' lang='lat' dir='ltr'><strong>plene</strong></span> <span class='ocrx_word' id='word_1_465' title='bbox 1155 3810 1213 3864; x_wconf 83' lang='grc' dir='ltr'><strong>Β.</strong></span> 
     </span>
    </p>
   </div>
   <div class='ocr_carea' id='block_1_69' title="bbox 1830 3273 3402 3354">
    <p class='ocr_par' dir='ltr' id='par_1_69' title="bbox 1830 3273 3402 3354">
     <span class='ocr_line' id='line_1_69' title="bbox 1830 3273 3402 3354; baseline 0.003 -19"><span class='ocrx_word' id='word_1_466' title='bbox 1830 3281 2225 3348; x_wconf 85' lang='lat' dir='ltr'><strong>testimonium;</strong></span> <span class='ocrx_word' id='word_1_467' title='bbox 2259 3283 2325 3338; x_wconf 85' lang='lat' dir='ltr'><strong>de</strong></span> <span class='ocrx_word' id='word_1_468' title='bbox 2361 3299 2468 3354; x_wconf 83' lang='lat' dir='ltr'><strong>quo</strong></span> <span class='ocrx_word' id='word_1_469' title='bbox 2500 3298 2672 3354; x_wconf 85' lang='lat' dir='ltr'><strong>pauca</strong></span> <span class='ocrx_word' id='word_1_470' title='bbox 2711 3283 2776 3338; x_wconf 90' lang='lat' dir='ltr'><strong>de</strong></span> <span class='ocrx_word' id='word_1_471' title='bbox 2815 3281 3058 3353; x_wconf 85' lang='lat' dir='ltr'><strong>pluribus</strong></span> <span class='ocrx_word' id='word_1_472' title='bbox 3086 3273 3188 3338; x_wconf 77' lang='lat' dir='ltr'><strong>ista</strong></span> <span class='ocrx_word' id='word_1_473' title='bbox 3213 3285 3402 3339; x_wconf 77' lang='lat' dir='ltr'><strong>deccr~</strong></span> 
     </span>
    </p>
   </div>
   <div class='ocr_carea' id='block_1_70' title="bbox 1831 3374 2198 3446">
    <p class='ocr_par' dir='ltr' id='par_1_70' title="bbox 1831 3374 2198 3446">
     <span class='ocr_line' id='line_1_70' title="bbox 1831 3374 2198 3446; baseline -0.016 -14"><span class='ocrx_word' id='word_1_474' title='bbox 1831 3376 2035 3446; x_wconf 64' lang='lat' dir='ltr'><strong>[tt-imus</strong></span> <span class='ocrx_word' id='word_1_475' title='bbox 2063 3374 2198 3444; x_wconf 79' lang='lat'><strong>(70).</strong></span> 
     </span>
    </p>
   </div>
   <div class='ocr_carea' id='block_1_71' title="bbox 1899 3463 3403 3537">
    <p class='ocr_par' dir='ltr' id='par_1_71' title="bbox 1899 3463 3403 3537">
     <span class='ocr_line' id='line_1_71' title="bbox 1899 3463 3403 3537; baseline 0 -15"><span class='ocrx_word' id='word_1_476' title='bbox 1899 3467 1947 3522; x_wconf 86' lang='lat'><strong>6.</strong></span> <span class='ocrx_word' id='word_1_477' title='bbox 1995 3467 2129 3523; x_wconf 90' lang='lat' dir='ltr'><strong>Dum</strong></span> <span class='ocrx_word' id='word_1_478' title='bbox 2178 3467 2294 3522; x_wconf 72' lang='lat' dir='ltr'><strong>hrec</strong></span> <span class='ocrx_word' id='word_1_479' title='bbox 2323 3475 2635 3537; x_wconf 72' lang='lat' dir='ltr'><strong>agerentur,</strong></span> <span class='ocrx_word' id='word_1_480' title='bbox 2666 3463 3247 3525; x_wconf 52' lang='lat' dir='ltr'><strong>Mediolanensesenm</strong></span> <span class='ocrx_word' id='word_1_481' title='bbox 3292 3466 3403 3522; x_wconf 82' lang='lat' dir='ltr'><strong>Ba-</strong></span> 
     </span>
    </p>
   </div>
   <div class='ocr_carea' id='block_1_72' title="bbox 1704 3601 2102 3658">
    <p class='ocr_par' dir='ltr' id='par_1_72' title="bbox 1704 3601 2102 3658">
     <span class='ocr_line' id='line_1_72' title="bbox 1704 3601 2102 3658; baseline 0.003 -2"><span class='ocrx_word' id='word_1_482' title='bbox 1704 3601 2102 3658; x_wconf 67' lang='lat' dir='ltr'><strong>LECTIONES.</strong></span> 
     </span>
    </p>
   </div>
   <div class='ocr_carea' id='block_1_73' title="bbox 1742 3733 2062 3790">
    <p class='ocr_par' dir='ltr' id='par_1_73' title="bbox 1742 3733 2062 3790">
     <span class='ocr_line' id='line_1_73' title="bbox 1742 3733 2062 3790; baseline -0.006 0"><span class='ocrx_word' id='word_1_483' title='bbox 1742 3736 1788 3767; x_wconf 85' lang='lat'><strong>“</strong></span> <span class='ocrx_word' id='word_1_484' title='bbox 1824 3736 1962 3790; x_wconf 80' lang='lat' dir='ltr'><strong>deest</strong></span> <span class='ocrx_word' id='word_1_485' title='bbox 2002 3733 2062 3788; x_wconf 81' lang='grc' dir='ltr'><strong>Β.</strong></span> 
     </span>
    </p>
   </div>
   <div class='ocr_carea' id='block_1_74' title="bbox 1290 3805 2276 3877">
    <p class='ocr_par' dir='ltr' id='par_1_74' title="bbox 1290 3805 2276 3877">
     <span class='ocr_line' id='line_1_74' title="bbox 1290 3805 2276 3877; baseline -0.001 -18"><span class='ocrx_word' id='word_1_486' title='bbox 1290 3809 1352 3841; x_wconf 78' lang='grc'><strong>¹⁰¹</strong></span> <span class='ocrx_word' id='word_1_487' title='bbox 1381 3807 1418 3861; x_wconf 94' lang='lat' dir='ltr'><strong>l.</strong></span> <span class='ocrx_word' id='word_1_488' title='bbox 1451 3825 1496 3863; x_wconf 85' lang='lat' dir='ltr'><strong>s.</strong></span> <span class='ocrx_word' id='word_1_489' title='bbox 1525 3807 1561 3861; x_wconf 90' lang='lat' dir='ltr'><strong>i.</strong></span> <span class='ocrx_word' id='word_1_490' title='bbox 1592 3823 1644 3877; x_wconf 91' lang='lat' dir='ltr'><strong>p.</strong></span> <span class='ocrx_word' id='word_1_491' title='bbox 1679 3823 1732 3862; x_wconf 89' lang='grc' dir='ltr'><strong>ο.</strong></span> <span class='ocrx_word' id='word_1_492' title='bbox 1765 3821 1809 3861; x_wconf 88' lang='lat' dir='ltr'><strong>s.</strong></span> <span class='ocrx_word' id='word_1_493' title='bbox 1845 3809 1898 3860; x_wconf 90' lang='lat' dir='ltr'><strong>h.</strong></span> <span class='ocrx_word' id='word_1_494' title='bbox 1927 3822 1984 3860; x_wconf 89' lang='lat' dir='ltr'><strong>re</strong></span> <span class='ocrx_word' id='word_1_495' title='bbox 2010 3805 2194 3859; x_wconf 72' lang='lat' dir='ltr'><strong>desiuit</strong></span> <span class='ocrx_word' id='word_1_496' title='bbox 2227 3807 2276 3858; x_wconf 83' lang='grc'><strong>1.</strong></span> 
     </span>
    </p>
   </div>
   <div class='ocr_carea' id='block_1_75' title="bbox 2140 3736 3396 3793">
    <p class='ocr_par' dir='ltr' id='par_1_75' title="bbox 2140 3736 3396 3793">
     <span class='ocr_line' id='line_1_75' title="bbox 2140 3736 3396 3793; baseline 0.004 -6"><span class='ocrx_word' id='word_1_497' title='bbox 2140 3736 2182 3766; x_wconf 80' lang='grc'><strong>⁸⁷</strong></span> <span class='ocrx_word' id='word_1_498' title='bbox 2212 3736 2394 3788; x_wconf 88' lang='lat' dir='ltr'><strong>antisti</strong></span> <span class='ocrx_word' id='word_1_499' title='bbox 2432 3737 2480 3789; x_wconf 86' lang='lat' dir='ltr'><strong>l.</strong></span> <span class='ocrx_word' id='word_1_500' title='bbox 2556 3737 2601 3768; x_wconf 82' lang='lat'><strong>“</strong></span> <span class='ocrx_word' id='word_1_501' title='bbox 2647 3737 2899 3792; x_wconf 82' lang='lat' dir='ltr'><strong>henrieus</strong></span> <span class='ocrx_word' id='word_1_502' title='bbox 2929 3737 2970 3790; x_wconf 76' lang='grc' dir='ltr'><strong>Β</strong></span> <span class='ocrx_word' id='word_1_503' title='bbox 3009 3739 3060 3793; x_wconf 82' lang='grc'><strong>1.</strong></span> <span class='ocrx_word' id='word_1_504' title='bbox 3106 3747 3159 3791; x_wconf 88' lang='lat' dir='ltr'><strong>at</strong></span> <span class='ocrx_word' id='word_1_505' title='bbox 3213 3755 3314 3793; x_wconf 84' lang='lat' dir='ltr'><strong>non</strong></span> <span class='ocrx_word' id='word_1_506' title='bbox 3358 3740 3396 3792; x_wconf 85' lang='grc' dir='ltr'>Β</span> 
     </span>
    </p>
   </div>
   <div class='ocr_carea' id='block_1_76' title="bbox 2359 3806 2899 3862">
    <p class='ocr_par' dir='ltr' id='par_1_76' title="bbox 2359 3806 2899 3862">
     <span class='ocr_line' id='line_1_76' title="bbox 2359 3806 2899 3862; baseline 0.004 -2"><span class='ocrx_word' id='word_1_507' title='bbox 2359 3808 2424 3842; x_wconf 78' lang='grc'><strong>¹⁰³</strong></span> <span class='ocrx_word' id='word_1_508' title='bbox 2464 3807 2520 3860; x_wconf 82' lang='grc' dir='ltr'><strong>ἱιι</strong></span> <span class='ocrx_word' id='word_1_509' title='bbox 2560 3807 2613 3860; x_wconf 76' lang='grc'><strong>5.</strong></span> <span class='ocrx_word' id='word_1_510' title='bbox 2645 3806 2720 3860; x_wconf 81' lang='lat'><strong>5‘.</strong></span> <span class='ocrx_word' id='word_1_511' title='bbox 2752 3807 2793 3860; x_wconf 86' lang='grc' dir='ltr'>Β</span> <span class='ocrx_word' id='word_1_512' title='bbox 2821 3807 2899 3862; x_wconf 75' lang='grc'><strong>2⁸.</strong></span> 
     </span>
    </p>
   </div>
   <div class='ocr_carea' id='block_1_77' title="bbox 1646 3941 1879 3998">
    <p class='ocr_par' dir='ltr' id='par_1_77' title="bbox 1646 3941 1879 3998">
     <span class='ocr_line' id='line_1_77' title="bbox 1646 3941 1879 3998; baseline -0.004 -1"><span class='ocrx_word' id='word_1_513' title='bbox 1646 3941 1879 3998; x_wconf 67' lang='lat' dir='ltr'><strong>NOTAE.</strong></span> 
     </span>
    </p>
   </div>
   <div class='ocr_carea' id='block_1_78' title="bbox 219 4053 1720 4128">
    <p class='ocr_par' dir='ltr' id='par_1_78' title="bbox 219 4053 1720 4128">
     <span class='ocr_line' id='line_1_78' title="bbox 219 4053 1720 4128; baseline 0.001 -17"><span class='ocrx_word' id='word_1_514' title='bbox 219 4056 330 4124; x_wconf 83' lang='lat'><strong>(69)</strong></span> <span class='ocrx_word' id='word_1_515' title='bbox 356 4055 689 4110; x_wconf 69' lang='lat' dir='ltr'><strong>Constantize</strong></span> <span class='ocrx_word' id='word_1_516' title='bbox 714 4055 762 4108; x_wconf 87' lang='lat' dir='ltr'><strong>ei</strong></span> <span class='ocrx_word' id='word_1_517' title='bbox 783 4054 834 4107; x_wconf 87' lang='lat' dir='ltr'><strong>in</strong></span> <span class='ocrx_word' id='word_1_518' title='bbox 863 4053 1179 4110; x_wconf 87' lang='lat' dir='ltr'><strong>Pentecoste</strong></span> <span class='ocrx_word' id='word_1_519' title='bbox 1201 4056 1473 4122; x_wconf 85' lang='lat' dir='ltr'><strong>occurrit;</strong></span> <span class='ocrx_word' id='word_1_520' title='bbox 1505 4055 1720 4128; x_wconf 73' lang='lat' dir='ltr'><strong>\Vippo,</strong></span> 
     </span>
    </p>
   </div>
   <div class='ocr_carea' id='block_1_79' title="bbox 150 4126 565 4181">
    <p class='ocr_par' dir='ltr' id='par_1_79' title="bbox 150 4126 565 4181">
     <span class='ocr_line' id='line_1_79' title="bbox 150 4126 565 4181; baseline -0.005 -1"><span class='ocrx_word' id='word_1_521' title='bbox 150 4126 269 4180; x_wconf 59' lang='lat' dir='ltr'><strong>Vita</strong></span> <span class='ocrx_word' id='word_1_522' title='bbox 300 4128 565 4181; x_wconf 86' lang='lat' dir='ltr'><strong>Conradi.</strong></span> 
     </span>
    </p>
   </div>
   <div class='ocr_carea' id='block_1_80' title="bbox 220 4195 1727 4267">
    <p class='ocr_par' dir='ltr' id='par_1_80' title="bbox 220 4195 1727 4267">
     <span class='ocr_line' id='line_1_80' title="bbox 220 4195 1727 4267; baseline 0.002 -17"><span class='ocrx_word' id='word_1_523' title='bbox 220 4199 332 4266; x_wconf 70' lang='lat'><strong>(70)</strong></span> <span class='ocrx_word' id='word_1_524' title='bbox 365 4195 466 4250; x_wconf 83' lang='lat' dir='ltr'><strong>Hic</strong></span> <span class='ocrx_word' id='word_1_525' title='bbox 493 4204 1049 4267; x_wconf 67' lang='lat' dir='ltr'><strong>tomusconscrvatus</strong></span> <span class='ocrx_word' id='word_1_526' title='bbox 1072 4196 1286 4251; x_wconf 86' lang='lat' dir='ltr'><strong>videtur</strong></span> <span class='ocrx_word' id='word_1_527' title='bbox 1314 4195 1368 4250; x_wconf 92' lang='lat' dir='ltr'><strong>in</strong></span> <span class='ocrx_word' id='word_1_528' title='bbox 1398 4196 1465 4251; x_wconf 91' lang='lat' dir='ltr'><strong>iis</strong></span> <span class='ocrx_word' id='word_1_529' title='bbox 1492 4212 1612 4267; x_wconf 76' lang='lat' dir='ltr'><strong>qua:</strong></span> <span class='ocrx_word' id='word_1_530' title='bbox 1635 4197 1727 4254; x_wconf 88' lang='lat' dir='ltr'><strong>hic</strong></span> 
     </span>
    </p>
   </div>
   <div class='ocr_carea' id='block_1_81' title="bbox 151 4266 1726 4338">
    <p class='ocr_par' dir='ltr' id='par_1_81' title="bbox 151 4266 1726 4338">
     <span class='ocr_line' id='line_1_81' title="bbox 151 4266 1726 4338; baseline 0.001 -17"><span class='ocrx_word' id='word_1_531' title='bbox 151 4268 468 4338; x_wconf 72' lang='lat' dir='ltr'><strong>subiicimus</strong></span> <span class='ocrx_word' id='word_1_532' title='bbox 496 4281 560 4320; x_wconf 80' lang='lat' dir='ltr'><strong>ex</strong></span> <span class='ocrx_word' id='word_1_533' title='bbox 593 4266 790 4338; x_wconf 43' lang='lat' dir='ltr'><strong>«‘Novo</strong></span> <span class='ocrx_word' id='word_1_534' title='bbox 820 4266 1047 4321; x_wconf 85' lang='lat' dir='ltr'><strong>Beroldo</strong></span> <span class='ocrx_word' id='word_1_535' title='bbox 1083 4288 1102 4321; x_wconf 77' lang='grc' dir='ltr'><strong><em>ι</em></strong></span> <span class='ocrx_word' id='word_1_536' title='bbox 1137 4281 1248 4338; x_wconf 75' lang='lat' dir='ltr'><strong>rev.</strong></span> <span class='ocrx_word' id='word_1_537' title='bbox 1280 4267 1495 4338; x_wconf 78' lang='lat' dir='ltr'><strong>capituli</strong></span> <span class='ocrx_word' id='word_1_538' title='bbox 1511 4266 1726 4323; x_wconf 34' lang='lat' dir='ltr'><strong>’metro-</strong></span> 
     </span>
    </p>
   </div>
   <div class='ocr_carea' id='block_1_82' title="bbox 153 4336 1720 4406">
    <p class='ocr_par' dir='ltr' id='par_1_82' title="bbox 153 4336 1720 4406">
     <span class='ocr_line' id='line_1_82' title="bbox 153 4336 1720 4406; baseline 0 -15"><span class='ocrx_word' id='word_1_539' title='bbox 153 4336 827 4406; x_wconf 69' lang='lat' dir='ltr'><strong>politaniMediolanensis,</strong></span> <span class='ocrx_word' id='word_1_540' title='bbox 858 4338 1000 4390; x_wconf 89' lang='lat' dir='ltr'><strong>intra</strong></span> <span class='ocrx_word' id='word_1_541' title='bbox 1031 4353 1079 4391; x_wconf 90' lang='lat' dir='ltr'><strong>a.</strong></span> <span class='ocrx_word' id='word_1_542' title='bbox 1111 4336 1441 4391; x_wconf 63' lang='lat'><strong>12634269.</strong></span> <span class='ocrx_word' id='word_1_543' title='bbox 1467 4346 1720 4404; x_wconf 71' lang='lat' dir='ltr'><strong>exarata;</strong></span> 
     </span>
    </p>
   </div>
   <div class='ocr_carea' id='block_1_83' title="bbox 153 4407 1720 4476">
    <p class='ocr_par' dir='ltr' id='par_1_83' title="bbox 153 4407 1720 4476">
     <span class='ocr_line' id='line_1_83' title="bbox 153 4407 1720 4476; baseline 0.001 -16"><span class='ocrx_word' id='word_1_544' title='bbox 153 4410 240 4460; x_wconf 69' lang='lat' dir='ltr'><strong>u.:i</strong></span> <span class='ocrx_word' id='word_1_545' title='bbox 271 4408 342 4462; x_wconf 92' lang='lat' dir='ltr'><strong>ita</strong></span> <span class='ocrx_word' id='word_1_546' title='bbox 374 4408 662 4476; x_wconf 72' lang='lat' dir='ltr'><strong>leguntur:</strong></span> <span class='ocrx_word' id='word_1_547' title='bbox 695 4424 713 4458; x_wconf 77' lang='lat' dir='ltr'><strong>t</strong></span> <span class='ocrx_word' id='word_1_548' title='bbox 743 4408 1197 4462; x_wconf 83' lang='lat' dir='ltr'><strong>Commemoratio</strong></span> <span class='ocrx_word' id='word_1_549' title='bbox 1235 4407 1482 4476; x_wconf 74' lang='lat' dir='ltr'><strong>superbit:</strong></span> <span class='ocrx_word' id='word_1_550' title='bbox 1508 4409 1720 4462; x_wconf 85' lang='lat' dir='ltr'><strong>Raven-</strong></span> 
     </span>
    </p>
   </div>
   <div class='ocr_carea' id='block_1_84' title="bbox 1832 4049 3406 4124">
    <p class='ocr_par' dir='ltr' id='par_1_84' title="bbox 1832 4049 3406 4124">
     <span class='ocr_line' id='line_1_84' title="bbox 1832 4049 3406 4124; baseline -0.003 -13"><span class='ocrx_word' id='word_1_551' title='bbox 1832 4055 2076 4112; x_wconf 84' lang='lat' dir='ltr'><strong>militatis</strong></span> <span class='ocrx_word' id='word_1_552' title='bbox 2118 4065 2174 4111; x_wconf 90' lang='lat' dir='ltr'><strong>et</strong></span> <span class='ocrx_word' id='word_1_553' title='bbox 2205 4054 2423 4124; x_wconf 77' lang='lat' dir='ltr'><strong>iusticie</strong></span> <span class='ocrx_word' id='word_1_554' title='bbox 2450 4060 2650 4122; x_wconf 87' lang='lat' dir='ltr'><strong>spreto,</strong></span> <span class='ocrx_word' id='word_1_555' title='bbox 2692 4049 2936 4124; x_wconf 57' lang='lat' dir='ltr'><strong>prelerre</strong></span> <span class='ocrx_word' id='word_1_556' title='bbox 2967 4066 3024 4124; x_wconf 80' lang='lat' dir='ltr'><strong>se</strong></span> <span class='ocrx_word' id='word_1_557' title='bbox 3061 4066 3406 4122; x_wconf 69' lang='lat' dir='ltr'><strong>premmeret</strong></span> 
     </span>
    </p>
   </div>
   <div class='ocr_carea' id='block_1_85' title="bbox 1830 4121 3407 4194">
    <p class='ocr_par' dir='ltr' id='par_1_85' title="bbox 1830 4121 3407 4194">
     <span class='ocr_line' id='line_1_85' title="bbox 1830 4121 3407 4194; baseline -0.004 -12"><span class='ocrx_word' id='word_1_558' title='bbox 1830 4121 2220 4182; x_wconf 83' lang='lat' dir='ltr'><strong>Mediolanensi</strong></span> <span class='ocrx_word' id='word_1_559' title='bbox 2301 4121 2726 4194; x_wconf 76' lang='lat' dir='ltr'><strong>archiepiscopo.</strong></span> <span class='ocrx_word' id='word_1_560' title='bbox 2784 4122 2866 4194; x_wconf 78' lang='lat' dir='ltr'><strong>Et</strong></span> <span class='ocrx_word' id='word_1_561' title='bbox 2915 4121 3073 4194; x_wconf 76' lang='lat' dir='ltr'><strong>quia</strong></span> <span class='ocrx_word' id='word_1_562' title='bbox 3109 4123 3407 4178; x_wconf 83' lang='lat' dir='ltr'><strong>insolenter</strong></span> 
     </span>
    </p>
   </div>
   <div class='ocr_carea' id='block_1_86' title="bbox 1829 4189 3402 4266">
    <p class='ocr_par' dir='ltr' id='par_1_86' title="bbox 1829 4189 3402 4266">
     <span class='ocr_line' id='line_1_86' title="bbox 1829 4189 3402 4266; baseline -0.004 -13"><span class='ocrx_word' id='word_1_563' title='bbox 1829 4199 2078 4266; x_wconf 81' lang='lat' dir='ltr'><strong>superior</strong></span> <span class='ocrx_word' id='word_1_564' title='bbox 2122 4196 2292 4252; x_wconf 90' lang='lat' dir='ltr'><strong>videri</strong></span> <span class='ocrx_word' id='word_1_565' title='bbox 2331 4189 2516 4266; x_wconf 77' lang='lat' dir='ltr'><strong>voluit,</strong></span> <span class='ocrx_word' id='word_1_566' title='bbox 2543 4189 2827 4266; x_wconf 59' lang='lat' dir='ltr'><strong>turpiten</strong></span> <span class='ocrx_word' id='word_1_567' title='bbox 2854 4189 3078 4266; x_wconf 80' lang='lat' dir='ltr'><strong>inferior</strong></span> <span class='ocrx_word' id='word_1_568' title='bbox 3132 4195 3402 4266; x_wconf 77' lang='lat' dir='ltr'><strong>apparuit.</strong></span> 
     </span>
    </p>
   </div>
   <div class='ocr_carea' id='block_1_87' title="bbox 1828 4262 3410 4333">
    <p class='ocr_par' dir='ltr' id='par_1_87' title="bbox 1828 4262 3410 4333">
     <span class='ocr_line' id='line_1_87' title="bbox 1828 4262 3410 4333; baseline -0.003 -10"><span class='ocrx_word' id='word_1_569' title='bbox 1828 4262 2090 4324; x_wconf 74' lang='lat' dir='ltr'><strong>Omnibus</strong></span> <span class='ocrx_word' id='word_1_570' title='bbox 2117 4283 2162 4322; x_wconf 90' lang='lat' dir='ltr'><strong>s.</strong></span> <span class='ocrx_word' id='word_1_571' title='bbox 2189 4267 2414 4322; x_wconf 90' lang='lat' dir='ltr'><strong>ecclesie</strong></span> <span class='ocrx_word' id='word_1_572' title='bbox 2436 4262 2680 4320; x_wconf 74' lang='lat' dir='ltr'><strong>ﬁdelibus</strong></span> <span class='ocrx_word' id='word_1_573' title='bbox 2720 4262 3058 4319; x_wconf 63' lang='lat' dir='ltr'><strong>norissimum</strong></span> <span class='ocrx_word' id='word_1_574' title='bbox 3114 4262 3218 4327; x_wconf 78' lang='lat' dir='ltr'><strong>est,</strong></span> <span class='ocrx_word' id='word_1_575' title='bbox 3264 4265 3410 4333; x_wconf 87' lang='lat' dir='ltr'><strong>quod</strong></span> 
     </span>
    </p>
   </div>
   <div class='ocr_carea' id='block_1_88' title="bbox 1827 4333 3404 4408">
    <p class='ocr_par' dir='ltr' id='par_1_88' title="bbox 1827 4333 3404 4408">
     <span class='ocr_line' id='line_1_88' title="bbox 1827 4333 3404 4408; baseline -0.003 -15"><span class='ocrx_word' id='word_1_576' title='bbox 1827 4339 2199 4394; x_wconf 85' lang='lat' dir='ltr'><strong>Ambroisiana</strong></span> <span class='ocrx_word' id='word_1_577' title='bbox 2224 4337 2379 4393; x_wconf 89' lang='lat' dir='ltr'><strong>sedes</strong></span> <span class='ocrx_word' id='word_1_578' title='bbox 2399 4345 2523 4408; x_wconf 84' lang='lat' dir='ltr'><strong>post</strong></span> <span class='ocrx_word' id='word_1_579' title='bbox 2534 4334 2880 4408; x_wconf 68' lang='lat' dir='ltr'><strong>apostolicam</strong></span> <span class='ocrx_word' id='word_1_580' title='bbox 2905 4333 3193 4408; x_wconf 73' lang='lat' dir='ltr'><strong>primaLum</strong></span> <span class='ocrx_word' id='word_1_581' title='bbox 3213 4336 3404 4408; x_wconf 74' lang='lat' dir='ltr'><strong>tenuit.</strong></span> 
     </span>
    </p>
   </div>
   <div class='ocr_carea' id='block_1_89' title="bbox 1830 4404 3408 4473">
    <p class='ocr_par' dir='ltr' id='par_1_89' title="bbox 1830 4404 3408 4473">
     <span class='ocr_line' id='line_1_89' title="bbox 1830 4404 3408 4473; baseline -0.002 -10"><span class='ocrx_word' id='word_1_582' title='bbox 1830 4420 1972 4464; x_wconf 88' lang='lat' dir='ltr'><strong>tenet</strong></span> <span class='ocrx_word' id='word_1_583' title='bbox 2003 4421 2056 4462; x_wconf 90' lang='lat' dir='ltr'><strong>et</strong></span> <span class='ocrx_word' id='word_1_584' title='bbox 2087 4409 2310 4473; x_wconf 89' lang='lat' dir='ltr'><strong>tenebit,</strong></span> <span class='ocrx_word' id='word_1_585' title='bbox 2343 4404 2468 4462; x_wconf 52' lang='lat' dir='ltr'><strong>et&#39;s.</strong></span> <span class='ocrx_word' id='word_1_586' title='bbox 2499 4404 2772 4462; x_wconf 68' lang='lat' dir='ltr'><strong>Ainbrosii</strong></span> <span class='ocrx_word' id='word_1_587' title='bbox 2799 4404 3036 4457; x_wconf 84' lang='lat' dir='ltr'><strong>vicarius</strong></span> <span class='ocrx_word' id='word_1_588' title='bbox 3062 4406 3113 4458; x_wconf 91' lang='lat' dir='ltr'><strong>in</strong></span> <span class='ocrx_word' id='word_1_589' title='bbox 3153 4405 3408 4460; x_wconf 89' lang='lat' dir='ltr'><strong>omnibus</strong></span> 
     </span>
    </p>
   </div>
   <div class='ocr_carea' id='block_1_90' title="bbox 153 4471 3411 4550">
    <p class='ocr_par' dir='ltr' id='par_1_90' title="bbox 153 4471 3411 4550">
     <span class='ocr_line' id='line_1_90' title="bbox 153 4471 3411 4550; baseline -0.001 -20"><span class='ocrx_word' id='word_1_590' title='bbox 153 4480 290 4532; x_wconf 88' lang='lat' dir='ltr'><strong>natis</strong></span> <span class='ocrx_word' id='word_1_591' title='bbox 319 4471 730 4546; x_wconf 76' lang='lat' dir='ltr'><strong>archiepiscopi,</strong></span> <span class='ocrx_word' id='word_1_592' title='bbox 763 4480 1031 4550; x_wconf 82' lang='lat' dir='ltr'><strong>quomodo</strong></span> <span class='ocrx_word' id='word_1_593' title='bbox 1054 4495 1110 4533; x_wconf 91' lang='lat' dir='ltr'><strong>se</strong></span> <span class='ocrx_word' id='word_1_594' title='bbox 1135 4471 1517 4550; x_wconf 60' lang='lat' dir='ltr'><strong>Medio&#39;lauensi</strong></span> <span class='ocrx_word' id='word_1_595' title='bbox 1545 4480 1723 4533; x_wconf 86' lang='lat' dir='ltr'><strong>archi-</strong></span> <span class='ocrx_word' id='word_1_596' title='bbox 1752 4471 1804 4531; x_wconf 85' lang='lat' dir='ltr'><strong>D</strong></span> <span class='ocrx_word' id='word_1_597' title='bbox 1830 4481 2060 4550; x_wconf 84' lang='lat' dir='ltr'><strong>negotiis</strong></span> <span class='ocrx_word' id='word_1_598' title='bbox 2089 4480 2156 4534; x_wconf 89' lang='lat' dir='ltr'><strong>ab</strong></span> <span class='ocrx_word' id='word_1_599' title='bbox 2193 4471 2487 4550; x_wconf 66' lang='lat' dir='ltr'><strong>apostolico</strong></span> <span class='ocrx_word' id='word_1_600' title='bbox 2513 4486 2594 4532; x_wconf 89' lang='lat' dir='ltr'><strong>est</strong></span> <span class='ocrx_word' id='word_1_601' title='bbox 2619 4475 2905 4550; x_wconf 77' lang='lat' dir='ltr'><strong>secundus.</strong></span> <span class='ocrx_word' id='word_1_602' title='bbox 2936 4473 3019 4550; x_wconf 78' lang='lat' dir='ltr'><strong>Et_</strong></span> <span class='ocrx_word' id='word_1_603' title='bbox 3034 4476 3411 4550; x_wconf 57' lang='lat' dir='ltr'><strong>vere_quia_si.</strong></span> 
     </span>
    </p>
   </div>
   <div class='ocr_carea' id='block_1_91' title="bbox 152 4547 1728 4620">
    <p class='ocr_par' dir='ltr' id='par_1_91' title="bbox 152 4547 1728 4620">
     <span class='ocr_line' id='line_1_91' title="bbox 152 4547 1728 4620; baseline 0.003 -20"><span class='ocrx_word' id='word_1_604' title='bbox 152 4551 405 4617; x_wconf 76' lang='lat' dir='ltr'><strong>episeopo</strong></span> <span class='ocrx_word' id='word_1_605' title='bbox 434 4550 605 4603; x_wconf 84' lang='lat' dir='ltr'><strong>Rome</strong></span> <span class='ocrx_word' id='word_1_606' title='bbox 631 4554 859 4620; x_wconf 86' lang='lat' dir='ltr'><strong>superbe</strong></span> <span class='ocrx_word' id='word_1_607' title='bbox 881 4547 1122 4620; x_wconf 81' lang='lat' dir='ltr'><strong>proferre</strong></span> <span class='ocrx_word' id='word_1_608' title='bbox 1149 4548 1498 4620; x_wconf 74' lang='lat' dir='ltr'><strong>presumpsit,</strong></span> <span class='ocrx_word' id='word_1_609' title='bbox 1523 4558 1577 4620; x_wconf 87' lang='lat' dir='ltr'><strong>et</strong></span> <span class='ocrx_word' id='word_1_610' title='bbox 1596 4565 1728 4620; x_wconf 86' lang='lat' dir='ltr'><strong>qua-</strong></span> 
     </span>
    </p>
   </div>
   <div class='ocr_carea' id='block_1_92' title="bbox 155 4618 1727 4688">
    <p class='ocr_par' dir='ltr' id='par_1_92' title="bbox 155 4618 1727 4688">
     <span class='ocr_line' id='line_1_92' title="bbox 155 4618 1727 4688; baseline 0.001 -16"><span class='ocrx_word' id='word_1_611' title='bbox 155 4620 275 4672; x_wconf 73' lang='lat' dir='ltr'><strong>liter</strong></span> <span class='ocrx_word' id='word_1_612' title='bbox 295 4620 418 4673; x_wconf 87' lang='lat' dir='ltr'><strong>inde</strong></span> <span class='ocrx_word' id='word_1_613' title='bbox 449 4623 624 4672; x_wconf 74' lang='lat' dir='ltr'><strong>victus</strong></span> <span class='ocrx_word' id='word_1_614' title='bbox 653 4618 939 4672; x_wconf 87' lang='lat' dir='ltr'><strong>subcubuit</strong></span> <span class='ocrx_word' id='word_1_615' title='bbox 969 4628 1023 4673; x_wconf 88' lang='lat' dir='ltr'><strong>et</strong></span> <span class='ocrx_word' id='word_1_616' title='bbox 1056 4619 1311 4674; x_wconf 70' lang='lat' dir='ltr'><strong>contrusus</strong></span> <span class='ocrx_word' id='word_1_617' title='bbox 1342 4619 1486 4679; x_wconf 71' lang='lat' dir='ltr'><strong>abiit,</strong></span> <span class='ocrx_word' id='word_1_618' title='bbox 1517 4619 1583 4673; x_wconf 92' lang='lat' dir='ltr'><strong>ad</strong></span> <span class='ocrx_word' id='word_1_619' title='bbox 1612 4618 1727 4688; x_wconf 62' lang='lat' dir='ltr'><strong>glo-</strong></span> 
     </span>
    </p>
   </div>
   <div class='ocr_carea' id='block_1_93' title="bbox 155 4689 1728 4756">
    <p class='ocr_par' dir='ltr' id='par_1_93' title="bbox 155 4689 1728 4756">
     <span class='ocr_line' id='line_1_93' title="bbox 155 4689 1728 4756; baseline 0.001 -12"><span class='ocrx_word' id='word_1_620' title='bbox 155 4691 288 4744; x_wconf 90' lang='lat' dir='ltr'><strong>riam</strong></span> <span class='ocrx_word' id='word_1_621' title='bbox 310 4701 363 4744; x_wconf 91' lang='lat' dir='ltr'><strong>et</strong></span> <span class='ocrx_word' id='word_1_622' title='bbox 387 4690 602 4742; x_wconf 86' lang='lat' dir='ltr'><strong>laudem</strong></span> <span class='ocrx_word' id='word_1_623' title='bbox 635 4689 747 4744; x_wconf 91' lang='lat' dir='ltr'><strong>Dei.</strong></span> <span class='ocrx_word' id='word_1_624' title='bbox 777 4690 1038 4756; x_wconf 77' lang='lat' dir='ltr'><strong>superbos</strong></span> <span class='ocrx_word' id='word_1_625' title='bbox 1068 4690 1397 4742; x_wconf 86' lang='lat' dir='ltr'><strong>humiliantis</strong></span> <span class='ocrx_word' id='word_1_626' title='bbox 1419 4699 1469 4742; x_wconf 88' lang='lat' dir='ltr'><strong>et</strong></span> <span class='ocrx_word' id='word_1_627' title='bbox 1496 4691 1728 4746; x_wconf 82' lang='lat' dir='ltr'><strong>humiles</strong></span> 
     </span>
    </p>
   </div>
   <div class='ocr_carea' id='block_1_94' title="bbox 152 4758 1728 4830">
    <p class='ocr_par' dir='ltr' id='par_1_94' title="bbox 152 4758 1728 4830">
     <span class='ocr_line' id='line_1_94' title="bbox 152 4758 1728 4830; baseline 0.001 -17"><span class='ocrx_word' id='word_1_628' title='bbox 152 4762 464 4824; x_wconf 71' lang='lat' dir='ltr'><strong>exultantis,</strong></span> <span class='ocrx_word' id='word_1_629' title='bbox 501 4781 518 4810; x_wconf 76' lang='grc' dir='ltr'>ι</span> <span class='ocrx_word' id='word_1_630' title='bbox 561 4763 717 4812; x_wconf 83' lang='lat' dir='ltr'><strong>Anno</strong></span> <span class='ocrx_word' id='word_1_631' title='bbox 761 4758 891 4812; x_wconf 76' lang='lat' dir='ltr'><strong>l0‘27</strong></span> <span class='ocrx_word' id='word_1_632' title='bbox 931 4768 1050 4828; x_wconf 87' lang='lat' dir='ltr'><strong>post</strong></span> <span class='ocrx_word' id='word_1_633' title='bbox 1103 4761 1359 4830; x_wconf 73' lang='lat' dir='ltr'><strong>divinitus</strong></span> <span class='ocrx_word' id='word_1_634' title='bbox 1397 4771 1728 4830; x_wconf 84' lang='lat' dir='ltr'><strong>assumptam</strong></span> 
     </span>
    </p>
   </div>
   <div class='ocr_carea' id='block_1_95' title="bbox 156 4829 1728 4900">
    <p class='ocr_par' dir='ltr' id='par_1_95' title="bbox 156 4829 1728 4900">
     <span class='ocr_line' id='line_1_95' title="bbox 156 4829 1728 4900; baseline 0.003 -17"><span class='ocrx_word' id='word_1_635' title='bbox 156 4833 567 4892; x_wconf 75' lang='lat' dir='ltr'><strong>mortalitatem,</strong></span> <span class='ocrx_word' id='word_1_636' title='bbox 600 4832 651 4884; x_wconf 90' lang='lat' dir='ltr'><strong>in</strong></span> <span class='ocrx_word' id='word_1_637' title='bbox 682 4831 842 4884; x_wconf 89' lang='lat' dir='ltr'><strong>tertio</strong></span> <span class='ocrx_word' id='word_1_638' title='bbox 870 4845 1012 4882; x_wconf 83' lang='lat' dir='ltr'><strong>anno</strong></span> <span class='ocrx_word' id='word_1_639' title='bbox 1059 4831 1220 4883; x_wconf 83' lang='lat' dir='ltr'><strong>donni</strong></span> <span class='ocrx_word' id='word_1_640' title='bbox 1279 4829 1542 4883; x_wconf 85' lang='lat' dir='ltr'><strong>Johannis</strong></span> <span class='ocrx_word' id='word_1_641' title='bbox 1583 4829 1728 4900; x_wconf 32' lang='lat' dir='ltr'><strong>’pape</strong></span> 
     </span>
    </p>
   </div>
   <div class='ocr_carea' id='block_1_96' title="bbox 157 4900 1728 4967">
    <p class='ocr_par' dir='ltr' id='par_1_96' title="bbox 157 4900 1728 4967">
     <span class='ocr_line' id='line_1_96' title="bbox 157 4900 1728 4967; baseline 0.003 -15"><span class='ocrx_word' id='word_1_642' title='bbox 157 4903 500 4965; x_wconf 77' lang='lat' dir='ltr'><strong>universalis,</strong></span> <span class='ocrx_word' id='word_1_643' title='bbox 525 4902 699 4954; x_wconf 77' lang='lat' dir='ltr'><strong>factus</strong></span> <span class='ocrx_word' id='word_1_644' title='bbox 720 4909 802 4954; x_wconf 89' lang='lat' dir='ltr'><strong>est</strong></span> <span class='ocrx_word' id='word_1_645' title='bbox 819 4902 1010 4967; x_wconf 79' lang='lat' dir='ltr'><strong>ingens</strong></span> <span class='ocrx_word' id='word_1_646' title='bbox 1026 4911 1326 4954; x_wconf 89' lang='lat' dir='ltr'><strong>conventus</strong></span> <span class='ocrx_word' id='word_1_647' title='bbox 1358 4900 1525 4955; x_wconf 87' lang='lat' dir='ltr'><strong>Rome</strong></span> <span class='ocrx_word' id='word_1_648' title='bbox 1551 4902 1728 4957; x_wconf 82' lang='lat' dir='ltr'><strong>diver-</strong></span> 
     </span>
    </p>
   </div>
   <div class='ocr_carea' id='block_1_97' title="bbox 156 4971 1725 5042">
    <p class='ocr_par' dir='ltr' id='par_1_97' title="bbox 156 4971 1725 5042">
     <span class='ocr_line' id='line_1_97' title="bbox 156 4971 1725 5042; baseline 0.004 -20"><span class='ocrx_word' id='word_1_649' title='bbox 156 4988 330 5025; x_wconf 84' lang='lat' dir='ltr'><strong>sarum</strong></span> <span class='ocrx_word' id='word_1_650' title='bbox 371 4974 618 5040; x_wconf 74' lang='lat' dir='ltr'><strong>gentium</strong></span> <span class='ocrx_word' id='word_1_651' title='bbox 644 4971 998 5042; x_wconf 83' lang='lat' dir='ltr'><strong>plurimorum</strong></span> <span class='ocrx_word' id='word_1_652' title='bbox 1045 4973 1415 5040; x_wconf 82' lang='lat' dir='ltr'><strong>episcoporum</strong></span> <span class='ocrx_word' id='word_1_653' title='bbox 1458 4987 1521 5025; x_wconf 90' lang='lat' dir='ltr'><strong>ae</strong></span> <span class='ocrx_word' id='word_1_654' title='bbox 1571 4989 1725 5028; x_wconf 88' lang='lat' dir='ltr'><strong>secu-</strong></span> 
     </span>
    </p>
   </div>
   <div class='ocr_carea' id='block_1_98' title="bbox 156 5041 1723 5129">
    <p class='ocr_par' dir='ltr' id='par_1_98' title="bbox 156 5041 1723 5129">
     <span class='ocr_line' id='line_1_98' title="bbox 156 5041 1723 5129; baseline 0.003 -36"><span class='ocrx_word' id='word_1_655' title='bbox 156 5041 701 5129; x_wconf 46' lang='lat' dir='ltr'><strong>lar&#39;iumprincipum,</strong></span> <span class='ocrx_word' id='word_1_656' title='bbox 733 5041 1303 5129; x_wconf 58' lang='lat' dir='ltr'><strong>clericornm&#39;qnoque</strong></span> <span class='ocrx_word' id='word_1_657' title='bbox 1335 5050 1389 5121; x_wconf 74' lang='lat' dir='ltr'><strong>et</strong></span> <span class='ocrx_word' id='word_1_658' title='bbox 1439 5043 1723 5129; x_wconf 58' lang='lat' dir='ltr'><strong>laicus-unt,</strong></span> 
     </span>
    </p>
   </div>
   <div class='ocr_carea' id='block_1_99' title="bbox 156 5111 1723 5186">
    <p class='ocr_par' dir='ltr' id='par_1_99' title="bbox 156 5111 1723 5186">
     <span class='ocr_line' id='line_1_99' title="bbox 156 5111 1723 5186; baseline 0.003 -23"><span class='ocrx_word' id='word_1_659' title='bbox 156 5114 321 5179; x_wconf 66' lang='lat' dir='ltr'><strong>ltaiie,</strong></span> <span class='ocrx_word' id='word_1_660' title='bbox 350 5111 532 5186; x_wconf 77' lang='lat' dir='ltr'><strong>Gatlie</strong></span> <span class='ocrx_word' id='word_1_661' title='bbox 559 5111 1024 5186; x_wconf 79' lang='lat' dir='ltr'><strong>etGerm_an_ie,_7.</strong></span> <span class='ocrx_word' id='word_1_662' title='bbox 1063 5111 1178 5186; x_wconf 77' lang='lat' dir='ltr'><strong>Kal.</strong></span> <span class='ocrx_word' id='word_1_663' title='bbox 1215 5111 1389 5186; x_wconf 74' lang='lat' dir='ltr'><strong>Martii</strong></span> <span class='ocrx_word' id='word_1_664' title='bbox 1439 5113 1497 5180; x_wconf 80' lang='grc' dir='ltr'><strong>(ι.</strong></span> <span class='ocrx_word' id='word_1_665' title='bbox 1545 5115 1723 5186; x_wconf 80' lang='lat' dir='ltr'><strong>Apr.),</strong></span> 
     </span>
    </p>
   </div>
   <div class='ocr_carea' id='block_1_100' title="bbox 160 5181 1728 5250">
    <p class='ocr_par' dir='ltr' id='par_1_100' title="bbox 160 5181 1728 5250">
     <span class='ocr_line' id='line_1_100' title="bbox 160 5181 1728 5250; baseline 0.003 -16"><span class='ocrx_word' id='word_1_666' title='bbox 160 5185 207 5236; x_wconf 88' lang='lat' dir='ltr'><strong>in</strong></span> <span class='ocrx_word' id='word_1_667' title='bbox 238 5197 428 5238; x_wconf 83' lang='lat' dir='ltr'><strong>saneto</strong></span> <span class='ocrx_word' id='word_1_668' title='bbox 453 5184 544 5235; x_wconf 85' lang='lat' dir='ltr'><strong>die</strong></span> <span class='ocrx_word' id='word_1_669' title='bbox 569 5198 744 5250; x_wconf 67' lang='lat' dir='ltr'><strong>pasce.</strong></span> <span class='ocrx_word' id='word_1_670' title='bbox 785 5181 1080 5235; x_wconf 72' lang='lat' dir='ltr'><strong>indictione</strong></span> <span class='ocrx_word' id='word_1_671' title='bbox 1109 5185 1228 5238; x_wconf 64' lang='grc'><strong>10³.</strong></span> <span class='ocrx_word' id='word_1_672' title='bbox 1256 5185 1388 5238; x_wconf 76' lang='lat' dir='ltr'><strong>Cum</strong></span> <span class='ocrx_word' id='word_1_673' title='bbox 1413 5199 1508 5236; x_wconf 84' lang='lat' dir='ltr'><strong>rex</strong></span> <span class='ocrx_word' id='word_1_674' title='bbox 1547 5181 1728 5238; x_wconf 76' lang='lat' dir='ltr'><strong>Chun-</strong></span> 
     </span>
    </p>
   </div>
   <div class='ocr_carea' id='block_1_101' title="bbox 160 5253 1726 5334">
    <p class='ocr_par' dir='ltr' id='par_1_101' title="bbox 160 5253 1726 5334">
     <span class='ocr_line' id='line_1_101' title="bbox 160 5253 1726 5334; baseline 0.002 -28"><span class='ocrx_word' id='word_1_675' title='bbox 160 5257 313 5333; x_wconf 67' lang='lat' dir='ltr'><strong>radus</strong></span> <span class='ocrx_word' id='word_1_676' title='bbox 341 5270 493 5308; x_wconf 90' lang='lat' dir='ltr'><strong>anno</strong></span> <span class='ocrx_word' id='word_1_677' title='bbox 531 5255 670 5334; x_wconf 76' lang='lat' dir='ltr'><strong>regni</strong></span> <span class='ocrx_word' id='word_1_678' title='bbox 698 5255 814 5322; x_wconf 81' lang='lat' dir='ltr'><strong>ejus</strong></span> <span class='ocrx_word' id='word_1_679' title='bbox 839 5253 906 5304; x_wconf 70' lang='lat'><strong>5°</strong></span> <span class='ocrx_word' id='word_1_680' title='bbox 951 5253 1016 5334; x_wconf 63' lang='lat' dir='ltr'><strong>ad</strong></span> <span class='ocrx_word' id='word_1_681' title='bbox 1047 5255 1254 5308; x_wconf 78' lang='lat' dir='ltr'><strong>culmen</strong></span> <span class='ocrx_word' id='word_1_682' title='bbox 1291 5255 1500 5333; x_wconf 76' lang='lat' dir='ltr'><strong>imperii</strong></span> <span class='ocrx_word' id='word_1_683' title='bbox 1539 5255 1590 5308; x_wconf 81' lang='lat' dir='ltr'><strong>in</strong></span> <span class='ocrx_word' id='word_1_684' title='bbox 1634 5258 1726 5309; x_wconf 84' lang='lat' dir='ltr'><strong>ha-</strong></span> 
     </span>
    </p>
   </div>
   <div class='ocr_carea' id='block_1_102' title="bbox 1830 4545 3409 4618">
    <p class='ocr_par' dir='ltr' id='par_1_102' title="bbox 1830 4545 3409 4618">
     <span class='ocr_line' id='line_1_102' title="bbox 1830 4545 3409 4618; baseline -0.006 -13"><span class='ocrx_word' id='word_1_685' title='bbox 1830 4545 1929 4605; x_wconf 69' lang='lat' dir='ltr'><strong>cnt</strong></span> <span class='ocrx_word' id='word_1_686' title='bbox 1963 4551 2157 4604; x_wconf 88' lang='lat' dir='ltr'><strong>Petrus</strong></span> <span class='ocrx_word' id='word_1_687' title='bbox 2186 4545 2361 4618; x_wconf 78' lang='lat' dir='ltr'><strong>primo</strong></span> <span class='ocrx_word' id='word_1_688' title='bbox 2385 4548 2610 4603; x_wconf 90' lang='lat' dir='ltr'><strong>Romam</strong></span> <span class='ocrx_word' id='word_1_689' title='bbox 2640 4546 2852 4609; x_wconf 88' lang='lat' dir='ltr'><strong>docuit,</strong></span> <span class='ocrx_word' id='word_1_690' title='bbox 2885 4545 3265 4618; x_wconf 85' lang='lat' dir='ltr'><strong>ita_Barnabas</strong></span> <span class='ocrx_word' id='word_1_691' title='bbox 3291 4545 3409 4618; x_wconf 71' lang='lat' dir='ltr'><strong>ejus</strong></span> 
     </span>
    </p>
   </div>
   <div class='ocr_carea' id='block_1_103' title="bbox 1829 4615 3406 4690">
    <p class='ocr_par' dir='ltr' id='par_1_103' title="bbox 1829 4615 3406 4690">
     <span class='ocr_line' id='line_1_103' title="bbox 1829 4615 3406 4690; baseline -0.003 -15"><span class='ocrx_word' id='word_1_692' title='bbox 1829 4615 2521 4690; x_wconf 48' lang='lat' dir='ltr'><strong>coapostolus&#39;Mediolanii</strong></span> <span class='ocrx_word' id='word_1_693' title='bbox 2579 4619 2754 4690; x_wconf 76' lang='lat' dir='ltr'><strong>primo</strong></span> <span class='ocrx_word' id='word_1_694' title='bbox 2792 4615 3122 4690; x_wconf 76' lang='lat' dir='ltr'><strong>catholicam</strong></span> <span class='ocrx_word' id='word_1_695' title='bbox 3178 4617 3406 4670; x_wconf 86' lang='lat' dir='ltr'><strong>instituit</strong></span> 
     </span>
    </p>
   </div>
   <div class='ocr_carea' id='block_1_104' title="bbox 1831 4686 3408 4758">
    <p class='ocr_par' dir='ltr' id='par_1_104' title="bbox 1831 4686 3408 4758">
     <span class='ocr_line' id='line_1_104' title="bbox 1831 4686 3408 4758; baseline -0.004 -14"><span class='ocrx_word' id='word_1_696' title='bbox 1831 4686 2016 4754; x_wconf 72' lang='lat' dir='ltr'><strong>ﬁdem,</strong></span> <span class='ocrx_word' id='word_1_697' title='bbox 2037 4701 2090 4745; x_wconf 91' lang='lat' dir='ltr'><strong>et</strong></span> <span class='ocrx_word' id='word_1_698' title='bbox 2121 4690 2288 4745; x_wconf 88' lang='lat' dir='ltr'><strong>multo</strong></span> <span class='ocrx_word' id='word_1_699' title='bbox 2317 4696 2558 4758; x_wconf 88' lang='lat' dir='ltr'><strong>tempore</strong></span> <span class='ocrx_word' id='word_1_700' title='bbox 2587 4687 2656 4741; x_wconf 87' lang='lat' dir='ltr'><strong>ibi</strong></span> <span class='ocrx_word' id='word_1_701' title='bbox 2688 4686 2886 4758; x_wconf 79' lang='lat' dir='ltr'><strong>pretuit</strong></span> <span class='ocrx_word' id='word_1_702' title='bbox 2912 4695 3408 4758; x_wconf 67' lang='lat' dir='ltr'><strong>,etsuccessorean</strong></span> 
     </span>
    </p>
   </div>
   <div class='ocr_carea' id='block_1_105' title="bbox 1831 4755 3412 4828">
    <p class='ocr_par' dir='ltr' id='par_1_105' title="bbox 1831 4755 3412 4828">
     <span class='ocr_line' id='line_1_105' title="bbox 1831 4755 3412 4828; baseline -0.005 -12"><span class='ocrx_word' id='word_1_703' title='bbox 1831 4777 1988 4816; x_wconf 89' lang='lat' dir='ltr'><strong>suum</strong></span> <span class='ocrx_word' id='word_1_704' title='bbox 2031 4777 2196 4815; x_wconf 91' lang='lat' dir='ltr'><strong>unum</strong></span> <span class='ocrx_word' id='word_1_705' title='bbox 2235 4769 2289 4814; x_wconf 90' lang='lat' dir='ltr'><strong>et</strong></span> <span class='ocrx_word' id='word_1_706' title='bbox 2333 4755 2568 4828; x_wconf 70' lang='lat' dir='ltr'><strong>priorem</strong></span> <span class='ocrx_word' id='word_1_707' title='bbox 2601 4772 2667 4811; x_wconf 80' lang='lat' dir='ltr'><strong>ex</strong></span> <span class='ocrx_word' id='word_1_708' title='bbox 2690 4755 2986 4828; x_wconf 60' lang='lat' dir='ltr'><strong>discipulis</strong></span> <span class='ocrx_word' id='word_1_709' title='bbox 3018 4756 3228 4828; x_wconf 86' lang='lat' dir='ltr'><strong>Domini</strong></span> <span class='ocrx_word' id='word_1_710' title='bbox 3265 4757 3412 4828; x_wconf 79' lang='lat' dir='ltr'><strong>Ana-</strong></span> 
     </span>
    </p>
   </div>
   <div class='ocr_carea' id='block_1_106' title="bbox 1833 4824 3409 4896">
    <p class='ocr_par' dir='ltr' id='par_1_106' title="bbox 1833 4824 3409 4896">
     <span class='ocr_line' id='line_1_106' title="bbox 1833 4824 3409 4896; baseline -0.005 -12"><span class='ocrx_word' id='word_1_711' title='bbox 1833 4832 2066 4886; x_wconf 86' lang='lat' dir='ltr'><strong>telonem</strong></span> <span class='ocrx_word' id='word_1_712' title='bbox 2113 4824 2408 4884; x_wconf 77' lang='lat' dir='ltr'><strong>ordinavit.</strong></span> <span class='ocrx_word' id='word_1_713' title='bbox 2446 4826 2556 4880; x_wconf 86' lang='lat' dir='ltr'><strong>lluc</strong></span> <span class='ocrx_word' id='word_1_714' title='bbox 2601 4825 2899 4896; x_wconf 71' lang='lat' dir='ltr'><strong>apostolico</strong></span> <span class='ocrx_word' id='word_1_715' title='bbox 2936 4824 3080 4891; x_wconf 89' lang='lat' dir='ltr'><strong>jure,</strong></span> <span class='ocrx_word' id='word_1_716' title='bbox 3122 4826 3263 4880; x_wconf 88' lang='lat' dir='ltr'><strong>sicut</strong></span> <span class='ocrx_word' id='word_1_717' title='bbox 3306 4826 3409 4878; x_wconf 85' lang='lat' dir='ltr'><strong>Rn-</strong></span> 
     </span>
    </p>
   </div>
   <div class='ocr_carea' id='block_1_107' title="bbox 1831 4893 3413 4966">
    <p class='ocr_par' dir='ltr' id='par_1_107' title="bbox 1831 4893 3413 4966">
     <span class='ocr_line' id='line_1_107' title="bbox 1831 4893 3413 4966; baseline -0.006 -11"><span class='ocrx_word' id='word_1_718' title='bbox 1831 4918 1988 4955; x_wconf 77' lang='lat' dir='ltr'><strong>mana</strong></span> <span class='ocrx_word' id='word_1_719' title='bbox 2012 4901 2166 4954; x_wconf 79' lang='lat' dir='ltr'><strong>sedes</strong></span> <span class='ocrx_word' id='word_1_720' title='bbox 2192 4909 2272 4953; x_wconf 78' lang='lat' dir='ltr'><strong>est</strong></span> <span class='ocrx_word' id='word_1_721' title='bbox 2298 4899 2492 4966; x_wconf 89' lang='lat' dir='ltr'><strong>prima.</strong></span> <span class='ocrx_word' id='word_1_722' title='bbox 2518 4897 2590 4966; x_wconf 87' lang='lat' dir='ltr'><strong>ita</strong></span> <span class='ocrx_word' id='word_1_723' title='bbox 2623 4893 2676 4950; x_wconf 82' lang='lat' dir='ltr'><strong>et</strong></span> <span class='ocrx_word' id='word_1_724' title='bbox 2703 4893 3114 4966; x_wconf 75' lang='lat' dir='ltr'><strong>Mediolanensis</strong></span> <span class='ocrx_word' id='word_1_725' title='bbox 3143 4896 3413 4949; x_wconf 71' lang='lat' dir='ltr'><strong>censenda</strong></span> 
     </span>
    </p>
   </div>
   <div class='ocr_carea' id='block_1_108' title="bbox 1829 4963 3416 5034">
    <p class='ocr_par' dir='ltr' id='par_1_108' title="bbox 1829 4963 3416 5034">
     <span class='ocr_line' id='line_1_108' title="bbox 1829 4963 3416 5034; baseline -0.007 -8"><span class='ocrx_word' id='word_1_726' title='bbox 1829 4983 1912 5026; x_wconf 84' lang='lat' dir='ltr'><strong>est</strong></span> <span class='ocrx_word' id='word_1_727' title='bbox 1943 4970 2200 5026; x_wconf 80' lang='lat' dir='ltr'><strong>scottnda.</strong></span> <span class='ocrx_word' id='word_1_728' title='bbox 2252 4963 2346 5022; x_wconf 77' lang='lat' dir='ltr'><strong>Sét</strong></span> <span class='ocrx_word' id='word_1_729' title='bbox 2388 4980 2445 5022; x_wconf 93' lang='lat' dir='ltr'><strong>ut</strong></span> <span class='ocrx_word' id='word_1_730' title='bbox 2482 4965 2545 5018; x_wconf 87' lang='lat' dir='ltr'><strong>ad</strong></span> <span class='ocrx_word' id='word_1_731' title='bbox 2585 4965 2792 5034; x_wconf 86' lang='lat' dir='ltr'><strong>antiqui</strong></span> <span class='ocrx_word' id='word_1_732' title='bbox 2835 4963 3006 5034; x_wconf 80' lang='lat' dir='ltr'><strong>hostis</strong></span> <span class='ocrx_word' id='word_1_733' title='bbox 3041 4966 3301 5034; x_wconf 80' lang='lat' dir='ltr'><strong>sationem</strong></span> <span class='ocrx_word' id='word_1_734' title='bbox 3333 4979 3416 5016; x_wconf 88' lang='lat' dir='ltr'><strong>re-</strong></span> 
     </span>
    </p>
   </div>
   <div class='ocr_carea' id='block_1_109' title="bbox 1830 5033 3415 5106">
    <p class='ocr_par' dir='ltr' id='par_1_109' title="bbox 1830 5033 3415 5106">
     <span class='ocr_line' id='line_1_109' title="bbox 1830 5033 3415 5106; baseline -0.008 -11"><span class='ocrx_word' id='word_1_735' title='bbox 1830 5043 2072 5104; x_wconf 83' lang='lat' dir='ltr'><strong>deamus,</strong></span> <span class='ocrx_word' id='word_1_736' title='bbox 2105 5038 2445 5106; x_wconf 69' lang='lat' dir='ltr'><strong>Supra-dictus</strong></span> <span class='ocrx_word' id='word_1_737' title='bbox 2478 5033 2769 5106; x_wconf 83' lang='lat' dir='ltr'><strong>Ravennas</strong></span> <span class='ocrx_word' id='word_1_738' title='bbox 2808 5033 2874 5106; x_wconf 72' lang='lat' dir='ltr'><strong>ab</strong></span> <span class='ocrx_word' id='word_1_739' title='bbox 2905 5035 3092 5088; x_wconf 69' lang='lat' dir='ltr'><strong>eodem</strong></span> <span class='ocrx_word' id='word_1_740' title='bbox 3131 5033 3415 5106; x_wconf 56' lang='lat' dir='ltr'><strong>impplsua.</strong></span> 
     </span>
    </p>
   </div>
   <div class='ocr_carea' id='block_1_110' title="bbox 1830 5101 3412 5178">
    <p class='ocr_par' dir='ltr' id='par_1_110' title="bbox 1830 5101 3412 5178">
     <span class='ocr_line' id='line_1_110' title="bbox 1830 5101 3412 5178; baseline -0.009 -12"><span class='ocrx_word' id='word_1_741' title='bbox 1830 5128 1952 5166; x_wconf 84' lang='lat' dir='ltr'><strong>eum</strong></span> <span class='ocrx_word' id='word_1_742' title='bbox 1981 5101 2075 5164; x_wconf 67' lang='lat' dir='ltr'><strong>rex</strong></span> <span class='ocrx_word' id='word_1_743' title='bbox 2113 5101 2436 5165; x_wconf 81' lang='lat' dir='ltr'><strong>Chunradus</strong></span> <span class='ocrx_word' id='word_1_744' title='bbox 2486 5107 2553 5159; x_wconf 88' lang='lat' dir='ltr'><strong>ad</strong></span> <span class='ocrx_word' id='word_1_745' title='bbox 2589 5101 2918 5178; x_wconf 47' lang='lat' dir='ltr'><strong>imperialem</strong></span> <span class='ocrx_word' id='word_1_746' title='bbox 2949 5103 3412 5178; x_wconf 76' lang='lat' dir='ltr'><strong>consecrationem</strong></span> 
     </span>
    </p>
   </div>
   <div class='ocr_carea' id='block_1_111' title="bbox 1831 5171 3416 5247">
    <p class='ocr_par' dir='ltr' id='par_1_111' title="bbox 1831 5171 3416 5247">
     <span class='ocr_line' id='line_1_111' title="bbox 1831 5171 3416 5247; baseline -0.01 -11"><span class='ocrx_word' id='word_1_747' title='bbox 1831 5191 1973 5236; x_wconf 72' lang='lat' dir='ltr'><strong>esset</strong></span> <span class='ocrx_word' id='word_1_748' title='bbox 2004 5179 2312 5242; x_wconf 84' lang='lat' dir='ltr'><strong>ducendus.</strong></span> <span class='ocrx_word' id='word_1_749' title='bbox 2356 5184 2557 5236; x_wconf 85' lang='lat' dir='ltr'><strong>domno</strong></span> <span class='ocrx_word' id='word_1_750' title='bbox 2586 5171 2884 5247; x_wconf 80' lang='lat' dir='ltr'><strong>apostolico</strong></span> <span class='ocrx_word' id='word_1_751' title='bbox 2911 5182 2967 5227; x_wconf 86' lang='lat' dir='ltr'><strong>et</strong></span> <span class='ocrx_word' id='word_1_752' title='bbox 2996 5171 3281 5247; x_wconf 40' lang='lat' dir='ltr'><strong>populo‘in</strong></span> <span class='ocrx_word' id='word_1_753' title='bbox 3309 5185 3416 5222; x_wconf 82' lang='lat' dir='ltr'><strong>me-</strong></span> 
     </span>
    </p>
   </div>
   <div class='ocr_carea' id='block_1_112' title="bbox 1832 5239 3414 5334">
    <p class='ocr_par' dir='ltr' id='par_1_112' title="bbox 1832 5239 3414 5334">
     <span class='ocr_line' id='line_1_112' title="bbox 1832 5239 3414 5334; baseline -0.012 -27"><span class='ocrx_word' id='word_1_754' title='bbox 1832 5254 1920 5307; x_wconf 88' lang='lat' dir='ltr'><strong>dio</strong></span> <span class='ocrx_word' id='word_1_755' title='bbox 1973 5251 2200 5332; x_wconf 77' lang='lat' dir='ltr'><strong>ecclesie</strong></span> <span class='ocrx_word' id='word_1_756' title='bbox 2253 5239 2702 5334; x_wconf 42' lang='lat' dir='ltr'><strong>espectatttefut</strong></span> <span class='ocrx_word' id='word_1_757' title='bbox 2749 5239 3336 5334; x_wconf 23' lang='lat' dir='ltr'><strong>meriso‘estinefario‘</strong></span> <span class='ocrx_word' id='word_1_758' title='bbox 3367 5246 3414 5290; x_wconf 74' lang='lat' dir='ltr'><strong>ci</strong></span> 
     </span>
    </p>
   </div>
   <div class='ocr_carea' id='block_1_113' title="bbox 3135 5307 3392 5334">
    <p class='ocr_par' dir='ltr' id='par_1_113' title="bbox 3135 5307 3392 5334">
     <span class='ocr_line' id='line_1_113' title="bbox 3135 5307 3392 5334; baseline 0 0"><span class='ocrx_word' id='word_1_759' title='bbox 3135 5307 3355 5334; x_wconf 61' lang='lat' dir='ltr'><strong>.Ann.~--‘J</strong></span> <span class='ocrx_word' id='word_1_760' title='bbox 3374 5325 3392 5333; x_wconf 66' lang='grc' dir='ltr'><strong>τι</strong></span> 
     </span>
    </p>
   </div>
  </div>
