3938 5380
514 367 624 423 303

1436 376 1442 383 σ
1546 369 1852 427 suum.“
1884 333 2440 431 MEDIOLANENSLS
2466 374 2736 440 CLEtuCI

3674 387 3770 446 501

509 489 564 537 et
594 479 674 537 rei
716 480 944 552 publica:
972 479 1149 552 palam
1194 478 1535 537 Heribertum
1581 484 1872 541 denunciat
1918 486 2099 542 iniuti-
2133 491 2179 551 Α
2205 487 2472 548 violenter
2530 493 2754 551 invadit.
2815 496 2970 553 Hunc
3024 497 3346 568 impugnans
3400 499 3631 559 viriliter
3673 504 3770 561 dux

509 590 657 629 cum.
706 573 876 645 igitur
921 573 1056 630 exiit
1100 574 1337 629 edictum
1393 589 1424 630 a
1475 591 1678 632 caesare
1725 587 1994 652 augusto,
2040 586 2102 636 ut
2201 581 2553 652 Goteiredus,
2582 590 2887 645 vehementi
2934 589 3076 645 facta
3123 593 3508 663 congressione
3559 594 3615 650 in
3660 611 3771 653 mo-

508 674 707 720 cuncta
755 679 868 720 sua:
915 664 1202 735 potestatis
1270 680 1438 736 regna
1491 665 1559 721 ad
1626 667 1696 700 ³⁸⁸
1739 668 2098 725 Mediolanum

506 764 901 813 concurrerent
935 754 1381 828 impugnandum.
1422 758 1650 815 Factum
1684 771 1768 817 est
1812 773 1993 820 autem
2040 773 2099 818 ut

503 851 683 907 omnis
706 850 879 919 italia,
924 846 1177 909 universa
1204 851 1513 923 Germania,
1551 858 1903 915 convenirent
1938 857 2098 916 simul

504 930 572 1001 ab
623 945 818 1017 angulo
857 961 1029 1017 usque
1080 947 1146 1002 ad
1200 946 1476 1019 angulum.
1533 950 1612 1006 Ac
1660 951 1837 1023 primo
1880 953 2096 1024 quidem

503 1036 707 1105 impetu
753 1036 1024 1106 quoddam
1089 1036 1307 1092 firmum
1379 1039 1691 1110 aggreditur
1740 1042 2093 1115 municipium

501 1126 723 1184 nomine
777 1128 844 1159 ¹²⁶
873 1127 1240 1201 Landrianum
1289 1129 1423 1202 (86).
1471 1131 1625 1200 Quod
1675 1150 1993 1207 oppugnans
2025 1137 2092 1172 ³³⁷

498 1218 555 1273 in
581 1217 806 1273 modico
847 1218 1159 1275 demolitur.
1194 1220 1320 1278 inde
1351 1222 1418 1255 ‘"
1446 1223 1706 1293 applicuit
1735 1224 2091 1283 Mediolanum

500 1304 707 1379 (Mat),
734 1309 900 1364 tertio
937 1311 1005 1366 ab
1041 1309 1176 1366 urbe
1202 1312 1441 1367 miliario
1472 1313 1594 1368 fixis
1635 1316 1882 1371 tentoriis
1910 1327 2091 1374 castra

499 1411 756 1460 metatus.
806 1402 1238 1461 Mediolanenses
1285 1415 1466 1463 autem
1517 1411 1751 1480 prompti
1816 1413 2089 1482 resistere,

497 1509 728 1568 qumque
769 1497 1017 1567 proxima
1050 1496 1288 1553 civitatis
1335 1501 1587 1555 muniunt
1632 1501 1768 1557 ioca.
1813 1504 1854 1558 E
1897 1504 2092 1573 quibus

496 1587 657 1644 electi
687 1589 914 1659 juvenes
953 1590 1122 1646 armis
1149 1590 1372 1662 compti,
1403 1588 1560 1646 bellis
1600 1594 1799 1660 edocti,
1846 1595 2091 1652 volantes

496 1682 694 1752 equis,
750 1682 1043 1753 proludunt
1096 1682 1253 1750 telis,
1304 1685 1615 1741 etesarianis
1662 1688 1730 1718 ¹²⁹
1779 1687 2088 1745 insultando

495 1775 780 1840 militibus,
832 1784 886 1831 et
938 1787 1194 1847 gyrantes
1239 1785 1417 1832 castra
1461 1777 1634 1849 clipeo
1677 1780 1981 1848 minantur,
2033 1789 2087 1836 ct

495 1876 611 1923 asta
650 1868 929 1938 proximos
959 1884 1204 1940 quosque
1235 1868 1521 1925 caedentes.
1567 1870 1809 1943 Cumque
1851 1888 1947 1944 per
1971 1874 2086 1931 dies

490 1957 701 2029 aliquot
730 1957 845 2014 haec
888 1962 1208 2014 exercerent
1252 1960 1502 2031 proludia
1537 1960 1623 2026 "°,
1652 1961 1854 2018 factum
1896 1972 1981 2019 est
2030 1965 2083 2020 in

494 2051 581 2108 die
602 2061 793 2108 sancto
817 2051 1102 2108 dominica:
1116 2053 1451 2109 ascensionis
1476 2053 1633 2124 (Mai.
1665 2055 1774 2127 i9),
1799 2056 2084 2113 caesariani

489 2158 681 2197 omnes
710 2157 809 2199 suo
838 2158 960 2198 cum
991 2158 1194 2199 cmsare
1222 2144 1419 2199 castris
1458 2156 1767 2215 erumpunt,
1814 2146 2084 2205 Teutones

488 2235 543 2291 in
574 2234 788 2301 dextro,
817 2234 937 2291 itali
964 2236 1016 2292 in
1040 2236 1263 2292 sinistro
1288 2236 1429 2292 bella
1462 2235 1686 2292 cientes.
1712 2237 1932 2294 Civibus
1955 2254 2084 2296 vero

486 2327 901 2383 occurrentibus
929 2343 997 2383 ex
1025 2328 1255 2383 adverso
1280 2367 1296 2394 ,
1341 2327 1679 2399 ingravatum
1725 2324 1810 2384 est
1845 2331 2083 2403 undique

484 2416 709 2483 bellum,
753 2419 987 2475 diversis
1030 2419 1084 2474 in
1129 2419 1339 2476 diversa
1370 2420 1753 2491 pugnantibus.
1800 2421 1858 2476 in
1907 2426 2081 2493 prima

484 2509 666 2565 fronte
694 2511 894 2566 nobilis
930 2510 1147 2581 quidam
1168 2510 1532 2567 Thcutonicus
1562 2519 1767 2567 statura
1795 2527 2080 2583 procerus,

480 2615 539 2661 et
577 2603 734 2660 Wido
798 2603 1018 2661 itaiicns
1081 2605 1326 2660 marcbio
1377 2604 1603 2677 signifer
1664 2606 1887 2677 regius,
1939 2607 2081 2664 inter

482 2696 661 2751 media
694 2694 795 2752 tela
826 2695 1022 2753 confixi
1051 2704 1195 2753 sunt.
1219 2695 1425 2764 Quibus
1446 2698 1765 2753 cadentibus
1790 2699 2081 2770 multisque

482 2789 601 2846 aliis
629 2789 683 2844 in
711 2789 931 2860 proprio
960 2804 1153 2845 cruore
1183 2787 1510 2858 iacentibus,
1554 2791 1815 2859 paulatim
1841 2790 1966 2845 belli
1996 2800 2078 2846 te-

480 2882 654 2952 pescit
682 2896 855 2936 amor.
905 2881 1134 2936 Demum
1164 2880 1444 2936 caesariani
1481 2880 1709 2936 collecto
1747 2882 1963 2950 agmine
2010 2881 2078 2936 ad

481 2986 665 3031 castra
695 2973 1078 3045 commigrant.
1119 2972 1322 3029 Urbani
1368 2986 1584 3043 quoque
1635 2971 1838 3028 relictis
1874 2986 2080 3045 campis

477 3070 699 3139 propria
730 3075 868 3124 tecta
905 3066 1206 3135 requirunt.

552 3159 642 3212 14.
683 3157 854 3231 igitur
881 3155 1144 3212 recedens
1178 3156 1257 3211 ab
1286 3154 1422 3211 urbe
1451 3170 1641 3221 czesar,
1683 3154 1840 3225 jubet
1879 3166 2073 3213 cuncta

478 3249 537 3305 in
588 3250 820 3305 circuitu
876 3262 1045 3319 prope
1098 3245 1363 3318 longeque
1408 3248 1611 3303 vastari
1653 3248 1791 3305 loca.
1831 3249 2077 3322 Cumque

478 3340 714 3397 ﬂammis
763 3338 1017 3394 universa
1079 3344 1470 3403 consumeret,
1523 3340 1732 3394 crebris
1787 3338 2073 3395 fulminum

480 3419 703 3488 ictibus.
736 3431 801 3463 ⁸³⁸
854 3440 910 3486 et
965 3430 1261 3502 grandinea
1309 3438 1629 3500 tempestate
1671 3441 1991 3502 correptus,
2044 3448 2074 3487 a

474 3530 660 3594 coepto
690 3522 961 3578 desistens
987 3519 1213 3576 recessit
1257 3524 1515 3575 mte'rens.
1552 3518 1691 3587 Quin
1738 3521 1905 3576 etiam
1943 3522 2075 3577 Bern

478 3615 698 3681 taldus,
766 3614 949 3686 regius
989 3612 1333 3678 asecretis,
1399 3610 1555 3681 cujus
1621 3623 1816 3669 cuncta
1870 3614 2073 3669 ﬁebant

475 3707 746 3772 consilio,
787 3706 992 3761 insanae
1026 3720 1152 3760 mox
1201 3704 1399 3760 mentis
1446 3703 1693 3760 edicitur.
1749 3706 1903 3776 (Cap.
1957 3706 2069 3777 14.)

474 3801 554 3856 De
577 3810 686 3871 Quo
709 3814 831 3855 cum
860 3816 959 3855 rex
988 3797 1145 3853 leniri
1177 3797 1456 3864 debuerat,
1493 3814 1666 3869 magis
1698 3799 1978 3866 intumuit,
2011 3804 2066 3855 in

476 3898 686 3947 tantum
714 3900 771 3945 ut
796 3881 1140 3945 Heriberlum
1180 3888 1518 3959 adjudicaret
1550 3890 1767 3959 propria
1807 3890 2069 3958 dignitate

473 3981 820 4052 privandum.
870 3977 1119 4034 Stabiiita
1168 3977 1333 4049 igitur
1368 3977 1777 4044 deliberatione,
1810 3980 2069 4049 praesula-

473 4084 589 4129 tum
621 4073 843 4127 tradidit
884 4071 1169 4127 Ambrosio
1210 4070 1627 4127 Mediolanensis
1668 4071 1914 4128 ecclesia:
1941 4089 2065 4129 car-

471 4166 635 4221 tlinali
666 4165 970 4235 presbitero
1010 4177 1216 4231 suoque
1256 4162 1558 4230 capellano.
1585 4162 1686 4216 etsi
1737 4163 2063 4229 videntibus,

2201 682 2386 731 mento
2417 679 2713 746 prostravit
2748 677 2914 751 (Nov.
2945 679 3055 751 i5),
3086 680 3309 752 ejusque
3337 682 3405 716 ¹³⁸
3435 686 3608 756 capud
3636 687 3771 742 avni-

2199 776 2320 821 Sum
2352 768 2594 825 humeris
2641 770 2816 826 fertur
2857 780 3086 844 augusto
3136 774 3189 828 in
3240 774 3449 830 italiam
3498 777 3768 836 direxisse.

2199 855 2275 910 De
2305 864 2489 914 cetero
2519 859 2817 931 imperator
2844 876 3080 916 annuam
3109 861 3395 920 Mediolani
3425 866 3771 923 vastationem

2198 946 2477 1009 universos
2523 950 2673 1022 regni
2716 950 2975 1022 primalcs
2999 951 3188 1020 jurare
3229 954 3583 1024 prtecipiens,
3612 957 3772 1012 obsti~

2196 1047 2324 1093 nato
2350 1040 2533 1097 animo
2563 1043 2883 1111 repatriavit
2913 1044 2968 1099 in
2998 1042 3273 1111 Sueviam,
3297 1059 3446 1117 aeger
3472 1046 3695 1118 pedibus
3721 1058 3770 1104 et

2196 1130 2404 1185 cunctis
2423 1129 2617 1188 debilis
2640 1132 2893 1189 artubus.

2204 1246 2207 1249 ν
2268 1218 2353 1275 15.
2394 1219 2602 1277 interea
2654 1222 3173 1281 Pseudoambrosius
3212 1224 3395 1295 palam
3430 1240 3631 1299 gerens
3670 1228 3770 1284 vir-

2194 1326 2314 1383 gam
2341 1322 2394 1367 et
2434 1314 2678 1382 anulum,
2708 1323 2767 1371 ut
2800 1316 2955 1386 lupus
2985 1317 3041 1372 in
3084 1318 3269 1375 abdito
3309 1318 3451 1375 clam
3483 1321 3769 1377 insidiaba-

2193 1412 2283 1460 tur
2308 1408 2557 1464 omnibus
2594 1410 2765 1466 modis
2794 1408 3101 1477 iieriberto,
3128 1411 3314 1468 multis
3358 1412 3527 1467 multa
3556 1412 3770 1468 cottidie

2186 1495 2421 1567 jurando
2462 1499 2738 1569 pollicitus
2780 1501 2996 1558 clericis
3037 1510 3199 1573 atque
3245 1502 3418 1569 laicis,
3454 1504 3511 1560 in
3559 1507 3696 1561 urbe
3720 1515 3771 1561 et

2190 1600 2347 1646 extra
2374 1590 2608 1649 factione
2634 1604 2917 1665 concepta.
2945 1595 3046 1652 Ubi
3076 1606 3258 1652 autem
3284 1596 3524 1652 fidelium
3546 1598 3769 1670 dignitas

2189 1683 2521 1754 perfidorum
2559 1688 2733 1742 sensit
2764 1688 3010 1756 insidias,
3038 1690 3410 1760 deprehensos
3456 1690 3512 1745 in
3552 1689 3770 1746 crimine

2190 1776 2420 1846 puniunt
2465 1778 2518 1833 in
2564 1780 2814 1848 personis
2841 1787 2893 1835 et
2927 1780 3163 1851 propriis
3206 1779 3590 1846 facultatibus;
3615 1790 3675 1836 et
3697 1780 3769 1835 sie

2118 1843 2161 1902 Β
2189 1843 2518 1936 prmvalente
2563 1843 2836 1925 iieriberti
2882 1843 3145 1940 potentia,
3196 1870 3419 1926 evanuit
3461 1843 3644 1926 omnis
3686 1868 3769 1925 illa

2187 1956 2526 2013 fraudulenta
2557 1961 2929 2030 praesumptio.

2256 2049 2344 2104 16.
2384 2050 2490 2106 Per
2538 2052 2679 2107 idem
2719 2061 2932 2123 tempus
2977 2053 3091 2124 (an.
3144 2052 3304 2123 i059)
3343 2051 3551 2111 factum
3586 2064 3690 2121 est,
3715 2064 3771 2111 ut

2185 2139 2371 2197 cuncti
2417 2142 2692 2213 principes
2733 2144 2884 2213 regni
2933 2143 3095 2200 simul
3141 2146 3379 2216 undique
3422 2148 3771 2203 convenirent

2184 2234 2252 2289 ad
2291 2234 2676 2301 devastandos,
2729 2235 2874 2291 sicut
2919 2236 3031 2307 tegi
3075 2236 3477 2307 promiserant,
3522 2238 3769 2295 Mediola-

2185 2324 2434 2379 nensium
2466 2324 2621 2381 fines.
2656 2325 2971 2382 Praevidens
3000 2327 3068 2359 ⁸³⁸
3101 2336 3282 2383 autem
3330 2329 3767 2401 archiepiscopus

2181 2417 2421 2473 futuram
2480 2420 2932 2489 oppressionem,
2982 2420 3138 2492 jubet
3188 2420 3312 2477 ilico
3360 2422 3659 2477 convenire
3706 2423 3767 2477 ad

2184 2511 2374 2566 urbem
2404 2525 2595 2567 omnes
2626 2510 3002 2568 Ambrosiante
3038 2514 3314 2582 parochia:
3364 2512 3578 2570 incolas
3608 2513 3768 2569 armis

2182 2603 2496 2671 instructos,
2544 2618 2578 2659 a
2628 2604 2833 2659 rustico
2881 2619 3054 2674 usque
3085 2605 3152 2662 ad
3183 2604 3454 2671 militem,
3502 2604 3573 2661 ab
3619 2606 3769 2676 inope

2180 2707 2352 2762 usque
2383 2693 2450 2747 ad
2479 2692 2721 2759 divitem,
2764 2701 2825 2747 ut
2854 2692 2910 2748 in
2939 2702 3086 2750 tanta
3129 2694 3355 2750 cohorte
3384 2695 3621 2765 patriam
3668 2704 3769 2750 tne-

2183 2794 2332 2840 retur
2381 2784 2451 2839 ab
2489 2784 2664 2841 hoste.
2724 2782 2948 2855 Signum
2998 2794 3178 2841 autem
3224 2786 3371 2858 quod
3418 2786 3767 2842 dimicaturos

2182 2875 2415 2930 debebat
2440 2890 2568 2930 suos
2597 2873 2663 2911 ¹³⁸
2688 2876 2999 2945 praecedere
3017 2916 3033 2940 ,
3069 2876 3174 2931 tale
3200 2876 3504 2932 constituit.
3536 2875 3768 2933 Procera

2184 2966 2333 3021 trabs
2392 2966 2563 3020 instar
2605 2965 2731 3020 muti
2779 2981 2933 3022 nths
2978 2967 3205 3023 robusto
3256 2967 3475 3022 conﬁxa
3526 2967 3766 3038 plaustro

2182 3061 2409 3131 erigitur
2455 3060 2509 3114 in
2554 3058 2805 3124 sublime,
2857 3074 3080 3115 aureum
3121 3071 3339 3131 gestans
3385 3060 3442 3114 in
3489 3060 3769 3115 cacumine

2182 3166 2404 3222 pomum
2472 3165 2595 3205 eum
2646 3148 3008 3220 pendentibus
3061 3150 3273 3207 duobus
3331 3150 3439 3205 νιιιὶ
3493 3150 3768 3207 candidis-

2181 3243 2301 3297 simi
2367 3241 2433 3274 ⁸³⁷
2483 3239 2664 3296 limbis
2713 3239 2808 3308 ⁸³⁸;
2867 3240 2937 3296 ad
2993 3240 3228 3296 medium
3280 3241 3597 3296 veneranda
3641 3255 3769 3296 crux

2178 3333 2387 3405 depicta
2440 3332 2740 3389 Salvatoris
2784 3333 3037 3405 ymagine
3081 3334 3323 3389 extensis
3370 3333 3481 3390 late
3528 3334 3769 3390 brachiis

2177 3426 2626 3496 Superspectabat
2651 3423 2984 3480 circumfusa
3012 3426 3247 3496 agmina,
3274 3435 3333 3479 ut
3353 3426 3769 3495 qualiscumque

2177 3517 2318 3574 foret
2368 3518 2492 3573 belli
2539 3528 2789 3585 eventus,
2840 3518 2946 3573 huc
2994 3520 3153 3589 signo
3198 3519 3651 3575 confortarentur
3696 3521 3770 3573 in-

2174 3622 2358 3680 specto
2380 3610 2514 3682 (88).
2540 3610 3008 3708 Essetque‘ravis
3036 3611 3102 3643 ³³⁸
3124 3612 3271 3667 inter
3298 3612 3489 3667 urbem
3506 3627 3770 3680 regnum-

2173 3717 2278 3774 que
2307 3702 2610 3769 conflictus,
2663 3702 2766 3757 nisi
2786 3702 2977 3758 -ni)vus.
3014 3704 3081 3759 de
3115 3715 3295 3759 morte
3328 3703 3554 3758 caesaris
3581 3718 3771 3757 rumor

2170 3803 2485 3851 concuteret
2520 3795 2752 3851 animos
2821 3796 3098 3862 hostium,
3148 3798 3286 3852 adeo
3335 3806 3396 3852 ut
3445 3798 3647 3854 solutis
3704 3796 3767 3828 m

2170 3887 2366 3942 castris
2389 3886 2637 3942 certatim
2665 3896 3015 3955 resurgerent
3043 3888 3117 3943 ita
3148 3888 3414 3951 cumfuse.
3448 3898 3512 3945 ut
3538 3888 3767 3945 coliidcc

2168 3988 2358 4034 rentur
2386 3978 2453 4034 ad
2487 3980 2739 4035 invicem.
2785 3980 2929 4034 inter
2968 3996 3107 4052 quos
3154 3981 3473 4037 Parmensis
3499 3996 3767 4039 corruens

2167 4071 2390 4142 signifer
2423 4073 2652 4143 turpiter
2672 4073 2949 4128 occubuit.

2237 4163 2323 4218 17.
2364 4163 2630 4220 Defuncto
2655 4175 2835 4219 autem
2859 4163 3188 4221 Chuourado
3215 4165 3327 4237 (an.
3361 4165 3524 4222 i059.
3550 4164 3688 4220 Jun.
3710 4163 3763 4231 ι)

470 4276 578 4315 non
654 4267 837 4313 tamen
888 4256 1192 4312 volentibus
1240 4254 1529 4323 episcopis.
1581 4254 1699 4320 Quo
1747 4252 2063 4310 iicribertus
2164 4255 2787 4312 Heinricusadoiescens
2812 4255 2931 4327 ejus
2973 4256 3140 4323 filius,
3187 4272 3285 4312 rex
3330 4257 3558 4314 vivente
3605 4267 3764 4327 patre

468 4351 677 4423 audito,
705 4351 771 4405 de
801 4363 928 4418 rege
949 4346 1200 4403 similiter
1232 4354 1427 4400 tractat
1454 4345 1521 4377 “'
1549 4345 1752 4400 honore
1774 4347 2057 4420 privandi).

2162 4355 2401 4413 creatus,
2450 4354 2711 4415 angustus
2759 4345 2828 4400 ab
2875 4346 3128 4402 omnibus
3170 4347 3510 4417 appellatur;
3552 4348 3642 4402 vir
3686 4346 3761 4402 rei

471 4441 692 4496 Secreta
764 4441 930 4512 igitur
979 4438 1247 4510 legatione
1295 4436 1536 4507 suggerit
1586 4434 1797 4491 Oddoni
1850 4440 2056 4507 potenti
2159 4436 2385 4506 publicm
2425 4436 2674 4506 gerendae
2719 4434 2854 4489 satis
2882 4434 3149 4507 ydoneus,
3179 4437 3271 4507 qui
3320 4436 3539 4507 paterni
3591 4435 3762 4491 animi

416 4580 421 4585 .
469 4535 842 4591 Franchorum
905 4532 1089 4588 comiti
1139 4530 1295 4601 (87),
1349 4538 1406 4583 ιιι
1452 4543 1512 4584 se
1564 4528 1781 4584 favente
1831 4529 2056 4600 arripiat

469 4642 692 4697 regnum
720 4627 905 4683 italize.
934 4626 1038 4694 Qui
1077 4624 1144 4658 ⁸³³
1169 4624 1245 4680 nil
1276 4632 1540 4690 moratus,
1564 4633 1749 4695 utpote
1793 4624 2053 4697 regnandi

2163 4545 2268 4586 non
2319 4529 2560 4584 imitatus
2607 4524 2894 4591 affectum,
2944 4541 3164 4581 suorum
3212 4528 3468 4582 consultu
3519 4526 3761 4581 tideliunt

2163 4639 2285 4680 cum
2309 4621 2714 4691 archiepiscopo
2739 4619 2888 4690 pacis
2908 4617 3115 4674 fmdera
3138 4620 3400 4677 stabilivit
3421 4619 3536 4692 (an.
3570 4619 3756 4690 i040),

468 4717 675 4785 avidus,
728 4717 905 4788 primo
960 4714 1177 4786 quidem
1234 4714 1443 4786 aliquas
1488 4714 1821 4769 Alamanniae
1869 4726 2053 4784 partes
2081 4709 2341 4781 Dabillo
2377 4712 2573 4768 deinde
2601 4709 2833 4766 fideliter
2862 4710 3160 4766 honoratus
3192 4710 3331 4782 (89).

1771 4849 2005 4906 VARUE
2044 4847 2449 4906 LECTiONES.

538 4978 605 5011 ’³⁸
630 4978 771 5032 deest
800 4976 838 5029 Β
868 4976 918 5029 1.
997 4973 1064 5005 ³²⁶
1091 4986 1287 5028 nomen
1317 4969 1359 5023 Β
1393 4969 1455 5022 i.‘
1473 4967 1542 5020 ad
1570 4983 1671 5020 non
1703 4966 1766 5018 Β.
1797 4966 1875 5020 2⁸.

1960 4967 2032 4999 ⁸³⁷
2071 4967 2393 5035 impugnans
2410 4961 2472 5015 Β.
2550 4961 2619 5035 "f
2646 4959 2785 5035 unde
2813 4959 2896 5035 vel
2925 4958 3049 5035 inde
3075 4958 3136 5013 Β.
3215 4958 3284 5035 ‘f’
3317 4957 3681 5035 c_e_s_arinis_i_.
3706 4965 3718 4979 ’

469 5050 533 5082 ¹⁸⁸
575 5028 913 5118 proludia}.
971 5044 1037 5076 ⁸³⁸
1064 5042 1302 5118 jactibus
1340 5040 1405 5118 B_.
1475 5028 2160 5118 "_’_»_tractavit_B.rique
2188 5028 2325 5118 ξΞῖ.
2363 5043 2557 5118 utnnon
2578 5031 2642 5118 Β.
2917 5029 3193 5118 cujusque
3453 5029 3754 5118 providens
