3938 5380
473 299 598 356 507'
1508 304 1817 362 ARNULFI
1856 304 2159 361 MENIOLA
2172 302 2414 362 NENSIS
2451 302 2746 361 CLERICI.
3634 297 3736 356 308

474 413 649 468 facilis
693 413 787 470 ﬂet
839 414 965 472 inde
999 417 1256 486 cognitio.
1310 417 1487 489 Atque
1533 420 1736 475 utinam
1765 421 2053 476 nescirem.
2085 423 2133 482 Λ
2231 420 2283 474 5.
2311 419 2406 475 llis
2429 420 2617 474 diebus
2641 418 2884 474 marcliio
2929 416 3242 474 Bonifacius
3270 417 3360 478 η’,
3391 415 3520 470 dum
3557 429 3736 471 uentus

474 507 606 574 Quae
637 516 818 564 tamen
850 510 1034 565 omnia
1061 511 1251 566 melius
1273 513 1562 569 scribendo
1589 517 1871 584 patebunt.
2164 512 2421 567 transiret
2444 523 2696 579 opacum,
2726 509 2937 564 insidiis
2960 524 3030 563 ex
3078 507 3298 577 obliquo
3330 506 3623 562 latentibus
3652 521 3737 561 ve-

549 600 601 652 2.
634 599 898 656 Defuncto
930 612 1109 656 autem
1139 601 1424 661 lleril.=erto
1451 605 1564 676 (au.
1594 605 1904 670 1045,1ul.
1946 604 2061 676 18.)
2163 615 2360 662 nenato
2391 605 2576 676 ﬂgitur
2592 604 2793 674 jaculo.
2846 601 2962 658 lieu
3013 617 3179 658 senex
3214 617 3278 656 ae
3307 601 3500 672 plenus
3543 600 3742 656 dierum

471 695 624 749 varie
682 703 948 750 trattalur
983 711 1011 747 a
1037 697 1222 751 multis
1265 698 1332 752 de
1394 698 1730 754 restituendo
1781 695 2058 766 pontiﬁce.
2163 708 2431 755 maturam
2461 706 2694 753 mortem
2715 695 2914 766 exiguo
2943 693 3364 766 praeoccupavit.

473 787 758 842 Heinricus
791 802 916 841 vero
954 788 1019 820 ⁸⁸³
1049 798 1312 858 angustus
1352 789 1672 860 jamdictnm
1713 789 1918 844 habens
1949 801 2064 857 pm
2235 787 2290 843 6.
2339 787 2435 843 lllo
2493 797 2673 843 autem
2739 795 2982 856 tempore
3018 785 3309 857 placitatur
3357 784 3650 854 imperator
3695 784 3741 838 in

476 897 504 931 ι.
541 878 679 936 c'ls
712 879 794 935 Me
832 880 1111 936 illauense
1157 881 1468 946 discidium,
1517 881 1760 953 neglecto
1792 881 2064 951 uobililae
2164 882 2335 954 pratis
2415 881 2692 938 Roncaliae
2757 879 2929 950 (102).
3004 879 3277 934 Discussis
3331 892 3462 931 vero
3521 877 3744 945 querelis

449 990 472 1066 ι,
503 971 704 1039 apicati
750 971 912 1043 primi
945 986 1008 1027 or
1047 973 1152 1026 inis
1203 972 1370 1037 cl3ro,
1420 973 1641 1030 idiotam
1667 982 1724 1027 et
1761 987 1789 1026 a
1817 987 1943 1028 rure
1969 988 2063 1028 ve—
2164 974 2436 1043 pluribus,
2463 973 2712 1043 legaliter
2747 969 2916 1027 multa
2940 971 3234 1025 examinat.
3260 969 3361 1025 Ubi
3386 967 3742 1023 marcbioncm

474 1061 713 1116 niontem
766 1062 877 1132 (96)
920 1063 1082 1133 elegit
1123 1063 1443 1129 antistitem,
1497 1064 1582 1118 cui
1638 1079 1832 1119 nomen
1890 1064 2008 1119 furr
2045 1074 2066 1120 t
2165 1065 2538 1127 Adelbertum,
2573 1064 2640 1118 de
2670 1077 2779 1133 quo
2812 1062 2979 1117 nimia
3013 1062 3190 1116 fuerat
3214 1058 3603 1130 proclamatio,
3632 1073 3744 1112 cum

474 1153 638 1208 Wido
691 1155 781 1210 ιδ’.
833 1155 1044 1211 Revera
1083 1156 1300 1210 sustulit
1335 1171 1454 1210 eum
1485 1157 1549 1209 de
1572 1155 1816 1228 grcgifms
1863 1155 2064 1224 avium,
2164 1155 2289 1210 aliis
2313 1153 2590 1226 ﬂagitiosis
2611 1162 2829 1224 captum
2860 1152 3052 1208 ferreis
3069 1152 3224 1224 jubet
3268 1152 3460 1206 vinciri
3492 1151 3741 1212 nexibus;

471 1256 528 1301 et
582 1249 761 1318 depost
805 1248 1041 1317 fwtames
1076 1251 1275 1320 accepit
1332 1267 1448 1304 eum
1493 1219 1684 1318 (Ρξαιί
1710 1219 1918 1314 tum,
1950 1219 2064 1321 70).
2166 1219 2413 1314 equidem
2453 1243 2614 1315 digne
2662 1219 2817 1298 satis.
2873 1219 3086 1298 Deinde
3127 1241 3320 1296 diebus
3365 1240 3551 1295 multis
3596 1239 3746 1293 modo

474 1337 610 1394 Huic
667 1340 810 1394 facto
859 1349 1161 1410 repugnant
1208 1357 1398 1410 parum
1447 1339 1891 1403 Meliolanenses,
1952 1339 2066 1394 sive
2168 1353 2289 1394 cum
2323 1337 2540 1408 ngris,
2589 1337 2750 1393 modo
2779 1351 2902 1392 cum
2933 1334 3192 1391 Leuticiis
3236 1349 3335 1404 pro
3364 1341 3605 1404 tempore
3633 1347 3750 1386 con-

474 1428 515 1483 ti
542 1445 672 1486 tzore
703 1430 850 1501 rcho
875 1445 970 1484 seu
1005 1431 1143 1484 inter
1171 1445 1228 1485 se
1253 1431 1398 1492 odio,
1427 1430 1620 1499 partim
1642 1428 1894 1494 avaritia,
1922 1443 2064 1498 qum,
2169 1428 2402 1499 ﬂigebat.
2458 1428 2535 1484 De
2583 1428 2780 1498 quibus
2807 1427 3062 1483 omnibus
3093 1425 3346 1482 nobiliter
3384 1424 3748 1493 triumphavit,

2168 1519 2570 1577 victoslributo
2607 1529 2880 1575 coartans.
2929 1518 3096 1589 Cujus
3158 1533 3324 1572 unum
3386 1516 3601 1586 insigne
3647 1525 3749 1569 tro-

477 1537 540 1581 ut
600 1525 817 1593 sapiens
873 1524 951 1577 ait
991 1524 1209 1593 quidam
1267 1523 1598 1596 agiogral‘us,
1654 1537 1816 1578 omne
1863 1522 2066 1576 malum

472 1621 650 1688 primo
675 1617 879 1671 invexit
907 1617 1090 1673 Italiae.
1129 1617 1189 1670 Et
1216 1616 1413 1671 exinde
1461 1617 1642 1672 omnia
1693 1625 1979 1672 verruntur
2014 1616 2066 1669 iu
2169 1613 2366 1683 pbeum
2399 1620 2588 1667 aurata
2649 1611 2853 1666 indicat
2899 1611 3106 1674 lancea,
3149 1608 3453 1680 Ungrorum
3489 1608 3603 1676 regi
3648 1606 3752 1660 vio-

476 1709 650 1779 pejus.
674 1709 899 1764 FttCIutli
923 1717 1009 1764 est
1037 1717 1216 1764 autem
1247 1719 1454 1778 postca,
1483 1719 1540 1763 ut
1576 1710 1628 1764 in
1670 1723 1788 1764 sese
1818 1723 1885 1764 «ο
1921 1707 2065 1762 versi
2100 1775 2134 1779 λ
2171 1703 2348 1759 lenter
2381 1710 2593 1758 extorta
2625 1702 2776 1773 (103)
2807 1711 2860 1758 et
2883 1702 3068 1756 Roma
3091 1703 3143 1756 in
3166 1700 3533 1770 apostolorum
3563 1699 3751 1768 templo

476 1775 850 1868 unusquisque
900 1798 1037 1852 alter
1107 1775 1338 1854 alterum
1382 1799 1449 1832 ¹⁶⁰
1499 1798 1842 1863 conveniret,
1907 1812 2064 1852 suum
2099 1775 2142 1834 Β
2171 1811 2434 1868 suspensa
2465 1795 2635 1867 (101).
2682 1795 2943 1864 Quicum
2989 1796 3186 1867 insigni
3240 1795 3459 1850 ﬂoreret
3508 1795 3748 1864 imperio,

476 1889 805 1944 conferendo
835 1889 1206 1958 obprobrium,
1237 1905 1448 1944 necnon
1497 1889 1737 1944 eiv'tatis
1767 1889 2065 1943 incomtuo-
2172 1907 2332 1947 carus
2353 1893 2608 1948 omnibus
2635 1891 2881 1964 migravit
2908 1909 2939 1948 a
2962 1892 3157 1948 saeculo
3186 1892 3298 1954 (an.
3328 1890 3488 1954 1056,
3539 1891 3656 1946 Oct.
3682 1890 3749 1958 5),

477 1982 624 2035 dum.
700 1982 926 2038 Senum
983 1989 1106 2051 [ot
1157 1981 1325 2037 multa
1381 1982 1638 2038 conscilia
1668 1980 1856 2036 mediis
1884 1995 2069 2035 sacro-
2174 1984 2486 2054 relinquens
2539 1984 2622 2040 sui
2688 1985 2924 2040 nominis
2979 2000 3231 2056 puerum,
3265 1998 3506 2055 augusta:
3539 1984 3752 2054 Agnetis

474 2075 680 2129 sanctis
710 2075 1004 2146 evmgcliis
1025 2075 1163 2146 conj:
1191 2083 1358 2145 n3unt
1381 2073 1584 2129 fcedera
1613 2074 1780 2145 pacis,
1806 2071 2068 2128 facientes
2173 2085 2422 2132 materno
2446 2078 2654 2148 gremio
2683 2076 3104 2134 confovendum.

473 2166 695 2236 quidem
761 2167 1117 2231 amucstiam,
1166 2168 1218 2220 id
1251 2175 1336 2222 est
1374 2167 1725 2221 abolitionem
1773 2164 2058 2229 malorum,
2245 2169 2298 2224 7.
2330 2167 2501 2237 Hujus
2554 2177 2812 2238 regnante
2863 2167 3113 2236 infantia,
3161 2168 3452 2240 Papienses
3511 2169 3583 2223 ab
3621 2183 3683 2222 eo
3704 2173 3752 2220 ut

474 2275 640 2328 quam
671 2258 1029 2314 Atheuietses
1081 2259 1240 2329 pri-mi
1295 2258 1506 2325 fecisse,
1534 2269 1586 2314 et
1615 2257 1694 2314 sic
1723 2271 1944 2312 vocasse
1993 2257 2072 2312 le-
2171 2261 2340 2316 moris
2387 2267 2470 2316 est
2540 2261 2721 2315 datum
2790 2270 3152 2331 aspernantur
3211 2260 3473 2316 audacter
3543 2261 3747 2330 episco-

473 2359 672 2420 guutur
700 2350 928 2406 l-iorosio
959 2362 1095 2407 teste
1122 2353 1189 2384 ¹δ¹
1221 2354 1303 2421 (ι’,
1347 2353 1458 2422 17).
2174 2370 2300 2424 pum
2333 2353 2522 2424 (105);
2568 2369 2669 2409 nec
2711 2355 2874 2423 regite
2912 2353 3235 2410 institutioni
3299 2369 3397 2407 nec
3451 2351 3753 2422 apostolica:

547 2442 600 2496 5.
641 2441 909 2513 Tempore
937 2443 1027 2498 illo
1054 2459 1224 2498 caesar
1252 2443 1541 2499 licini-us
1575 2443 1782 2498 Italiam
1821 2442 2068 2510 veniens,
2174 2446 2481 2503 deferentes
2534 2446 2693 2502 facta
2737 2449 3154 2512 consecrationi,
3205 2463 3376 2519 usque
3427 2446 3496 2500 ad
3557 2446 3752 2502 obitum

473 2535 751 2590 ce'e‘iralo
780 2535 959 2605 Papiae
979 2535 1467 2608 synodaliconcilio
1490 2540 1604 2609 (an.
1629 2535 1786 2600 1016,
1809 2536 1930 2591 θοις
1949 2535 2070 2608 25),
2175 2540 2344 2610 spreti
2377 2540 2781 2610 perseverando
2807 2539 3100 2610 pontificis.

481 2627 706 2682 Romam
760 2628 950 2690 tend't,
1004 2628 1090 2683 cui
1127 2645 1264 2700 papa
1304 2627 1414 2700 (97)
1460 2628 1701 2684 obviavit
1758 2629 2068 2696 Placentitr,
2247 2632 2300 2688 8.
2333 2631 2430 2688 His
2475 2631 2658 2700 itaque
2689 2631 2880 2686 diebus
2939 2632 3049 2702 (an.
3087 2629 3272 2702 1059),
3336 2630 3480 2685 inter
3522 2630 3668 2700 ipsos
3707 2639 3754 2684 et

474 2720 697 2773 vivente
755 2718 928 2774 altero
986 2733 1052 2772 ac
1121 2720 1456 2776 concedente
1514 2718 1625 2790 (98)
1686 2719 2068 2775 intronizatus.
2178 2723 2608 2780 Mediulanenses
2655 2724 2724 2778 de
2777 2723 2957 2778 causis
2986 2722 3232 2778 civilibus
3276 2723 3506 2793 emergit
3553 2725 3756 2778 discen-

477 2812 645 2868 Facto
666 2821 848 2868 autem
880 2813 1065 2868 Rome
1095 2813 1207 2884 (99)
1249 2813 1485 2884 generali
1531 2820 1802 2869 conventu
1862 2827 2069 2883 prtesu-
2179 2816 2261 2870 sio
2291 2813 2462 2887 (l06.)
2498 2813 2701 2869 Fuerat
2729 2814 2874 2869 enim
2902 2813 3092 2868 civitas
3120 2821 3349 2883 utraque
3398 2812 3688 2884 populosa,
3710 2821 3755 2865 et

478 2902 611 2968 l.m,
639 2904 816 2958 visum
853 2912 938 2958 est
989 2905 1100 2974 regi
1145 2912 1201 2958 et
1246 2903 1514 2973 episcopis
1545 2904 1818 2964 omnibus.
1878 2917 2071 2972 papam
2179 2922 2344 2976 super
2403 2907 2553 2977 regni
2594 2915 2806 2962 ceteras
2866 2906 3071 2961 inclita.
3137 2903 3526 2961 Verumtamen
3578 2905 3637 2958 in
3678 2920 3758 2958 no-

477 2999 658 3066 ipsum
691 2997 890 3068 injuste
922 2999 1464 3053 tenetecatbe'lram.
1495 2997 1614 3064 Quo
1633 2997 1819 3051 statim
1837 2995 2072 3065 alijecto,
2179 3000 2299 3055 titia
2333 2999 2402 3032 ¹³³
2445 2999 2686 3054 omnium
2740 2998 3032 3069 praestabat
3085 2995 3466 3051 Mediolanum.
3522 2994 3757 3064 Cumque

478 3107 646 3146 “"“m
677 3106 745 3144 ex
786 3089 1124 3146 Τουιοηίδυε
1147 3091 1429 3161 ρι’ίεευιθηῖ
1458 3091 1602 3146 illius
1628 3089 1747 3145 Ῑοεο
1769 3089 2072 3155 sumam“,
2102 3133 2145 3160 η
2181 3105 2365 3152 essent
2388 3096 2675 3163 eontigum,
2716 3094 2953 3164 pudebat
2978 3093 3201 3149 alteram
3227 3091 3380 3146 alteri
3403 3091 3622 3146 cedere.
3648 3089 3758 3144 lude

478 3197 644 3250 quem
701 3188 912 3236 mutato
961 3181 1184 3237 nomine
1228 3181 1559 3237 Clementem
1613 3181 1854 3248 vocavit;
1908 3196 1936 3235 a
1966 3194 2075 3250 quo
2101 3173 2147 3196 υ
2181 3195 2320 3252 erat,
2351 3185 2493 3256 quod
2532 3185 2634 3240 sibi
2660 3182 3024 3254 repeadebant
3046 3182 3112 3236 ad
3146 3181 3378 3237 invicem
3406 3181 3581 3235 caedes
3631 3195 3759 3250 prte-

478 3275 647 3329 etiam
671 3290 930 3329 coronam
957 3275 1194 3344 suscepit
1217 3275 1453 3346 imperii.
2185 3278 2281 3334 das
2310 3285 2366 3332 et
2395 3275 2644 3331 incendia
2694 3290 2796 3329 nec.
2847 3290 2952 3328 non
2983 3283 3037 3329 et
3062 3273 3367 3328 latrocinia.
3424 3271 3655 3327 Factum
3690 3280 3760 3326 est

554 3364 609 3418 4.
652 3363 873 3419 Tertius
903 3365 970 3419 ab
1000 3379 1065 3420 eo
1109 3374 1328 3420 sanctus
1357 3364 1551 3426 claruit
1599 3365 1710 3420 Leo
1744 3363 2074 3434 (αη.1048),
2185 3376 2362 3422 autem
2392 3375 2451 3420 ut
2482 3365 2800 3436 PapienScs,
2861 3365 2988 3420 dum
3041 3365 3325 3420 inferiores
3369 3373 3578 3427 essent,
3645 3379 3762 3418 con-

481 3455 640 3525 cujus
667 3456 931 3512 industria
972 3457 1232 3514 Romanae
1270 3450 1444 3511 statu's
1489 3467 1771 3527 reparatur
1797 3455 2074 3512 Ecclesite.
2185 3460 2362 3517 ductis
2417 3458 2634 3515 aliunde
2688 3457 2867 3528 pretio
2921 3456 3224 3526 legionibus
3283 3457 3350 3510 ad
3413 3455 3761 3509 devastandos

484 3553 587 3620 Qui
621 3551 895 3623 geminam
934 3551 986 3605 iu
1038 3551 1188 3607 lta'ia
1241 3551 1505 3622 synodum
1551 3548 1900 3604 devotissime
1939 3547 2079 3602 ceie-
2185 3551 2662 3606 Mediolanonsium
2725 3550 2863 3607 ﬂues
2932 3550 3272 3614 accederent,
3339 3546 3760 3602 Mediolancnses

483 3646 682 3706 bravit,
750 3643 928 3714 Papiae
978 3644 1188 3698 stilicet
1237 3643 1385 3714 (100)
1435 3652 1597 3713 atque
1635 3641 1866 3697 Mantua:
1897 3641 2075 3710 (101),
2182 3657 2311 3698 vero
2337 3641 2724 3697 coufmderatis
2754 3641 2854 3695 sibi
2892 3638 3264 3696 Laudensibus
3319 3641 3370 3694 in
3421 3638 3542 3693 illos
3595 3640 3760 3692 insur-

484 3738 709 3793 absente
739 3750 959 3792 cmsaxe.
1003 3735 1102 3790 C:.i
1143 3751 1266 3791 cum
1300 3737 1732 3791 misericorditer
1765 3735 2082 3806 displiceret
2181 3745 2408 3807 gerent,
2461 3734 2587 3789 licet
2634 3749 2760 3804 pars
2815 3749 3003 3788 eorum
3053 3749 3159 3788 non
3224 3732 3447 3787 minima
3503 3719 3765 3800 archiepi-

484 3833 766 3904 oppressio
795 3831 880 3884 illa
911 3833 1227 3891 veLenexs.
1275 3846 1378 3900 qua
1422 3829 1725 3900 impiissimi
1780 3826 2076 3883 Narmauni

485 3925 745 3978 miseram
804 3921 1044 3992 aﬂl'gunt
1114 3923 1406 3993 Apuliam,
1453 3919 1837 3992 prtedirai-ine
1911 3919 2080 3972 mixta

484 4013 738 4084 precibus
789 4022 1016 4082 temptat
1073 4013 1194 4069 illos
1241 4033 1270 4068 a
1323 4014 1488 4068 tantis
1547 4027 1806 4067 revocare
1859 4009 2075 4080 ﬂagitiis

486 4108 791 4179 (ιιη.1055).
829 4109 1073 4176 Cumque
1104 4107 1268 4162 nichil
1302 4107 1610 4176 proﬁceret,
1658 4105 1826 4160 armis
1884 4117 2073 4174 aggre-

486 4199 633 4253 ditur
685 4200 859 4270 ipsam
916 4212 1263 4267 compc:cere
1308 4197 1578 4252 feritatem
1613 4197 1766 4266 (Jun.
1806 4193 1915 4262 18),
1952 4193 2081 4247 licet

487 4294 564 4349 illi
587 4295 848 4348 adversus
877 4292 1006 4355 belli
1052 4291 1215 4345 fuerit
1279 4291 1481 4348 exitus.
1515 4289 1730 4345 Judieia
1780 4287 1924 4342 enim
1978 4284 2076 4340 Dei

490 4386 718 4455 abyssus
743 4383 908 4440 multa
937 4380 1109 4451 (Psal.
1140 4398 1305 4447 xxxv,
1343 4381 1420 4451 7).

2181 3841 2346 3896 scopo
2370 3827 2503 3879 duce
2525 3823 2647 3880 aliis
2667 3823 2951 3879 dimicaret
2967 3823 3018 3878 in
3049 3824 3292 3894 partibus
3316 3822 3404 3878 ⁸⁸⁸.
3432 3821 3763 3877 Conveniunt

2183 3925 2425 3984 utraeque
2454 3915 2504 3968 in
2536 3913 2743 3984 campis
2767 3914 2912 3968 acies
2933 3913 3198 3968 ordinatis
3217 3913 3547 3984 agminibus,
3576 3911 3761 3967 vexilla

2186 4005 2241 4060 in
2267 4005 2499 4060 sublime
2525 4004 2760 4060 ferentes
2775 4004 2881 4073 (an.
2912 4004 3043 4059 1061
3072 4003 3203 4058 Mai.
3227 4003 3341 4076 25).
3366 4003 3453 4057 Fit
3483 4004 3764 4058 vehemens

2189 4096 2420 4164 partium
2471 4094 2524 4149 in
2584 4109 2642 4148 se
2682 4094 2755 4127 ¹⁸⁸
2805 4109 3126 4159 concursus,
3176 4093 3482 4150 bacbantur
3513 4094 3764 4149 certando

2189 4185 2414 4247 diutius,
2445 4184 2721 4239 divertunt
2753 4185 2968 4238 tandem
2998 4183 3291 4254 Papienses
3325 4201 3355 4238 a
3384 4184 3548 4248 bello,
3582 4185 3764 4238 adver-

2188 4274 2349 4330 sariis
2392 4274 2800 4344 insequentibus
2848 4275 2970 4332 illos
2990 4291 3020 4328 a
3055 4284 3225 4345 tergo.
3253 4275 3461 4345 Quibus
3491 4291 3618 4329 mox
3647 4273 3765 4327 viri-

2189 4369 2312 4424 liter
2363 4367 2634 4426 succurrit
2672 4369 2937 4424 conducta
2985 4377 3380 4425 extranceorum
3428 4368 3596 4440 legio,
3650 4368 3764 4422 licet

1776 4484 2012 4543 VARUE
2054 4479 2460 4538 LECTIONES.

567 4587 634 4618 Μ
663 4586 726 4640 ll.
768 4603 819 4639 v.
855 4586 994 4640 [ilius
1041 4585 1276 4639 (ἴωπεμῆ
1310 4600 1361 4638 a.
1399 4585 1434 4638 i.
1469 4585 1521 4638 Ιι.
1558 4600 1612 4652 p.
1643 4597 1696 4638 o.
1729 4581 2003 4652 desidium
2025 4577 2096 4631 Μ.
2204 4575 2361 4652 1.
2394 4574 2599 4652 2'._qt_t_i_
2643 4574 2928 4652 dissidium
2972 4577 3144 4652 habet.
3224 4577 3290 4608 “’
3325 4575 3503 4652 Quith
3607 4584 3762 4652 rotat.

569 4659 635 4688 ’⁵⁸³
667 4673 718 4710 a.
744 4659 808 4710 ad
839 4673 888 4710 a.
915 4655 984 4711 Β.
1061 4657 1125 4687 ¹³¹
1161 4655 1223 4711 li.
1257 4665 1297 4712 t.
1331 4656 1515 4710 desunt
1543 4643 1602 4711 Β.
1683 4653 1748 4684 ⁸⁵³
1781 4645 2167 4706 Montisfcrrali
2220 4645 2424 4697 udrluut
2463 4643 2527 4699 5.
2549 4645 2627 4699 5⁸.
2657 4655 2704 4698 et
2745 4648 2800 4700 in
2848 4649 3083 4715 margine
3123 4664 3280 4700 manu
3310 4647 3417 4700 alia
3448 4649 3499 4701 1.
3531 4646 3597 4700 1η
3635 4646 3688 4698 Β.
3717 4645 3759 4698 1.

492 4728 626 4780 i'lml
657 4728 780 4793 ἰξυῖ.
813 4743 1006 4781 ωνυνε
1037 4738 1053 4779 ι
1086 4729 1358 4803 sociorum
1416 4725 1817 4787 Palatinarum;
1865 4738 1955 4776 nec
1984 4719 2037 4774 iu
2065 4718 2106 4771 Β
2132 4715 2206 4770 ⁸2⁸.
2233 4715 2477 4769 habetur.
2558 4715 2626 4748 ⁸⁵³
2666 4717 2977 4772 innocentia
3012 4718 3072 4776 Β.
3153 4717 3218 4749 ¹⁸⁸
3251 4717 3289 4774 i.
3339 4733 3391 4788 p.
3424 4718 3612 4772 desunt
3643 4716 3700 4769 Β.

497 4800 565 4830 ’⁸⁸
595 4813 713 4851 sese
743 4798 802 4851 Β.
838 4798 981 4851 Mur.

595 4813 713 4854 sese
743 4813 802 4851 υ.
838 4813 888 4850 Μ
901 4816 981 4851 ιη’.

2040 4897 2271 4956 ΝΟΤΔΕ.

473 5011 480 5056 ἒ
566 5023 680 5100 tos)
713 5023 768 5076 l.l
796 5031 878 5100 est
904 5038 1000 5078 nec
1041 5024 1235 5100 litteris
1272 5022 1442 5100 sacris
1473 5021 1767 5100 cratium,
1798 5034 1895 5074 nec.
1927 5019 2076 5073 clero
2107 5019 2157 5078 ι)
2191 5014 2404 5098 “903)
2435 5013 2596 5096 test".
2777 5011 2831 5077 ε,

2876 5020 3016 5066 teste
3052 5011 3242 5092 charta
3270 5010 3322 5065 in
3340 5009 3658 5090 _Mttr_._Aiit.
3675 4998 3780 5088 ,ηις

3877 406 3879 462 4
