3938 5380
487 287 582 342 ’511

1516 290 1656 346 ARN
1669 292 1819 348 ULFI
1860 289 2412 347 MEDlOLANENSlS
2449 289 2738 347 CLERICL

3652 285 3768 340 319.

487 399 701 457 deferre.
729 401 840 457 Deo
870 395 1206 473 potantibus,
1243 400 1363 458 aliis
1386 404 1628 460 avaritiae
1660 405 1822 461 lucris
1848 407 2062 461 inbian—
2094 408 2140 467 Α
2172 404 2612 475 metropolitano,
2633 403 2818 459 furens
2839 402 2981 458 solos
3003 402 3157 458 srevit
3178 402 3230 458 in
3253 401 3503 467 clericos,
3524 416 3769 472 arguens

495 492 659 547 tibus.
686 491 768 546 Ad
801 492 914 546 hmc
945 491 1009 524 ¹⁶⁸
1044 490 1346 547 Landull'us
1386 491 1530 547 idem
1560 493 1720 548 simul
1758 509 1881 549 cum
1922 509 2074 549 com-

493 583 636 655 plicc
682 583 906 640 Arialdo
958 598 1057 654 per
1111 583 1228 639 dies
1276 583 1477 639 multos
1537 585 1829 641 multorum
1889 587 2079 641 incitat

491 679 728 746 animos,
756 678 929 751 gratia
961 676 1219 734 favoralis
1242 693 1388 733 aura:
1417 693 1553 734 nova
1588 693 1802 749 semper
1831 689 1887 735 et
1916 679 2076 735 inau-

492 774 604 828 dita
658 773 1030 829 concionanfo
1078 787 1408 843 proponens,
1460 785 1620 844 prout
1660 786 1882 831 noverat
1934 777 2076 848 vulgi

491 880 720 922 morem.
752 865 832 919 Ad
867 863 1020 933 cujus
1047 865 1493 933 compescendam
1522 867 1880 922 temeritatem
1909 866 2080 937 majo-

495 975 584 1016 res
613 957 856 1016 ecclesiae
885 972 1026 1028 saepe
1057 959 1406 1026 conveniunt,
1430 974 1616 1016 sacras
1661 959 1734 1014 illi
1784 961 2080 1031 scripturas

491 1062 546 1108 et
572 1052 880 1108 sanctiones
903 1060 1242 1122 opponentes
1269 1053 1564 1108 cauouicas
1605 1053 1694 1109 ¹⁶¹.
1731 1052 1859 1120 Quae.
1908 1053 2082 1124 despi-

493 1145 646 1200 ciens
698 1142 926 1207 omnia,
984 1141 1602 1198 nichilominus-iustat.
1656 1143 1768 1199 lmo
1826 1143 1913 1200 die
1971 1159 2077 1198 una

491 1235 756 1306 solempni
807 1235 876 1289 ad
922 1233 1210 1289 ecclesiam
1247 1234 1472 1289 veniens
1502 1249 1626 1290 cum
1663 1235 1837 1290 turbis
1883 1249 1914 1290 a
1962 1234 2080 1291 foro

489 1330 786 1402 psallentes
818 1343 1007 1386 omnes
1041 1329 1307 1384 violenter
1365 1328 1593 1399 proiecit
1630 1345 1660 1384 a
1701 1329 1870 1384 choro
1905 1328 2079 1397 (lll),

499 1423 792 1492 insequens
815 1437 912 1492 per
938 1420 1160 1492 angulos
1181 1431 1236 1476 et
1263 1421 1580 1478 diversoria.
1613 1422 1814 1477 Deinde
1843 1420 2081 1489 providit

500 1514 570 1546 "’
607 1513 801 1569 callide
824 1513 987 1568 scribi
1016 1511 1327 1586 pltytacium
1353 1511 1421 1545 ¹⁸⁸
1451 1513 1518 1569 de
1541 1513 1790 1568 castitate
1816 1512 2084 1567 servanda

497 1605 748 1676 neglecto
782 1619 989 1661 canone
1035 1604 1323 1660 mundanis
1375 1613 1645 1660 extortum
1686 1603 1754 1636 ¹⁶⁸
1792 1618 1824 1658 a
1852 1603 2080 1672 legibus,

497 1699 555 1751 iu
589 1712 698 1768 quo
745 1711 934 1752 omnes
985 1696 1126 1752 sacri
1159 1696 1377 1752 ordines
1425 1697 1798 1753 Ambrosiaua:
1834 1695 2081 1766 dyocesis

500 1788 655 1843 inviti
702 1787 1073 1852 subscribunt,
1113 1787 1432 1860 angariante
1470 1787 1584 1859 ipso
1614 1803 1734 1843 cum
1789 1787 1953 1859 laycis
1990 1787 2078 1842 “‘.
2112 1755 2161 1815 Β

497 1879 719 1936 interim
756 1881 1040 1951 praedones
1083 1879 1320 1936 civitatis
1365 1889 1562 1952 przetcr
1605 1882 1748 1936 redes
1793 1880 2004 1950 aliquas
2030 1880 2084 1935 in

499 1972 636 2028 urbe
689 1972 900 2028 dirutas
956 1971 1262 2027 lustrabant
1305 1972 1618 2043 parochiam
1651 1973 1720 2004 ¹⁶⁷
1783 1973 1944 2027 domo
1972 1971 2086 2028 cle-

500 2064 740 2119 ricorum
773 2072 1096 2128 scrutantes,
1131 2077 1430 2135 eorumque
1475 2063 1794 2133 diripieutes
1834 2062 2090 2120 substan-

497 2159 630 2213 tiam
665 2159 834 2229 (112).
861 2157 1054 2214 Clerus
1070 2157 1237 2228 igitur
1262 2157 1632 2228 multipliciter
1658 2157 1910 2223 aﬂlictus,
1947 2157 2091 2228 lega-

497 2252 650 2307 tione
677 2251 862 2306 humili
887 2258 1215 2320 conquestus
1239 2259 1321 2306 est
1351 2251 1526 2322 primo
1545 2249 2091 2320 comprovincialihus

501 2344 796 2414 episcopis,
840 2343 1036 2399 deinde
1090 2341 1338 2399 Romano
1375 2345 1636 2413 pontifici.
1686 2344 1928 2399 Praeerat
1964 2351 2093 2397 tunc

501 2433 696 2489 Ruina:
743 2433 1052 2504 Stephanus
1109 2431 1308 2504 (H3);
1359 2434 1447 2504 qui
1513 2434 1694 2487 audita
1752 2435 2092 2505 perpendens

499 2524 756 2598 populum
786 2525 1069 2596 quiescere
1101 2531 1154 2579 et
1201 2525 1672 2596 archiepiscopum
1707 2541 1870 2595 super
1899 2525 2002 2580 hac
2031 2539 2093 2578 re

500 2619 769 2690 synodum
796 2633 1130 2690 congregare
1150 2609 1462 2688 apostolicis
1484 2618 1640 2688 jubet
1673 2619 1936 2688 apicibus.
1977 2617 2090 2686 Qua

501 2709 674 2766 fretus
728 2709 1053 2766 auctoritate
1087 2708 1244 2765 Wido
1311 2710 1507 2780 praesul
1563 2710 1852 2781 diligenter
1909 2711 2094 2765 studet

504 2812 707 2859 cretum
737 2818 1038 2860 convocem
1066 2803 1408 2873 pontiﬁcum,
1439 2805 1702 2859 mandans
1746 2803 2015 2861 Laudull‘o
2040 2813 2094 2860 et

501 2895 744 2957 Arialdo,
779 2895 1172 2952 rationabiliter
1201 2895 1464 2950 interesse
1492 2897 1812 2950 tractandis.

577 2987 664 3042 l3.
698 2987 896 3044 Factus
926 2996 1010 3043 est
1040 2997 1220 3042 autem
1249 2987 1526 3057 synodalis
1569 2988 1861 3058 przesulum
1896 2989 2095 3044 multo-

2181 496 2300 551 illos
2331 512 2441 551 sum
2467 510 2797 566 suorumque
2827 495 3172 566 perditionis;
3198 495 3364 548 laicos
3389 510 3517 549 vero
3544 495 3771 548 fovebat

2183 589 2251 622 ¹ι⁹
2283 598 2340 642 ut
2365 588 2580 643 fratres.
2612 588 2855 656 Cumque
2901 585 3039 640 foret
3076 586 3362 640 simulandi
3409 597 3462 639 et
3506 587 3770 640 dissimu-

2180 677 2322 734 landi
2371 695 2575 750 gnarus
2623 695 2718 748 per
2757 678 2959 743 omnia,
2994 677 3237 747 pluribus
3286 677 3535 742 dilectus,
3561 686 3769 731 cuncta

2180 787 2334 826 suum
2362 772 2705 842 retorquebat
2750 771 2816 826 ad
2869 771 3098 837 libitum,
3128 770 3304 824 factus
3353 771 3469 838 ipse
3517 770 3772 823 mirabile

2179 861 2382 917 mundo
2412 862 2799 931 spectaculum.
2837 861 2990 916 Unde
3034 871 3300 932 poti-state
3336 871 3578 930 accepta.
3610 876 3772 914 com-

2181 971 2342 1012 mune
2371 955 2562 1012 indicit
2584 954 2838 1010 omnibus
2871 954 3024 1009 laicis
3047 955 3441 1021 juramcutum,
3479 956 3637 1024 quasi
3671 955 3772 1006 im-

2181 1049 2463 1121 pugnanda
2492 1064 2802 1120 preponens
2842 1064 3124 1104 sacrorum
3176 1048 3427 1102 ordinum
3480 1058 3669 1116 stupra
3718 1057 3769 1101 et

2181 1144 2398 1200 venales
2422 1144 2879 1199 cousecrationes.
2904 1143 3057 1210 Quod
3077 1157 3180 1197 nOu
3199 1143 3366 1196 multo
3391 1152 3510 1213 post
3537 1141 3773 1196 clericos

2181 1239 2345 1294 etiam
2367 1238 2555 1307 jurare
2581 1236 2875 1312 compellit.
2919 1237 3002 1291 Ab
3041 1236 3132 1290 illo
3158 1237 3356 1290 etenim
3389 1248 3635 1304 tempore
3687 1235 3772 1287 in-

2183 1331 2498 1386 numerabis
2531 1330 2775 1384 virorum
2821 1344 2884 1384 ac
2926 1330 3212 1383 mulierum
3243 1337 3464 1383 caterva
3501 1326 3652 1380 illum
3686 1343 3774 1380 co-

2183 1426 2444 1480 mitantur
2487 1433 2728 1489 euntem,
2774 1432 3116 1493 stantemque
3146 1423 3232 1477 die
3269 1431 3541 1490 noctuque
3585 1428 3770 1474 custo-

2184 1517 2358 1572 diunt.
2387 1515 2489 1584 Qui
2517 1517 2798 1570 unanimes
2828 1513 2979 1581 facti,
3010 1514 3271 1568 ecclesias
3297 1519 3702 1581 contempuunt
3724 1520 3777 1564 et

2185 1609 2363 1665 divina
2389 1617 2650 1679 spernunt
2673 1623 2796 1663 cum
2820 1607 3083 1662 ministris
3107 1605 3304 1672 cilicia,
3328 1614 3639 1660 asserentes
3662 1620 3778 1656 om-

2189 1704 2276 1758 nia
2308 1702 2640 1775 symoniaca.
2675 1700 2784 1756 llos
2809 1699 2942 1754 tales
2963 1708 3156 1754 caetera
3187 1698 3487 1768 vulgaritas
3512 1697 3778 1767 hyrouiee

2191 1796 2473 1852 Patarinos
2499 1796 2568 1828 "'°
2593 1793 2827 1864 appellat
2867 1793 3039 1862 (115).
3076 1791 3348 1846 Prmterea
3393 1789 3620 1844 Romam
3656 1804 3776 1857 pro-

2191 1887 2454 1942 ficiscitur
2472 1884 2746 1947 Arialdus,
2772 1883 3138 1955 apologetieas
3168 1883 3346 1938 ferens
3369 1882 3582 1936 litteras
3604 1880 3774 1949 (1161.

2191 1981 2294 2038 Ubi
2326 1998 2455 2036 cum
2481 1980 2900 2035 Ambrosianum
2925 1987 3210 2034 accusaret
3240 1977 3468 2038 clerum,
3500 1974 3776 2029 aiiirmaus

2189 2090 2377 2132 onmes
2419 2073 2704 2128 nieolaitas
2751 2080 2804 2127 et
2843 2073 3182 2142 symoniacos
3223 2087 3286 2126 ac
3323 2085 3547 2141 prorsus
3597 2068 3777 2122 itzobe-

2191 2167 2400 2221 tlicntes
2443 2165 2699 2220 Romamn
2743 2165 3008 2226 ecclesiae,
3040 2180 3100 2220 se
3131 2176 3310 2218 autem
3339 2179 3464 2218 cum
3511 2161 3778 2215 Landullo

2192 2261 2442 2314 devotum
2467 2269 2519 2314 ct
2543 2276 2640 2328 pro
2665 2258 2779 2314 sola
2814 2260 3040 2314 veritate
3064 2268 3384 2323 certantem,
3408 2259 3772 2312 Romanorum

2193 2350 2440 2406 celeriter
2469 2351 2694 2420 adeptus
2740 2359 2824 2404 est
2872 2351 3125 2421 gratiam.
3156 2349 3256 2416 Qui
3303 2365 3428 2404 cum
3480 2349 3774 2418 principari

2194 2451 2451 2512 appetant
2491 2439 2615 2510 jure
2668 2442 2988 2511 apostolico,
3022 2441 3273 2496 videntur
3320 2440 3458 2494 velle
3512 2439 3774 2494 dominari

2193 2534 2433 2590 omnium
2468 2532 2559 2598 ⁸⁷⁸,
2587 2542 2642 2587 et
2667 2542 2859 2589 cuncta
2916 2547 3028 2588 sua:
3060 2532 3289 2588 subdere
3321 2532 3535 2596 ditioni,
3565 2547 3692 2586 cum
3716 2531 3775 2561 ¹⁷¹

2196 2629 2388 2682 doctor
2418 2626 2762 2694 evangelicus
2794 2641 2921 2681 suos
2950 2625 3141 2680 doceat
3167 2624 3534 2679 humilitatem
3561 2634 3776 2689 aposto-

2198 2717 2278 2773 los
2322 2718 2506 2774 dicens
2536 2737 2548 2772 :
2580 2716 2756 2786 Reges
2787 2717 3026 2786 gentiqu
3092 2715 3443 2769 dominantur
3479 2729 3695 2779 eorum,
3729 2722 3775 2767 et

2197 2812 2288 2880 qui
2319 2818 2646 2879 potestatem
2681 2807 2883 2863 habent
2911 2823 3077 2877 super
3105 2821 3221 2870 eos,
3245 2805 3471 2862 beneﬁci
3499 2814 3776 2859 vocantur.

2199 2901 2307 2956 Vos
2337 2911 2517 2967 autem
2548 2917 2656 2956 non
2686 2900 2796 2965 sic;
2837 2901 2933 2955 sed
2961 2899 3050 2970 qui
3082 2899 3254 2970 major
3282 2909 3365 2951 est
3411 2897 3464 2951 in
3492 2897 3673 2961 vobis,
3695 2896 3779 2948 ﬁat

2197 2995 2337 3050 sicut
2390 2993 2586 3052 minor,
2619 3000 2671 3047 et
2709 2992 2800 3063 qui
2845 3005 3142 3062 praecessor
3203 2998 3308 3057 est,
3341 2990 3484 3045 sicut
3537 2989 3779 3044 minister

504 3095 626 3134 rum
654 3087 973 3145 conventus,
1014 3078 1067 3132 in
1098 3077 1218 3132 loco
1267 3078 1357 3146 qui
1409 3077 1694 3134 dicebatur
1738 3078 2092 3135 Fontanetum
2123 3105 2167 3166 ς
2199 3087 2356 3160 (Luc.
2388 3103 2524 3150 xxii,
2555 3086 2671 3158 95).

505 3172 680 3241 (114).
706 3172 806 3227 Ubi
838 3187 959 3226 cum
987 3171 1164 3226 triduo
1195 3171 1529 3241 spiritalibus
1553 3183 1815 3228 vacarent
1842 3174 1908 3208 ¹⁶³
1933 3191 2098 3244 nego-

507 3267 650 3329 ciis,
718 3265 932 3320 illorum
985 3264 1361 3332 praestolantes
1420 3265 1735 3331 adventum,
1787 3267 1962 3321 visum
2014 3278 2098 3324 est

509 3361 805 3426 omnibus,
854 3358 1215 3414 temeritatem
1275 3368 1479 3414 tantam
1538 3360 1886 3416 anathemate
1947 3359 2097 3428 justo

509 3453 626 3508 fore
678 3441 1066 3507 mulctandam.
1116 3451 1452 3521 Factumque
1505 3463 1589 3506 est
1621 3452 1716 3506 ita.
1744 3451 1874 3520 Qua:
1911 3443 2093 3508 omnia

509 3543 902 3613 ﬂoceipendens
925 3543 1242 3606 Landnli‘us,
1274 3559 1394 3598 cum
1419 3546 1592 3601 vereri
1617 3545 1896 3614 debuerat,
1923 3550 2097 3620 magis

512 3636 808 3692 extollitur.
839 3635 913 3691 Ex
945 3634 1073 3691 hinc
1117 3635 1454 3691 conviciator
1491 3636 1778 3710 episcopis,
1824 3641 2094 3712 praecipue

2277 3181 2362 3235 11.
2405 3180 2660 3234 Turhinis
2713 3173 2877 3250 igitur
2922 3194 3083 3234 causa
3133 3175 3362 3249 prml‘ati,
3414 3188 3778 3246 smpcuumero

2203 3274 2427 3328 veniunt
2456 3272 2818 3328 Mediolanum
2851 3288 2880 3325 a
2908 3271 3078 3326 Roma
3110 3270 3292 3340 legati,
3330 3269 3581 3323 videlicet
3608 3267 3778 3321 11111111-

2205 3365 2443 3432 prandus
2458 3378 2523 3417 ex
2549 3364 2813 3418 monacho
2828 3379 2886 3417 ca
2897 3362 3118 3416 rdinalis
3139 3361 3581 3423 archidiaconus,
3601 3358 3780 3412 Petrus

2206 3456 2526 3517 "ostiensis,
2546 3456 2832 3510 Anselmus
2855 3455 2920 3487 ¹τ³
2947 3454 3205 3508 Lucensis
3228 3453 3486 3522 episcopi,
3517 3460 3572 3505 et
3602 3449 3778 3518 reliqui

2203 3549 2384 3618 plures
2409 3550 2526 3604 vice
2553 3549 2778 3618 quisque
2805 3564 2897 3602 sua
2927 3547 3096 3618 (117).
3129 3544 3228 3612 Qui
3257 3547 3301 3600 si
3334 3546 3384 3598 in
3418 3541 3778 3600 couveniendo

2204 3641 2457 3712 populum
2488 3641 2773 3712 diligenter
2793 3640 3132 3695 attenderem
3153 3637 3424 3694 dicentem
3447 3636 3778 3708 apostolum:

1770 3771 2001 3828 VARUE
2060 3773 2463 3832 LECTIONES.

586 3914 650 3947 ¹⁶¹
680 3915 778 3970 hoc
806 3913 866 3968 Β.
945 3915 1013 3947 η’
1041 3929 1092 3968 o.
1127 3929 1189 3969 ac
1219 3929 1454 3971 canones
1489 3913 1550 3968 Β.
1627 3913 1963 3982 “"providet
1988 3916 2040 3969 5.
2074 3915 2151 3969 5‘.
2183 3915 2247 3969 Β.
2327 3915 2670 3984 “‘pylalium
2709 3914 2795 3968 Β..
2847 3913 2914 3950 ¹⁶⁹
2940 3911 3278 3984 exortumB.
3311 3913 3374 3984 l._
3403 3919 3600 3984 exorto

586 3985 652 4016 ’⁸⁸
685 3986 886 4039 lanceis
916 3984 978 4039 Β.
1053 3985 1120 4017 ¹⁶τ

515 4066 571 4109 nt
627 4074 728 4110 non
768 4058 808 4110 Β
831 4057 908 4111 2⁸.
990 4056 1058 4088 ⁸⁷⁸
1085 4058 1362 4126 paterinos
1394 4057 1454 4113 Β.

1159 3986 1448 4054 parochias
1483 3986 1542 4039 Β.

1623 3985 1690 4018 ’⁸⁸
1717 3975 1937 4039 vacaret
1973 3987 2025 4039 1.
2055 3985 2130 4039 5‘.
2165 3975 2462 4040 vaeassen't'
2484 3984 2666 4038 I’uric.
2695 3987 2759 4038 de
2789 3987 2986 4038 sanctis
3017 4002 3067 4049 p.
3117 3983 3232 4036 185.

1535 4057 1600 4088 ¹⁷¹
1634 4055 1886 4109 omnibus
1933 4055 2018 4108 5³.
2061 4055 2122 4110 Β.

3313 3982 3379 4014 ¹⁶⁹
3412 3980 3632 4033 favebat
3667 3975 3704 4027 Β
3735 3970 3779 4027 1.

2199 4056 2268 4092 ¹⁷⁸
2297 4074 2390 4125 pro
2422 4073 2545 4108 cum
2583 4087 2654 4096 ——
2679 4057 2866 4110 dicens
2895 4055 2953 4108 Β.
2993 4041 3044 4109 1.
3077 4053 3227 4108 habet
3255 4071 3270 4125 γε
3305 4056 3462 4125 longe
3498 4049 3686 4125 aliter_
3707 4041 3779 4125 inll-

520 4129 682 4181 luente
709 4127 988 4196 evangelio
1017 4113 1274 4196 apostolis
1305 4142 1600 4196 eorumque
1632 4127 1976 4196 sequacibus.
2009 4126 2190 4193 Reges
2214 4113 2314 4180 elc'.
2349 4129 2410 4180 At
2444 4127 2502 4179 I5.
2535 4126 2570 4180 2
2614 4127 2746 4179 Cum
2773 4157 2844 4166 —
2873 4125 3120 4196 Ittiuisler
3156 4122 3367 4196 omittit,
3393 4113 3690 4196 (VestibnsnB

515 4208 563 4248 et
595 4183 936 4266 Puricelldp.
967 4183 1088 4250 189.
1165 4198 1234 4229 ³⁷³
1272 4183 1530 4251 alselmus
1558 4198 1604 4250 l.
1628 4195 1692 4250 ll.
1712 4183 2004 4264 'episcopns
2024 4183 2387 4251 et'Anselmus
2405 4199 2468 4250 de
2496 4197 2728 4260 Badagio
2755 4196 2890 4251 civis
2915 4183 3488 4266 Meiliolatiensis.oliut
3504 4183 3781 4266 ειη-1111111115

515 4268 756 4324 ecclesia:
790 4259 1176 4333 Am'brosiane,
1201 4277 1328 4322 tunc
1354 4282 1484 4322 vero
1507 4259 1769 4321 Lucensis
1788 4259 2094 4338 episcopus,
2128 4277 2182 4322 et
2205 4285 2250 4322 r.
2288 4283 2342 4338 p.
2375 4283 2496 4322 cum
2523 4267 2787 4338 predictis
2827 4265 3187 4321 Mediolanum
3217 4263 3369 4318 missi
3403 4271 3552 4317 sunt.
3589 4259 3655 4313 Β.

2022 4375 2255 4433 NOTAE.

2135 4473 2183 4531 D

587 4468 841 4534 (111)(31.
872 4468 1055 4522 Boniz.
1086 4483 1139 4536 ιν.
1174 4466 1299 4522 805.

593 4539 740 4608 (ll?)
772 4537 856 4593 Cf.
888 4538 1048 4592 verba
1075 4539 1262 4592 statuti
1291 4553 1341 4591 a.
1367 4536 1503 4591 1067
1537 4555 1550 4591 :
1584 4557 1606 4608 «ί
1634 4537 1758 4592 illos
1783 4546 1962 4592 autem
1985 4555 2102 4594 om-

521 4625 618 4664 nes
653 4609 880 4663 clericos
909 4617 962 4661 et
993 4609 1180 4672 laicos,
1209 4609 1299 4678 qui
1339 4616 1526 4664 contra
1566 4607 1891 4664 simoniacos
1921 4621 1974 4664 et
2015 4611 2098 4664 in-

524 4681 863 4734 continentes
894 4677 1143 4744 clericos,
1173 4677 1237 4732 ut
1279 4695 1377 4749 per
1426 4687 1630 4732 rectam
1667 4680 1824 4734 iidem
1874 4695 1942 4734 ne
1985 4681 2100 4734 hare

529 4751 670 4803 mala
706 4751 894 4803 tierent
921 4764 1139 4817 operam
1163 4749 1374 4812 darent,
1401 4749 1748 4820 juravcrunt;
1779 4761 1832 4803 et
1869 4767 1968 4819 per
1999 4751 2103 4805 hoc

525 4820 801 4883 incendia,
826 4821 1270 4890 depraedationes.
1295 4819 1614 4888 sanguinum
1637 4819 1948 4881 effusiones,
1975 4822 2111 4875 mul-

533 4903 722 4959 tasque
762 4891 991 4961 injustas
1017 4891 1304 4946 violentias
1337 4892 1611 4955 iecerunt;
1643 4891 1954 4961 omnimodo
1987 4908 2112 4958 pro-

528 4963 779 5016 hibemus
817 4960 882 5016 ne
912 4961 1026 5015 hare
1069 4962 1300 5016 ulterius
1344 4961 1564 5015 faciant.
1606 4981 1624 5014 )
1660 4960 1726 5014 Et
1761 4961 1903 5015 Petri
1954 4962 2106 5015 Dam.

529 5031 846 5110 relationem
866 5051 894 5110 _:
917 5050 948 5110 _r
977 5032 1208 5101 ldipsum
1237 5031 1610 5112 jusjurandum
1633 5040 1823 5112 contra
1847 5032 2108 5112 simonia-

2641 4354 2654 4380 /

2285 4469 2432 4540 (116)
2463 4468 2708 4524 Andreas
2736 4466 2824 4540 ubi
2860 4465 3127 4540 connubia
3163 4459 3581 4540 clericorum‘vi
3616 4455 3779 4540 populi

2213 4530 2388 4598 deleta
2417 4530 2605 4595 'fuisse
2659 4537 2862 4602 retulit,
2900 4551 2948 4590 c.
2985 4536 3018 4588 8
3059 4536 3127 4589 ita
3187 4533 3398 4600 pergit:
3440 4551 3458 4582 1
3497 4531 3602 4584 Per
3658 4530 3778 4602 idem

2216 4625 2426 4681 tempus
2454 4614 2744 4665 decrevere
2785 4599 2968 4661 ﬁdeles
2997 4599 3222 4659 Romam
3253 4599 3320 4656 ad
3351 4603 3618 4725 sruodum
3659 4599 3779 4654 Lan-

2218 4685 2420 4725 dnlfnm
2454 4683 2686 4725 milli-rte-
2717 4679 2968 4725 mmniam
3011 4685 3067 4725 lll
3111 4689 3204 4725 ρος
3239 4689 3378 4725 metu
3401 4683 3572 4725 ﬂCliel‘
3608 4681 3776 4724 Ctlrllm

2218 4673 2422 4737 dnlfum
2454 4683 2687 4742 mittere,
2717 4679 2968 4747 quoniam
3011 4685 3067 4729 ut
3111 4689 3204 4748 eos
3239 4673 3572 4748 mendaciter
3608 4681 3776 4748 eorum

2215 4754 2393 4808 :cmuli
2440 4741 2781 4812 accusarent,
2829 4749 2918 4802 illo
2949 4747 3260 4816 pergebant.
3298 4742 3468 4816 rQn_o
3512 4741 3780 4795 Placentia:

2217 4827 2500 4879 vulnerato
2543 4821 2794 4875 Arialtlus
2834 4812 3060 4872 Romam
3119 4813 3392 4888 pervenit.
3418 4812 3566 4888 Papa
3618 4819 3776 4888 autem

2221 4914 2240 4947 1
2274 4904 2395 4964 post
2427 4887 2650 4964 multam
2681 4881 3148 4964 honorificentiam
3171 4900 3350 4964 uuam
3381 4883 3480 4951 ipsi
3510 4881 3776 4964 impendit,

2209 4953 2370 5035 jussit
2401 4981 2428 5016 a
2461 4958 3053 5035 quibussaccrtlotjhus
3078 4957 3258 5035 divina
3298 4953 3557 5034 mysteria
3604 4953 3777 5035 dehinc

2217 5023 2560 5095 ἔην-1181131ξῶ
2592 5031 2695 5114 sub
2721 5027 3187 5114 iucvitabilijussu
3212 5024 3258 5078 ci
3293 5023 3637 5114 préeeepil‘ad
3666 5032 3778 5102 opus
