3938 5380
515 145 621 200 51Ξί

1542 150 1848 208 ARNULFI
1888 149 2444 210 MEDIOLANENSIS
2483 153 2753 212 CLElllCl
3687 161 3773 216 516

591 265 678 319 17.
718 263 931 321 Interea
966 265 1219 324 Arialdus
1262 267 1403 325 inter
1447 269 1630 339 plures
1674 272 1811 328 alias
1859 287 1994 342 quas
2025 273 2105 326 in-
2131 279 2178 337 Α
2207 270 2503 342 gelizaverit
2547 281 2741 343 pra'ter
2785 273 2838 325 id
2885 271 3028 343 quod
3069 273 3372 342 accepistis,
3421 274 3774 329 aualltemasu

519 356 755 412 duxerat
800 357 855 412 in
887 359 1172 414 ecclesiam
1219 361 1525 429 novitates,
1557 363 1786 420 letanias
1817 364 1936 419 illas
1971 379 2107 434 quas

514 450 862 504 Ambrosiani
896 459 1017 520 post
1046 451 1418 506 ascensionem
1453 454 1781 508 dominicam
1808 455 2106 524 antiquitus

516 538 873 595 devotissime
922 541 1304 606 celebrant‘“,
1338 543 1451 597 suis
1485 541 1815 613 prazdieabat
1841 544 2104 598 auditori-

518 631 621 686 bus
663 647 826 688 exer
862 635 996 689 n-las
1051 633 1221 704 (1‘27).
1276 635 1428 691 Unde
1479 638 1594 708 ipso
1637 637 1882 692 instante
1930 637 2106 694 triduo

515 722 908 780 dicidcutibus
955 726 1100 781 inter
1152 743 1210 782 se
1259 728 1459 794 turbis,
1508 727 1684 783 factus
1733 736 1818 784 est
1867 729 1920 783 in
1973 729 2106 785 urbe

516 815 820 872 conflictus.
847 818 904 872 In
929 836 1037 889 quo
1062 821 1173 875 Deo
1194 830 1279 876 est
1299 829 1563 890 operante
1589 823 1800 893 fugatus
1823 831 1876 876 et
1906 821 2102 888 victus,

515 909 673 965 caesis
695 911 807 966 suis
830 922 884 967 et
907 912 1212 970 interfectis
1241 916 1514 984 aliquibus
1537 915 1706 980 “28).
1733 915 1899 984 Cujus
1926 926 2105 970 tamen

515 1000 762 1055 consultu
794 1002 1176 1061 Arlembaldns
1211 1017 1409 1076 prteter
1459 1007 1772 1060 innumeras
1802 1020 1938 1075 quas
1970 1005 2105 1062 irro-

516 1096 824 1163 gaverat‘"
855 1097 1004 1154 clero
1051 1097 1318 1168 injurias,
1369 1115 1492 1154 cum
1537 1099 1980 1172 archiepisccpus
2009 1099 2105 1153 de-

514 1185 701 1242 functo
733 1189 929 1243 abbate
957 1192 1129 1246 sancti
1166 1190 1306 1247 Celsi
1352 1191 1582 1248 altertttn
1625 1208 1691 1248 ex
1744 1207 1894 1246 more
1924 1194 2106 1262 provi-

514 1279 665 1334 deret
691 1281 1088 1347 ordinandum,
1121 1284 1337 1354 penitus
1367 1283 1646 1340 interdicit
1667 1285 1733 1316 ¹⁸ε
1766 1295 1950 1356 spreto
1983 1285 2101 1349 illo,

513 1368 744 1424 alterum
767 1369 880 1439 jam
909 1383 1290 1428 consecratum
1323 1375 1467 1444 (129)
1500 1377 1721 1429 omnino
1745 1375 2104 1444 contempnit,

514 1473 735 1515 armans
783 1473 975 1516 contra
1031 1463 1176 1518 illum
1248 1466 1640 1522 monachorum
1699 1483 1820 1520 cum
1887 1465 2105 1521 famulis

511 1551 995 1621 conspirationem.
1023 1554 1201 1608 Alium
1237 1571 1361 1611 vero
1406 1572 1436 1610 a
1483 1557 1734 1612 cceuobio
1767 1558 1941 1613 sancti
1977 1556 2104 1611 Vin-

2208 360 2353 435 (Gal.
2382 379 2418 428 ι,
2443 363 2519 436 9).
2537 362 2662 420 Haec
2680 363 2823 419 enim
2848 363 3089 420 dicentes
3111 379 3216 418 non
3241 365 3600 420 adversamur
3624 367 3773 432 vobis,

2208 469 2241 508 o
2274 453 2519 509 seniores
2556 453 2815 522 Romani,
2845 469 2970 510 cum
2995 454 3255 524 magister
3281 464 3468 509 noster
3499 454 3646 509 dicat
3675 459 3778 509 Ata-

2206 545 2425 601 brosius
2458 564 2471 600 :
2505 545 2674 616 Cupio
2707 547 2762 601 in
2792 546 3036 601 omnibus
3059 548 3202 618 sequi
3227 545 3606 602 Romanam‘"
3634 549 3774 604 eccle-

2207 638 2364 690 siam.
2403 636 2693 692 Vobiscum
2721 637 2868 692 enim
2915 637 3219 697 credimus,
3267 636 3548 692 vobiscum
3581 649 3778 692 cunctas

2208 727 2446 782 hcerescs
2487 728 2834 793 abdicamus;
2885 728 2980 782 sed
3029 728 3245 782 videtur
3283 728 3442 782 nobis
3491 738 3700 792 ratum,
3733 743 3778 783 ut

2201 819 2290 891 jus
2337 821 2767 878 ecclesiasticum
2817 822 3008 878 doctor
3063 820 3315 877 exhibeat
3360 821 3776 887 ecclesiasticus,

2209 928 2314 966 tton
2343 913 2524 982 ytliota
2557 910 2766 984 laycus.

2279 1006 2366 1062 18.
2410 1006 2505 1062 llis
2549 1007 2770 1074 diebus,
2824 1008 3134 1065 declinante
3173 1005 3288 1078 jam
3319 1022 3450 1062 vere
3480 1008 3594 1078 (an.
3629 1009 3777 1074 1066,

2206 1101 2337 1167 Apr.
2366 1096 2520 1167 Mai),
2552 1098 2759 1154 mensis
2785 1099 2948 1154 unius
2969 1099 3142 1168 spatio
3161 1099 3338 1154 tlirum
3363 1114 3617 1169 sparsere
3639 1099 3780 1169 jnbar

2207 1187 2549 1243 ardentes”8
2598 1190 2653 1244 in
2693 1189 2831 1244 coelo
2877 1199 3136 1255 cometa};
3208 1189 3524 1260 frequentes
3590 1205 3780 1259 quoque

2211 1287 2558 1334 terrmmctus
2589 1280 2789 1335 mundo
2832 1278 3015 1346 fuere,
3046 1280 3204 1335 adeo
3229 1289 3290 1334 ιιι
3330 1281 3418 1334 tlie
3451 1282 3570 1349 ipso
3619 1296 3780 1334 resur-

2208 1371 2475 1427 rectionis
2524 1371 2810 1426 dominicm
2837 1371 2922 1426 bis
2951 1372 3139 1438 fieret,
3181 1388 3340 1428 mane
3371 1373 3582 1428 scilicet
3610 1382 3660 1428 et
3681 1388 3782 1428 ves-

2207 1478 2335 1535 pere
2366 1464 2512 1535 (159)
2549 1466 2658 1534 (an.
2702 1464 2866 1527 1065,
2898 1463 3061 1520 Mart.
3091 1465 3208 1535 27).

2280 1557 2368 1612 19.
2410 1556 2654 1612 Ριωρωί.
2683 1568 2808 1612 tunc
2837 1559 3095 1628 tentporis
3121 1559 3304 1614 Roma:
3337 1559 3643 1614 Alexander
3669 1575 3780 1630 apo-

510 1643 676 1696 ceutii
719 1645 876 1697 modo
917 1645 1132 1717 repellit
1159 1649 1352 1702 eodem
1383 1648 1562 1719 (150),
1601 1650 1928 1720 symoniacte
1959 1648 2105 1703 ordio
2139 1637 2182 1697 Β
2210 1649 2460 1707 stolicus.
2513 1666 2581 1705 ex
2628 1649 3012 1705 Mediolanensi
3062 1651 3209 1706 clero
3255 1651 3502 1707 ecclesia:
3545 1651 3783 1706 Lucensis

511 1734 749 1788 nationis
798 1751 1030 1807 arguens
1076 1738 1212 1793 illos.
1270 1739 1410 1806 Quid
1465 1739 1655 1810 plura?
1703 1750 1895 1794 cuncta
1945 1739 2108 1794 simul

511 1839 740 1897 usurpat
771 1829 1145 1886 coclesiastica
1190 1830 1350 1901 jura,
1384 1833 1611 1904 expulso
1649 1833 1716 1888 ab
1749 1834 1881 1888 urbe
1930 1834 2109 1904 ponti-

511 1921 644 1986 fice,
675 1921 828 1990 cujus
860 1922 1040 1978 fuerat
1084 1942 1112 1980 a
1146 1925 1593 1998 progenitoribus
1624 1927 1778 1982 miles
1829 1927 1961 1996 ipse.
2009 1925 2107 1981 Mi-

510 2011 679 2066 rabile
714 2014 1019 2086 prodigium
1043 2057 1058 2082 ,
1092 2033 1195 2072 nec
1227 2018 1471 2073 auditum
1518 2035 1694 2090 neque
1726 2019 1899 2073 visum
1943 2035 1973 2072 a
2008 2034 2106 2074 sa:-

510 2102 661 2157 culo!
695 2103 788 2159 Set
812 2107 1136 2173 mirabilius,
1166 2111 1308 2178 quod
1336 2110 1612 2165 Rullianus
1646 2111 1712 2142 “‘9
1754 2110 1897 2171 favet
1919 2125 2107 2164 ascen-

510 2208 622 2248 sus.
678 2194 831 2262 Quod
885 2198 1100 2267 quidem
1148 2200 1330 2255 multis
1381 2201 1642 2271 probatur
1691 2202 1931 2269 indiciis,
1980 2217 2103 2256 cum

511 2299 888 2355 saepenumero
921 2291 1210 2346 mittantur
1236 2294 1282 2346 ei
1323 2293 1622 2361 legationes
1652 2303 1706 2349 et
1749 2294 1941 2350 littera:
1969 2310 2102 2365 ape-

510 2377 722 2434 stolicis
758 2392 1071 2458 pl‘iBIIOIaItB
1100 2386 1291 2456 sigillis
1322 2387 1504 2458 (151),
1551 2389 1748 2458 quibus
1792 2390 2012 2454 fatetur,
2042 2405 2101 2444 se

510 2471 563 2523 in
613 2473 724 2526 suis
768 2475 936 2546 gestis
974 2477 1319 2534 Romanis‘90
1365 2482 1743 2550 obtemperare
1788 2483 2094 2553 praeceptis.

510 2559 624 2627 Qua
651 2564 795 2619 velut.
824 2568 1152 2624 auctoritate
1192 2569 1408 2626 suffulta
1459 2573 1570 2643 ipsa
1618 2572 1980 2643 vulgalitasm
2013 2590 2095 2645 sy-

511 2653 758 2710 moniaca
807 2660 1097 2714 occasione
1148 2661 1326 2717 divina
1361 2673 1652 2719 execratur
1707 2663 1924 2729 ofﬁcia,
1975 2680 2096 2720 cum

511 2745 640 2812 quid
667 2747 734 2800 sit
767 2749 1182 2808 inter'dextram
1205 2764 1258 2807 et
1285 2755 1583 2818 sinistram,
1613 2771 1837 2825 prorsus
1861 2757 2095 2827 ignoret.

507 2832 776 2890 Praeterea
809 2839 1155 2909 gloriatur'”
1203 2844 1586 2901 Arlembaldus
1638 2847 1808 2910 idem,
1858 2849 1928 2903 ab
1984 2848 2096 2917 ipsa

509 2927 683 2982 Ruina
705 2931 770 2961 ¹⁹³
800 2933 1052 2987 bellicum
1083 2938 1259 2991 sancti
1285 2937 1430 2992 Petri
1461 2955 1520 2993 se
1542 2939 1817 3009 accepisse
1840 2939 2092 2994 vexillum

2209 1743 2386 1812 primo
2410 1741 2585 1797 factus
2606 1742 2920 1813 cpisc0pus;
2947 1757 3180 1813 cumque
3202 1743 3336 1798 satis
3363 1742 3500 1797 foret
3528 1743 3780 1812 ydoneus,

2208 1833 2559 1904 apostolicam
2585 1834 2781 1888 deinde
2805 1834 3104 1903 promeruit
3132 1834 3474 1905 dignitatem,
3491 1832 3784 1889 Alexander

2208 1924 2274 1979 de
2302 1925 2559 1980 Anselmo
2590 1925 2958 1994 vocatuslau.
2993 1924 3159 1986 1061,
3186 1924 3306 1981 Oct.
3341 1926 3420 1994 1).
3452 1924 3589 1980 Huic
3619 1924 3782 1978 sttuim

2208 2018 2447 2073 surrexit
2480 2017 2830 2074 adversarius
2858 2017 3208 2072 Cadalousm
3235 2017 3549 2073 Parmensis
3593 2018 3783 2087 episco-

2206 2127 2308 2181 pus
2349 2110 2687 2165 institutione
2719 2110 2865 2179 regis
2894 2124 2958 2164 ac
3001 2109 3195 2164 matris
3231 2119 3474 2179 augustm
3500 2124 3635 2179 papa
3665 2123 3786 2161 tum-

2205 2211 2436 2271 cnpatus
2466 2200 2608 2272 (Oct.
2639 2199 2756 2270 9.8).
2789 2200 2889 2267 Qui
2927 2201 3201 2256 hostiliter
3229 2200 3458 2255 Romam
3490 2201 3654 2264 adiit,
3679 2209 3782 2270 post

2207 2293 2432 2347 multam
2491 2293 2907 2349 interfectorum
2965 2301 3206 2362 stragem
3258 2295 3430 2362 usque
3481 2293 3550 2347 ad
3617 2307 3782 2347 muros

2206 2384 2370 2440 Urbis
2414 2384 2706 2440 Alexandri
2757 2394 3079 2455 prosecutus
3123 2378 3426 2441 exercitum
3477 2386 3592 2453 (an.
3628 2385 3779 2447 1069..

2204 2479 2380 2547 Aph}.
2416 2477 2683 2547 Tempore
2714 2485 2837 2546 post
2865 2477 2973 2532 alio
2999 2479 3110 2548 (an.
3142 2477 3300 2549 1063)
3325 2519 3338 2542 ,
3361 2479 3704 2547 quorundam
3723 2494 3780 2532 ex

2204 2567 2350 2623 Urbe
2400 2582 2501 2636 ope
2535 2576 2588 2621 et
2619 2567 2911 2634 conseilio,
2950 2566 3178 2622 Romam
3216 2583 3378 2637 quam
3433 2567 3640 2624 Novam
3678 2583 3783 2638 per-

2203 2661 2392 2716 hibent
2417 2661 2716 2731 ingressus,
2731 2661 3054 2716 conscendit
3076 2675 3256 2715 arcem
3276 2661 3603 2718 Crescentii.
3619 2662 3781 2716 Factis
3841 2673 3848 2680 ·

2203 2752 2364 2822 igitur
2392 2753 2444 2806 in
2484 2749 2628 2806 Urbe
2660 2751 2938 2822 partibus,
2985 2739 3212 2807 cottidie
3257 2751 3412 2808 bellis
3443 2752 3582 2808 bella
3616 2769 3784 2808 succe-

2201 2844 2357 2898 dunt.
2373 2843 2456 2898 Ad
2475 2842 2726 2897 ultimum
2741 2852 2864 2912 post
2878 2843 3166 2900 diuturnos
3187 2845 3476 2913 variosque
3513 2845 3783 2900 conﬂictus

2207 2937 2436 2992 recessit
2496 2951 2765 3003 mmrens,
2836 2936 3096 2992 confusus
3159 2946 3216 2992 et
3273 2937 3484 3002 victus,
3541 2953 3783 2993 concessa

509 3031 701 3074 contra
753 3038 943 3078 omnes
1010 3027 1111 3080 sibi
1174 3030 1540 3085 adversantes.
1597 3032 1752 3098 Quod
1802 3048 2098 3102 appensttm
2128 3020 2171 3080 Ο
2203 3029 2514 3086 Alexandro
2559 3029 2808 3085 victoria.
2855 3028 2938 3083 Ad
2985 3044 3146 3098 quem
3213 3029 3280 3085 de
3333 3031 3588 3098 praesenti
3636 3046 3784 3100 nego-

512 3107 741 3176 lancere,
771 3113 1186 3172 homicidiorum
1236 3120 1448 3174 videtur
1478 3121 1772 3187 indicium;
1807 3139 1932 3177 cmn
1973 3138 2100 3192 pro-

512 3199 655 3255 fecto
687 3204 841 3258 nefas
889 3206 960 3260 sit
1012 3208 1202 3261 talem
1235 3211 1437 3280 aliquid
1486 3215 1749 3284 suspicari
1797 3215 1864 3270 de
1909 3215 2096 3284 l’etro,

513 3295 691 3347 aut‘"
720 3297 866 3352 aliud
898 3300 1151 3356 habuisse
1184 3304 1438 3360 vexillum
1487 3316 1684 3376 praeter
1725 3309 1867 3378 quod
1914 3311 2098 3364 datum

513 3396 598 3441 est
627 3388 679 3443 in
706 3393 983 3462 cvangelio
1014 3414 1025 3448 :
1055 3394 1158 3460 Qui
1184 3399 1290 3452 vult
1313 3408 1427 3468 post
1474 3417 1554 3454 me
1586 3401 1858 3466 venirem,
1886 3404 2101 3472 abneget

513 3483 878 3551 semetipsum,
916 3497 963 3539 et
1001 3487 1150 3542 tollat
1200 3506 1405 3544 crucem
1445 3509 1598 3546 suam
1629 3503 1676 3546 et
1711 3504 1960 3564 sequatur
1990 3512 2101 3559 me,

513 3569 647 3625 dicit
675 3575 934 3632 Dominus
983 3579 1198 3647 (Matth.
1235 3599 1356 3646 xvi,
1395 3583 1506 3655 24).
1561 3584 1840 3651 Fideliter,
1883 3595 1939 3641 et
1981 3587 2102 3642 ideo

513 3663 851 3722 conﬁdenter
885 3670 1158 3740 loquimur
1192 3691 1205 3728 :
1249 3677 1489 3730 cavenda
1538 3689 1619 3731 est
1665 3677 1980 3732 doctoribus
2009 3677 2106 3732 ab-

513 3755 690 3813 solute
715 3760 921 3828 prolata
965 3762 1117 3819 Pauli
1153 3768 1422 3822 sententia
1459 3787 1471 3822 :
1505 3766 1565 3824 Si
1609 3771 1726 3840 quis
1770 3769 1912 3824 vobis
1943 3786 2100 3823 evan-

2203 3125 2278 3179 tio
2327 3123 2714 3179 consulendum
2769 3122 2994 3178 Romam
3041 3121 3318 3192 profectus
3359 3131 3444 3178 est
3489 3123 3780 3179 Arlemhal-

2203 3217 2303 3272 dus
2336 3215 2730 3288 (l55),Arialdo
2753 3215 2972 3270 interim
3000 3214 3213 3269 furente
3258 3215 3311 3268 in
3335 3213 3644 3284 praesulem,
3671 3232 3786 3270 con-

2201 3309 2422 3365 citando
2455 3310 2668 3364 turbam
2697 3307 2910 3364 civilem
2937 3315 2994 3363 et
3022 3316 3312 3376 agrestem.

2273 3399 2362 3459 20.
2404 3400 2636 3455 Delinito
2665 3399 2878 3455 tandem
2909 3398 3168 3454 conscilio
3200 3397 3418 3454 rediens
3451 3398 3578 3468 (ο.
3608 3398 3778 3467 1066).

2203 3491 2782 3547 excommunicatiouis
2839 3491 3050 3546 litteras
3109 3490 3302 3546 detulit
3359 3489 3778 3563 archiepicpo.

2205 3585 2356 3653 Quod
2384 3584 2626 3654 pluribus
2651 3584 2722 3616 '°°
2749 3583 2954 3652 grande
2998 3583 3172 3638 visum
3203 3591 3288 3636 est
3325 3581 3566 3637 civitatis
3595 3583 3781 3652 obpro-

2205 3677 2404 3730 brium.
2440 3674 2592 3730 Uude
2621 3674 2824 3730 factum
2857 3682 2984 3741 est,
3038 3682 3097 3728 ut
3139 3675 3193 3728 in
3242 3672 3330 3728 die
3375 3682 3568 3729 sancto
3608 3686 3782 3744 pente-

2205 3778 2392 3824 costen
2427 3769 2723 3840 procedens
2745 3768 2972 3823 antistes
2995 3766 3061 3821 ad
3092 3765 3362 3837 publicum
3398 3769 3782 3824 conscenderet

1842 3951 2075 4008 V'ABI/E
2115 3951 2520 4008 LECTIONES.

585 4099 1039 4175 "{cdenrabant
1062 4106 1119 4159 Β.
1156 4105 1298 4160 Mur.
1378 4107 1443 4140 ⁸⁸⁷
1459 4117 1775 4175 erogaverat
1807 4107 1844 4160 Β
1876 4108 1926 4162 1.

513 4169 785 4249 Λιιείιιιιιίλ
811 4176 900 4249 qui
925 4176 1034 4243 jam
1054 4177 1362 4249 Alexander
1389 4169 1658 4232 secundus
1683 4179 1990 4244 (dicebatur
2019 4179 2165 4232 addit
2196 4179 2237 4232 Β
2264 4180 2321 4232 2‘
2354 4169 2403 4249 'et
2447 4176 2660 4249 Puric.)
2693 4169 2835 4232 favei
2869 4169 3094 4232 ascn'sus
3127 4176 3186 4230 Β.

1507 4249 1659 4302 "‘ita
1688 4249 1712 4302 1
1748 4249 2042 4319 vnlgaritas
2071 4249 2185 4304 rell.

1765 4320 1964 4374 “‘ven.
1993 4336 2048 4391 p.
2081 4337 2166 4376 tne
2197 4321 2252 4374 5.

512 4255 706 4314 perure
751 4243 812 4296 Β.
837 4245 1214 4314 obtemperare
1246 4247 1428 4301 Puric.

518 4311 701 4385 fffulia
724 4330 910 4385 manus
935 4311 1184 4385 supplevit
1220 4317 1267 4372 l.

516 4380 586 4410 '°°
617 4384 760 4450 quod
785 4399 814 4436 a
838 4383 910 4453 pl.
945 4380 1006 4438 Β.

1369 4320 1590 4374 m"haud
1624 4321 1684 4374 Β.

2005 4108 2140 4162 "‘a.
2175 4122 2326 4163 more
2353 4108 2792 4178 predecessorum
2820 4123 2871 4178 p.
2904 4121 2957 4161 o.
2988 4122 3040 4176 p.
3073 4105 3352 4178 interdixit
3388 4103 3450 4157 Β.

3534 4104 3600 4136 m
3639 4099 3780 4169 Quod

3266 4176 3333 4207 ¹⁹⁰
3349 4174 3632 4246 papalibus
3664 4183 3780 4246 tem-

2834 4249 2902 4281 ⁸⁸³
2919 4249 2987 4302 ah
3030 4247 3324 4317 apostolico
3350 4243 3688 4317 'Alexandro
3729 4243 3777 4317 l_3.

2263 4248 2674 4317 mgloriabatur
2702 4251 2756 4302 5.
2834 4249 2902 4281 ⁸⁸³
2919 4249 2987 4302 ab
3030 4248 3324 4317 apostolico
3378 4248 3688 4299 Alexandro
3729 4248 3777 4294 Β.

2333 4320 2397 4352 ⁸⁸⁷
2415 4319 2478 4374 11.
2509 4337 2555 4374 s.
2579 4319 2612 4374 5
2639 4320 2679 4374 Β
2703 4320 2760 4374 2.
2837 4319 2904 4351 ¹⁹⁸
2916 4318 3139 4374 ardente
3163 4317 3305 4372 Mur.
3363 4316 3433 4349 ³⁸⁸
3448 4313 3710 4372 candolus
3727 4312 3780 4366 Β.

2333 4319 2478 4374 ⁸⁸⁷11.
2509 4337 2555 4375 s.
2579 4319 2612 4374 5
2639 4320 2679 4374 Β
2703 4320 2760 4377 Ξ.

2003 4461 2232 4519 ΝΟΤᾸΕ.

587 4546 734 4625 (12])
773 4547 846 4602 De.
871 4549 956 4625 hi_s
979 4550 1102 4625 fuse
1123 4552 1232 4623 egit
1258 4552 1580 4625 Fumagalli,
1622 4553 1751 4625 Ant.
1779 4553 1948 4625 Long.
1982 4555 2091 4609 Mil.
2126 4557 2175 4618 D

515 4616 579 4670 Ill
628 4617 732 4694 22$)
783 4633 866 4694 sq.
913 4619 1122 4694 Jejunia
1156 4616 1361 4678 fautum
1409 4616 1476 4678 al)
1523 4616 1744 4678 Arialdo
1793 4616 2093 4694 improbata

514 4704 668 4751 esse,
695 4690 942 4765 Andreas
976 4690 1149 4748 refert
1177 4712 1226 4750 c.
1257 4695 1360 4757 21,
1406 4706 1459 4749 et
1505 4695 1707 4749 Bonizo
1738 4711 1792 4765 p.
1833 4690 1970 4760 808,
2005 4696 2096 4765 qui

514 4761 1074 4887 i-tnn‘paucisggiebus
1118 4775 1239 4827 post
1287 4765 1568 4836 expulsum
1611 4761 1753 4822 esse’
1777 4776 1991 4834 narrat;
2023 4761 2096 4823 cf.

541 4847 646 4883 ,τιιιι
674 4870 685 4882 .
717 4847 774 4886 111
799 4874 811 4887 .
917 4875 930 4887 .

541 4847 685 4883 λιιιιι.
717 4847 811 4890 111.
845 4847 930 4888 ΰυ.

590 4903 736 4973 (19.8)
779 4904 1108 4961 Canonicam
1157 4907 1276 4962 scil.
1309 4908 1377 4961 ab
1417 4907 1638 4961 Arialdo
1685 4906 1989 4962 institutam
2020 4907 2099 4962 di-

517 4973 1004 5048 ripueruntalla'c
1058 4989 1110 5030 ut
1158 4978 1345 5032 nobilis
1392 4977 1798 5031 "erlembnldus
1845 4981 2102 5048 ceterique

515 5043 694 5110 fideles
726 5046 968 5110 audiere,
1007 5050 1228 5117 sumptis
1257 5050 1416 5101 armis
1444 5051 1498 5100 in
1525 5049 1780 5101 audacem
1823 5043 2024 5116 plebem
2049 5059 2095 5100 et

516 5117 850 5170 (eruet-ariam
892 5119 1124 5183 irruere;
1149 5136 1278 5189 quos
1313 5121 1549 5188 protinus
1579 5120 1655 5172 sic
1689 5121 2094 5189 exterminavcre

517 5199 694 5240 omnes
755 5191 908 5252 quasi
956 5202 1123 5244 essent
1163 5187 1442 5245 rilissintw
1469 5190 1710 5258 pecudes.
1742 5187 1826 5240 Im
1858 5207 1975 5244 cum
2007 5189 2112 5243 vir-

515 5263 624 5329 tute
636 5273 865 5328 magnua
880 5271 926 5314 et
943 5272 1194 5329 potestate
1210 5262 1277 5315 ad
1293 5261 1563 5314 ecclesiam
1583 5258 1815 5329 major-eo
1833 5263 2105 5323 venientes,

517 5327 765 5380 violenter
791 5332 856 5380 ab
883 5327 1056 5380 impiis
1088 5331 1348 5380 abstulere
1374 5330 1622 5380 nuicauid
1646 5327 1710 5380 de
1741 5328 1898 5380 domo
1928 5330 2109 5380 Domi-

2273 4553 2419 4624 (151)
2459 4553 2824 4626 Epistolarum
2849 4553 2997 4626 clero
3019 4562 3074 4626 et
3096 4550 3292 4622 populo
3321 4549 3464 4608 Med.
3493 4548 3776 4626 missarum

2201 4618 2321 4696 post
2365 4618 2484 4698 sjm.
2512 4618 2676 4679 Rom.
2728 4642 2782 4678 ει.
2832 4625 2970 4706 106ς)
3021 4618 3320 4704 fragmenta
3369 4636 3420 4674 ν.
3471 4634 3562 4688 ap.
3619 4618 3776 4672 Mansi

2202 4699 2368 4746 (Iona.
2406 4696 2554 4746 XIX.
2605 4711 2658 4746 ο.
2709 4695 2844 4746 978.
2893 4694 3019 4746 949.
3069 4693 3290 4746 Artaldo
3340 4701 3393 4745 et
3443 4688 3778 4744 Arlcmbaldo

2202 4694 2554 4762 ConcfXIX,
2605 4711 2658 4766 p.
2709 4695 2844 4760 978,
2893 4694 3019 4750 979.
3069 4694 3290 4747 Arialdo
3340 4701 3393 4745 et
3443 4694 3775 4744 Arlcmbaldo

2202 4766 2809 4849 Petrus‘Da'm..direxi_t
2842 4764 3194 4849 epistolasny:
3564 4769 3775 4849 ‘dum

2277 4839 2422 4907 (152)
2467 4839 2528 4894 V.
2577 4838 2718 4891 Ann.
2770 4831 2997 4905 August.
3053 4834 3213 4889 1067.
3267 4833 3504 4907 (ξςιηιριω
3565 4831 3775 4907 plurimi

2207 4901 2482 4963 annalium
2519 4908 2815 4977 scriptores
2859 4901 3242 4977 meminerunt.
3269 4903 3352 4977 _V.
3384 4903 3526 4977 Ann.
3562 4901 3775 4977 Betrcvn

2207 4980 2264 5032 S.
2301 4979 2554 5034 Germani
2600 4969 2873 5042 minores,
2908 4976 3216 5042 Latnberti,
3267 4972 3551 5037 Bernoldi,
3580 4981 3635 5024 et
3660 4969 3778 5024 Ber-

2210 5050 2374 5104 tholdi
2409 5050 2498 5120 qui
2527 5047 2718 5117 plurali
2750 5048 3197 5120 numeroAutitur.

2271 5112 2619 5194 (133)'7Te'_ste
2645 5120 2858 5194 Andrea
2897 5134 2948 5173 c.
2981 5115 3377 5194 25.__Arialdt_ts_
3399 5128 3524 5194 eum
3554 5112 3775 5194 neophy-

2213 5185 2296 5245 tos
2320 5185 2496 5260 pretio
2520 5190 2646 5260 dato
2676 5205 2704 5243 a
2732 5189 2964 5244 Widone
3004 5188 3247 5260 ordinari
3289 5186 3529 5260 videret,
3577 5185 3772 5260 litteras

2210 5255 2534 5330 per-manus
2589 5259 2949 5314 Herlembaldi
3003 5259 3073 5314 ad
3149 5258 3491 5330 apostolicum
3523 5255 3770 5330 direxit,

2209 5326 2467 5380 nucleum
2495 5333 2604 5380 inse
2626 5331 2924 5380 decerneret
2950 5330 3077 5380 auid
3108 5326 3438 5380 de’Guidone
3462 5326 3704 5380 adultero
3729 5329 3770 5372 et
