  <div class='ocr_page' id='page_1' title='image "/cluster/home/n/w/nwhite01/storage/ocr_20150623/147/hvd.32044010574002/164.png"; bbox 0 0 3938 5380; ppageno 0'>
   <div class='ocr_carea' id='block_1_1' title="bbox 72 273 172 330">
    <p class='ocr_par' dir='ltr' id='par_1_1' title="bbox 72 273 172 330">
     <span class='ocr_line' id='line_1_1' title="bbox 72 273 172 330; baseline -0.03 1"><span class='ocrx_word' id='word_1_1' title='bbox 72 273 172 330; x_wconf 76' lang='grc'><strong>517</strong></span> 
     </span>
    </p>
   </div>
   <div class='ocr_carea' id='block_1_2' title="bbox 81 397 1718 469">
    <p class='ocr_par' dir='ltr' id='par_1_2' title="bbox 81 397 1718 469">
     <span class='ocr_line' id='line_1_2' title="bbox 81 397 1718 469; baseline -0.001 -14"><span class='ocrx_word' id='word_1_2' title='bbox 81 400 310 456; x_wconf 71' lang='lat' dir='ltr'><strong>ecclesiae</strong></span> <span class='ocrx_word' id='word_1_3' title='bbox 330 397 615 469; x_wconf 75' lang='lat' dir='ltr'><strong>pulpitum,</strong></span> <span class='ocrx_word' id='word_1_4' title='bbox 641 406 931 468; x_wconf 85' lang='lat' dir='ltr'><strong>qnesturus</strong></span> <span class='ocrx_word' id='word_1_5' title='bbox 959 398 1101 468; x_wconf 88' lang='lat' dir='ltr'><strong>quod</strong></span> <span class='ocrx_word' id='word_1_6' title='bbox 1133 399 1404 454; x_wconf 87' lang='lat' dir='ltr'><strong>acciderat</strong></span> <span class='ocrx_word' id='word_1_7' title='bbox 1434 401 1641 455; x_wconf 86' lang='lat' dir='ltr'><strong>incom-</strong></span> <span class='ocrx_word' id='word_1_8' title='bbox 1672 406 1718 465; x_wconf 74' lang='grc' dir='ltr'><strong>Α</strong></span> 
     </span>
    </p>
   </div>
   <div class='ocr_carea' id='block_1_3' title="bbox 84 488 1646 560">
    <p class='ocr_par' dir='ltr' id='par_1_3' title="bbox 84 488 1646 560">
     <span class='ocr_line' id='line_1_3' title="bbox 84 488 1646 560; baseline -0.001 -14"><span class='ocrx_word' id='word_1_9' title='bbox 84 491 287 546; x_wconf 88' lang='lat' dir='ltr'><strong>modum</strong></span> <span class='ocrx_word' id='word_1_10' title='bbox 319 489 470 560; x_wconf 83' lang='lat' dir='ltr'><strong>(Jun.</strong></span> <span class='ocrx_word' id='word_1_11' title='bbox 499 488 577 557; x_wconf 74' lang='grc'><strong>4).</strong></span> <span class='ocrx_word' id='word_1_12' title='bbox 607 488 850 560; x_wconf 89' lang='lat' dir='ltr'><strong>Cumque</strong></span> <span class='ocrx_word' id='word_1_13' title='bbox 875 498 1047 544; x_wconf 97' lang='lat' dir='ltr'><strong>staret</strong></span> <span class='ocrx_word' id='word_1_14' title='bbox 1071 506 1138 545; x_wconf 81' lang='lat' dir='ltr'><strong>ex</strong></span> <span class='ocrx_word' id='word_1_15' title='bbox 1175 492 1404 546; x_wconf 89' lang='lat' dir='ltr'><strong>adverso</strong></span> <span class='ocrx_word' id='word_1_16' title='bbox 1431 492 1646 546; x_wconf 83' lang='lat' dir='ltr'><strong>Arlem-</strong></span> 
     </span>
    </p>
   </div>
   <div class='ocr_carea' id='block_1_4' title="bbox 81 581 1646 650">
    <p class='ocr_par' dir='ltr' id='par_1_4' title="bbox 81 581 1646 650">
     <span class='ocr_line' id='line_1_4' title="bbox 81 581 1646 650; baseline -0.001 -12"><span class='ocrx_word' id='word_1_17' title='bbox 81 582 258 638; x_wconf 85' lang='lat' dir='ltr'><strong>baldus</strong></span> <span class='ocrx_word' id='word_1_18' title='bbox 292 597 415 637; x_wconf 91' lang='lat' dir='ltr'><strong>cum</strong></span> <span class='ocrx_word' id='word_1_19' title='bbox 445 581 668 635; x_wconf 83' lang='lat' dir='ltr'><strong>Arialdo</strong></span> <span class='ocrx_word' id='word_1_20' title='bbox 691 621 705 645; x_wconf 93' lang='lat'><strong>,</strong></span> <span class='ocrx_word' id='word_1_21' title='bbox 739 595 1093 650; x_wconf 70' lang='lat' dir='ltr'><strong>responsurus</strong></span> <span class='ocrx_word' id='word_1_22' title='bbox 1125 581 1354 647; x_wconf 86' lang='lat' dir='ltr'><strong>auditis,</strong></span> <span class='ocrx_word' id='word_1_23' title='bbox 1398 582 1456 636; x_wconf 89' lang='lat' dir='ltr'><strong>lit</strong></span> <span class='ocrx_word' id='word_1_24' title='bbox 1480 584 1646 637; x_wconf 76' lang='lat' dir='ltr'><strong>velte-</strong></span> 
     </span>
    </p>
   </div>
   <div class='ocr_carea' id='block_1_5' title="bbox 81 672 1646 743">
    <p class='ocr_par' dir='ltr' id='par_1_5' title="bbox 81 672 1646 743">
     <span class='ocr_line' id='line_1_5' title="bbox 81 672 1646 743; baseline 0.001 -15"><span class='ocrx_word' id='word_1_25' title='bbox 81 690 227 728; x_wconf 85' lang='lat' dir='ltr'><strong>mens</strong></span> <span class='ocrx_word' id='word_1_26' title='bbox 272 673 325 727; x_wconf 92' lang='lat' dir='ltr'><strong>in</strong></span> <span class='ocrx_word' id='word_1_27' title='bbox 365 672 519 743; x_wconf 85' lang='lat' dir='ltr'><strong>plebe</strong></span> <span class='ocrx_word' id='word_1_28' title='bbox 552 673 840 737; x_wconf 89' lang='lat' dir='ltr'><strong>tumultus,</strong></span> <span class='ocrx_word' id='word_1_29' title='bbox 892 674 1121 729; x_wconf 87' lang='lat' dir='ltr'><strong>diversis</strong></span> <span class='ocrx_word' id='word_1_30' title='bbox 1149 675 1361 730; x_wconf 88' lang='lat' dir='ltr'><strong>diversa</strong></span> <span class='ocrx_word' id='word_1_31' title='bbox 1404 676 1646 730; x_wconf 87' lang='lat' dir='ltr'><strong>claman-</strong></span> 
     </span>
    </p>
   </div>
   <div class='ocr_carea' id='block_1_6' title="bbox 82 761 1646 834">
    <p class='ocr_par' dir='ltr' id='par_1_6' title="bbox 82 761 1646 834">
     <span class='ocr_line' id='line_1_6' title="bbox 82 761 1646 834; baseline 0.001 -18"><span class='ocrx_word' id='word_1_32' title='bbox 82 764 236 817; x_wconf 90' lang='lat' dir='ltr'><strong>tibus.</strong></span> <span class='ocrx_word' id='word_1_33' title='bbox 281 761 361 814; x_wconf 86' lang='lat' dir='ltr'><strong>Ad</strong></span> <span class='ocrx_word' id='word_1_34' title='bbox 394 762 641 816; x_wconf 90' lang='lat' dir='ltr'><strong>ultimum</strong></span> <span class='ocrx_word' id='word_1_35' title='bbox 672 762 830 817; x_wconf 79' lang='lat' dir='ltr'><strong>factis</strong></span> <span class='ocrx_word' id='word_1_36' title='bbox 859 764 926 794; x_wconf 81' lang='grc'><strong>¹⁰¹</strong></span> <span class='ocrx_word' id='word_1_37' title='bbox 961 763 1010 816; x_wconf 92' lang='lat' dir='ltr'><strong>in</strong></span> <span class='ocrx_word' id='word_1_38' title='bbox 1049 763 1226 817; x_wconf 90' lang='lat' dir='ltr'><strong>medio</strong></span> <span class='ocrx_word' id='word_1_39' title='bbox 1251 765 1495 819; x_wconf 76' lang='lat' dir='ltr'><strong>ecclesia:</strong></span> <span class='ocrx_word' id='word_1_40' title='bbox 1526 780 1646 834; x_wconf 87' lang='lat' dir='ltr'><strong>par-</strong></span> 
     </span>
    </p>
   </div>
   <div class='ocr_carea' id='block_1_7' title="bbox 81 852 1646 927">
    <p class='ocr_par' dir='ltr' id='par_1_7' title="bbox 81 852 1646 927">
     <span class='ocr_line' id='line_1_7' title="bbox 81 852 1646 927; baseline 0.001 -18"><span class='ocrx_word' id='word_1_41' title='bbox 81 856 216 909; x_wconf 91' lang='lat' dir='ltr'><strong>tibus</strong></span> <span class='ocrx_word' id='word_1_42' title='bbox 236 855 322 917; x_wconf 79' lang='lat'><strong>’°’,</strong></span> <span class='ocrx_word' id='word_1_43' title='bbox 339 852 574 908; x_wconf 72' lang='lat' dir='ltr'><strong>clamoSo</strong></span> <span class='ocrx_word' id='word_1_44' title='bbox 597 855 793 923; x_wconf 93' lang='lat' dir='ltr'><strong>impetu</strong></span> <span class='ocrx_word' id='word_1_45' title='bbox 811 855 1046 910; x_wconf 83' lang='lat' dir='ltr'><strong>vicissim</strong></span> <span class='ocrx_word' id='word_1_46' title='bbox 1073 855 1124 909; x_wconf 92' lang='lat' dir='ltr'><strong>in</strong></span> <span class='ocrx_word' id='word_1_47' title='bbox 1147 871 1268 911; x_wconf 89' lang='lat' dir='ltr'><strong>sese</strong></span> <span class='ocrx_word' id='word_1_48' title='bbox 1291 865 1646 927; x_wconf 84' lang='lat' dir='ltr'><strong>consurgunt,</strong></span> 
     </span>
    </p>
   </div>
   <div class='ocr_carea' id='block_1_8' title="bbox 83 945 1651 1020">
    <p class='ocr_par' dir='ltr' id='par_1_8' title="bbox 83 945 1651 1020">
     <span class='ocr_line' id='line_1_8' title="bbox 83 945 1651 1020; baseline 0.002 -19"><span class='ocrx_word' id='word_1_49' title='bbox 83 960 300 1014; x_wconf 87' lang='lat' dir='ltr'><strong>cumque</strong></span> <span class='ocrx_word' id='word_1_50' title='bbox 350 960 447 1016; x_wconf 90' lang='lat' dir='ltr'><strong>per</strong></span> <span class='ocrx_word' id='word_1_51' title='bbox 492 945 703 1002; x_wconf 90' lang='lat' dir='ltr'><strong>diversa</strong></span> <span class='ocrx_word' id='word_1_52' title='bbox 751 945 1130 1017; x_wconf 85' lang='lat' dir='ltr'><strong>conﬂigerent,</strong></span> <span class='ocrx_word' id='word_1_53' title='bbox 1184 950 1446 1004; x_wconf 90' lang='lat' dir='ltr'><strong>remansit</strong></span> <span class='ocrx_word' id='word_1_54' title='bbox 1499 964 1651 1020; x_wconf 63' lang='lat' dir='ltr'><strong>paene</strong></span> 
     </span>
    </p>
   </div>
   <div class='ocr_carea' id='block_1_9' title="bbox 81 1033 1651 1109">
    <p class='ocr_par' dir='ltr' id='par_1_9' title="bbox 81 1033 1651 1109">
     <span class='ocr_line' id='line_1_9' title="bbox 81 1033 1651 1109; baseline 0.002 -18"><span class='ocrx_word' id='word_1_55' title='bbox 81 1037 223 1091; x_wconf 87' lang='lat' dir='ltr'><strong>solus</strong></span> <span class='ocrx_word' id='word_1_56' title='bbox 245 1037 490 1091; x_wconf 84' lang='lat' dir='ltr'><strong>antistes.</strong></span> <span class='ocrx_word' id='word_1_57' title='bbox 519 1037 687 1102; x_wconf 88' lang='lat' dir='ltr'><strong>Quem</strong></span> <span class='ocrx_word' id='word_1_58' title='bbox 713 1052 838 1108; x_wconf 87' lang='lat' dir='ltr'><strong>pars</strong></span> <span class='ocrx_word' id='word_1_59' title='bbox 877 1039 1194 1109; x_wconf 80' lang='lat' dir='ltr'><strong>aggrediens</strong></span> <span class='ocrx_word' id='word_1_60' title='bbox 1223 1040 1459 1105; x_wconf 85' lang='lat' dir='ltr'><strong>inimica,</strong></span> <span class='ocrx_word' id='word_1_61' title='bbox 1494 1033 1651 1096; x_wconf 76' lang='lat' dir='ltr'><strong>lusti-</strong></span> 
     </span>
    </p>
   </div>
   <div class='ocr_carea' id='block_1_10' title="bbox 84 1127 1649 1200">
    <p class='ocr_par' dir='ltr' id='par_1_10' title="bbox 84 1127 1649 1200">
     <span class='ocr_line' id='line_1_10' title="bbox 84 1127 1649 1200; baseline 0.003 -20"><span class='ocrx_word' id='word_1_62' title='bbox 84 1131 184 1182; x_wconf 88' lang='lat' dir='ltr'><strong>hus</strong></span> <span class='ocrx_word' id='word_1_63' title='bbox 210 1127 493 1183; x_wconf 90' lang='lat' dir='ltr'><strong>crudeliter</strong></span> <span class='ocrx_word' id='word_1_64' title='bbox 529 1143 724 1183; x_wconf 63' lang='lat' dir='ltr'><strong>enisum</strong></span> <span class='ocrx_word' id='word_1_65' title='bbox 756 1139 810 1184; x_wconf 92' lang='lat' dir='ltr'><strong>et</strong></span> <span class='ocrx_word' id='word_1_66' title='bbox 837 1129 992 1199; x_wconf 89' lang='lat' dir='ltr'><strong>quasi</strong></span> <span class='ocrx_word' id='word_1_67' title='bbox 1039 1129 1358 1184; x_wconf 81' lang='lat' dir='ltr'><strong>semivivum</strong></span> <span class='ocrx_word' id='word_1_68' title='bbox 1391 1129 1649 1200; x_wconf 82' lang='lat' dir='ltr'><strong>reliquit;</strong></span> 
     </span>
    </p>
   </div>
   <div class='ocr_carea' id='block_1_11' title="bbox 81 1220 1650 1293">
    <p class='ocr_par' dir='ltr' id='par_1_11' title="bbox 81 1220 1650 1293">
     <span class='ocr_line' id='line_1_11' title="bbox 81 1220 1650 1293; baseline 0.004 -21"><span class='ocrx_word' id='word_1_69' title='bbox 81 1221 268 1275; x_wconf 79' lang='lat' dir='ltr'><strong>deinde</strong></span> <span class='ocrx_word' id='word_1_70' title='bbox 327 1221 498 1290; x_wconf 82' lang='lat' dir='ltr'><strong>ipsam</strong></span> <span class='ocrx_word' id='word_1_71' title='bbox 561 1220 827 1276; x_wconf 89' lang='lat' dir='ltr'><strong>invadens</strong></span> <span class='ocrx_word' id='word_1_72' title='bbox 879 1222 1137 1293; x_wconf 87' lang='lat' dir='ltr'><strong>episc0pii</strong></span> <span class='ocrx_word' id='word_1_73' title='bbox 1189 1222 1366 1277; x_wconf 84' lang='lat' dir='ltr'><strong>aulam</strong></span> <span class='ocrx_word' id='word_1_74' title='bbox 1414 1224 1650 1293; x_wconf 90' lang='lat' dir='ltr'><strong>pretiosa</strong></span> 
     </span>
    </p>
   </div>
   <div class='ocr_carea' id='block_1_12' title="bbox 83 1311 1652 1387">
    <p class='ocr_par' dir='ltr' id='par_1_12' title="bbox 83 1311 1652 1387">
     <span class='ocr_line' id='line_1_12' title="bbox 83 1311 1652 1387; baseline 0.005 -25"><span class='ocrx_word' id='word_1_75' title='bbox 83 1326 301 1380; x_wconf 73' lang='lat' dir='ltr'><strong>qumpte</strong></span> <span class='ocrx_word' id='word_1_76' title='bbox 347 1312 609 1382; x_wconf 88' lang='lat' dir='ltr'><strong>decerpit.</strong></span> <span class='ocrx_word' id='word_1_77' title='bbox 652 1311 712 1366; x_wconf 93' lang='lat' dir='ltr'><strong>ln</strong></span> <span class='ocrx_word' id='word_1_78' title='bbox 757 1313 1057 1368; x_wconf 88' lang='lat' dir='ltr'><strong>crastinum</strong></span> <span class='ocrx_word' id='word_1_79' title='bbox 1085 1313 1236 1377; x_wconf 81' lang='lat' dir='ltr'><strong>(Jun.</strong></span> <span class='ocrx_word' id='word_1_80' title='bbox 1262 1315 1316 1387; x_wconf 86' lang='lat'><strong>5)</strong></span> <span class='ocrx_word' id='word_1_81' title='bbox 1359 1315 1471 1370; x_wconf 92' lang='lat' dir='ltr'><strong>visa</strong></span> <span class='ocrx_word' id='word_1_82' title='bbox 1501 1325 1652 1370; x_wconf 88' lang='lat' dir='ltr'><strong>tanta</strong></span> 
     </span>
    </p>
   </div>
   <div class='ocr_carea' id='block_1_13' title="bbox 85 1403 1656 1464">
    <p class='ocr_par' dir='ltr' id='par_1_13' title="bbox 85 1403 1656 1464">
     <span class='ocr_line' id='line_1_13' title="bbox 85 1403 1656 1464; baseline 0.004 -7"><span class='ocrx_word' id='word_1_83' title='bbox 85 1403 394 1462; x_wconf 79' lang='lat' dir='ltr'><strong>crudelitate</strong></span> <span class='ocrx_word' id='word_1_84' title='bbox 429 1404 574 1460; x_wconf 83' lang='lat' dir='ltr'><strong>cives</strong></span> <span class='ocrx_word' id='word_1_85' title='bbox 596 1405 918 1461; x_wconf 87' lang='lat' dir='ltr'><strong>horrescunt</strong></span> <span class='ocrx_word' id='word_1_86' title='bbox 941 1415 1121 1462; x_wconf 88' lang='lat' dir='ltr'><strong>mente</strong></span> <span class='ocrx_word' id='word_1_87' title='bbox 1143 1407 1376 1462; x_wconf 81' lang='lat' dir='ltr'><strong>confusi.</strong></span> <span class='ocrx_word' id='word_1_88' title='bbox 1405 1407 1656 1464; x_wconf 81' lang='lat' dir='ltr'><strong>Commu-</strong></span> 
     </span>
    </p>
   </div>
   <div class='ocr_carea' id='block_1_14' title="bbox 83 1497 1650 1570">
    <p class='ocr_par' dir='ltr' id='par_1_14' title="bbox 83 1497 1650 1570">
     <span class='ocr_line' id='line_1_14' title="bbox 83 1497 1650 1570; baseline 0.002 -18"><span class='ocrx_word' id='word_1_89' title='bbox 83 1497 224 1552; x_wconf 79' lang='lat' dir='ltr'><strong>niter</strong></span> <span class='ocrx_word' id='word_1_90' title='bbox 262 1497 422 1568; x_wconf 80' lang='lat' dir='ltr'><strong>igitur</strong></span> <span class='ocrx_word' id='word_1_91' title='bbox 454 1506 733 1565; x_wconf 90' lang='lat' dir='ltr'><strong>statuunt,</strong></span> <span class='ocrx_word' id='word_1_92' title='bbox 789 1508 884 1553; x_wconf 90' lang='lat' dir='ltr'><strong>aut</strong></span> <span class='ocrx_word' id='word_1_93' title='bbox 907 1507 1114 1555; x_wconf 87' lang='lat' dir='ltr'><strong>tantum</strong></span> <span class='ocrx_word' id='word_1_94' title='bbox 1162 1500 1356 1570; x_wconf 91' lang='lat' dir='ltr'><strong>punire</strong></span> <span class='ocrx_word' id='word_1_95' title='bbox 1399 1499 1608 1555; x_wconf 78' lang='lat' dir='ltr'><strong>facinus</strong></span> <span class='ocrx_word' id='word_1_96' title='bbox 1635 1542 1650 1566; x_wconf 83' lang='lat'><strong>,</strong></span> 
     </span>
    </p>
   </div>
   <div class='ocr_carea' id='block_1_15' title="bbox 85 1587 1652 1660">
    <p class='ocr_par' dir='ltr' id='par_1_15' title="bbox 85 1587 1652 1660">
     <span class='ocr_line' id='line_1_15' title="bbox 85 1587 1652 1660; baseline 0.004 -22"><span class='ocrx_word' id='word_1_97' title='bbox 85 1596 182 1640; x_wconf 77' lang='lat' dir='ltr'><strong>aut:</strong></span> <span class='ocrx_word' id='word_1_98' title='bbox 207 1587 375 1644; x_wconf 82' lang='lat' dir='ltr'><strong>vivere</strong></span> <span class='ocrx_word' id='word_1_99' title='bbox 399 1588 541 1643; x_wconf 89' lang='lat' dir='ltr'><strong>nolle</strong></span> <span class='ocrx_word' id='word_1_100' title='bbox 568 1589 796 1659; x_wconf 87' lang='lat' dir='ltr'><strong>amplius</strong></span> <span class='ocrx_word' id='word_1_101' title='bbox 823 1589 992 1660; x_wconf 78' lang='grc'><strong>(134).</strong></span> <span class='ocrx_word' id='word_1_102' title='bbox 1040 1589 1190 1646; x_wconf 83' lang='lat' dir='ltr'><strong>Unde</strong></span> <span class='ocrx_word' id='word_1_103' title='bbox 1217 1589 1418 1646; x_wconf 79' lang='lat' dir='ltr'><strong>factum</strong></span> <span class='ocrx_word' id='word_1_104' title='bbox 1441 1600 1524 1645; x_wconf 90' lang='lat' dir='ltr'><strong>est</strong></span> <span class='ocrx_word' id='word_1_105' title='bbox 1546 1631 1561 1655; x_wconf 86' lang='lat'><strong>,</strong></span> <span class='ocrx_word' id='word_1_106' title='bbox 1593 1599 1652 1645; x_wconf 89' lang='lat' dir='ltr'><strong>ut</strong></span> 
     </span>
    </p>
   </div>
   <div class='ocr_carea' id='block_1_16' title="bbox 87 1681 1647 1754">
    <p class='ocr_par' dir='ltr' id='par_1_16' title="bbox 87 1681 1647 1754">
     <span class='ocr_line' id='line_1_16' title="bbox 87 1681 1647 1754; baseline 0.001 -16"><span class='ocrx_word' id='word_1_107' title='bbox 87 1681 288 1749; x_wconf 72' lang='lat' dir='ltr'><strong>fugiens</strong></span> <span class='ocrx_word' id='word_1_108' title='bbox 337 1681 589 1738; x_wconf 81' lang='lat' dir='ltr'><strong>Arialdes</strong></span> <span class='ocrx_word' id='word_1_109' title='bbox 633 1685 701 1738; x_wconf 86' lang='lat' dir='ltr'><strong>ab</strong></span> <span class='ocrx_word' id='word_1_110' title='bbox 746 1684 880 1740; x_wconf 88' lang='lat' dir='ltr'><strong>urbe</strong></span> <span class='ocrx_word' id='word_1_111' title='bbox 923 1684 1116 1738; x_wconf 87' lang='lat' dir='ltr'><strong>diebus</strong></span> <span class='ocrx_word' id='word_1_112' title='bbox 1167 1683 1361 1738; x_wconf 83' lang='lat' dir='ltr'><strong>lateret</strong></span> <span class='ocrx_word' id='word_1_113' title='bbox 1421 1683 1647 1754; x_wconf 82' lang='lat' dir='ltr'><strong>aliquot.</strong></span> 
     </span>
    </p>
   </div>
   <div class='ocr_carea' id='block_1_17' title="bbox 88 1760 1729 1844">
    <p class='ocr_par' dir='ltr' id='par_1_17' title="bbox 88 1760 1729 1844">
     <span class='ocr_line' id='line_1_17' title="bbox 88 1760 1729 1844; baseline 0.002 -17"><span class='ocrx_word' id='word_1_114' title='bbox 88 1772 318 1841; x_wconf 67' lang='lat' dir='ltr'><strong>(limique</strong></span> <span class='ocrx_word' id='word_1_115' title='bbox 340 1773 586 1829; x_wconf 86' lang='lat' dir='ltr'><strong>diversas</strong></span> <span class='ocrx_word' id='word_1_116' title='bbox 610 1783 819 1828; x_wconf 86' lang='lat' dir='ltr'><strong>erraret</strong></span> <span class='ocrx_word' id='word_1_117' title='bbox 842 1790 937 1844; x_wconf 92' lang='lat' dir='ltr'><strong>per</strong></span> <span class='ocrx_word' id='word_1_118' title='bbox 965 1775 1224 1838; x_wconf 75' lang='lat' dir='ltr'><strong>latebras;</strong></span> <span class='ocrx_word' id='word_1_119' title='bbox 1249 1774 1379 1830; x_wconf 89' lang='lat' dir='ltr'><strong>solis</strong></span> <span class='ocrx_word' id='word_1_120' title='bbox 1402 1774 1655 1844; x_wconf 81' lang='lat' dir='ltr'><strong>gradiens</strong></span> <span class='ocrx_word' id='word_1_121' title='bbox 1687 1760 1729 1820; x_wconf 76' lang='grc' dir='ltr'><strong>Β</strong></span> 
     </span>
    </p>
   </div>
   <div class='ocr_carea' id='block_1_18' title="bbox 89 1863 1654 1933">
    <p class='ocr_par' dir='ltr' id='par_1_18' title="bbox 89 1863 1654 1933">
     <span class='ocr_line' id='line_1_18' title="bbox 89 1863 1654 1933; baseline 0.001 -15"><span class='ocrx_word' id='word_1_122' title='bbox 89 1863 358 1926; x_wconf 77' lang='lat' dir='ltr'><strong>noctibus,</strong></span> <span class='ocrx_word' id='word_1_123' title='bbox 403 1865 647 1933; x_wconf 70' lang='lat' dir='ltr'><strong>proditus</strong></span> <span class='ocrx_word' id='word_1_124' title='bbox 675 1881 703 1918; x_wconf 89' lang='lat' dir='ltr'><strong>a</strong></span> <span class='ocrx_word' id='word_1_125' title='bbox 740 1865 1113 1920; x_wconf 89' lang='lat' dir='ltr'><strong>comeantibus</strong></span> <span class='ocrx_word' id='word_1_126' title='bbox 1161 1864 1348 1918; x_wconf 85' lang='lat' dir='ltr'><strong>incidit</strong></span> <span class='ocrx_word' id='word_1_127' title='bbox 1379 1865 1431 1917; x_wconf 93' lang='lat' dir='ltr'><strong>in</strong></span> <span class='ocrx_word' id='word_1_128' title='bbox 1461 1878 1654 1919; x_wconf 89' lang='lat' dir='ltr'><strong>manus</strong></span> 
     </span>
    </p>
   </div>
   <div class='ocr_carea' id='block_1_19' title="bbox 88 1943 1657 2024">
    <p class='ocr_par' dir='ltr' id='par_1_19' title="bbox 88 1943 1657 2024">
     <span class='ocr_line' id='line_1_19' title="bbox 88 1943 1657 2024; baseline 0.003 -21"><span class='ocrx_word' id='word_1_129' title='bbox 88 1943 431 2022; x_wconf 75' lang='lat' dir='ltr'><strong>qnterentium</strong></span> <span class='ocrx_word' id='word_1_130' title='bbox 485 1955 554 1994; x_wconf 77' lang='grc'><strong>²⁰³</strong></span> <span class='ocrx_word' id='word_1_131' title='bbox 616 1956 852 2010; x_wconf 86' lang='lat' dir='ltr'><strong>animam</strong></span> <span class='ocrx_word' id='word_1_132' title='bbox 898 1955 1036 2024; x_wconf 83' lang='lat' dir='ltr'><strong>ejus.</strong></span> <span class='ocrx_word' id='word_1_133' title='bbox 1097 1955 1266 2022; x_wconf 85' lang='lat' dir='ltr'><strong>Quem</strong></span> <span class='ocrx_word' id='word_1_134' title='bbox 1317 1964 1561 2011; x_wconf 89' lang='lat' dir='ltr'><strong>tenentes</strong></span> <span class='ocrx_word' id='word_1_135' title='bbox 1601 1963 1657 2009; x_wconf 90' lang='lat' dir='ltr'><strong>et</strong></span> 
     </span>
    </p>
   </div>
   <div class='ocr_carea' id='block_1_20' title="bbox 92 2044 1657 2116">
    <p class='ocr_par' dir='ltr' id='par_1_20' title="bbox 92 2044 1657 2116">
     <span class='ocr_line' id='line_1_20' title="bbox 92 2044 1657 2116; baseline 0.003 -21"><span class='ocrx_word' id='word_1_136' title='bbox 92 2053 240 2098; x_wconf 88' lang='lat' dir='ltr'><strong>nocte</strong></span> <span class='ocrx_word' id='word_1_137' title='bbox 265 2055 370 2098; x_wconf 87' lang='lat' dir='ltr'><strong>tota</strong></span> <span class='ocrx_word' id='word_1_138' title='bbox 393 2044 483 2098; x_wconf 89' lang='lat' dir='ltr'><strong>illa</strong></span> <span class='ocrx_word' id='word_1_139' title='bbox 516 2060 696 2101; x_wconf 90' lang='lat' dir='ltr'><strong>secum</strong></span> <span class='ocrx_word' id='word_1_140' title='bbox 719 2045 1004 2110; x_wconf 88' lang='lat' dir='ltr'><strong>ducentes,</strong></span> <span class='ocrx_word' id='word_1_141' title='bbox 1035 2045 1178 2101; x_wconf 78' lang='lat' dir='ltr'><strong>facto</strong></span> <span class='ocrx_word' id='word_1_142' title='bbox 1201 2061 1388 2110; x_wconf 87' lang='lat' dir='ltr'><strong>mane,</strong></span> <span class='ocrx_word' id='word_1_143' title='bbox 1415 2045 1657 2116; x_wconf 76' lang='lat' dir='ltr'><strong>prtecisis</strong></span> 
     </span>
    </p>
   </div>
   <div class='ocr_carea' id='block_1_21' title="bbox 92 2136 1654 2210">
    <p class='ocr_par' dir='ltr' id='par_1_21' title="bbox 92 2136 1654 2210">
     <span class='ocr_line' id='line_1_21' title="bbox 92 2136 1654 2210; baseline 0.004 -22"><span class='ocrx_word' id='word_1_144' title='bbox 92 2137 302 2190; x_wconf 88' lang='lat' dir='ltr'><strong>auribus</strong></span> <span class='ocrx_word' id='word_1_145' title='bbox 329 2136 460 2204; x_wconf 30' lang='lat' dir='ltr'><strong>et‘in</strong></span> <span class='ocrx_word' id='word_1_146' title='bbox 491 2147 682 2208; x_wconf 85' lang='lat' dir='ltr'><strong>guture</strong></span> <span class='ocrx_word' id='word_1_147' title='bbox 709 2138 888 2209; x_wconf 79' lang='lat' dir='ltr'><strong>lingua</strong></span> <span class='ocrx_word' id='word_1_148' title='bbox 915 2153 1037 2193; x_wconf 91' lang='lat' dir='ltr'><strong>cum</strong></span> <span class='ocrx_word' id='word_1_149' title='bbox 1083 2140 1304 2193; x_wconf 86' lang='lat' dir='ltr'><strong>naribus</strong></span> <span class='ocrx_word' id='word_1_150' title='bbox 1329 2139 1654 2210; x_wconf 84' lang='lat' dir='ltr'><strong>geminoque</strong></span> 
     </span>
    </p>
   </div>
   <div class='ocr_carea' id='block_1_22' title="bbox 92 2227 1658 2301">
    <p class='ocr_par' dir='ltr' id='par_1_22' title="bbox 92 2227 1658 2301">
     <span class='ocr_line' id='line_1_22' title="bbox 92 2227 1658 2301; baseline 0.004 -22"><span class='ocrx_word' id='word_1_151' title='bbox 92 2227 558 2294; x_wconf 84' lang='lat' dir='ltr'><strong>snll&#39;ossolutnine,</strong></span> <span class='ocrx_word' id='word_1_152' title='bbox 589 2231 802 2300; x_wconf 90' lang='lat' dir='ltr'><strong>penitus</strong></span> <span class='ocrx_word' id='word_1_153' title='bbox 833 2230 1167 2285; x_wconf 79' lang='lat' dir='ltr'><strong>interﬁciunt</strong></span> <span class='ocrx_word' id='word_1_154' title='bbox 1194 2229 1348 2301; x_wconf 85' lang='lat' dir='ltr'><strong>(Jun.</strong></span> <span class='ocrx_word' id='word_1_155' title='bbox 1381 2229 1491 2301; x_wconf 73' lang='grc'><strong>27).</strong></span> <span class='ocrx_word' id='word_1_156' title='bbox 1538 2230 1658 2298; x_wconf 86' lang='lat' dir='ltr'><strong>Quo</strong></span> 
     </span>
    </p>
   </div>
   <div class='ocr_carea' id='block_1_23' title="bbox 91 2320 1657 2390">
    <p class='ocr_par' dir='ltr' id='par_1_23' title="bbox 91 2320 1657 2390">
     <span class='ocr_line' id='line_1_23' title="bbox 91 2320 1657 2390; baseline 0 -16"><span class='ocrx_word' id='word_1_157' title='bbox 91 2333 390 2390; x_wconf 80' lang='lat' dir='ltr'><strong>perempto,</strong></span> <span class='ocrx_word' id='word_1_158' title='bbox 422 2320 723 2376; x_wconf 78' lang='lat' dir='ltr'><strong>dissimulat</strong></span> <span class='ocrx_word' id='word_1_159' title='bbox 747 2321 1122 2376; x_wconf 85' lang='lat' dir='ltr'><strong>Arlembaldus</strong></span> <span class='ocrx_word' id='word_1_160' title='bbox 1148 2321 1450 2385; x_wconf 90' lang='lat' dir='ltr'><strong>modicum,</strong></span> <span class='ocrx_word' id='word_1_161' title='bbox 1482 2336 1657 2377; x_wconf 88' lang='lat' dir='ltr'><strong>reser-</strong></span> 
     </span>
    </p>
   </div>
   <div class='ocr_carea' id='block_1_24' title="bbox 92 2411 1652 2483">
    <p class='ocr_par' dir='ltr' id='par_1_24' title="bbox 92 2411 1652 2483">
     <span class='ocr_line' id='line_1_24' title="bbox 92 2411 1652 2483; baseline 0.003 -22"><span class='ocrx_word' id='word_1_162' title='bbox 92 2427 214 2466; x_wconf 78' lang='lat' dir='ltr'><strong>vans</strong></span> <span class='ocrx_word' id='word_1_163' title='bbox 239 2413 374 2467; x_wconf 89' lang='lat' dir='ltr'><strong>iram</strong></span> <span class='ocrx_word' id='word_1_164' title='bbox 404 2412 456 2466; x_wconf 93' lang='lat' dir='ltr'><strong>in</strong></span> <span class='ocrx_word' id='word_1_165' title='bbox 486 2421 782 2483; x_wconf 60' lang='lat' dir='ltr'><strong>posterum.</strong></span> <span class='ocrx_word' id='word_1_166' title='bbox 817 2412 1056 2468; x_wconf 81' lang='lat' dir='ltr'><strong>Favebat</strong></span> <span class='ocrx_word' id='word_1_167' title='bbox 1081 2413 1224 2467; x_wconf 91' lang='lat' dir='ltr'><strong>enim</strong></span> <span class='ocrx_word' id='word_1_168' title='bbox 1255 2420 1382 2466; x_wconf 91' lang='lat' dir='ltr'><strong>tunc</strong></span> <span class='ocrx_word' id='word_1_169' title='bbox 1409 2411 1652 2481; x_wconf 81' lang='lat' dir='ltr'><strong>pontiﬁci</strong></span> 
     </span>
    </p>
   </div>
   <div class='ocr_carea' id='block_1_25' title="bbox 89 2502 1656 2573">
    <p class='ocr_par' dir='ltr' id='par_1_25' title="bbox 89 2502 1656 2573">
     <span class='ocr_line' id='line_1_25' title="bbox 89 2502 1656 2573; baseline -0.001 -16"><span class='ocrx_word' id='word_1_170' title='bbox 89 2520 231 2572; x_wconf 75' lang='lat' dir='ltr'><strong>pzene</strong></span> <span class='ocrx_word' id='word_1_171' title='bbox 269 2504 460 2558; x_wconf 90' lang='lat' dir='ltr'><strong>civitas</strong></span> <span class='ocrx_word' id='word_1_172' title='bbox 499 2504 772 2561; x_wconf 87' lang='lat' dir='ltr'><strong>universa.</strong></span> <span class='ocrx_word' id='word_1_173' title='bbox 826 2503 933 2559; x_wconf 89' lang='lat' dir='ltr'><strong>Sed</strong></span> <span class='ocrx_word' id='word_1_174' title='bbox 965 2519 1114 2559; x_wconf 89' lang='lat' dir='ltr'><strong>more</strong></span> <span class='ocrx_word' id='word_1_175' title='bbox 1164 2519 1262 2558; x_wconf 91' lang='lat' dir='ltr'><strong>suo</strong></span> <span class='ocrx_word' id='word_1_176' title='bbox 1293 2502 1521 2573; x_wconf 92' lang='lat' dir='ltr'><strong>populus</strong></span> <span class='ocrx_word' id='word_1_177' title='bbox 1547 2516 1656 2556; x_wconf 89' lang='lat' dir='ltr'><strong>non</strong></span> 
     </span>
    </p>
   </div>
   <div class='ocr_carea' id='block_1_26' title="bbox 91 2591 1661 2663">
    <p class='ocr_par' dir='ltr' id='par_1_26' title="bbox 91 2591 1661 2663">
     <span class='ocr_line' id='line_1_26' title="bbox 91 2591 1661 2663; baseline 0.001 -18"><span class='ocrx_word' id='word_1_178' title='bbox 91 2593 173 2646; x_wconf 90' lang='lat' dir='ltr'><strong>diu</strong></span> <span class='ocrx_word' id='word_1_179' title='bbox 201 2601 346 2647; x_wconf 84' lang='lat' dir='ltr'><strong>statu</strong></span> <span class='ocrx_word' id='word_1_180' title='bbox 372 2593 674 2663; x_wconf 87' lang='lat' dir='ltr'><strong>permansit</strong></span> <span class='ocrx_word' id='word_1_181' title='bbox 699 2593 911 2648; x_wconf 88' lang='lat' dir='ltr'><strong>eodem.</strong></span> <span class='ocrx_word' id='word_1_182' title='bbox 947 2593 1062 2648; x_wconf 81' lang='lat' dir='ltr'><strong>Mox</strong></span> <span class='ocrx_word' id='word_1_183' title='bbox 1087 2592 1232 2647; x_wconf 89' lang='lat' dir='ltr'><strong>enim</strong></span> <span class='ocrx_word' id='word_1_184' title='bbox 1268 2601 1327 2646; x_wconf 92' lang='lat' dir='ltr'><strong>ut</strong></span> <span class='ocrx_word' id='word_1_185' title='bbox 1369 2591 1565 2662; x_wconf 78' lang='lat' dir='ltr'><strong>pracsul</strong></span> <span class='ocrx_word' id='word_1_186' title='bbox 1594 2593 1661 2647; x_wconf 89' lang='lat' dir='ltr'><strong>ab</strong></span> 
     </span>
    </p>
   </div>
   <div class='ocr_carea' id='block_1_27' title="bbox 91 2683 1664 2754">
    <p class='ocr_par' dir='ltr' id='par_1_27' title="bbox 91 2683 1664 2754">
     <span class='ocr_line' id='line_1_27' title="bbox 91 2683 1664 2754; baseline 0 -16"><span class='ocrx_word' id='word_1_187' title='bbox 91 2684 215 2738; x_wconf 88' lang='lat' dir='ltr'><strong>urbe</strong></span> <span class='ocrx_word' id='word_1_188' title='bbox 239 2683 502 2748; x_wconf 88' lang='lat' dir='ltr'><strong>discedit,</strong></span> <span class='ocrx_word' id='word_1_189' title='bbox 532 2685 598 2739; x_wconf 91' lang='lat' dir='ltr'><strong>ad</strong></span> <span class='ocrx_word' id='word_1_190' title='bbox 622 2685 1017 2754; x_wconf 89' lang='lat' dir='ltr'><strong>insequendum</strong></span> <span class='ocrx_word' id='word_1_191' title='bbox 1040 2684 1188 2738; x_wconf 86' lang='lat' dir='ltr'><strong>illum</strong></span> <span class='ocrx_word' id='word_1_192' title='bbox 1218 2684 1508 2754; x_wconf 88' lang='lat' dir='ltr'><strong>resumptis</strong></span> <span class='ocrx_word' id='word_1_193' title='bbox 1535 2684 1664 2738; x_wconf 92' lang='lat' dir='ltr'><strong>viri-</strong></span> 
     </span>
    </p>
   </div>
   <div class='ocr_carea' id='block_1_28' title="bbox 92 2775 1662 2846">
    <p class='ocr_par' dir='ltr' id='par_1_28' title="bbox 92 2775 1662 2846">
     <span class='ocr_line' id='line_1_28' title="bbox 92 2775 1662 2846; baseline 0.001 -17"><span class='ocrx_word' id='word_1_194' title='bbox 92 2775 186 2829; x_wconf 84' lang='lat' dir='ltr'><strong>bus</strong></span> <span class='ocrx_word' id='word_1_195' title='bbox 236 2775 587 2846; x_wconf 89' lang='lat' dir='ltr'><strong>impatienter</strong></span> <span class='ocrx_word' id='word_1_196' title='bbox 639 2776 1015 2833; x_wconf 88' lang='lat' dir='ltr'><strong>Arlembaldus</strong></span> <span class='ocrx_word' id='word_1_197' title='bbox 1059 2777 1320 2841; x_wconf 90' lang='lat' dir='ltr'><strong>accedit,</strong></span> <span class='ocrx_word' id='word_1_198' title='bbox 1392 2775 1662 2832; x_wconf 82' lang='lat' dir='ltr'><strong>fautorem</strong></span> 
     </span>
    </p>
   </div>
   <div class='ocr_carea' id='block_1_29' title="bbox 94 2871 1656 2944">
    <p class='ocr_par' dir='ltr' id='par_1_29' title="bbox 94 2871 1656 2944">
     <span class='ocr_line' id='line_1_29' title="bbox 94 2871 1656 2944; baseline 0.003 -21"><span class='ocrx_word' id='word_1_199' title='bbox 94 2887 328 2927; x_wconf 83' lang='lat' dir='ltr'><strong>asserens</strong></span> <span class='ocrx_word' id='word_1_200' title='bbox 345 2874 633 2944; x_wconf 85' lang='lat' dir='ltr'><strong>perpetrati</strong></span> <span class='ocrx_word' id='word_1_201' title='bbox 659 2872 866 2944; x_wconf 82' lang='lat' dir='ltr'><strong>ﬂagitii.</strong></span> <span class='ocrx_word' id='word_1_202' title='bbox 898 2871 1098 2928; x_wconf 89' lang='lat' dir='ltr'><strong>lterum</strong></span> <span class='ocrx_word' id='word_1_203' title='bbox 1116 2888 1244 2943; x_wconf 83' lang='lat' dir='ltr'><strong>ergo</strong></span> <span class='ocrx_word' id='word_1_204' title='bbox 1263 2873 1328 2927; x_wconf 87' lang='lat' dir='ltr'><strong>ad</strong></span> <span class='ocrx_word' id='word_1_205' title='bbox 1345 2871 1466 2941; x_wconf 86' lang='lat' dir='ltr'><strong>jura</strong></span> <span class='ocrx_word' id='word_1_206' title='bbox 1477 2883 1656 2927; x_wconf 87' lang='lat' dir='ltr'><strong>menta</strong></span> 
     </span>
    </p>
   </div>
   <div class='ocr_carea' id='block_1_30' title="bbox 95 2964 1660 3034">
    <p class='ocr_par' dir='ltr' id='par_1_30' title="bbox 95 2964 1660 3034">
     <span class='ocr_line' id='line_1_30' title="bbox 95 2964 1660 3034; baseline 0.001 -18"><span class='ocrx_word' id='word_1_207' title='bbox 95 2965 451 3030; x_wconf 78' lang='lat' dir='ltr'><strong>convertitur,</strong></span> <span class='ocrx_word' id='word_1_208' title='bbox 484 2965 666 3019; x_wconf 89' lang='lat' dir='ltr'><strong>invitis</strong></span> <span class='ocrx_word' id='word_1_209' title='bbox 693 2975 872 3020; x_wconf 89' lang='lat' dir='ltr'><strong>tamen</strong></span> <span class='ocrx_word' id='word_1_210' title='bbox 904 2965 1140 3030; x_wconf 87' lang='lat' dir='ltr'><strong>civibus;</strong></span> <span class='ocrx_word' id='word_1_211' title='bbox 1173 2964 1294 3019; x_wconf 91' lang='lat' dir='ltr'><strong>etsi</strong></span> <span class='ocrx_word' id='word_1_212' title='bbox 1329 2979 1464 3034; x_wconf 90' lang='lat' dir='ltr'><strong>quos</strong></span> <span class='ocrx_word' id='word_1_213' title='bbox 1493 2964 1660 3018; x_wconf 79' lang='lat' dir='ltr'><strong>liabe-</strong></span> 
     </span>
    </p>
   </div>
   <div class='ocr_carea' id='block_1_31' title="bbox 97 3056 1662 3126">
    <p class='ocr_par' dir='ltr' id='par_1_31' title="bbox 97 3056 1662 3126">
     <span class='ocr_line' id='line_1_31' title="bbox 97 3056 1662 3126; baseline 0.002 -18"><span class='ocrx_word' id='word_1_214' title='bbox 97 3056 176 3108; x_wconf 83' lang='lat' dir='ltr'><strong>bat</strong></span> <span class='ocrx_word' id='word_1_215' title='bbox 202 3069 484 3126; x_wconf 87' lang='lat' dir='ltr'><strong>suspectos</strong></span> <span class='ocrx_word' id='word_1_216' title='bbox 515 3097 528 3118; x_wconf 92' lang='lat'><strong>,</strong></span> <span class='ocrx_word' id='word_1_217' title='bbox 589 3058 771 3113; x_wconf 90' lang='lat' dir='ltr'><strong>acrius</strong></span> <span class='ocrx_word' id='word_1_218' title='bbox 813 3057 1001 3126; x_wconf 88' lang='lat' dir='ltr'><strong>jurare</strong></span> <span class='ocrx_word' id='word_1_219' title='bbox 1046 3056 1338 3126; x_wconf 85' lang='lat' dir='ltr'><strong>compellit.</strong></span> <span class='ocrx_word' id='word_1_220' title='bbox 1409 3058 1662 3126; x_wconf 78' lang='lat' dir='ltr'><strong>Agrestes</strong></span> 
     </span>
    </p>
   </div>
   <div class='ocr_carea' id='block_1_32' title="bbox 99 3115 1733 3218">
    <p class='ocr_par' dir='ltr' id='par_1_32' title="bbox 99 3115 1733 3218">
     <span class='ocr_line' id='line_1_32' title="bbox 99 3115 1733 3218; baseline 0 -18"><span class='ocrx_word' id='word_1_221' title='bbox 99 3148 270 3201; x_wconf 85' lang='lat' dir='ltr'><strong>turbas</strong></span> <span class='ocrx_word' id='word_1_222' title='bbox 294 3115 349 3202; x_wconf 80' lang='lat' dir='ltr'><strong>et</strong></span> <span class='ocrx_word' id='word_1_223' title='bbox 375 3146 562 3202; x_wconf 79' lang='lat' dir='ltr'><strong>civiles</strong></span> <span class='ocrx_word' id='word_1_224' title='bbox 585 3149 728 3218; x_wconf 82' lang='lat' dir='ltr'><strong>cogit</strong></span> <span class='ocrx_word' id='word_1_225' title='bbox 748 3115 963 3202; x_wconf 73' lang='lat' dir='ltr'><strong>assidue</strong></span> <span class='ocrx_word' id='word_1_226' title='bbox 1000 3115 1234 3210; x_wconf 47' lang='lat' dir='ltr'><strong>turma-5,</strong></span> <span class='ocrx_word' id='word_1_227' title='bbox 1281 3147 1347 3199; x_wconf 93' lang='lat' dir='ltr'><strong>ad</strong></span> <span class='ocrx_word' id='word_1_228' title='bbox 1372 3115 1658 3200; x_wconf 46' lang='lat' dir='ltr'><strong>Wiilonem</strong></span> <span class='ocrx_word' id='word_1_229' title='bbox 1689 3115 1733 3176; x_wconf 53' lang='grc' dir='ltr'><strong>(ί</strong></span> 
     </span>
    </p>
   </div>
   <div class='ocr_carea' id='block_1_33' title="bbox 97 3237 1659 3308">
    <p class='ocr_par' dir='ltr' id='par_1_33' title="bbox 97 3237 1659 3308">
     <span class='ocr_line' id='line_1_33' title="bbox 97 3237 1659 3308; baseline -0.003 -15"><span class='ocrx_word' id='word_1_230' title='bbox 97 3239 514 3308; x_wconf 86' lang='lat' dir='ltr'><strong>persequendum</strong></span> <span class='ocrx_word' id='word_1_231' title='bbox 537 3239 831 3294; x_wconf 88' lang='lat' dir='ltr'><strong>antistitem</strong></span> <span class='ocrx_word' id='word_1_232' title='bbox 857 3253 1180 3308; x_wconf 86' lang='lat' dir='ltr'><strong>omnemque</strong></span> <span class='ocrx_word' id='word_1_233' title='bbox 1202 3253 1353 3292; x_wconf 78' lang='lat' dir='ltr'><strong>suam</strong></span> <span class='ocrx_word' id='word_1_234' title='bbox 1378 3237 1570 3292; x_wconf 88' lang='lat' dir='ltr'><strong>delcnd</strong></span> <span class='ocrx_word' id='word_1_235' title='bbox 1589 3252 1659 3291; x_wconf 85' lang='lat' dir='ltr'><strong>tm</strong></span> 
     </span>
    </p>
   </div>
   <div class='ocr_carea' id='block_1_34' title="bbox 97 3329 1660 3403">
    <p class='ocr_par' dir='ltr' id='par_1_34' title="bbox 97 3329 1660 3403">
     <span class='ocr_line' id='line_1_34' title="bbox 97 3329 1660 3403; baseline -0.001 -21"><span class='ocrx_word' id='word_1_236' title='bbox 97 3331 419 3400; x_wconf 84' lang='lat' dir='ltr'><strong>progeniem.</strong></span> <span class='ocrx_word' id='word_1_237' title='bbox 446 3331 512 3384; x_wconf 87' lang='lat' dir='ltr'><strong>Et</strong></span> <span class='ocrx_word' id='word_1_238' title='bbox 540 3331 760 3388; x_wconf 81' lang='lat' dir='ltr'><strong>fecisset</strong></span> <span class='ocrx_word' id='word_1_239' title='bbox 791 3331 998 3403; x_wconf 86' lang='lat' dir='ltr'><strong>utique,</strong></span> <span class='ocrx_word' id='word_1_240' title='bbox 1023 3329 1124 3384; x_wconf 88' lang='lat' dir='ltr'><strong>nisi</strong></span> <span class='ocrx_word' id='word_1_241' title='bbox 1153 3342 1414 3397; x_wconf 85' lang='lat' dir='ltr'><strong>generosa</strong></span> <span class='ocrx_word' id='word_1_242' title='bbox 1443 3341 1660 3382; x_wconf 85' lang='lat' dir='ltr'><strong>suorum</strong></span> 
     </span>
    </p>
   </div>
   <div class='ocr_carea' id='block_1_35' title="bbox 98 3419 1662 3490">
    <p class='ocr_par' dir='ltr' id='par_1_35' title="bbox 98 3419 1662 3490">
     <span class='ocr_line' id='line_1_35' title="bbox 98 3419 1662 3490; baseline -0.001 -18"><span class='ocrx_word' id='word_1_243' title='bbox 98 3421 322 3475; x_wconf 83' lang='lat' dir='ltr'><strong>lidelium</strong></span> <span class='ocrx_word' id='word_1_244' title='bbox 349 3421 494 3490; x_wconf 78' lang='lat' dir='ltr'><strong>(l55)</strong></span> <span class='ocrx_word' id='word_1_245' title='bbox 536 3421 822 3477; x_wconf 76' lang='lat' dir='ltr'><strong>restitisset</strong></span> <span class='ocrx_word' id='word_1_246' title='bbox 847 3421 1080 3478; x_wconf 85' lang='lat' dir='ltr'><strong>audatia.</strong></span> <span class='ocrx_word' id='word_1_247' title='bbox 1119 3419 1273 3488; x_wconf 58' lang='lat' dir='ltr'><strong>Siepe</strong></span> <span class='ocrx_word' id='word_1_248' title='bbox 1297 3423 1496 3473; x_wconf 87' lang='lat' dir='ltr'><strong>ctenim</strong></span> <span class='ocrx_word' id='word_1_249' title='bbox 1526 3434 1662 3474; x_wconf 79' lang='lat' dir='ltr'><strong>cun-</strong></span> 
     </span>
    </p>
   </div>
   <div class='ocr_carea' id='block_1_36' title="bbox 98 3510 1662 3585">
    <p class='ocr_par' dir='ltr' id='par_1_36' title="bbox 98 3510 1662 3585">
     <span class='ocr_line' id='line_1_36' title="bbox 98 3510 1662 3585; baseline -0.001 -19"><span class='ocrx_word' id='word_1_250' title='bbox 98 3524 352 3568; x_wconf 87' lang='lat' dir='ltr'><strong>venerunt</strong></span> <span class='ocrx_word' id='word_1_251' title='bbox 375 3517 547 3585; x_wconf 80' lang='lat' dir='ltr'><strong>parati</strong></span> <span class='ocrx_word' id='word_1_252' title='bbox 583 3516 768 3569; x_wconf 87' lang='lat' dir='ltr'><strong>subire</strong></span> <span class='ocrx_word' id='word_1_253' title='bbox 814 3525 912 3584; x_wconf 86' lang='lat' dir='ltr'><strong>pro</strong></span> <span class='ocrx_word' id='word_1_254' title='bbox 935 3515 1149 3571; x_wconf 88' lang='lat' dir='ltr'><strong>seniore</strong></span> <span class='ocrx_word' id='word_1_255' title='bbox 1178 3521 1469 3570; x_wconf 83' lang='lat' dir='ltr'><strong>certamen.</strong></span> <span class='ocrx_word' id='word_1_256' title='bbox 1509 3510 1662 3566; x_wconf 79' lang='lat' dir='ltr'><strong>Nulla</strong></span> 
     </span>
    </p>
   </div>
   <div class='ocr_carea' id='block_1_37' title="bbox 97 3601 1663 3676">
    <p class='ocr_par' dir='ltr' id='par_1_37' title="bbox 97 3601 1663 3676">
     <span class='ocr_line' id='line_1_37' title="bbox 97 3601 1663 3676; baseline -0.001 -20"><span class='ocrx_word' id='word_1_257' title='bbox 97 3605 304 3659; x_wconf 83' lang='lat' dir='ltr'><strong>interim</strong></span> <span class='ocrx_word' id='word_1_258' title='bbox 343 3607 556 3674; x_wconf 78' lang='lat' dir='ltr'><strong>requies</strong></span> <span class='ocrx_word' id='word_1_259' title='bbox 586 3616 706 3662; x_wconf 86' lang='lat' dir='ltr'><strong>erat</strong></span> <span class='ocrx_word' id='word_1_260' title='bbox 752 3607 1065 3676; x_wconf 74' lang='lat' dir='ltr'><strong>prtndonum</strong></span> <span class='ocrx_word' id='word_1_261' title='bbox 1100 3604 1152 3658; x_wconf 94' lang='lat' dir='ltr'><strong>iu</strong></span> <span class='ocrx_word' id='word_1_262' title='bbox 1183 3603 1500 3673; x_wconf 69' lang='lat' dir='ltr'><strong>diripiendis</strong></span> <span class='ocrx_word' id='word_1_263' title='bbox 1533 3601 1663 3657; x_wconf 89' lang='lat' dir='ltr'><strong>sub-</strong></span> 
     </span>
    </p>
   </div>
   <div class='ocr_carea' id='block_1_38' title="bbox 97 3696 676 3756">
    <p class='ocr_par' dir='ltr' id='par_1_38' title="bbox 97 3696 676 3756">
     <span class='ocr_line' id='line_1_38' title="bbox 97 3696 676 3756; baseline 0.005 -10"><span class='ocrx_word' id='word_1_264' title='bbox 97 3696 304 3756; x_wconf 84' lang='lat' dir='ltr'><strong>stantiis</strong></span> <span class='ocrx_word' id='word_1_265' title='bbox 335 3696 676 3754; x_wconf 87' lang='lat' dir='ltr'><strong>clericorum.</strong></span> 
     </span>
    </p>
   </div>
   <div class='ocr_carea' id='block_1_39' title="bbox 157 3802 1666 3877">
    <p class='ocr_par' dir='ltr' id='par_1_39' title="bbox 157 3802 1666 3877">
     <span class='ocr_line' id='line_1_39' title="bbox 157 3802 1666 3877; baseline -0.003 -18"><span class='ocrx_word' id='word_1_266' title='bbox 157 3805 242 3860; x_wconf 72' lang='lat'><strong>2|.</strong></span> <span class='ocrx_word' id='word_1_267' title='bbox 281 3807 364 3860; x_wconf 77' lang='lat' dir='ltr'><strong>Ad</strong></span> <span class='ocrx_word' id='word_1_268' title='bbox 400 3807 542 3877; x_wconf 89' lang='lat' dir='ltr'><strong>quod</strong></span> <span class='ocrx_word' id='word_1_269' title='bbox 579 3807 874 3864; x_wconf 86' lang='lat' dir='ltr'><strong>sedandum</strong></span> <span class='ocrx_word' id='word_1_270' title='bbox 916 3805 1142 3876; x_wconf 80' lang='lat' dir='ltr'><strong>litigium</strong></span> <span class='ocrx_word' id='word_1_271' title='bbox 1174 3804 1401 3875; x_wconf 85' lang='lat' dir='ltr'><strong>contigit</strong></span> <span class='ocrx_word' id='word_1_272' title='bbox 1428 3802 1500 3834; x_wconf 65' lang='grc' dir='ltr'><strong>ὀδ</strong></span> <span class='ocrx_word' id='word_1_273' title='bbox 1536 3810 1666 3857; x_wconf 92' lang='lat' dir='ltr'><strong>tunc</strong></span> 
     </span>
    </p>
   </div>
   <div class='ocr_carea' id='block_1_40' title="bbox 101 3898 1664 3972">
    <p class='ocr_par' dir='ltr' id='par_1_40' title="bbox 101 3898 1664 3972">
     <span class='ocr_line' id='line_1_40' title="bbox 101 3898 1664 3972; baseline 0.001 -23"><span class='ocrx_word' id='word_1_274' title='bbox 101 3901 352 3970; x_wconf 75' lang='lat' dir='ltr'><strong>temporis</strong></span> <span class='ocrx_word' id='word_1_275' title='bbox 391 3903 514 3968; x_wconf 84' lang='lat' dir='ltr'><strong>(An.</strong></span> <span class='ocrx_word' id='word_1_276' title='bbox 559 3901 758 3972; x_wconf 80' lang='grc'><strong>1067),</strong></span> <span class='ocrx_word' id='word_1_277' title='bbox 809 3900 1178 3972; x_wconf 83' lang='lat' dir='ltr'><strong>Maginardum</strong></span> <span class='ocrx_word' id='word_1_278' title='bbox 1233 3898 1302 3930; x_wconf 79' lang='grc'><strong>²⁰⁸</strong></span> <span class='ocrx_word' id='word_1_279' title='bbox 1352 3898 1664 3967; x_wconf 89' lang='lat' dir='ltr'><strong>episc0pnm</strong></span> 
     </span>
    </p>
   </div>
   <div class='ocr_carea' id='block_1_41' title="bbox 101 3989 1663 4060">
    <p class='ocr_par' dir='ltr' id='par_1_41' title="bbox 101 3989 1663 4060">
     <span class='ocr_line' id='line_1_41' title="bbox 101 3989 1663 4060; baseline -0.002 -15"><span class='ocrx_word' id='word_1_280' title='bbox 101 3992 250 4047; x_wconf 70' lang='lat' dir='ltr'><strong>Silva:</strong></span> <span class='ocrx_word' id='word_1_281' title='bbox 274 3993 520 4048; x_wconf 70' lang='lat' dir='ltr'><strong>candida:</strong></span> <span class='ocrx_word' id='word_1_282' title='bbox 538 4004 593 4049; x_wconf 90' lang='lat' dir='ltr'><strong>et</strong></span> <span class='ocrx_word' id='word_1_283' title='bbox 621 3993 883 4051; x_wconf 81' lang='lat' dir='ltr'><strong>Minutum</strong></span> <span class='ocrx_word' id='word_1_284' title='bbox 910 3991 1236 4049; x_wconf 88' lang='lat' dir='ltr'><strong>cardinalem</strong></span> <span class='ocrx_word' id='word_1_285' title='bbox 1287 3989 1663 4060; x_wconf 82' lang='lat' dir='ltr'><strong>presbyterum</strong></span> 
     </span>
    </p>
   </div>
   <div class='ocr_carea' id='block_1_42' title="bbox 102 4082 1668 4157">
    <p class='ocr_par' dir='ltr' id='par_1_42' title="bbox 102 4082 1668 4157">
     <span class='ocr_line' id='line_1_42' title="bbox 102 4082 1668 4157; baseline -0.001 -19"><span class='ocrx_word' id='word_1_286' title='bbox 102 4085 233 4156; x_wconf 75' lang='grc'><strong>(156)</strong></span> <span class='ocrx_word' id='word_1_287' title='bbox 288 4086 568 4142; x_wconf 80' lang='lat' dir='ltr'><strong>Romanos</strong></span> <span class='ocrx_word' id='word_1_288' title='bbox 615 4086 820 4157; x_wconf 87' lang='lat' dir='ltr'><strong>legatos</strong></span> <span class='ocrx_word' id='word_1_289' title='bbox 875 4086 1086 4143; x_wconf 89' lang='lat' dir='ltr'><strong>venisse</strong></span> <span class='ocrx_word' id='word_1_290' title='bbox 1140 4085 1521 4141; x_wconf 85' lang='lat' dir='ltr'><strong>Mediolanum.</strong></span> <span class='ocrx_word' id='word_1_291' title='bbox 1565 4082 1668 4149; x_wconf 86' lang='lat' dir='ltr'><strong>Qui</strong></span> 
     </span>
    </p>
   </div>
   <div class='ocr_carea' id='block_1_43' title="bbox 102 4175 1670 4248">
    <p class='ocr_par' dir='ltr' id='par_1_43' title="bbox 102 4175 1670 4248">
     <span class='ocr_line' id='line_1_43' title="bbox 102 4175 1670 4248; baseline 0.001 -21"><span class='ocrx_word' id='word_1_292' title='bbox 102 4183 216 4230; x_wconf 85' lang='lat' dir='ltr'><strong>dum</strong></span> <span class='ocrx_word' id='word_1_293' title='bbox 279 4178 584 4246; x_wconf 82' lang='lat' dir='ltr'><strong>apostolico</strong></span> <span class='ocrx_word' id='word_1_294' title='bbox 642 4187 910 4248; x_wconf 80' lang='lat' dir='ltr'><strong>praecepto</strong></span> <span class='ocrx_word' id='word_1_295' title='bbox 970 4193 1160 4248; x_wconf 88' lang='lat' dir='ltr'><strong>pacem</strong></span> <span class='ocrx_word' id='word_1_296' title='bbox 1233 4175 1670 4245; x_wconf 80' lang='lat' dir='ltr'><strong>evangelizarent</strong></span> 
     </span>
    </p>
   </div>
   <div class='ocr_carea' id='block_1_44' title="bbox 102 4265 1670 4339">
    <p class='ocr_par' dir='ltr' id='par_1_44' title="bbox 102 4265 1670 4339">
     <span class='ocr_line' id='line_1_44' title="bbox 102 4265 1670 4339; baseline 0.001 -20"><span class='ocrx_word' id='word_1_297' title='bbox 102 4269 368 4333; x_wconf 86' lang='lat' dir='ltr'><strong>omnibus,</strong></span> <span class='ocrx_word' id='word_1_298' title='bbox 424 4268 670 4324; x_wconf 90' lang='lat' dir='ltr'><strong>consulte</strong></span> <span class='ocrx_word' id='word_1_299' title='bbox 699 4271 832 4324; x_wconf 85' lang='lat' dir='ltr'><strong>satis</strong></span> <span class='ocrx_word' id='word_1_300' title='bbox 870 4270 1157 4339; x_wconf 86' lang='lat' dir='ltr'><strong>provident</strong></span> <span class='ocrx_word' id='word_1_301' title='bbox 1197 4269 1264 4323; x_wconf 89' lang='lat' dir='ltr'><strong>de</strong></span> <span class='ocrx_word' id='word_1_302' title='bbox 1310 4282 1439 4322; x_wconf 89' lang='lat' dir='ltr'><strong>nece</strong></span> <span class='ocrx_word' id='word_1_303' title='bbox 1467 4265 1670 4321; x_wconf 85' lang='lat' dir='ltr'><strong>Arialdi</strong></span> 
     </span>
    </p>
   </div>
   <div class='ocr_carea' id='block_1_45' title="bbox 105 4359 1672 4430">
    <p class='ocr_par' dir='ltr' id='par_1_45' title="bbox 105 4359 1672 4430">
     <span class='ocr_line' id='line_1_45' title="bbox 105 4359 1672 4430; baseline -0.001 -17"><span class='ocrx_word' id='word_1_304' title='bbox 105 4360 264 4415; x_wconf 72' lang='lat' dir='ltr'><strong>lmdns</strong></span> <span class='ocrx_word' id='word_1_305' title='bbox 312 4376 663 4429; x_wconf 86' lang='lat' dir='ltr'><strong>componere.</strong></span> <span class='ocrx_word' id='word_1_306' title='bbox 711 4361 913 4417; x_wconf 88' lang='lat' dir='ltr'><strong>Deinde</strong></span> <span class='ocrx_word' id='word_1_307' title='bbox 945 4362 1085 4416; x_wconf 90' lang='lat' dir='ltr'><strong>inter</strong></span> <span class='ocrx_word' id='word_1_308' title='bbox 1120 4360 1326 4416; x_wconf 88' lang='lat' dir='ltr'><strong>clerqu</strong></span> <span class='ocrx_word' id='word_1_309' title='bbox 1362 4359 1672 4430; x_wconf 70' lang='lat' dir='ltr'><strong>iudicantes</strong></span> 
     </span>
    </p>
   </div>
   <div class='ocr_carea' id='block_1_46' title="bbox 105 4453 1670 4528">
    <p class='ocr_par' dir='ltr' id='par_1_46' title="bbox 105 4453 1670 4528">
     <span class='ocr_line' id='line_1_46' title="bbox 105 4453 1670 4528; baseline 0.001 -23"><span class='ocrx_word' id='word_1_310' title='bbox 105 4464 150 4509; x_wconf 83' lang='lat' dir='ltr'><strong>tt</strong></span> <span class='ocrx_word' id='word_1_311' title='bbox 178 4457 455 4526; x_wconf 74' lang='lat' dir='ltr'><strong>populum,</strong></span> <span class='ocrx_word' id='word_1_312' title='bbox 513 4456 744 4528; x_wconf 77' lang='lat' dir='ltr'><strong>eleganti</strong></span> <span class='ocrx_word' id='word_1_313' title='bbox 775 4458 979 4528; x_wconf 82' lang='lat' dir='ltr'><strong>scripto</strong></span> <span class='ocrx_word' id='word_1_314' title='bbox 1019 4457 1353 4514; x_wconf 83' lang='lat' dir='ltr'><strong>constituunt</strong></span> <span class='ocrx_word' id='word_1_315' title='bbox 1395 4455 1522 4524; x_wconf 89' lang='lat' dir='ltr'><strong>quid</strong></span> <span class='ocrx_word' id='word_1_316' title='bbox 1554 4453 1670 4506; x_wconf 82' lang='lat' dir='ltr'><strong>ﬁeri</strong></span> 
     </span>
    </p>
   </div>
   <div class='ocr_carea' id='block_1_47' title="bbox 946 281 2525 348">
    <p class='ocr_par' dir='ltr' id='par_1_47' title="bbox 946 281 2525 348">
     <span class='ocr_line' id='line_1_47' title="bbox 946 281 2525 348; baseline -0.002 -9"><span class='ocrx_word' id='word_1_317' title='bbox 946 284 1174 340; x_wconf 73' lang='lat' dir='ltr'><strong>GESTA</strong></span> <span class='ocrx_word' id='word_1_318' title='bbox 1212 284 1641 342; x_wconf 78' lang='lat' dir='ltr'><strong>ARCIIIEPISC.</strong></span> <span class='ocrx_word' id='word_1_319' title='bbox 1691 282 2068 340; x_wconf 70' lang='lat' dir='ltr'><strong>MEDIOLAN.</strong></span> <span class='ocrx_word' id='word_1_320' title='bbox 2100 313 2170 323; x_wconf 90' lang='lat'><strong><em>—</em></strong></span> <span class='ocrx_word' id='word_1_321' title='bbox 2205 281 2331 338; x_wconf 86' lang='lat' dir='ltr'><strong>LIB.</strong></span> <span class='ocrx_word' id='word_1_322' title='bbox 2358 281 2442 338; x_wconf 86' lang='lat' dir='ltr'><strong>Ill.</strong></span> <span class='ocrx_word' id='word_1_323' title='bbox 2516 337 2525 348; x_wconf 71' lang='grc'><strong><em>,</em></strong></span> 
     </span>
    </p>
   </div>
   <div class='ocr_carea' id='block_1_48' title="bbox 3221 283 3326 340">
    <p class='ocr_par' dir='ltr' id='par_1_48' title="bbox 3221 283 3326 340">
     <span class='ocr_line' id='line_1_48' title="bbox 3221 283 3326 340; baseline 0.01 -1"><span class='ocrx_word' id='word_1_324' title='bbox 3221 283 3326 340; x_wconf 74' lang='grc'><strong>518</strong></span> 
     </span>
    </p>
   </div>
   <div class='ocr_carea' id='block_1_49' title="bbox 1748 413 3328 488">
    <p class='ocr_par' dir='ltr' id='par_1_49' title="bbox 1748 413 3328 488">
     <span class='ocr_line' id='line_1_49' title="bbox 1748 413 3328 488; baseline 0 -16"><span class='ocrx_word' id='word_1_325' title='bbox 1748 416 1942 472; x_wconf 86' lang='lat' dir='ltr'><strong>debeat</strong></span> <span class='ocrx_word' id='word_1_326' title='bbox 1975 417 2029 470; x_wconf 93' lang='lat' dir='ltr'><strong>in</strong></span> <span class='ocrx_word' id='word_1_327' title='bbox 2071 425 2344 487; x_wconf 83' lang='lat' dir='ltr'><strong>posterum</strong></span> <span class='ocrx_word' id='word_1_328' title='bbox 2384 414 2534 486; x_wconf 79' lang='grc'><strong>(157)</strong></span> <span class='ocrx_word' id='word_1_329' title='bbox 2563 415 2722 487; x_wconf 75' lang='lat' dir='ltr'><strong>(Aug.</strong></span> <span class='ocrx_word' id='word_1_330' title='bbox 2755 414 2830 488; x_wconf 82' lang='lat' dir='ltr'><strong>l).</strong></span> <span class='ocrx_word' id='word_1_331' title='bbox 2881 413 2992 472; x_wconf 86' lang='lat' dir='ltr'><strong>Nec</strong></span> <span class='ocrx_word' id='word_1_332' title='bbox 3036 425 3212 471; x_wconf 82' lang='lat' dir='ltr'><strong>tamen</strong></span> <span class='ocrx_word' id='word_1_333' title='bbox 3243 418 3328 472; x_wconf 77' lang='lat' dir='ltr'><strong>liis</strong></span> 
     </span>
    </p>
   </div>
   <div class='ocr_carea' id='block_1_50' title="bbox 1750 507 3328 577">
    <p class='ocr_par' dir='ltr' id='par_1_50' title="bbox 1750 507 3328 577">
     <span class='ocr_line' id='line_1_50' title="bbox 1750 507 3328 577; baseline 0 -14"><span class='ocrx_word' id='word_1_334' title='bbox 1750 515 2044 563; x_wconf 89' lang='lat' dir='ltr'><strong>contentus</strong></span> <span class='ocrx_word' id='word_1_335' title='bbox 2097 507 2474 562; x_wconf 77' lang='lat' dir='ltr'><strong>Arlembaldus</strong></span> <span class='ocrx_word' id='word_1_336' title='bbox 2533 507 2758 561; x_wconf 78' lang='lat' dir='ltr'><strong>Romam</strong></span> <span class='ocrx_word' id='word_1_337' title='bbox 2811 521 3072 577; x_wconf 76' lang='lat' dir='ltr'><strong>pergens,</strong></span> <span class='ocrx_word' id='word_1_338' title='bbox 3129 508 3328 563; x_wconf 84' lang='lat' dir='ltr'><strong>iterum</strong></span> 
     </span>
    </p>
   </div>
   <div class='ocr_carea' id='block_1_51' title="bbox 1751 600 3330 672">
    <p class='ocr_par' dir='ltr' id='par_1_51' title="bbox 1751 600 3330 672">
     <span class='ocr_line' id='line_1_51' title="bbox 1751 600 3330 672; baseline 0.002 -19"><span class='ocrx_word' id='word_1_339' title='bbox 1751 615 1947 655; x_wconf 87' lang='lat' dir='ltr'><strong>novqu</strong></span> <span class='ocrx_word' id='word_1_340' title='bbox 1971 601 2092 655; x_wconf 89' lang='lat' dir='ltr'><strong>iniit</strong></span> <span class='ocrx_word' id='word_1_341' title='bbox 2120 617 2242 655; x_wconf 93' lang='lat' dir='ltr'><strong>cum</strong></span> <span class='ocrx_word' id='word_1_342' title='bbox 2268 601 2528 655; x_wconf 77' lang='lat' dir='ltr'><strong>Romanis</strong></span> <span class='ocrx_word' id='word_1_343' title='bbox 2552 600 2891 655; x_wconf 88' lang='lat' dir='ltr'><strong>conscilium.</strong></span> <span class='ocrx_word' id='word_1_344' title='bbox 2934 601 3099 656; x_wconf 84' lang='lat' dir='ltr'><strong>Vetus</strong></span> <span class='ocrx_word' id='word_1_345' title='bbox 3128 603 3330 672; x_wconf 89' lang='lat' dir='ltr'><strong>quippe</strong></span> 
     </span>
    </p>
   </div>
   <div class='ocr_carea' id='block_1_52' title="bbox 1751 691 3328 763">
    <p class='ocr_par' dir='ltr' id='par_1_52' title="bbox 1751 691 3328 763">
     <span class='ocr_line' id='line_1_52' title="bbox 1751 691 3328 763; baseline 0.002 -18"><span class='ocrx_word' id='word_1_346' title='bbox 1751 691 1851 746; x_wconf 80' lang='lat' dir='ltr'><strong>fuit</strong></span> <span class='ocrx_word' id='word_1_347' title='bbox 1892 692 2057 746; x_wconf 85' lang='lat' dir='ltr'><strong>Italici</strong></span> <span class='ocrx_word' id='word_1_348' title='bbox 2114 693 2260 762; x_wconf 85' lang='lat' dir='ltr'><strong>regni</strong></span> <span class='ocrx_word' id='word_1_349' title='bbox 2303 692 2574 747; x_wconf 88' lang='lat' dir='ltr'><strong>condictio</strong></span> <span class='ocrx_word' id='word_1_350' title='bbox 2626 707 2984 763; x_wconf 80' lang='lat' dir='ltr'><strong>perseverans</strong></span> <span class='ocrx_word' id='word_1_351' title='bbox 3050 710 3222 763; x_wconf 88' lang='lat' dir='ltr'><strong>usque</strong></span> <span class='ocrx_word' id='word_1_352' title='bbox 3275 698 3328 748; x_wconf 94' lang='lat' dir='ltr'><strong>in</strong></span> 
     </span>
    </p>
   </div>
   <div class='ocr_carea' id='block_1_53' title="bbox 1751 783 3328 857">
    <p class='ocr_par' dir='ltr' id='par_1_53' title="bbox 1751 783 3328 857">
     <span class='ocr_line' id='line_1_53' title="bbox 1751 783 3328 857; baseline 0.003 -19"><span class='ocrx_word' id='word_1_353' title='bbox 1751 784 2100 848; x_wconf 88' lang='lat' dir='ltr'><strong>hodiernum,</strong></span> <span class='ocrx_word' id='word_1_354' title='bbox 2151 793 2209 837; x_wconf 91' lang='lat' dir='ltr'><strong>ut</strong></span> <span class='ocrx_word' id='word_1_355' title='bbox 2249 783 2518 840; x_wconf 81' lang='lat' dir='ltr'><strong>defunctis</strong></span> <span class='ocrx_word' id='word_1_356' title='bbox 2564 785 2914 842; x_wconf 83' lang='lat' dir='ltr'><strong>ecclesiarum</strong></span> <span class='ocrx_word' id='word_1_357' title='bbox 2964 787 3285 857; x_wconf 63' lang='lat' dir='ltr'><strong>praisulibus</strong></span> <span class='ocrx_word' id='word_1_358' title='bbox 3314 828 3328 851; x_wconf 93' lang='lat'><strong>,</strong></span> 
     </span>
    </p>
   </div>
   <div class='ocr_carea' id='block_1_54' title="bbox 1755 881 3333 950">
    <p class='ocr_par' dir='ltr' id='par_1_54' title="bbox 1755 881 3333 950">
     <span class='ocr_line' id='line_1_54' title="bbox 1755 881 3333 950; baseline 0 -14"><span class='ocrx_word' id='word_1_359' title='bbox 1755 897 1848 936; x_wconf 89' lang='lat' dir='ltr'><strong>rex</strong></span> <span class='ocrx_word' id='word_1_360' title='bbox 1902 881 2186 950; x_wconf 83' lang='lat' dir='ltr'><strong>provideat</strong></span> <span class='ocrx_word' id='word_1_361' title='bbox 2230 895 2576 935; x_wconf 88' lang='lat' dir='ltr'><strong>successores</strong></span> <span class='ocrx_word' id='word_1_362' title='bbox 2629 881 2844 937; x_wconf 90' lang='lat' dir='ltr'><strong>Italicus</strong></span> <span class='ocrx_word' id='word_1_363' title='bbox 2879 882 2981 948; x_wconf 75' lang='grc'><strong>³⁸⁸,</strong></span> <span class='ocrx_word' id='word_1_364' title='bbox 3032 898 3062 938; x_wconf 88' lang='lat' dir='ltr'><strong>a</strong></span> <span class='ocrx_word' id='word_1_365' title='bbox 3103 884 3252 938; x_wconf 91' lang='lat' dir='ltr'><strong>clero</strong></span> <span class='ocrx_word' id='word_1_366' title='bbox 3279 894 3333 936; x_wconf 88' lang='lat' dir='ltr'><strong>et</strong></span> 
     </span>
    </p>
   </div>
   <div class='ocr_carea' id='block_1_55' title="bbox 1752 971 3330 1044">
    <p class='ocr_par' dir='ltr' id='par_1_55' title="bbox 1752 971 3330 1044">
     <span class='ocr_line' id='line_1_55' title="bbox 1752 971 3330 1044; baseline 0 -17"><span class='ocrx_word' id='word_1_367' title='bbox 1752 971 1948 1044; x_wconf 91' lang='lat' dir='ltr'><strong>popqu</strong></span> <span class='ocrx_word' id='word_1_368' title='bbox 1977 971 2280 1027; x_wconf 88' lang='lat' dir='ltr'><strong>decibilitcr</strong></span> <span class='ocrx_word' id='word_1_369' title='bbox 2306 971 2582 1025; x_wconf 84' lang='lat' dir='ltr'><strong>invitatus.</strong></span> <span class='ocrx_word' id='word_1_370' title='bbox 2619 971 2728 1027; x_wconf 90' lang='lat' dir='ltr'><strong>Hoc</strong></span> <span class='ocrx_word' id='word_1_371' title='bbox 2752 973 2981 1027; x_wconf 79' lang='lat' dir='ltr'><strong>Romani</strong></span> <span class='ocrx_word' id='word_1_372' title='bbox 3009 975 3330 1029; x_wconf 84' lang='lat' dir='ltr'><strong>canonicum</strong></span> 
     </span>
    </p>
   </div>
   <div class='ocr_carea' id='block_1_56' title="bbox 1750 1061 3332 1131">
    <p class='ocr_par' dir='ltr' id='par_1_56' title="bbox 1750 1061 3332 1131">
     <span class='ocr_line' id='line_1_56' title="bbox 1750 1061 3332 1131; baseline 0 -12"><span class='ocrx_word' id='word_1_373' title='bbox 1750 1078 1870 1119; x_wconf 84' lang='lat' dir='ltr'><strong>esse</strong></span> <span class='ocrx_word' id='word_1_374' title='bbox 1899 1070 2133 1131; x_wconf 86' lang='lat' dir='ltr'><strong>negant,</strong></span> <span class='ocrx_word' id='word_1_375' title='bbox 2160 1061 2253 1116; x_wconf 89' lang='lat' dir='ltr'><strong>sed</strong></span> <span class='ocrx_word' id='word_1_376' title='bbox 2280 1061 2573 1116; x_wconf 84' lang='lat' dir='ltr'><strong>instantius</strong></span> <span class='ocrx_word' id='word_1_377' title='bbox 2603 1063 3020 1120; x_wconf 87' lang='lat' dir='ltr'><strong>archidiaconus</strong></span> <span class='ocrx_word' id='word_1_378' title='bbox 3038 1066 3128 1120; x_wconf 85' lang='lat' dir='ltr'><strong>ille</strong></span> <span class='ocrx_word' id='word_1_379' title='bbox 3152 1066 3332 1120; x_wconf 74' lang='lat' dir='ltr'><strong>Hilde—</strong></span> 
     </span>
    </p>
   </div>
   <div class='ocr_carea' id='block_1_57' title="bbox 1752 1155 3336 1228">
    <p class='ocr_par' dir='ltr' id='par_1_57' title="bbox 1752 1155 3336 1228">
     <span class='ocr_line' id='line_1_57' title="bbox 1752 1155 3336 1228; baseline 0.001 -18"><span class='ocrx_word' id='word_1_380' title='bbox 1752 1156 2020 1225; x_wconf 86' lang='lat' dir='ltr'><strong>praudus,</strong></span> <span class='ocrx_word' id='word_1_381' title='bbox 2071 1155 2161 1225; x_wconf 89' lang='lat' dir='ltr'><strong>qui</strong></span> <span class='ocrx_word' id='word_1_382' title='bbox 2193 1171 2316 1210; x_wconf 90' lang='lat' dir='ltr'><strong>cum</strong></span> <span class='ocrx_word' id='word_1_383' title='bbox 2362 1156 2565 1211; x_wconf 87' lang='lat' dir='ltr'><strong>abolito</strong></span> <span class='ocrx_word' id='word_1_384' title='bbox 2601 1157 2770 1212; x_wconf 88' lang='lat' dir='ltr'><strong>veteri</strong></span> <span class='ocrx_word' id='word_1_385' title='bbox 2799 1174 2993 1212; x_wconf 87' lang='lat' dir='ltr'><strong>novmn</strong></span> <span class='ocrx_word' id='word_1_386' title='bbox 3045 1167 3336 1228; x_wconf 84' lang='lat' dir='ltr'><strong>temptaret</strong></span> 
     </span>
    </p>
   </div>
   <div class='ocr_carea' id='block_1_58' title="bbox 1753 1249 3335 1321">
    <p class='ocr_par' dir='ltr' id='par_1_58' title="bbox 1753 1249 3335 1321">
     <span class='ocr_line' id='line_1_58' title="bbox 1753 1249 3335 1321; baseline 0.001 -16"><span class='ocrx_word' id='word_1_387' title='bbox 1753 1249 2010 1306; x_wconf 89' lang='lat' dir='ltr'><strong>inducere</strong></span> <span class='ocrx_word' id='word_1_388' title='bbox 2030 1249 2382 1304; x_wconf 90' lang='lat' dir='ltr'><strong>constitutum</strong></span> <span class='ocrx_word' id='word_1_389' title='bbox 2407 1290 2422 1313; x_wconf 92' lang='lat'><strong>,</strong></span> <span class='ocrx_word' id='word_1_390' title='bbox 2461 1249 2636 1321; x_wconf 88' lang='lat' dir='ltr'><strong>palam</strong></span> <span class='ocrx_word' id='word_1_391' title='bbox 2665 1249 2938 1305; x_wconf 80' lang='lat' dir='ltr'><strong>fatebatur</strong></span> <span class='ocrx_word' id='word_1_392' title='bbox 2962 1292 2976 1315; x_wconf 88' lang='lat'><strong>,</strong></span> <span class='ocrx_word' id='word_1_393' title='bbox 3005 1251 3146 1306; x_wconf 86' lang='lat' dir='ltr'><strong>haud</strong></span> <span class='ocrx_word' id='word_1_394' title='bbox 3176 1266 3335 1306; x_wconf 86' lang='lat' dir='ltr'><strong>secus</strong></span> 
     </span>
    </p>
   </div>
   <div class='ocr_carea' id='block_1_59' title="bbox 1753 1341 3336 1412">
    <p class='ocr_par' dir='ltr' id='par_1_59' title="bbox 1753 1341 3336 1412">
     <span class='ocr_line' id='line_1_59' title="bbox 1753 1341 3336 1412; baseline 0.001 -17"><span class='ocrx_word' id='word_1_395' title='bbox 1753 1341 1930 1396; x_wconf 88' lang='lat' dir='ltr'><strong>sedari</strong></span> <span class='ocrx_word' id='word_1_396' title='bbox 1963 1342 2031 1373; x_wconf 78' lang='grc'><strong>’⁸⁷</strong></span> <span class='ocrx_word' id='word_1_397' title='bbox 2061 1356 2220 1410; x_wconf 87' lang='lat' dir='ltr'><strong>posse</strong></span> <span class='ocrx_word' id='word_1_398' title='bbox 2245 1341 2643 1398; x_wconf 77' lang='lat' dir='ltr'><strong>Mediolanense</strong></span> <span class='ocrx_word' id='word_1_399' title='bbox 2677 1342 2961 1397; x_wconf 86' lang='lat' dir='ltr'><strong>discidiqu</strong></span> <span class='ocrx_word' id='word_1_400' title='bbox 2987 1358 3146 1412; x_wconf 89' lang='lat' dir='ltr'><strong>quam</strong></span> <span class='ocrx_word' id='word_1_401' title='bbox 3171 1358 3336 1397; x_wconf 89' lang='lat' dir='ltr'><strong>cano-</strong></span> 
     </span>
    </p>
   </div>
   <div class='ocr_carea' id='block_1_60' title="bbox 1755 1432 3340 1504">
    <p class='ocr_par' dir='ltr' id='par_1_60' title="bbox 1755 1432 3340 1504">
     <span class='ocr_line' id='line_1_60' title="bbox 1755 1432 3340 1504; baseline 0.001 -18"><span class='ocrx_word' id='word_1_402' title='bbox 1755 1432 1934 1487; x_wconf 87' lang='lat' dir='ltr'><strong>nicum</strong></span> <span class='ocrx_word' id='word_1_403' title='bbox 1975 1432 2221 1487; x_wconf 86' lang='lat' dir='ltr'><strong>habendo</strong></span> <span class='ocrx_word' id='word_1_404' title='bbox 2259 1442 2564 1503; x_wconf 88' lang='lat' dir='ltr'><strong>pastorem,</strong></span> <span class='ocrx_word' id='word_1_405' title='bbox 2614 1433 2682 1488; x_wconf 91' lang='lat' dir='ltr'><strong>ad</strong></span> <span class='ocrx_word' id='word_1_406' title='bbox 2720 1448 2880 1502; x_wconf 84' lang='lat' dir='ltr'><strong>quem</strong></span> <span class='ocrx_word' id='word_1_407' title='bbox 2916 1433 3218 1504; x_wconf 82' lang='lat' dir='ltr'><strong>eligendum</strong></span> <span class='ocrx_word' id='word_1_408' title='bbox 3245 1448 3340 1487; x_wconf 87' lang='lat' dir='ltr'><strong>nc-</strong></span> 
     </span>
    </p>
   </div>
   <div class='ocr_carea' id='block_1_61' title="bbox 1754 1523 3340 1580">
    <p class='ocr_par' dir='ltr' id='par_1_61' title="bbox 1754 1523 3340 1580">
     <span class='ocr_line' id='line_1_61' title="bbox 1754 1523 3340 1580; baseline 0.001 -2"><span class='ocrx_word' id='word_1_409' title='bbox 1754 1523 2050 1578; x_wconf 87' lang='lat' dir='ltr'><strong>cessarium</strong></span> <span class='ocrx_word' id='word_1_410' title='bbox 2092 1523 2307 1579; x_wconf 85' lang='lat' dir='ltr'><strong>dicebat</strong></span> <span class='ocrx_word' id='word_1_411' title='bbox 2354 1523 2656 1577; x_wconf 82' lang='lat' dir='ltr'><strong>Romanum</strong></span> <span class='ocrx_word' id='word_1_412' title='bbox 2704 1523 2819 1578; x_wconf 78' lang='lat' dir='ltr'><strong>fore</strong></span> <span class='ocrx_word' id='word_1_413' title='bbox 2857 1539 3199 1579; x_wconf 87' lang='lat' dir='ltr'><strong>consensum.</strong></span> <span class='ocrx_word' id='word_1_414' title='bbox 3246 1524 3340 1580; x_wconf 89' lang='lat' dir='ltr'><strong>llis</strong></span> 
     </span>
    </p>
   </div>
   <div class='ocr_carea' id='block_1_62' title="bbox 1761 1613 3338 1670">
    <p class='ocr_par' dir='ltr' id='par_1_62' title="bbox 1761 1613 3338 1670">
     <span class='ocr_line' id='line_1_62' title="bbox 1761 1613 3338 1670; baseline -0.001 -1"><span class='ocrx_word' id='word_1_415' title='bbox 1761 1615 2060 1670; x_wconf 91' lang='lat' dir='ltr'><strong>instructus</strong></span> <span class='ocrx_word' id='word_1_416' title='bbox 2115 1614 2511 1669; x_wconf 88' lang='lat' dir='ltr'><strong>assertionibus</strong></span> <span class='ocrx_word' id='word_1_417' title='bbox 2553 1613 2930 1668; x_wconf 81' lang='lat' dir='ltr'><strong>Arlembaldus</strong></span> <span class='ocrx_word' id='word_1_418' title='bbox 2980 1613 3338 1668; x_wconf 81' lang='lat' dir='ltr'><strong>Mediolanum</strong></span> 
     </span>
    </p>
   </div>
   <div class='ocr_carea' id='block_1_63' title="bbox 1757 1706 3339 1776">
    <p class='ocr_par' dir='ltr' id='par_1_63' title="bbox 1757 1706 3339 1776">
     <span class='ocr_line' id='line_1_63' title="bbox 1757 1706 3339 1776; baseline 0 -16"><span class='ocrx_word' id='word_1_419' title='bbox 1757 1707 2002 1769; x_wconf 88' lang='lat' dir='ltr'><strong>rediens,</strong></span> <span class='ocrx_word' id='word_1_420' title='bbox 2035 1707 2177 1776; x_wconf 87' lang='lat' dir='ltr'><strong>quod</strong></span> <span class='ocrx_word' id='word_1_421' title='bbox 2203 1707 2449 1762; x_wconf 87' lang='lat' dir='ltr'><strong>audierat</strong></span> <span class='ocrx_word' id='word_1_422' title='bbox 2479 1706 2800 1761; x_wconf 80' lang='lat' dir='ltr'><strong>festinanter</strong></span> <span class='ocrx_word' id='word_1_423' title='bbox 2830 1707 3136 1776; x_wconf 83' lang='lat' dir='ltr'><strong>exequitur.</strong></span> <span class='ocrx_word' id='word_1_424' title='bbox 3182 1707 3339 1760; x_wconf 82' lang='lat' dir='ltr'><strong>Prius</strong></span> 
     </span>
    </p>
   </div>
   <div class='ocr_carea' id='block_1_64' title="bbox 1757 1799 3344 1869">
    <p class='ocr_par' dir='ltr' id='par_1_64' title="bbox 1757 1799 3344 1869">
     <span class='ocr_line' id='line_1_64' title="bbox 1757 1799 3344 1869; baseline 0.001 -16"><span class='ocrx_word' id='word_1_425' title='bbox 1757 1813 1885 1868; x_wconf 83' lang='lat' dir='ltr'><strong>ergo</strong></span> <span class='ocrx_word' id='word_1_426' title='bbox 1927 1808 2140 1854; x_wconf 90' lang='lat' dir='ltr'><strong>secreto</strong></span> <span class='ocrx_word' id='word_1_427' title='bbox 2189 1813 2390 1868; x_wconf 89' lang='lat' dir='ltr'><strong>paucos</strong></span> <span class='ocrx_word' id='word_1_428' title='bbox 2437 1799 2689 1853; x_wconf 86' lang='lat' dir='ltr'><strong>convenit</strong></span> <span class='ocrx_word' id='word_1_429' title='bbox 2736 1814 2800 1853; x_wconf 82' lang='lat' dir='ltr'><strong>ex</strong></span> <span class='ocrx_word' id='word_1_430' title='bbox 2826 1799 3036 1853; x_wconf 88' lang='lat' dir='ltr'><strong>amicis.</strong></span> <span class='ocrx_word' id='word_1_431' title='bbox 3067 1799 3109 1852; x_wconf 87' lang='lat' dir='ltr'><strong>A</strong></span> <span class='ocrx_word' id='word_1_432' title='bbox 3148 1800 3344 1869; x_wconf 84' lang='lat' dir='ltr'><strong>quibus</strong></span> 
     </span>
    </p>
   </div>
   <div class='ocr_carea' id='block_1_65' title="bbox 1755 1887 3344 1958">
    <p class='ocr_par' dir='ltr' id='par_1_65' title="bbox 1755 1887 3344 1958">
     <span class='ocr_line' id='line_1_65' title="bbox 1755 1887 3344 1958; baseline -0.001 -14"><span class='ocrx_word' id='word_1_433' title='bbox 1755 1903 1879 1944; x_wconf 90' lang='lat' dir='ltr'><strong>cum</strong></span> <span class='ocrx_word' id='word_1_434' title='bbox 1929 1887 2171 1958; x_wconf 78' lang='lat' dir='ltr'><strong>exigeret</strong></span> <span class='ocrx_word' id='word_1_435' title='bbox 2219 1889 2567 1958; x_wconf 86' lang='lat' dir='ltr'><strong>sponsionem</strong></span> <span class='ocrx_word' id='word_1_436' title='bbox 2623 1888 2832 1942; x_wconf 87' lang='lat' dir='ltr'><strong>celandi</strong></span> <span class='ocrx_word' id='word_1_437' title='bbox 2889 1891 3128 1954; x_wconf 89' lang='lat' dir='ltr'><strong>credita,</strong></span> <span class='ocrx_word' id='word_1_438' title='bbox 3184 1899 3344 1945; x_wconf 88' lang='lat' dir='ltr'><strong>caute</strong></span> 
     </span>
    </p>
   </div>
   <div class='ocr_carea' id='block_1_66' title="bbox 1757 1979 3345 2053">
    <p class='ocr_par' dir='ltr' id='par_1_66' title="bbox 1757 1979 3345 2053">
     <span class='ocr_line' id='line_1_66' title="bbox 1757 1979 3345 2053; baseline 0.001 -17"><span class='ocrx_word' id='word_1_439' title='bbox 1757 1981 2043 2036; x_wconf 90' lang='lat' dir='ltr'><strong>subintulit</strong></span> <span class='ocrx_word' id='word_1_440' title='bbox 2069 1979 2380 2048; x_wconf 85' lang='lat' dir='ltr'><strong>juramcnto</strong></span> <span class='ocrx_word' id='word_1_441' title='bbox 2410 1996 2629 2037; x_wconf 89' lang='lat' dir='ltr'><strong>causam</strong></span> <span class='ocrx_word' id='word_1_442' title='bbox 2657 1981 2822 2034; x_wconf 84' lang='lat' dir='ltr'><strong>futuri</strong></span> <span class='ocrx_word' id='word_1_443' title='bbox 2845 1982 3077 2052; x_wconf 82' lang='lat' dir='ltr'><strong>eligendi</strong></span> <span class='ocrx_word' id='word_1_444' title='bbox 3112 1983 3345 2053; x_wconf 80' lang='lat' dir='ltr'><strong>pastoris</strong></span> 
     </span>
    </p>
   </div>
   <div class='ocr_carea' id='block_1_67' title="bbox 1757 2074 3341 2146">
    <p class='ocr_par' dir='ltr' id='par_1_67' title="bbox 1757 2074 3341 2146">
     <span class='ocr_line' id='line_1_67' title="bbox 1757 2074 3341 2146; baseline 0.001 -18"><span class='ocrx_word' id='word_1_445' title='bbox 1757 2080 1877 2144; x_wconf 85' lang='lat' dir='ltr'><strong>post</strong></span> <span class='ocrx_word' id='word_1_446' title='bbox 1906 2074 2201 2129; x_wconf 78' lang='lat' dir='ltr'><strong>discessum</strong></span> <span class='ocrx_word' id='word_1_447' title='bbox 2239 2074 2543 2143; x_wconf 68' lang='lat' dir='ltr'><strong>prmscntis.</strong></span> <span class='ocrx_word' id='word_1_448' title='bbox 2583 2074 2787 2129; x_wconf 89' lang='lat' dir='ltr'><strong>Deinde</strong></span> <span class='ocrx_word' id='word_1_449' title='bbox 2825 2075 2913 2130; x_wconf 91' lang='lat' dir='ltr'><strong>die</strong></span> <span class='ocrx_word' id='word_1_450' title='bbox 2955 2087 3221 2146; x_wconf 89' lang='lat' dir='ltr'><strong>noctuque</strong></span> <span class='ocrx_word' id='word_1_451' title='bbox 3263 2076 3341 2130; x_wconf 90' lang='lat' dir='ltr'><strong>la-</strong></span> 
     </span>
    </p>
   </div>
   <div class='ocr_carea' id='block_1_68' title="bbox 1756 2163 3342 2234">
    <p class='ocr_par' dir='ltr' id='par_1_68' title="bbox 1756 2163 3342 2234">
     <span class='ocr_line' id='line_1_68' title="bbox 1756 2163 3342 2234; baseline 0 -16"><span class='ocrx_word' id='word_1_452' title='bbox 1756 2163 1956 2218; x_wconf 88' lang='lat' dir='ltr'><strong>borans</strong></span> <span class='ocrx_word' id='word_1_453' title='bbox 1984 2205 1999 2228; x_wconf 91' lang='lat'><strong>,</strong></span> <span class='ocrx_word' id='word_1_454' title='bbox 2032 2163 2198 2218; x_wconf 88' lang='lat' dir='ltr'><strong>laicos</strong></span> <span class='ocrx_word' id='word_1_455' title='bbox 2225 2179 2466 2234; x_wconf 89' lang='lat' dir='ltr'><strong>quosque</strong></span> <span class='ocrx_word' id='word_1_456' title='bbox 2491 2173 2545 2218; x_wconf 91' lang='lat' dir='ltr'><strong>et</strong></span> <span class='ocrx_word' id='word_1_457' title='bbox 2574 2163 2799 2218; x_wconf 87' lang='lat' dir='ltr'><strong>clericos</strong></span> <span class='ocrx_word' id='word_1_458' title='bbox 2829 2164 3004 2220; x_wconf 91' lang='lat' dir='ltr'><strong>eidem</strong></span> <span class='ocrx_word' id='word_1_459' title='bbox 3030 2164 3342 2232; x_wconf 89' lang='lat' dir='ltr'><strong>juramcnto</strong></span> 
     </span>
    </p>
   </div>
   <div class='ocr_carea' id='block_1_69' title="bbox 1759 2256 3346 2328">
    <p class='ocr_par' dir='ltr' id='par_1_69' title="bbox 1759 2256 3346 2328">
     <span class='ocr_line' id='line_1_69' title="bbox 1759 2256 3346 2328; baseline 0.001 -17"><span class='ocrx_word' id='word_1_460' title='bbox 1759 2257 1933 2312; x_wconf 87' lang='lat' dir='ltr'><strong>reddit</strong></span> <span class='ocrx_word' id='word_1_461' title='bbox 1975 2257 2257 2311; x_wconf 87' lang='lat' dir='ltr'><strong>obnoxios.</strong></span> <span class='ocrx_word' id='word_1_462' title='bbox 2297 2256 2514 2311; x_wconf 88' lang='lat' dir='ltr'><strong>Interim</strong></span> <span class='ocrx_word' id='word_1_463' title='bbox 2554 2266 2781 2311; x_wconf 90' lang='lat' dir='ltr'><strong>tamena</strong></span> <span class='ocrx_word' id='word_1_464' title='bbox 2807 2259 3177 2328; x_wconf 87' lang='lat' dir='ltr'><strong>persequendo</strong></span> <span class='ocrx_word' id='word_1_465' title='bbox 3207 2275 3346 2328; x_wconf 70' lang='lat' dir='ltr'><strong>prae-</strong></span> 
     </span>
    </p>
   </div>
   <div class='ocr_carea' id='block_1_70' title="bbox 1758 2347 3345 2418">
    <p class='ocr_par' dir='ltr' id='par_1_70' title="bbox 1758 2347 3345 2418">
     <span class='ocr_line' id='line_1_70' title="bbox 1758 2347 3345 2418; baseline 0 -16"><span class='ocrx_word' id='word_1_466' title='bbox 1758 2347 1926 2402; x_wconf 89' lang='lat' dir='ltr'><strong>sulem</strong></span> <span class='ocrx_word' id='word_1_467' title='bbox 1956 2364 2061 2402; x_wconf 92' lang='lat' dir='ltr'><strong>non</strong></span> <span class='ocrx_word' id='word_1_468' title='bbox 2097 2347 2394 2402; x_wconf 84' lang='lat' dir='ltr'><strong>desistebat</strong></span> <span class='ocrx_word' id='word_1_469' title='bbox 2423 2347 2708 2403; x_wconf 86' lang='lat' dir='ltr'><strong>Widoncm</strong></span> <span class='ocrx_word' id='word_1_470' title='bbox 2731 2387 2745 2414; x_wconf 90' lang='lat'><strong>,</strong></span> <span class='ocrx_word' id='word_1_471' title='bbox 2773 2347 3060 2418; x_wconf 88' lang='lat' dir='ltr'><strong>omnisque</strong></span> <span class='ocrx_word' id='word_1_472' title='bbox 3080 2364 3188 2403; x_wconf 86' lang='lat' dir='ltr'><strong>suae</strong></span> <span class='ocrx_word' id='word_1_473' title='bbox 3213 2364 3345 2404; x_wconf 84' lang='lat' dir='ltr'><strong>con-</strong></span> 
     </span>
    </p>
   </div>
   <div class='ocr_carea' id='block_1_71' title="bbox 1759 2435 2384 2508">
    <p class='ocr_par' dir='ltr' id='par_1_71' title="bbox 1759 2435 2384 2508">
     <span class='ocr_line' id='line_1_71' title="bbox 1759 2435 2384 2508; baseline -0.003 -15"><span class='ocrx_word' id='word_1_474' title='bbox 1759 2438 2142 2508; x_wconf 81' lang='lat' dir='ltr'><strong>sanguinitatis</strong></span> <span class='ocrx_word' id='word_1_475' title='bbox 2175 2435 2384 2493; x_wconf 68' lang='lat' dir='ltr'><strong>amnes.</strong></span> 
     </span>
    </p>
   </div>
   <div class='ocr_carea' id='block_1_72' title="bbox 1827 2530 3348 2600">
    <p class='ocr_par' dir='ltr' id='par_1_72' title="bbox 1827 2530 3348 2600">
     <span class='ocr_line' id='line_1_72' title="bbox 1827 2530 3348 2600; baseline -0.002 -15"><span class='ocrx_word' id='word_1_476' title='bbox 1827 2531 1920 2586; x_wconf 71' lang='lat'><strong>2&#39;2.</strong></span> <span class='ocrx_word' id='word_1_477' title='bbox 1960 2531 2414 2600; x_wconf 83' lang='lat' dir='ltr'><strong>ArchiepiscOpus</strong></span> <span class='ocrx_word' id='word_1_478' title='bbox 2439 2538 2618 2585; x_wconf 89' lang='lat' dir='ltr'><strong>autem</strong></span> <span class='ocrx_word' id='word_1_479' title='bbox 2641 2545 2762 2586; x_wconf 93' lang='lat' dir='ltr'><strong>cum</strong></span> <span class='ocrx_word' id='word_1_480' title='bbox 2795 2539 2874 2586; x_wconf 90' lang='lat' dir='ltr'><strong>tot</strong></span> <span class='ocrx_word' id='word_1_481' title='bbox 2897 2530 3149 2600; x_wconf 87' lang='lat' dir='ltr'><strong>nequiret</strong></span> <span class='ocrx_word' id='word_1_482' title='bbox 3171 2530 3348 2584; x_wconf 85' lang='lat' dir='ltr'><strong>immi-</strong></span> 
     </span>
    </p>
   </div>
   <div class='ocr_carea' id='block_1_73' title="bbox 1763 2622 3351 2694">
    <p class='ocr_par' dir='ltr' id='par_1_73' title="bbox 1763 2622 3351 2694">
     <span class='ocr_line' id='line_1_73' title="bbox 1763 2622 3351 2694; baseline -0.001 -16"><span class='ocrx_word' id='word_1_483' title='bbox 1763 2632 1954 2678; x_wconf 88' lang='lat' dir='ltr'><strong>nentes</strong></span> <span class='ocrx_word' id='word_1_484' title='bbox 2000 2623 2255 2678; x_wconf 89' lang='lat' dir='ltr'><strong>tollerarc</strong></span> <span class='ocrx_word' id='word_1_485' title='bbox 2308 2637 2623 2693; x_wconf 88' lang='lat' dir='ltr'><strong>pressuras,</strong></span> <span class='ocrx_word' id='word_1_486' title='bbox 2671 2639 2788 2679; x_wconf 63' lang='lat' dir='ltr'><strong>aevo</strong></span> <span class='ocrx_word' id='word_1_487' title='bbox 2832 2622 2944 2694; x_wconf 85' lang='lat' dir='ltr'><strong>jam</strong></span> <span class='ocrx_word' id='word_1_488' title='bbox 3005 2634 3248 2679; x_wconf 88' lang='lat' dir='ltr'><strong>maturus</strong></span> <span class='ocrx_word' id='word_1_489' title='bbox 3297 2633 3351 2677; x_wconf 90' lang='lat' dir='ltr'><strong>et</strong></span> 
     </span>
    </p>
   </div>
   <div class='ocr_carea' id='block_1_74' title="bbox 1763 2713 3348 2785">
    <p class='ocr_par' dir='ltr' id='par_1_74' title="bbox 1763 2713 3348 2785">
     <span class='ocr_line' id='line_1_74' title="bbox 1763 2713 3348 2785; baseline -0.002 -16"><span class='ocrx_word' id='word_1_490' title='bbox 1763 2713 2020 2769; x_wconf 87' lang='lat' dir='ltr'><strong>diuturno</strong></span> <span class='ocrx_word' id='word_1_491' title='bbox 2077 2713 2338 2785; x_wconf 85' lang='lat' dir='ltr'><strong>languore</strong></span> <span class='ocrx_word' id='word_1_492' title='bbox 2397 2713 2655 2769; x_wconf 87' lang='lat' dir='ltr'><strong>membris</strong></span> <span class='ocrx_word' id='word_1_493' title='bbox 2707 2715 2961 2770; x_wconf 90' lang='lat' dir='ltr'><strong>omnibus</strong></span> <span class='ocrx_word' id='word_1_494' title='bbox 3014 2713 3348 2778; x_wconf 90' lang='lat' dir='ltr'><strong>dissolutus,</strong></span> 
     </span>
    </p>
   </div>
   <div class='ocr_carea' id='block_1_75' title="bbox 1763 2803 3346 2874">
    <p class='ocr_par' dir='ltr' id='par_1_75' title="bbox 1763 2803 3346 2874">
     <span class='ocr_line' id='line_1_75' title="bbox 1763 2803 3346 2874; baseline -0.004 -13"><span class='ocrx_word' id='word_1_495' title='bbox 1763 2806 2059 2861; x_wconf 89' lang='lat' dir='ltr'><strong>arbitratus</strong></span> <span class='ocrx_word' id='word_1_496' title='bbox 2082 2813 2165 2860; x_wconf 92' lang='lat' dir='ltr'><strong>est</strong></span> <span class='ocrx_word' id='word_1_497' title='bbox 2204 2803 2322 2859; x_wconf 78' lang='lat' dir='ltr'><strong>fore</strong></span> <span class='ocrx_word' id='word_1_498' title='bbox 2345 2803 2712 2870; x_wconf 87' lang='lat' dir='ltr'><strong>conveniens,</strong></span> <span class='ocrx_word' id='word_1_499' title='bbox 2755 2814 2813 2859; x_wconf 89' lang='lat' dir='ltr'><strong>ut</strong></span> <span class='ocrx_word' id='word_1_500' title='bbox 2849 2804 2991 2874; x_wconf 91' lang='lat' dir='ltr'><strong>quod</strong></span> <span class='ocrx_word' id='word_1_501' title='bbox 3019 2803 3109 2858; x_wconf 87' lang='lat' dir='ltr'><strong>ille</strong></span> <span class='ocrx_word' id='word_1_502' title='bbox 3138 2804 3346 2858; x_wconf 79' lang='lat' dir='ltr'><strong>facien-</strong></span> 
     </span>
    </p>
   </div>
   <div class='ocr_carea' id='block_1_76' title="bbox 1763 2895 3348 2967">
    <p class='ocr_par' dir='ltr' id='par_1_76' title="bbox 1763 2895 3348 2967">
     <span class='ocr_line' id='line_1_76' title="bbox 1763 2895 3348 2967; baseline -0.001 -16"><span class='ocrx_word' id='word_1_503' title='bbox 1763 2896 1889 2951; x_wconf 88' lang='lat' dir='ltr'><strong>dum</strong></span> <span class='ocrx_word' id='word_1_504' title='bbox 1931 2895 2291 2967; x_wconf 67' lang='lat' dir='ltr'><strong>praeviderat,</strong></span> <span class='ocrx_word' id='word_1_505' title='bbox 2347 2895 2462 2966; x_wconf 91' lang='lat' dir='ltr'><strong>ipse</strong></span> <span class='ocrx_word' id='word_1_506' title='bbox 2509 2910 2725 2965; x_wconf 89' lang='lat' dir='ltr'><strong>quoque</strong></span> <span class='ocrx_word' id='word_1_507' title='bbox 2774 2896 3102 2950; x_wconf 89' lang='lat' dir='ltr'><strong>destruendo</strong></span> <span class='ocrx_word' id='word_1_508' title='bbox 3145 2911 3348 2965; x_wconf 72' lang='lat' dir='ltr'><strong>prtere—</strong></span> 
     </span>
    </p>
   </div>
   <div class='ocr_carea' id='block_1_77' title="bbox 1764 2986 3348 3058">
    <p class='ocr_par' dir='ltr' id='par_1_77' title="bbox 1764 2986 3348 3058">
     <span class='ocr_line' id='line_1_77' title="bbox 1764 2986 3348 3058; baseline -0.001 -17"><span class='ocrx_word' id='word_1_509' title='bbox 1764 2987 1946 3051; x_wconf 90' lang='lat' dir='ltr'><strong>niret;</strong></span> <span class='ocrx_word' id='word_1_510' title='bbox 2003 2986 2214 3042; x_wconf 87' lang='lat' dir='ltr'><strong>scilicet</strong></span> <span class='ocrx_word' id='word_1_511' title='bbox 2259 2995 2317 3040; x_wconf 90' lang='lat' dir='ltr'><strong>ut</strong></span> <span class='ocrx_word' id='word_1_512' title='bbox 2365 2986 2685 3057; x_wconf 84' lang='lat' dir='ltr'><strong>dignitatem</strong></span> <span class='ocrx_word' id='word_1_513' title='bbox 2749 2987 3021 3058; x_wconf 84' lang='lat' dir='ltr'><strong>propriam</strong></span> <span class='ocrx_word' id='word_1_514' title='bbox 3079 2987 3232 3040; x_wconf 89' lang='lat' dir='ltr'><strong>alteri</strong></span> <span class='ocrx_word' id='word_1_515' title='bbox 3291 3003 3348 3042; x_wconf 85' lang='lat' dir='ltr'><strong>se</strong></span> 
     </span>
    </p>
   </div>
   <div class='ocr_carea' id='block_1_78' title="bbox 1763 3077 3353 3148">
    <p class='ocr_par' dir='ltr' id='par_1_78' title="bbox 1763 3077 3353 3148">
     <span class='ocr_line' id='line_1_78' title="bbox 1763 3077 3353 3148; baseline 0.001 -17"><span class='ocrx_word' id='word_1_516' title='bbox 1763 3078 1978 3132; x_wconf 87' lang='lat' dir='ltr'><strong>vivente</strong></span> <span class='ocrx_word' id='word_1_517' title='bbox 2010 3077 2331 3133; x_wconf 89' lang='lat' dir='ltr'><strong>concederet</strong></span> <span class='ocrx_word' id='word_1_518' title='bbox 2378 3078 2547 3147; x_wconf 83' lang='grc'><strong>(158).</strong></span> <span class='ocrx_word' id='word_1_519' title='bbox 2589 3077 2692 3133; x_wconf 87' lang='lat' dir='ltr'><strong>Per</strong></span> <span class='ocrx_word' id='word_1_520' title='bbox 2732 3077 2876 3132; x_wconf 89' lang='lat' dir='ltr'><strong>idem</strong></span> <span class='ocrx_word' id='word_1_521' title='bbox 2927 3088 3136 3148; x_wconf 87' lang='lat' dir='ltr'><strong>tempus</strong></span> <span class='ocrx_word' id='word_1_522' title='bbox 3176 3079 3353 3133; x_wconf 71' lang='lat' dir='ltr'><strong>fuerat</strong></span> 
     </span>
    </p>
   </div>
   <div class='ocr_carea' id='block_1_79' title="bbox 1766 3167 3353 3238">
    <p class='ocr_par' dir='ltr' id='par_1_79' title="bbox 1766 3167 3353 3238">
     <span class='ocr_line' id='line_1_79' title="bbox 1766 3167 3353 3238; baseline 0.003 -18"><span class='ocrx_word' id='word_1_523' title='bbox 1766 3167 1988 3238; x_wconf 88' lang='lat' dir='ltr'><strong>quidam</strong></span> <span class='ocrx_word' id='word_1_524' title='bbox 2016 3181 2084 3221; x_wconf 80' lang='lat' dir='ltr'><strong>ex</strong></span> <span class='ocrx_word' id='word_1_525' title='bbox 2115 3167 2405 3221; x_wconf 87' lang='lat' dir='ltr'><strong>ordinariis</strong></span> <span class='ocrx_word' id='word_1_526' title='bbox 2431 3168 2675 3222; x_wconf 68' lang='lat' dir='ltr'><strong>ecclesiae</strong></span> <span class='ocrx_word' id='word_1_527' title='bbox 2721 3167 3087 3222; x_wconf 88' lang='lat' dir='ltr'><strong>subdiaconus</strong></span> <span class='ocrx_word' id='word_1_528' title='bbox 3133 3170 3353 3224; x_wconf 89' lang='lat' dir='ltr'><strong>nomine</strong></span> 
     </span>
    </p>
   </div>
   <div class='ocr_carea' id='block_1_80' title="bbox 1765 3259 3350 3332">
    <p class='ocr_par' dir='ltr' id='par_1_80' title="bbox 1765 3259 3350 3332">
     <span class='ocr_line' id='line_1_80' title="bbox 1765 3259 3350 3332; baseline 0.002 -17"><span class='ocrx_word' id='word_1_529' title='bbox 1765 3259 2090 3315; x_wconf 76' lang='lat' dir='ltr'><strong>Gotel‘redus</strong></span> <span class='ocrx_word' id='word_1_530' title='bbox 2117 3260 2187 3291; x_wconf 82' lang='grc'><strong>¹⁰⁸</strong></span> <span class='ocrx_word' id='word_1_531' title='bbox 2216 3261 2362 3332; x_wconf 70' lang='grc'><strong>(139)</strong></span> <span class='ocrx_word' id='word_1_532' title='bbox 2390 3301 2404 3324; x_wconf 88' lang='grc'><em>,</em></span> <span class='ocrx_word' id='word_1_533' title='bbox 2454 3260 2595 3314; x_wconf 90' lang='lat' dir='ltr'><strong>illius</strong></span> <span class='ocrx_word' id='word_1_534' title='bbox 2623 3276 2652 3314; x_wconf 88' lang='lat' dir='ltr'><strong>a</strong></span> <span class='ocrx_word' id='word_1_535' title='bbox 2683 3260 2912 3316; x_wconf 82' lang='lat' dir='ltr'><strong>secretis</strong></span> <span class='ocrx_word' id='word_1_536' title='bbox 2952 3277 3062 3332; x_wconf 60' lang='lat' dir='ltr'><strong>prie</strong></span> <span class='ocrx_word' id='word_1_537' title='bbox 3095 3262 3350 3318; x_wconf 90' lang='lat' dir='ltr'><strong>omnibus</strong></span> 
     </span>
    </p>
   </div>
   <div class='ocr_carea' id='block_1_81' title="bbox 1767 3350 3346 3420">
    <p class='ocr_par' dir='ltr' id='par_1_81' title="bbox 1767 3350 3346 3420">
     <span class='ocr_line' id='line_1_81' title="bbox 1767 3350 3346 3420; baseline 0.001 -15"><span class='ocrx_word' id='word_1_538' title='bbox 1767 3351 1976 3414; x_wconf 90' lang='lat' dir='ltr'><strong>unicus,</strong></span> <span class='ocrx_word' id='word_1_539' title='bbox 2007 3350 2096 3419; x_wconf 89' lang='lat' dir='ltr'><strong>qui</strong></span> <span class='ocrx_word' id='word_1_540' title='bbox 2116 3365 2178 3404; x_wconf 86' lang='lat' dir='ltr'><strong>ex</strong></span> <span class='ocrx_word' id='word_1_541' title='bbox 2205 3366 2312 3420; x_wconf 91' lang='lat' dir='ltr'><strong>quo</strong></span> <span class='ocrx_word' id='word_1_542' title='bbox 2341 3350 2540 3404; x_wconf 90' lang='lat' dir='ltr'><strong>domini</strong></span> <span class='ocrx_word' id='word_1_543' title='bbox 2565 3351 2646 3406; x_wconf 89' lang='lat' dir='ltr'><strong>sui</strong></span> <span class='ocrx_word' id='word_1_544' title='bbox 2664 3359 3048 3420; x_wconf 86' lang='lat' dir='ltr'><strong>penetraverat</strong></span> <span class='ocrx_word' id='word_1_545' title='bbox 3077 3360 3312 3406; x_wconf 88' lang='lat' dir='ltr'><strong>mentem</strong></span> <span class='ocrx_word' id='word_1_546' title='bbox 3333 3396 3346 3418; x_wconf 93' lang='lat'><strong>,</strong></span> 
     </span>
    </p>
   </div>
   <div class='ocr_carea' id='block_1_82' title="bbox 1768 3440 3348 3512">
    <p class='ocr_par' dir='ltr' id='par_1_82' title="bbox 1768 3440 3348 3512">
     <span class='ocr_line' id='line_1_82' title="bbox 1768 3440 3348 3512; baseline 0.001 -16"><span class='ocrx_word' id='word_1_547' title='bbox 1768 3442 1821 3496; x_wconf 92' lang='lat' dir='ltr'><strong>in</strong></span> <span class='ocrx_word' id='word_1_548' title='bbox 1855 3457 1913 3496; x_wconf 88' lang='lat' dir='ltr'><strong>se</strong></span> <span class='ocrx_word' id='word_1_549' title='bbox 1943 3440 2372 3496; x_wconf 78' lang='lat' dir='ltr'><strong>transferendum</strong></span> <span class='ocrx_word' id='word_1_550' title='bbox 2402 3442 2729 3496; x_wconf 77' lang='lat' dir='ltr'><strong>(IltllllIIIOdlS</strong></span> <span class='ocrx_word' id='word_1_551' title='bbox 2750 3444 3030 3512; x_wconf 78' lang='lat' dir='ltr'><strong>satagebat</strong></span> <span class='ocrx_word' id='word_1_552' title='bbox 3061 3443 3348 3500; x_wconf 86' lang='lat' dir='ltr'><strong>honorem.</strong></span> 
     </span>
    </p>
   </div>
   <div class='ocr_carea' id='block_1_83' title="bbox 1771 3533 3354 3606">
    <p class='ocr_par' dir='ltr' id='par_1_83' title="bbox 1771 3533 3354 3606">
     <span class='ocr_line' id='line_1_83' title="bbox 1771 3533 3354 3606; baseline 0.001 -18"><span class='ocrx_word' id='word_1_553' title='bbox 1771 3533 1996 3589; x_wconf 83' lang='lat' dir='ltr'><strong>Secreta</strong></span> <span class='ocrx_word' id='word_1_554' title='bbox 2033 3534 2196 3604; x_wconf 84' lang='lat' dir='ltr'><strong>igitur</strong></span> <span class='ocrx_word' id='word_1_555' title='bbox 2240 3533 2380 3588; x_wconf 83' lang='lat' dir='ltr'><strong>facta</strong></span> <span class='ocrx_word' id='word_1_556' title='bbox 2415 3534 2776 3588; x_wconf 89' lang='lat' dir='ltr'><strong>conventione</strong></span> <span class='ocrx_word' id='word_1_557' title='bbox 2820 3551 2943 3589; x_wconf 92' lang='lat' dir='ltr'><strong>cum</strong></span> <span class='ocrx_word' id='word_1_558' title='bbox 2995 3551 3059 3590; x_wconf 90' lang='lat' dir='ltr'><strong>eo</strong></span> <span class='ocrx_word' id='word_1_559' title='bbox 3114 3537 3309 3606; x_wconf 78' lang='lat' dir='ltr'><strong>praesul</strong></span> <span class='ocrx_word' id='word_1_560' title='bbox 3340 3579 3354 3603; x_wconf 88' lang='lat'><strong>,</strong></span> 
     </span>
    </p>
   </div>
   <div class='ocr_carea' id='block_1_84' title="bbox 1772 3625 3354 3696">
    <p class='ocr_par' dir='ltr' id='par_1_84' title="bbox 1772 3625 3354 3696">
     <span class='ocr_line' id='line_1_84' title="bbox 1772 3625 3354 3696; baseline 0.002 -15"><span class='ocrx_word' id='word_1_561' title='bbox 1772 3626 1916 3681; x_wconf 89' lang='lat' dir='ltr'><strong>datis</strong></span> <span class='ocrx_word' id='word_1_562' title='bbox 1967 3625 2271 3681; x_wconf 89' lang='lat' dir='ltr'><strong>communis</strong></span> <span class='ocrx_word' id='word_1_563' title='bbox 2319 3625 2460 3694; x_wconf 90' lang='lat' dir='ltr'><strong>pacti</strong></span> <span class='ocrx_word' id='word_1_564' title='bbox 2507 3641 2573 3680; x_wconf 88' lang='lat' dir='ltr'><strong>ex</strong></span> <span class='ocrx_word' id='word_1_565' title='bbox 2628 3626 2894 3682; x_wconf 90' lang='lat' dir='ltr'><strong>alterutro</strong></span> <span class='ocrx_word' id='word_1_566' title='bbox 2951 3630 3354 3696; x_wconf 88' lang='lat' dir='ltr'><strong>sacramentis,</strong></span> 
     </span>
    </p>
   </div>
   <div class='ocr_carea' id='block_1_85' title="bbox 1773 3717 3357 3791">
    <p class='ocr_par' dir='ltr' id='par_1_85' title="bbox 1773 3717 3357 3791">
     <span class='ocr_line' id='line_1_85' title="bbox 1773 3717 3357 3791; baseline 0.003 -17"><span class='ocrx_word' id='word_1_567' title='bbox 1773 3717 2092 3787; x_wconf 84' lang='lat' dir='ltr'><strong>dignitatem</strong></span> <span class='ocrx_word' id='word_1_568' title='bbox 2126 3718 2344 3787; x_wconf 89' lang='lat' dir='ltr'><strong>deponit</strong></span> <span class='ocrx_word' id='word_1_569' title='bbox 2375 3719 2442 3772; x_wconf 92' lang='lat' dir='ltr'><strong>ad</strong></span> <span class='ocrx_word' id='word_1_570' title='bbox 2498 3733 2771 3788; x_wconf 79' lang='lat' dir='ltr'><strong>praesens.</strong></span> <span class='ocrx_word' id='word_1_571' title='bbox 2821 3719 2974 3791; x_wconf 83' lang='lat' dir='ltr'><strong>virga</strong></span> <span class='ocrx_word' id='word_1_572' title='bbox 3029 3737 3152 3776; x_wconf 87' lang='lat' dir='ltr'><strong>cum</strong></span> <span class='ocrx_word' id='word_1_573' title='bbox 3198 3723 3357 3778; x_wconf 89' lang='lat' dir='ltr'><strong>anulo</strong></span> 
     </span>
    </p>
   </div>
   <div class='ocr_carea' id='block_1_86' title="bbox 1773 3808 3357 3879">
    <p class='ocr_par' dir='ltr' id='par_1_86' title="bbox 1773 3808 3357 3879">
     <span class='ocr_line' id='line_1_86' title="bbox 1773 3808 3357 3879; baseline 0.001 -14"><span class='ocrx_word' id='word_1_574' title='bbox 1773 3810 1961 3865; x_wconf 74' lang='lat' dir='ltr'><strong>cresari</strong></span> <span class='ocrx_word' id='word_1_575' title='bbox 1992 3825 2088 3878; x_wconf 88' lang='lat' dir='ltr'><strong>per</strong></span> <span class='ocrx_word' id='word_1_576' title='bbox 2117 3808 2324 3879; x_wconf 83' lang='lat' dir='ltr'><strong>legatos</strong></span> <span class='ocrx_word' id='word_1_577' title='bbox 2365 3809 2591 3864; x_wconf 87' lang='lat' dir='ltr'><strong>directa.</strong></span> <span class='ocrx_word' id='word_1_578' title='bbox 2644 3809 2969 3866; x_wconf 87' lang='lat' dir='ltr'><strong>Gotel&#39;redus</strong></span> <span class='ocrx_word' id='word_1_579' title='bbox 3010 3823 3191 3868; x_wconf 89' lang='lat' dir='ltr'><strong>autem</strong></span> <span class='ocrx_word' id='word_1_580' title='bbox 3235 3829 3357 3868; x_wconf 93' lang='lat' dir='ltr'><strong>cum</strong></span> 
     </span>
    </p>
   </div>
   <div class='ocr_carea' id='block_1_87' title="bbox 1771 3899 3359 3971">
    <p class='ocr_par' dir='ltr' id='par_1_87' title="bbox 1771 3899 3359 3971">
     <span class='ocr_line' id='line_1_87' title="bbox 1771 3899 3359 3971; baseline 0.002 -15"><span class='ocrx_word' id='word_1_581' title='bbox 1771 3901 1884 3971; x_wconf 87' lang='lat' dir='ltr'><strong>jam</strong></span> <span class='ocrx_word' id='word_1_582' title='bbox 1912 3901 2118 3971; x_wconf 87' lang='lat' dir='ltr'><strong>pridem</strong></span> <span class='ocrx_word' id='word_1_583' title='bbox 2159 3901 2347 3956; x_wconf 90' lang='lat' dir='ltr'><strong>labore</strong></span> <span class='ocrx_word' id='word_1_584' title='bbox 2371 3899 2539 3954; x_wconf 93' lang='lat' dir='ltr'><strong>multo</strong></span> <span class='ocrx_word' id='word_1_585' title='bbox 2571 3900 2670 3954; x_wconf 90' lang='lat' dir='ltr'><strong>sibi</strong></span> <span class='ocrx_word' id='word_1_586' title='bbox 2702 3901 2843 3971; x_wconf 86' lang='lat' dir='ltr'><strong>regis</strong></span> <span class='ocrx_word' id='word_1_587' title='bbox 2865 3903 3210 3958; x_wconf 89' lang='lat' dir='ltr'><strong>conciliasset</strong></span> <span class='ocrx_word' id='word_1_588' title='bbox 3232 3905 3359 3959; x_wconf 83' lang='lat' dir='ltr'><strong>atl&#39;c-</strong></span> 
     </span>
    </p>
   </div>
   <div class='ocr_carea' id='block_1_88' title="bbox 1775 3995 3359 4068">
    <p class='ocr_par' dir='ltr' id='par_1_88' title="bbox 1775 3995 3359 4068">
     <span class='ocr_line' id='line_1_88' title="bbox 1775 3995 3359 4068; baseline 0.001 -18"><span class='ocrx_word' id='word_1_589' title='bbox 1775 4005 1941 4060; x_wconf 87' lang='lat' dir='ltr'><strong>ctum,</strong></span> <span class='ocrx_word' id='word_1_590' title='bbox 1975 3995 2176 4050; x_wconf 90' lang='lat' dir='ltr'><strong>recenti</strong></span> <span class='ocrx_word' id='word_1_591' title='bbox 2197 4004 2373 4050; x_wconf 87' lang='lat' dir='ltr'><strong>tamen</strong></span> <span class='ocrx_word' id='word_1_592' title='bbox 2398 4003 2553 4064; x_wconf 84' lang='lat' dir='ltr'><strong>pacto</strong></span> <span class='ocrx_word' id='word_1_593' title='bbox 2568 3995 2636 4049; x_wconf 90' lang='lat' dir='ltr'><strong>ab</strong></span> <span class='ocrx_word' id='word_1_594' title='bbox 2657 3996 2844 4050; x_wconf 88' lang='lat' dir='ltr'><strong>eodem</strong></span> <span class='ocrx_word' id='word_1_595' title='bbox 2866 4005 3094 4067; x_wconf 84' lang='lat' dir='ltr'><strong>augusto</strong></span> <span class='ocrx_word' id='word_1_596' title='bbox 3119 3999 3359 4068; x_wconf 85' lang='lat' dir='ltr'><strong>gaudens</strong></span> 
     </span>
    </p>
   </div>
   <div class='ocr_carea' id='block_1_89' title="bbox 1777 4083 3359 4159">
    <p class='ocr_par' dir='ltr' id='par_1_89' title="bbox 1777 4083 3359 4159">
     <span class='ocr_line' id='line_1_89' title="bbox 1777 4083 3359 4159; baseline 0.003 -21"><span class='ocrx_word' id='word_1_597' title='bbox 1777 4083 2002 4155; x_wconf 86' lang='lat' dir='ltr'><strong>adeptus</strong></span> <span class='ocrx_word' id='word_1_598' title='bbox 2022 4095 2105 4140; x_wconf 90' lang='lat' dir='ltr'><strong>est</strong></span> <span class='ocrx_word' id='word_1_599' title='bbox 2134 4085 2497 4156; x_wconf 77' lang='lat' dir='ltr'><strong>praesulatum.</strong></span> <span class='ocrx_word' id='word_1_600' title='bbox 2531 4084 2914 4140; x_wconf 79' lang='lat' dir='ltr'><strong>Verumtamen</strong></span> <span class='ocrx_word' id='word_1_601' title='bbox 2940 4087 3094 4156; x_wconf 77' lang='lat' dir='ltr'><strong>juxta</strong></span> <span class='ocrx_word' id='word_1_602' title='bbox 3127 4090 3359 4159; x_wconf 57' lang='lat' dir='ltr'><strong>scriptu.</strong></span> 
     </span>
    </p>
   </div>
   <div class='ocr_carea' id='block_1_90' title="bbox 1778 4175 3358 4242">
    <p class='ocr_par' dir='ltr' id='par_1_90' title="bbox 1778 4175 3358 4242">
     <span class='ocr_line' id='line_1_90' title="bbox 1778 4175 3358 4242; baseline 0 -9"><span class='ocrx_word' id='word_1_603' title='bbox 1778 4193 1850 4233; x_wconf 69' lang='lat' dir='ltr'><strong>rte</strong></span> <span class='ocrx_word' id='word_1_604' title='bbox 1903 4177 2183 4232; x_wconf 89' lang='lat' dir='ltr'><strong>veritatem</strong></span> <span class='ocrx_word' id='word_1_605' title='bbox 2214 4177 2418 4232; x_wconf 82' lang='lat' dir='ltr'><strong>mixtus</strong></span> <span class='ocrx_word' id='word_1_606' title='bbox 2460 4184 2546 4231; x_wconf 89' lang='lat' dir='ltr'><strong>est</strong></span> <span class='ocrx_word' id='word_1_607' title='bbox 2584 4175 2769 4231; x_wconf 90' lang='lat' dir='ltr'><strong>dolore</strong></span> <span class='ocrx_word' id='word_1_608' title='bbox 2798 4177 2938 4232; x_wconf 90' lang='lat' dir='ltr'><strong>risus</strong></span> <span class='ocrx_word' id='word_1_609' title='bbox 2963 4219 2978 4242; x_wconf 89' lang='lat'><strong>,</strong></span> <span class='ocrx_word' id='word_1_610' title='bbox 3026 4187 3082 4232; x_wconf 88' lang='lat' dir='ltr'><strong>ct</strong></span> <span class='ocrx_word' id='word_1_611' title='bbox 3111 4189 3358 4233; x_wconf 82' lang='lat' dir='ltr'><strong>extrema</strong></span> 
     </span>
    </p>
   </div>
   <div class='ocr_carea' id='block_1_91' title="bbox 1777 4267 3356 4341">
    <p class='ocr_par' dir='ltr' id='par_1_91' title="bbox 1777 4267 3356 4341">
     <span class='ocr_line' id='line_1_91' title="bbox 1777 4267 3356 4341; baseline 0.004 -20"><span class='ocrx_word' id='word_1_612' title='bbox 1777 4268 1956 4341; x_wconf 79' lang='lat' dir='ltr'><strong>gaudii</strong></span> <span class='ocrx_word' id='word_1_613' title='bbox 1983 4269 2270 4338; x_wconf 84' lang='lat' dir='ltr'><strong>occupavit</strong></span> <span class='ocrx_word' id='word_1_614' title='bbox 2300 4270 2476 4323; x_wconf 91' lang='lat' dir='ltr'><strong>luctus</strong></span> <span class='ocrx_word' id='word_1_615' title='bbox 2506 4267 2688 4339; x_wconf 86' lang='lat' dir='ltr'><strong>(Prov.</strong></span> <span class='ocrx_word' id='word_1_616' title='bbox 2712 4284 2801 4334; x_wconf 75' lang='lat' dir='ltr'><strong>xlv</strong></span> <span class='ocrx_word' id='word_1_617' title='bbox 2823 4308 2838 4334; x_wconf 91' lang='lat'><strong>,</strong></span> <span class='ocrx_word' id='word_1_618' title='bbox 2872 4269 2984 4336; x_wconf 82' lang='grc'><strong>1⁵5).</strong></span> <span class='ocrx_word' id='word_1_619' title='bbox 3013 4269 3356 4339; x_wconf 79' lang='lat' dir='ltr'><strong>chrohatus</strong></span> 
     </span>
    </p>
   </div>
   <div class='ocr_carea' id='block_1_92' title="bbox 1778 4358 3360 4433">
    <p class='ocr_par' dir='ltr' id='par_1_92' title="bbox 1778 4358 3360 4433">
     <span class='ocr_line' id='line_1_92' title="bbox 1778 4358 3360 4433; baseline 0.001 -19"><span class='ocrx_word' id='word_1_620' title='bbox 1778 4359 1924 4414; x_wconf 88' lang='lat' dir='ltr'><strong>enim</strong></span> <span class='ocrx_word' id='word_1_621' title='bbox 1946 4375 1975 4412; x_wconf 88' lang='lat' dir='ltr'><strong>a</strong></span> <span class='ocrx_word' id='word_1_622' title='bbox 2001 4358 2207 4414; x_wconf 87' lang='lat' dir='ltr'><strong>civibus</strong></span> <span class='ocrx_word' id='word_1_623' title='bbox 2225 4397 2240 4423; x_wconf 92' lang='lat'><strong>,</strong></span> <span class='ocrx_word' id='word_1_624' title='bbox 2271 4358 2434 4414; x_wconf 90' lang='lat' dir='ltr'><strong>nullis</strong></span> <span class='ocrx_word' id='word_1_625' title='bbox 2458 4359 2510 4412; x_wconf 93' lang='lat' dir='ltr'><strong>in</strong></span> <span class='ocrx_word' id='word_1_626' title='bbox 2538 4358 2672 4414; x_wconf 88' lang='lat' dir='ltr'><strong>locis</strong></span> <span class='ocrx_word' id='word_1_627' title='bbox 2698 4361 2957 4431; x_wconf 85' lang='lat' dir='ltr'><strong>episc0pii</strong></span> <span class='ocrx_word' id='word_1_628' title='bbox 2987 4361 3067 4415; x_wconf 92' lang='lat' dir='ltr'><strong>vel</strong></span> <span class='ocrx_word' id='word_1_629' title='bbox 3084 4363 3151 4417; x_wconf 89' lang='lat' dir='ltr'><strong>ad</strong></span> <span class='ocrx_word' id='word_1_630' title='bbox 3177 4365 3360 4433; x_wconf 65' lang='lat' dir='ltr'><strong>limpi-</strong></span> 
     </span>
    </p>
   </div>
   <div class='ocr_carea' id='block_1_93' title="bbox 1783 4451 3365 4529">
    <p class='ocr_par' dir='ltr' id='par_1_93' title="bbox 1783 4451 3365 4529">
     <span class='ocr_line' id='line_1_93' title="bbox 1783 4451 3365 4529; baseline 0.006 -26"><span class='ocrx_word' id='word_1_631' title='bbox 1783 4451 2005 4506; x_wconf 87' lang='lat' dir='ltr'><strong>tandum</strong></span> <span class='ocrx_word' id='word_1_632' title='bbox 2040 4451 2299 4522; x_wconf 86' lang='lat' dir='ltr'><strong>recipitur</strong></span> <span class='ocrx_word' id='word_1_633' title='bbox 2319 4493 2334 4517; x_wconf 88' lang='lat'><strong>,</strong></span> <span class='ocrx_word' id='word_1_634' title='bbox 2365 4451 2498 4522; x_wconf 89' lang='lat' dir='ltr'><strong>ipsis</strong></span> <span class='ocrx_word' id='word_1_635' title='bbox 2523 4453 2688 4509; x_wconf 87' lang='lat' dir='ltr'><strong>etiam</strong></span> <span class='ocrx_word' id='word_1_636' title='bbox 2723 4451 2898 4511; x_wconf 83' lang='lat' dir='ltr'><strong>factus</strong></span> <span class='ocrx_word' id='word_1_637' title='bbox 2929 4454 3135 4512; x_wconf 89' lang='lat' dir='ltr'><strong>invisus</strong></span> <span class='ocrx_word' id='word_1_638' title='bbox 3157 4458 3365 4529; x_wconf 82' lang='lat' dir='ltr'><strong>agrico-</strong></span> 
     </span>
    </p>
   </div>
   <div class='ocr_carea' id='block_1_94' title="bbox 1374 4602 2049 4663">
    <p class='ocr_par' dir='ltr' id='par_1_94' title="bbox 1374 4602 2049 4663">
     <span class='ocr_line' id='line_1_94' title="bbox 1374 4602 2049 4663; baseline -0.004 -2"><span class='ocrx_word' id='word_1_639' title='bbox 1374 4608 1606 4663; x_wconf 71' lang='lat' dir='ltr'><strong>VARIAS</strong></span> <span class='ocrx_word' id='word_1_640' title='bbox 1645 4602 2049 4661; x_wconf 81' lang='lat' dir='ltr'><strong>LECTIONES.</strong></span> 
     </span>
    </p>
   </div>
   <div class='ocr_carea' id='block_1_95' title="bbox 171 4753 1739 4823">
    <p class='ocr_par' dir='ltr' id='par_1_95' title="bbox 171 4753 1739 4823">
     <span class='ocr_line' id='line_1_95' title="bbox 171 4753 1739 4823; baseline 0.001 -8"><span class='ocrx_word' id='word_1_641' title='bbox 171 4765 231 4794; x_wconf 78' lang='lat'><strong>&quot;&#39;</strong></span> <span class='ocrx_word' id='word_1_642' title='bbox 262 4764 406 4820; x_wconf 77' lang='lat' dir='ltr'><strong>facto</strong></span> <span class='ocrx_word' id='word_1_643' title='bbox 437 4764 498 4818; x_wconf 79' lang='grc'><strong>5.</strong></span> <span class='ocrx_word' id='word_1_644' title='bbox 529 4762 606 4816; x_wconf 82' lang='grc'><strong>5⁵.</strong></span> <span class='ocrx_word' id='word_1_645' title='bbox 636 4759 676 4816; x_wconf 81' lang='grc' dir='ltr'><strong>Β</strong></span> <span class='ocrx_word' id='word_1_646' title='bbox 698 4760 772 4814; x_wconf 70' lang='grc'><strong>2⁸.</strong></span> <span class='ocrx_word' id='word_1_647' title='bbox 803 4770 850 4814; x_wconf 80' lang='lat' dir='ltr'><strong>el</strong></span> <span class='ocrx_word' id='word_1_648' title='bbox 882 4757 1064 4814; x_wconf 75' lang='lat' dir='ltr'><strong>Purir.</strong></span> <span class='ocrx_word' id='word_1_649' title='bbox 1095 4779 1144 4823; x_wconf 77' lang='grc' dir='ltr'><strong>ρ.</strong></span> <span class='ocrx_word' id='word_1_650' title='bbox 1172 4759 1296 4813; x_wconf 65' lang='grc'><strong>249..</strong></span> <span class='ocrx_word' id='word_1_651' title='bbox 1375 4757 1444 4788; x_wconf 73' lang='grc' dir='ltr'><strong>’θ’</strong></span> <span class='ocrx_word' id='word_1_652' title='bbox 1488 4757 1561 4809; x_wconf 70' lang='lat' dir='ltr'><strong>ila</strong></span> <span class='ocrx_word' id='word_1_653' title='bbox 1604 4755 1640 4807; x_wconf 81' lang='grc' dir='ltr'>Β</span> <span class='ocrx_word' id='word_1_654' title='bbox 1689 4753 1739 4806; x_wconf 60' lang='grc' dir='ltr'><strong>1ο</strong></span> 
     </span>
    </p>
   </div>
   <div class='ocr_carea' id='block_1_96' title="bbox 110 4830 994 4904">
    <p class='ocr_par' dir='ltr' id='par_1_96' title="bbox 110 4830 994 4904">
     <span class='ocr_line' id='line_1_96' title="bbox 110 4830 994 4904; baseline -0.002 -19"><span class='ocrx_word' id='word_1_655' title='bbox 110 4835 171 4864; x_wconf 71' lang='lat'><strong>’°‘</strong></span> <span class='ocrx_word' id='word_1_656' title='bbox 193 4836 452 4904; x_wconf 76' lang='lat' dir='ltr'><strong>contingit</strong></span> <span class='ocrx_word' id='word_1_657' title='bbox 489 4832 526 4884; x_wconf 85' lang='grc' dir='ltr'>Β</span> <span class='ocrx_word' id='word_1_658' title='bbox 557 4834 604 4888; x_wconf 95' lang='grc'><strong>1.</strong></span> <span class='ocrx_word' id='word_1_659' title='bbox 624 4841 693 4904; x_wconf 63' lang='lat' dir='ltr'><strong>ut</strong></span> <span class='ocrx_word' id='word_1_660' title='bbox 722 4849 824 4885; x_wconf 78' lang='lat' dir='ltr'><strong>non</strong></span> 
     </span>
    </p>
   </div>
   <div class='ocr_carea' id='block_1_97' title="bbox 1780 4751 3296 4824">
    <p class='ocr_par' dir='ltr' id='par_1_97' title="bbox 1780 4751 3296 4824">
     <span class='ocr_line' id='line_1_97' title="bbox 1780 4751 3296 4824; baseline 0.004 -21"><span class='ocrx_word' id='word_1_661' title='bbox 1780 4751 2088 4824; x_wconf 30' lang='lat' dir='ltr'><strong>9&#39;.‘Puric.</strong></span> <span class='ocrx_word' id='word_1_662' title='bbox 2125 4755 2263 4809; x_wconf 77' lang='lat' dir='ltr'><strong>deest</strong></span> <span class='ocrx_word' id='word_1_663' title='bbox 2296 4754 2343 4806; x_wconf 89' lang='grc'><strong>1.</strong></span> <span class='ocrx_word' id='word_1_664' title='bbox 2377 4753 2450 4824; x_wconf 49' lang='grc' dir='ltr'><strong>ὅξιῄ</strong></span> <span class='ocrx_word' id='word_1_665' title='bbox 2485 4753 2562 4807; x_wconf 81' lang='grc'><strong>5⁸.</strong></span> <span class='ocrx_word' id='word_1_666' title='bbox 2605 4753 2748 4808; x_wconf 79' lang='lat' dir='ltr'><strong>Mur.</strong></span> <span class='ocrx_word' id='word_1_667' title='bbox 2825 4756 2894 4786; x_wconf 76' lang='grc'><strong>’⁸³</strong></span> <span class='ocrx_word' id='word_1_668' title='bbox 2938 4767 3194 4824; x_wconf 78' lang='lat' dir='ltr'><strong>querectu</strong></span> <span class='ocrx_word' id='word_1_669' title='bbox 3245 4758 3296 4810; x_wconf 90' lang='grc'><strong>1.</strong></span> 
     </span>
    </p>
   </div>
   <div class='ocr_carea' id='block_1_98' title="bbox 1056 4821 3367 4900">
    <p class='ocr_par' dir='ltr' id='par_1_98' title="bbox 1056 4821 3367 4900">
     <span class='ocr_line' id='line_1_98' title="bbox 1056 4821 3367 4900; baseline 0.006 -32"><span class='ocrx_word' id='word_1_670' title='bbox 1056 4821 1146 4886; x_wconf 58' lang='grc' dir='ltr'><strong>ηπ</strong></span> <span class='ocrx_word' id='word_1_671' title='bbox 1191 4829 1367 4882; x_wconf 65' lang='grc' dir='ltr'><strong>μανία,</strong></span> <span class='ocrx_word' id='word_1_672' title='bbox 1408 4846 1460 4894; x_wconf 78' lang='grc' dir='ltr'><strong>ρ,</strong></span> <span class='ocrx_word' id='word_1_673' title='bbox 1506 4827 1634 4900; x_wconf 50' lang='lat' dir='ltr'><strong>gius.</strong></span> <span class='ocrx_word' id='word_1_674' title='bbox 1712 4823 1784 4854; x_wconf 73' lang='grc' dir='ltr'><strong>ὀδ</strong></span> <span class='ocrx_word' id='word_1_675' title='bbox 1843 4821 2198 4878; x_wconf 82' lang='lat' dir='ltr'><strong>lllarnarelum</strong></span> <span class='ocrx_word' id='word_1_676' title='bbox 2249 4825 2288 4878; x_wconf 83' lang='grc' dir='ltr'><strong>Β</strong></span> <span class='ocrx_word' id='word_1_677' title='bbox 2319 4825 2369 4880; x_wconf 88' lang='grc'><strong>1.</strong></span> <span class='ocrx_word' id='word_1_678' title='bbox 2407 4822 2743 4879; x_wconf 82' lang='lat' dir='ltr'><strong>Mainardum</strong></span> <span class='ocrx_word' id='word_1_679' title='bbox 2793 4824 2833 4878; x_wconf 88' lang='grc' dir='ltr'><strong>Β</strong></span> <span class='ocrx_word' id='word_1_680' title='bbox 2878 4821 3033 4878; x_wconf 70' lang='grc'><strong>2.“²⁰⁶</strong></span> <span class='ocrx_word' id='word_1_681' title='bbox 3065 4829 3280 4900; x_wconf 79' lang='lat' dir='ltr'><strong>ytalicis</strong></span> <span class='ocrx_word' id='word_1_682' title='bbox 3306 4827 3367 4882; x_wconf 68' lang='lat' dir='ltr'><strong>ll.</strong></span> 
     </span>
    </p>
   </div>
   <div class='ocr_carea' id='block_1_99' title="bbox 173 4896 1760 4988">
    <p class='ocr_par' dir='ltr' id='par_1_99' title="bbox 173 4896 1760 4988">
     <span class='ocr_line' id='line_1_99' title="bbox 173 4896 1760 4988; baseline -0.008 -28"><span class='ocrx_word' id='word_1_683' title='bbox 173 4906 236 4934; x_wconf 82' lang='grc'><strong>²⁰⁷</strong></span> <span class='ocrx_word' id='word_1_684' title='bbox 268 4896 462 4960; x_wconf 65' lang='grc' dir='ltr'><strong>8εάίῖτο</strong></span> <span class='ocrx_word' id='word_1_685' title='bbox 492 4904 542 4957; x_wconf 88' lang='grc'><strong>1.</strong></span> <span class='ocrx_word' id='word_1_686' title='bbox 618 4902 688 4935; x_wconf 80' lang='grc'><strong>⁸⁰⁸</strong></span> <span class='ocrx_word' id='word_1_687' title='bbox 713 4900 1020 4958; x_wconf 78' lang='lat' dir='ltr'><strong>cotefretlus</strong></span> <span class='ocrx_word' id='word_1_688' title='bbox 1053 4902 1099 4955; x_wconf 85' lang='grc'><strong>1.</strong></span> <span class='ocrx_word' id='word_1_689' title='bbox 1131 4900 1480 4988; x_wconf 70' lang='lat' dir='ltr'><strong>gotltofretltts</strong></span> <span class='ocrx_word' id='word_1_690' title='bbox 1505 4896 1565 4950; x_wconf 82' lang='grc' dir='ltr'><strong>Β.</strong></span> <span class='ocrx_word' id='word_1_691' title='bbox 1596 4903 1760 4949; x_wconf 81' lang='lat' dir='ltr'><strong>const.</strong></span> 
     </span>
    </p>
   </div>
   <div class='ocr_carea' id='block_1_100' title="bbox 1616 5003 1846 5062">
    <p class='ocr_par' dir='ltr' id='par_1_100' title="bbox 1616 5003 1846 5062">
     <span class='ocr_line' id='line_1_100' title="bbox 1616 5003 1846 5062; baseline -0.009 -2"><span class='ocrx_word' id='word_1_692' title='bbox 1616 5003 1846 5062; x_wconf 74' lang='grc' dir='ltr'><strong>ΝΟΤΑΞ.</strong></span> 
     </span>
    </p>
   </div>
   <div class='ocr_carea' id='block_1_101' title="bbox 175 5097 1674 5162">
    <p class='ocr_par' dir='ltr' id='par_1_101' title="bbox 175 5097 1674 5162">
     <span class='ocr_line' id='line_1_101' title="bbox 175 5097 1674 5162; baseline 0.001 -10"><span class='ocrx_word' id='word_1_693' title='bbox 175 5099 315 5162; x_wconf 64' lang='lat'><strong>(154‘;</strong></span> <span class='ocrx_word' id='word_1_694' title='bbox 351 5097 590 5154; x_wconf 62' lang='lat' dir='ltr'><strong>Pecunia</strong></span> <span class='ocrx_word' id='word_1_695' title='bbox 629 5099 917 5155; x_wconf 88' lang='lat' dir='ltr'><strong>distributa</strong></span> <span class='ocrx_word' id='word_1_696' title='bbox 947 5098 1172 5162; x_wconf 78' lang='lat' dir='ltr'><strong>&#39;partein</strong></span> <span class='ocrx_word' id='word_1_697' title='bbox 1217 5097 1467 5152; x_wconf 81' lang='lat' dir='ltr'><strong>Widonis</strong></span> <span class='ocrx_word' id='word_1_698' title='bbox 1514 5115 1674 5162; x_wconf 78' lang='lat' dir='ltr'><strong>supe~</strong></span> 
     </span>
    </p>
   </div>
   <div class='ocr_carea' id='block_1_102' title="bbox 1780 5091 2227 5153">
    <p class='ocr_par' dir='ltr' id='par_1_102' title="bbox 1780 5091 2227 5153">
     <span class='ocr_line' id='line_1_102' title="bbox 1780 5091 2227 5153; baseline 0.007 -7"><span class='ocrx_word' id='word_1_699' title='bbox 1780 5093 1964 5146; x_wconf 77' lang='lat' dir='ltr'><strong>Casin.</strong></span> <span class='ocrx_word' id='word_1_700' title='bbox 1999 5091 2057 5153; x_wconf 85' lang='grc'><strong>1,</strong></span> <span class='ocrx_word' id='word_1_701' title='bbox 2100 5093 2227 5149; x_wconf 68' lang='lat'><strong>49.6.</strong></span> 
     </span>
    </p>
   </div>
  </div>
