3938 5380
566 305 675 361 διε)

1588 304 1893 361 ARNULFI
1933 304 2483 362 MEDIOLANENSIS
2513 304 2779 363 CLERlCl

3713 310 3815 364 520

565 417 656 475 lis.
685 417 839 475 Hunc
866 417 1102 474 Romani
1129 416 1329 473 domno
1349 431 1475 474 cum
1496 420 1794 489 apostolico
1814 419 1940 490 jure
1963 420 2149 475 statim
2185 425 2229 484 Α
2258 419 2609 492 conﬂagravit
2656 417 2906 474 incendio
2960 417 3106 491 (142)
3173 404 3359 491 (Hart.
3420 417 3533 490 l9).
3589 418 3819 491 Cumque

567 509 968 580 condempnant
996 507 1290 575 canonico,
1321 506 1511 577 iudicii
1543 511 1625 565 sui
1657 510 1867 566 litteras
1897 509 2152 566 Mediolao

566 600 830 657 nensibus
858 615 1020 669 super
1049 598 1139 653 illo
1164 599 1234 631 '°’
1256 601 1560 679 mittentes.
1590 600 1707 668 Qua
1737 600 1912 656 elatus
1943 600 2153 654 Artem-

567 689 761 746 haldus
793 690 987 744 fiducia
1015 730 1030 754 ,
1057 690 1241 744 acrius
1274 690 1507 760 insurgit
1534 706 1642 744 non
1680 690 1850 745 solum
1884 691 1937 745 itt
1968 689 2148 755 illum,

569 797 757 835 verum
794 784 955 835 etiam
997 781 1240 837 fautores
1264 780 1317 835 in
1355 784 1546 837 omnes
1571 822 1586 848 ,
1627 784 1880 837 universa
1921 781 2154 837 flammis

569 892 635 932 ac
681 876 826 930 ferro
869 876 1191 942 demoliens;
1235 887 1424 932 contra
1448 894 1608 948 quem
1650 879 1812 935 etiam
1865 893 1962 949 per
2008 880 2155 934 vicos

568 978 623 1023 et
654 968 873 1023 castella
919 969 1213 1024 multorum
1249 980 1539 1040 exaggerat
1576 982 1942 1026 sacramenta.
2002 970 2155 1028 Unde

569 1064 630 1117 fit
655 1075 734 1129 ut,
761 1063 1034 1132 siquando
1057 1064 1123 1118 de
1143 1062 1494 1119 facultatibus
1519 1064 1767 1120 ecclesiae
1797 1063 1996 1133 aliquid
2019 1079 2157 1133 prae-

567 1170 783 1210 sumere
816 1154 1042 1221 nititur,
1089 1154 1458 1213 abomnibus
1506 1157 1725 1226 penitus
1775 1155 2151 1210 iuterdicatur.

568 1246 671 1303 Ubi
708 1262 840 1303 vero
878 1257 1081 1301 sanctas
1117 1246 1299 1303 Mariae
1333 1250 1648 1303 conscendit
1686 1256 1923 1303 montem
1965 1246 2110 1318 (140)
2138 1285 2153 1314 ,

568 1339 1029 1395 circumvenicme
1056 1340 1125 1392 ab
1168 1337 1300 1393 urbe
1338 1340 1579 1394 exercitu
1606 1379 1622 1404 ,
1671 1349 1830 1395 nocte
1886 1341 1977 1395 vix
2028 1339 2156 1411 fuga

567 1430 754 1500 lapsus
777 1430 949 1485 evasit
983 1430 1073 1483 ²¹⁰.
1126 1428 1333 1486 Interea
1387 1429 1552 1487 Wido
1590 1430 1863 1501 fatebatur
1901 1448 1959 1488 se
1996 1433 2159 1489 Gole-

570 1520 720 1583 fredi
748 1520 995 1575 delusum
1046 1521 1258 1576 insidiis
1281 1561 1298 1586 ,
1353 1524 1657 1579 communis
1680 1522 1821 1592 pacti
1857 1532 2158 1593 transgres-

569 1629 748 1666 sorem
783 1612 932 1667 illum
974 1614 1273 1683 appellans.
1307 1611 1409 1681 Qui
1440 1630 1562 1668 cum
1590 1617 1849 1670 amissum
1882 1628 2158 1670 resumere

567 1704 637 1737 ’“
675 1703 835 1759 vzlet
885 1706 1176 1766 honorem.
1222 1720 1345 1761 cum
1378 1704 1724 1761 Arlembaldo
1758 1705 1909 1775 pacis
1949 1705 2156 1761 foedera

569 1796 817 1851 sociavit.
850 1785 895 1852 σ
917 1811 1072 1853 mens
1097 1813 1238 1852 caeca
1258 1796 1568 1853 mortalium
1593 1798 1607 1852 !
1645 1796 1880 1852 Veniens
1899 1796 2042 1853 enim
2066 1796 2157 1851 illo

571 1889 709 1943 duce
740 1889 1104 1947 Mediolanum
1127 1931 1142 1956 ,
1175 1907 1281 1945 non
1304 1892 1372 1946 ad
1408 1894 1598 1946 urbem
1627 1901 1689 1946 ut
1724 1891 1922 1957 voluit,
1965 1892 2059 1947 sed
2093 1891 2156 1945 ad

569 1984 743 2036 sinrti
775 1982 913 2037 Celsi
937 1985 1155 2037 ducitur
1186 1987 1578 2040 monasterium
1606 2026 1620 2050 ,
1648 1985 1715 2040 de
1741 1987 1950 2055 privato
1981 1968 2159 2039 factus

571 2071 832 2140 privatior
861 2074 951 2127 ‘1'.
1008 2075 1082 2131 lbi
1118 2078 1531 2131 commendatus
1571 2078 1925 2143 custolibus,
1965 2077 2159 2132 diebus

569 2163 754 2218 multis
791 2166 991 2221 resedit
1022 2167 1313 2237 inglorius,
1346 2168 1448 2223 ltac
1477 2170 1643 2223 etiam
1675 2169 1790 2223 vice
1819 2168 2040 2222 delusus
2062 2168 2155 2221 ¹¹³.

640 2256 729 2311 25.
771 2258 897 2327 (An.
942 2259 1121 2331 1071.)
1160 2259 1492 2316 Gotofredus
1541 2271 1720 2315 autem
1771 2260 2013 2331 pfuribus
2047 2262 2160 2330 jam

572 2358 885 2405 cearctatns
911 2351 1204 2405 obstaculis
1231 2390 1246 2416 ,
1277 2367 1398 2405 cum
1424 2362 1578 2420 parte
1602 2367 1822 2407 snormn
1860 2352 2037 2420 aliqua
2064 2366 2161 2407 suo

573 2458 631 2497 se
666 2443 883 2514 collegit
918 2445 988 2476 ἰδ
1020 2446 1073 2501 in
1103 2446 1264 2515 opido
1289 2486 1303 2510 ,
1363 2448 1505 2516 qirol
1543 2447 1698 2517 vulgo
1754 2446 1976 2502 Castilio
2021 2447 2165 2502 dicc-

571 2535 733 2592 batur
794 2537 942 2610 (Ml)
978 2577 995 2605 ,
1070 2538 1487 2609 inexpugnabile
1558 2553 1748 2595 revera
1802 2540 2111 2610 praesidium
2143 2580 2157 2605 ,

574 2629 846 2685 mmnibus
880 2647 944 2685 ac
982 2629 1086 2687 loci
1142 2643 1334 2687 na'ura
1388 2632 1678 2687 munitum.
1732 2633 1807 2687 Ex
1852 2648 1917 2688 eo
1967 2634 2161 2703 saepius

574 2733 925 2795 erumpentes
952 2767 966 2790 ,
995 2742 1117 2781 cum
1145 2741 1172 2782 s
1195 2742 1305 2795 :pra
1340 2728 1557 2781 modum
1583 2728 1780 2796 praedis
1803 2727 2076 2782 inhiat-ent
2098 2741 2163 2781 ac

576 2819 816 2872 caedibus
838 2858 852 2881 ,
885 2817 1150 2889 indignati
1184 2817 1614 2874 Mediolaneuses
1649 2827 1952 2888 proponunt
1979 2833 2160 2872 arcem

576 2907 723 2961 illam
768 2909 1015 2979 protinus
1061 2921 1376 2981 expugnare
1410 2912 1661 2964 turritam
1688 2909 1778 2963 υ.
1832 2909 1939 2964 Nec
1969 2923 2120 2963 mora
2144 2950 2160 2974 ,

574 3000 841 3056 inStructo
864 3000 1107 3055 exercitu
1129 3011 1185 3054 et
1209 3002 1290 3055 liis
1314 3016 1433 3071 quae
1458 3003 1524 3055 ad
1546 3016 1702 3055 usum
1726 2999 1931 3054 militiai
1954 2999 2163 3053 fuerant

581 3093 894 3146 necessaria
922 3092 1156 3161 paratis.
1195 3094 1495 3161 procedunt
1518 3105 1709 3146 omnes
1736 3132 1751 3156 ,
1790 3090 2161 3145 castramelati
2193 3124 2233 3180 Ο

580 3183 648 3236 ad
674 3182 915 3237 radicem
947 3183 1184 3251 montis;
1228 3183 1579 3238 aberatenim
1610 3183 1680 3239 ab
1709 3181 1844 3237 urbe
1875 3182 2164 3252 vigessimo

579 3275 741 3344 paulo
787 3276 909 3347 plus
937 3276 1196 3333 miliario.
1236 3276 1358 3332 Mox
1411 3276 1650 3346 undique
1691 3274 2165 3331 circumvallautes

580 3366 674 3431 Μ,
707 3365 1046 3423 incessanter
1074 3376 1403 3439 oppugnant.
1426 3368 1509 3422 Ad
1532 3368 1631 3424 hoc
1658 3368 1823 3422 etiam
1845 3367 1916 3401 ⁸⁸⁷
1941 3375 2167 3422 cunctos

583 3460 819 3528 regionis
836 3458 977 3514 illius
1001 3458 1204 3515 instant
1224 3474 1520 3531 aggregare
1540 3459 1826 3526 ruricolas,
1850 3459 2164 3514 diuturnam

573 3547 823 3616 jurantes
850 3549 1211 3605 obsidionem.
1243 3548 1574 3605 Construunt
1624 3548 1695 3585 ⁸⁸⁸
1738 3564 1867 3619 ergo
1900 3546 2168 3619 petrarias

581 3649 640 3693 et
667 3638 844 3694 omnis
878 3639 1092 3710 generis
1126 3637 1305 3695 belrici
1358 3639 1639 3695 machinas
1664 3680 1679 3704 ,
1717 3637 1915 3695 fundas
1952 3649 2169 3710 quoque

581 3731 718 3786 etm
737 3730 999 3799 ballistas,
1016 3731 1268 3802 millcque
1290 3732 1480 3787 mortis
1499 3740 1690 3803 parant
1710 3731 1954 3788 insidias.
1977 3729 2169 3787 Obses-

582 3824 661 3878 sis
676 3838 803 3878 vero
817 3823 882 3878 ad
907 3838 1061 3894 posse
1084 3823 1528 3896 repugnantibus,
1551 3823 1716 3881 multa
1744 3823 1965 3880 cottidie
2004 3821 2171 3879 fiebat

583 3916 794 3971 cruoris
822 3914 1012 3972 effusio
1033 3960 1050 3987 ,
1081 3916 1216 3975 adeo
1240 3924 1300 3972 ut
1332 3916 1385 3972 in
1415 3917 1531 3987 ipsa
1555 3917 1981 3987 quadragesimm
2003 3929 2168 3970 vene-

586 4006 773 4062 rabilis
792 4007 1137 4064 observantia
1164 4001 1306 4063 nulla
1337 4008 1504 4065 fuerit
1527 4009 1778 4065 humanae
1807 3999 1970 4064 caedis
1993 4006 2167 4062 absti-

584 4099 798 4155 tientia.

653 4190 745 4244 24.
789 4192 898 4248 Hac
945 4193 1129 4264 itaque
1175 4190 1493 4264 tempestate
1549 4210 1672 4250 cum
1725 4207 1883 4248 rarus
1929 4192 1982 4247 in
2034 4191 2170 4249 urbe

584 4285 817 4355 populus
838 4301 935 4340 sua
951 4286 1225 4343 frueretur
1245 4303 1368 4342 sccu
1381 4288 1561 4352 ritate,
1581 4287 1862 4358 repentina
1885 4286 2170 4342 calamitas

589 4376 951 4445 improvidam
1002 4377 1198 4432 invasit
1222 4377 1427 4433 urbem.
1478 4378 1717 4434 Horesco
1745 4375 2026 4442 referens;
2059 4377 2170 4447 pri-

2254 519 2381 568 tunc
2403 513 2693 569 vehemens
2714 510 2869 566 flaret
2887 512 3043 566 turbo
3054 519 3358 577 ventorum,
3381 510 3819 582 arreptisigninm

2254 602 2426 675 globis
2453 604 2609 675 longe
2625 604 2840 673 lateque
2862 602 3059 658 multas
3072 603 3365 658 combussit
3383 604 3551 669 (edes,
3581 618 3821 674 eousque

2254 705 2314 749 ut
2362 693 2505 765 ligna
2553 704 2608 750 ct
2657 694 2863 765 lapides
2907 710 3075 749 vorax
3119 694 3190 726 ²¹⁶
3242 692 3400 749 flama
3446 703 3817 760 consumeret;

2254 801 2442 840 aurum
2467 801 2680 855 quoque
2726 794 2779 840 et
2825 785 2894 817 ’⁸⁸
2947 794 3226 853 argentum
3271 800 3334 839 ac
3393 783 3613 839 metalla
3652 794 3823 840 cetera

2255 878 2434 934 calore
2476 879 2646 933 nimio
2695 877 2983 948 liquefacta
3027 886 3152 932 sunt
3197 877 3470 931 universa.
3530 874 3577 931 0
3615 891 3728 946 quae
3769 884 3825 930 et

2255 971 2435 1044 (ιμςιιίιι
2465 971 2745 1026 domorum
2778 970 3073 1033 hacdificia,
3121 984 3392 1041 quamque
3435 969 3637 1023 decora
3682 983 3824 1022 eom-

2254 1062 2413 1116 busta
2450 1068 2576 1115 sunt
2602 1060 2820 1128 mmnia,
2852 1059 2918 1115 de
2944 1060 3142 1129 quibus
3169 1059 3422 1114 omnibus
3449 1059 3541 1111 vix
3572 1056 3827 1128 superfuit

2256 1163 2455 1223 prailer
2480 1152 2774 1221 parietinas
2803 1152 3072 1223 quaslibet
3116 1151 3199 1208 vel
3240 1151 3360 1208 tilio
3406 1150 3698 1206 minimus!
3727 1149 3826 1205 Sed

2257 1242 2399 1314 quod
2431 1241 2500 1274 ⁸³³
2538 1251 2622 1297 est
2649 1243 2794 1296 omni
2824 1242 3056 1312 dampno
3082 1242 3318 1296 deterius
3342 1282 3357 1305 ,
3388 1240 3577 1311 plures
3605 1248 3819 1294 sancto-

2257 1350 2377 1390 rum
2404 1334 2530 1390 sunt
2554 1342 2807 1390 crematae
2826 1333 3063 1390 basilica:
3085 1336 3136 1390 in
3152 1333 3282 1389 urbe
3304 1340 3359 1389 et
3386 1342 3568 1389 extra.
3603 1330 3825 1386 Sanctus

2260 1425 2373 1495 ipse
2400 1424 2721 1481 Laurentius
2749 1466 2765 1491 ,
2812 1425 2949 1479 vivae
2978 1419 3158 1479 carnis
3191 1424 3316 1478 olim
3353 1424 3632 1479 cruciatus
3656 1422 3827 1475 incen-

2259 1517 2349 1571 dio
2373 1557 2390 1584 ,
2432 1517 2627 1572 iterum
2657 1531 2714 1572 se
2744 1516 2977 1571 flammis
3003 1516 3251 1586 permisit
3278 1514 3467 1577 exuri;
3520 1513 3678 1584 cujus
3715 1526 3827 1580 spe-

2259 1608 2563 1664 ciosissima
2616 1609 2856 1664 omnium
2910 1607 3044 1661 adeo
3089 1604 3192 1660 fuit
3243 1604 3511 1667 ecclesia,
3559 1611 3620 1657 ut
3671 1600 3824 1655 relatu

2260 1699 2472 1757 difficile
2502 1701 2747 1757 videatur
2771 1741 2787 1763 ,
2821 1715 2941 1769 qua:
2974 1698 3176 1754 fuerint
3199 1698 3463 1769 lignorum
3490 1695 3827 1765 lapidumque

2190 1775 2231 1832 Β
2261 1794 2551 1866 sculptura:
2598 1807 2894 1863 eorumque
2938 1792 3275 1847 altrinsecus
3328 1788 3401 1821 ¹²³
3445 1775 3827 1857 compaginita

2253 1884 2524 1954 iuncturae
2550 1928 2564 1952 ,
2596 1886 2715 1957 quaé
2737 1886 2851 1940 suis
2878 1885 3177 1955 columpnte
3201 1898 3323 1938 cum
3353 1880 3575 1936 basibns
3601 1921 3617 1945 ,
3666 1877 3829 1933 tribu-

2260 1975 2402 2033 nalia
2425 1990 2639 2044 quoque
2663 1988 2757 2042 per
2778 1987 2990 2044 gyrum,
3023 1987 3087 2026 ac
3116 1971 3345 2040 desuper
3370 1977 3558 2035 tegens
3584 1967 3824 2019 unitersa

2261 2081 2533 2138 musyum.
2586 2062 2630 2120 Ο
2680 2062 2975 2133 templum,
3023 2061 3109 2117 cui
3154 2059 3359 2115 nullunt
3414 2059 3468 2112 in
3523 2057 3596 2088 ⁸⁸⁸
3641 2055 3828 2108 mundo

2262 2159 2437 2215 simile
2461 2159 2473 2213 ε
2505 2166 2559 2213 et
2581 2173 2615 2213 ο
2636 2157 2828 2213 civitas
2853 2154 3009 2225 cujus
3030 2153 3436 2224 comparatione
3457 2149 3598 2204 villa:
3626 2148 3827 2202 fuerant

2265 2248 2518 2318 reliquae!
2560 2248 2742 2302 lleheu
2768 2248 2781 2301 !
2818 2247 3020 2301 Trenes
3050 2244 3151 2299 illa:
3183 2241 3513 2313 prophetica:
3543 2239 3596 2292 in
3640 2247 3693 2292 te
3722 2236 3824 2291 fere

2264 2338 2539 2393 translata!
2588 2338 2861 2393 videntur.
2916 2335 3011 2392 Ubi
3066 2342 3244 2390 autem
3293 2344 3483 2386 rumor
3530 2338 3638 2383 tam
3691 2327 3829 2382 dirus

2263 2432 2459 2486 castris
2489 2430 2763 2495 insonuit,
2815 2426 3164 2499 quamplures
3192 2423 3316 2479 ilico
3339 2421 3527 2477 relicta
3558 2419 3830 2475 obsidione

2263 2532 2395 2579 eunt
2436 2532 2626 2578 tenues
2661 2522 2730 2577 ab
2764 2522 2887 2594 igne
2924 2518 3182 2590 reliquias
3227 2526 3283 2574 et
3323 2516 3578 2572 miseram
3624 2511 3831 2567 visitare

2264 2616 2545 2672 familiam.
2574 2616 2952 2672 Arlembaldus
2984 2630 3111 2670 vero
3142 2627 3265 2668 cum
3297 2610 3421 2665 aliis
3448 2618 3658 2664 retenta
3688 2614 3831 2676 parte

2264 2712 2565 2765 castrorum
2609 2715 2923 2780 perseverat
2945 2706 3228 2771 obnixius,
3275 2703 3503 2760 cottidie
3524 2699 3830 2768 belligerare

2265 2818 2370 2857 non
2411 2803 2680 2858 desinens.
2713 2799 3038 2858 Gotofredus
3058 2807 3238 2853 autem
3259 2796 3436 2852 tribus
3453 2794 3563 2863 jam
3587 2793 3830 2847 obsessus

2266 2893 2573 2957 mensibus,
2628 2900 2690 2948 ut
2731 2892 2867 2947 vidit
2916 2899 3133 2947 tenuem
3161 2896 3467 2944 castrorum
3498 2882 3791 2967 exercitum
3818 2922 3830 2941 .

2267 2984 2407 3038 clam
2438 2999 2640 3039 vocare
2669 2991 2872 3039 suoset
2897 2989 3054 3038 caute
3083 2980 3215 3036 satis
3240 2985 3496 3049 procurat
3522 2968 3724 3029 amicos
3748 2972 3831 3023 ⁸³⁸.

2266 3077 2511 3147 Cumque
2556 3075 2838 3147 paschales
2896 3075 3164 3130 instarent
3216 3071 3366 3127 feria:
3421 3067 3612 3139 (H3),
3649 3079 3833 3122 conve-

2269 3169 2481 3225 nientes
2514 3167 2575 3225 in
2602 3182 2767 3223 unum
2792 3206 2808 3234 ,
2857 3167 3118 3222 instructa
3155 3163 3274 3219 acie
3310 3160 3559 3233 protinus
3586 3158 3639 3212 in
3667 3163 3831 3213 castra

2269 3269 2604 3332 consurgunt
2649 3260 2853 3331 impetu
2897 3267 2954 3313 et
3011 3256 3247 3312 clamore
3287 3267 3395 3309 non
3452 3249 3687 3305 modico.
3733 3244 3833 3300 Nec

2270 3353 2450 3409 minus
2494 3350 2705 3408 obsessi
2759 3348 2934 3420 ruptis
2985 3346 3240 3404 claustris
3276 3358 3346 3399 ex
3399 3339 3548 3397 omni
3597 3339 3668 3372 ⁸³⁸
3694 3344 3834 3409 parte

2268 3443 2575 3516 prosiliunt.
2639 3439 3020 3497 Arlembaldus
3072 3446 3250 3493 autem
3314 3439 3464 3488 tanto
3519 3429 3728 3501 positus
3786 3425 3832 3478 in

2269 3534 2604 3599 discrimine,
2628 3532 2859 3602 arreptis
2887 3531 2958 3565 “'
2993 3529 3159 3584 armis
3184 3527 3350 3581 audet
3377 3538 3501 3579 cum
3523 3521 3644 3576 suis
3665 3517 3833 3588 paucis

2263 3626 2417 3696 juxta
2436 3618 2590 3681 vires
2632 3625 2930 3689 obsistere,
2992 3619 3216 3694 signifer
3261 3619 3376 3688 ipse
3417 3614 3618 3669 factus.
3656 3611 3719 3666 Et
3744 3608 3834 3663 nisi

2269 3732 2368 3773 sua
2417 3730 2745 3787 suorumque
2789 3721 3086 3786 pugnasset
3133 3709 3391 3772 audatia,
3442 3706 3563 3759 dies
3617 3701 3710 3756 illa
3743 3696 3835 3754 sibi

2267 3810 2462 3867 fuisset
2507 3818 2773 3865 extrema.
2812 3806 3068 3863 Videutes
3115 3810 3298 3869 autem
3350 3795 3509 3853 multi
3550 3804 3832 3864 paucorum

2269 3901 2667 3965 constantiam,
2720 3899 2863 3954 ultro
2887 3896 3148 3952 recedunt
3170 3933 3186 3958 ,
3239 3889 3534 3946 eduCentes
3564 3896 3752 3940 secum
3776 3878 3833 3934 ab

2269 3993 2467 4065 oppido
2494 3990 2863 4048 Gotefredum.
2889 3987 3000 4044 llos
3023 3986 3178 4057 longe
3197 3980 3465 4055 persecuti
3497 3987 3627 4033 sunt
3645 3972 3833 4031 Medio.

2271 4088 2522 4142 lanenses
2544 4125 2560 4151 ,
2588 4083 2893 4155 conglobati
2921 4089 3144 4151 repente
3170 4075 3332 4135 simul
3360 4083 3417 4131 et
3449 4073 3541 4144 qui
3578 4072 3635 4125 in
3656 4066 3835 4124 castris

2271 4177 2492 4233 fuerunt
2525 4186 2582 4232 et
2614 4175 2707 4245 qui
2740 4176 2792 4228 in
2822 4172 2958 4228 urbe
2995 4166 3425 4232 remanserant:
3452 4178 3555 4219 nec
3596 4176 3625 4215 a
3661 4171 3835 4230 perse-

2271 4269 2486 4341 quendo
2510 4267 2699 4323 diebus
2726 4264 2932 4336 aliquot
2960 4269 3241 4318 cessarunt
3275 4272 3340 4312 ac
3365 4253 3644 4315 noctibus,
3678 4249 3836 4303 donec

2272 4367 2326 4422 in
2352 4378 2563 4422 summa
2587 4362 2911 4419 constrictos
2935 4358 3262 4415 necessitate
3290 4359 3594 4425 coegerunt
3634 4348 3705 4381 ’³³
3732 4344 3839 4401 illos

590 4483 681 4525 mo
720 4483 953 4538 namque
974 4469 1400 4540 quadragesimae
1430 4470 1657 4526 sabbato
1680 4510 1698 4536 ,
1755 4483 1949 4540 magno
1978 4469 2160 4524 civitas

2275 4460 2472 4516 iterum
2493 4456 2841 4516 Castilionem
2866 4454 3093 4510 intrare.

1872 4603 2111 4659 VARIIE
2150 4597 2559 4659 LECTIONES.

667 4717 739 4752 ’θ’
771 4717 888 4773 illos
917 4718 976 4772 Β.
1006 4717 1094 4773 illo
1118 4716 1300 4773 Pario.
1374 4760 1386 4773 .
1434 4718 1562 4775 259.
1638 4716 1813 4775 mUbi
1839 4749 1909 4761 ——
1936 4719 2109 4775 evasit
2135 4718 2322 4773 desunt
2374 4716 2433 4770 Β.
2462 4714 2552 4782 qui
2578 4726 2759 4768 eorum
2785 4709 2899 4763 loco
2930 4705 3124 4761 habet:
3152 4698 3604 4783 quemadmodum
3652 4693 3837 4774 factum

667 4798 678 4844 t
713 4790 767 4844 in"
807 4789 1072 4845 aliquibus
1093 4829 1108 4845 .
1139 4790 1203 4845 de
1234 4736 1432 4845 nuiiius
1473 4805 1696 4845 narrare
1741 4807 1836 4845 uer
1858 4790 2067 4845 sinaula
2101 4790 2437 4845 louaumest.
2469 4800 2596 4845 ymo
2621 4779 2947 4845 superﬂuum
2975 4786 3059 4832 est
3076 4776 3323 4845 judicare
3345 4771 3607 4845 (indicare
3622 4764 3837 4845 Putta).

591 4798 678 4846 est
713 4790 767 4844 in"
807 4789 1072 4859 aliquibus
1093 4829 1108 4855 ,
1139 4790 1203 4845 de
1234 4790 1323 4859 qui

595 4862 808 4916 interea
840 4873 936 4916 etc.
1014 4860 1081 4891 ‘“
1136 4875 1449 4929 presnmere
1504 4860 1567 4914 Β.
1600 4859 1786 4914 αιὴιόη
1819 4859 2001 4914 I’uric.

2034 4878 2088 4930 p.
2119 4860 2247 4930 261.

1473 4763 1630 4845 iiiii‘ra
1639 4806 1696 4845 re
1719 4763 1836 4860 “per
1858 4763 2316 4860 si
2335 4763 2448 4860 est,
2464 4763 2600 4857 wyinu
2613 4763 3059 4860 superﬂutumest
3076 4763 3256 4846 judica
3266 4789 3323 4860 lle
3345 4763 3837 4860 (itidicare

2322 4840 2577 4911 mres:
2606 4870 2657 4925 ρ.
2677 4840 2753 4925 Β.
2791 4849 2902 4925 _
2933 4840 3221 4925 ιιειεξεδσ
3265 4843 3318 4925 «1-
3350 4843 3420 4925 ιτα
3450 4840 3839 4925 eaeaeae

590 4903 1031 4987 i'r'JZiTi.'}§iiam
1062 4903 1786 4997 deé's'i'iilwii:«inﬁtiii"
1817 4903 2397 4985 ῖιῖέιῖἒιτῗίὲΐάεεει
2425 4903 2466 4983 ii
2492 4903 2575 4979 ἐῖξ
2600 4903 2956 4997 aridumue.
3031 4913 3457 4997 men-“cuiam?
3480 4903 3540 4963 B‘.
3606 4903 3839 4997 ςξῖέειξι

596 5001 636 5038 Ω
734 5002 803 5035 ³1³
824 5003 1152 5038 ρηηοιῖιηηηί
1183 5001 1223 5038 Ω
1323 5003 1393 5036 ΩΙ.
1427 5004 1565 5038 [Incol
1610 5002 1646 5038 lt
1743 5001 1813 5034 2³.
1840 5016 1998 5038 νην-οἱα
2030 5002 2050 5038 ιθ

2157 4975 2226 5031 {si
2259 4975 2404 5038 7:212}
2426 4975 2473 5038 ’ᾖ
2497 4975 2526 4979 ”
2558 4975 2639 5027 ὦ
2668 4975 2881 5038 sum"...
2914 4990 2970 5038 tt.
3002 4988 3144 5038 auod
3176 4984 3360 5038 Puric.
3408 4980 3553 5035 iion.
3590 4975 3766 5030 Ambr.
3792 4989 3836 5038 ρ.
