3938 5380
481 129 586 184 525

1507 131 1811 188 ARNULFI
1851 130 2402 192 MEDIOLANENSIS
2434 135 2705 194 CLERICI

3633 146 3736 199 3‘24

481 253 582 307 tes,
632 243 758 298 licet
806 243 1092 314 prteceptio
1125 243 1269 314 regia
1318 243 1502 298 multis
1532 243 1744 298 dicatur
1770 244 2054 314 impetrata
2087 248 2134 304 Α
2164 247 2372 302 venerit
2405 247 2758 319 incognitum.
2783 248 2860 305 Ac
2887 249 2967 305 sic
2987 250 3057 282 "°
3085 252 3383 324 postposita
3441 254 3645 309 sabbati
3675 255 3740 310 il-

478 333 792 389 muneribus
849 333 1017 405 (-118).
1095 335 1321 390 Constat
1391 337 1571 388 tamen
1620 349 1802 404 regem
1875 341 2062 404 postea

476 427 816 497 paenituisse,
893 437 1054 496 atque
1137 428 1557 483 interventorem
1616 428 1831 498 penitus
1885 427 2064 482 odisse

476 520 743 592 legatum.
797 521 1005 577 Exinde
1049 520 1374 577 Gotefredus
1401 522 1583 592 aliqua
1612 522 1857 578 ecclesiae
1885 523 2064 577 studet

474 626 742 682 occupare
795 612 1038 678 castella,
1071 614 1162 667 uni
1211 629 1397 669 eorum
1450 615 1766 685 prmsidens,
1791 614 1934 684 quod
1964 630 2058 668 no-

475 704 711 758 minatur
762 703 954 759 Brebia
987 704 1157 777 (149).
1192 705 1292 774 Qui
1321 722 1445 761 eum
1477 706 1636 776 paulo
1668 716 1791 762 ante
1818 706 2061 762 Leucum

475 793 623 863 (150)
663 794 959 861 invaderet,
1007 795 1343 852 irruentibus
1389 796 1458 850 ab
1489 798 1623 852 urbe
1656 797 1916 852 militibus
1943 798 2062 850 vio-

471 884 648 942 leuter
681 887 939 952 edicitur,
985 889 1188 944 amisso
1218 890 1531 946 marehioue
1573 890 1663 945 illo
1690 890 2063 947 strenuissimo

471 979 665 1043 milite,
697 995 858 1050 quem
890 981 990 1036 loci
1030 983 1223 1037 incola:
1250 998 1381 1052 rupe
1404 984 1801 1054 praecipitantes
1827 984 1895 1038 ab
1932 984 2060 1050 alta,

470 1071 764 1126 crudeliter
793 1072 1066 1128 trucidant
1115 1075 1226 1144 (an.
1275 1074 1435 1139 1073,
1465 1075 1593 1143 Apr.
1643 1075 1756 1145 21).
1791 1076 1926 1130 Dum
1949 1077 2065 1131 haec

471 1163 653 1218 taliter
676 1174 986 1233 agerentur,
1017 1166 1332 1238 defungitur
1372 1167 1720 1238 apostolicus.

538 1255 592 1307 4.
635 1254 730 1309 Cui
767 1271 935 1325 parvo
964 1257 1172 1312 dierum
1216 1258 1498 1313 intervallo
1523 1259 1671 1328 (Apr.
1700 1259 1791 1325 2‘2)
1824 1259 2064 1315 succedit

467 1343 888 1416 llildeprandus,
936 1357 1146 1402 mutato
1191 1349 1410 1404 nomine
1456 1350 1633 1404 dictus
1658 1349 1973 1421 Gregorius,
2009 1350 2061 1404 in

467 1453 576 1506 quo
629 1439 824 1493 revixit
873 1439 1088 1495 Attonis
1113 1439 1257 1496 illico
1284 1442 1528 1511 spiritus,
1555 1443 1690 1497 adeo
1728 1452 1786 1496 ttt
1833 1442 2060 1497 Romam

467 1544 699 1598 pergens
731 1530 874 1585 illius
908 1547 1027 1586 sese
1057 1533 1311 1588 subderet
1338 1534 1713 1589 contubernio.
1740 1533 1857 1605 Ipse
1883 1545 2061 1589 autem

2166 338 2270 392 lius
2294 340 2551 394 autentici
2575 355 2604 394 a
2633 340 2877 411 patribus
2917 341 3117 396 tradita
3172 344 3554 416 praerogativa,
3593 356 3738 401 sexu

2167 429 2218 483 in
2241 429 2378 484 albis
2401 429 2533 484 feria
2570 431 2718 501 (Apr.
2746 431 2838 500 25)
2867 447 3022 487 suum
3037 432 3440 491 iecitcelebrari
3461 437 3739 509 baptisma.

2165 536 2329 591 quum
2360 523 2626 592 scriptura
2657 523 2942 593 prohibeat
2973 527 3452 596 transgrediendos
3500 545 3632 598 quos
3653 546 3742 600 po-

2166 619 2392 666 suerunt
2423 621 2604 682 patres
2639 613 2899 668 terminos
2939 611 3118 685 (Prov.
3149 631 3282 678 χχιι,
3302 616 3416 686 28).
3442 616 3598 673 Unde
3623 636 3744 674 eon-

2167 703 2363 775 tigitut
2393 705 2644 774 paschale
2667 707 2920 776 gaudium
2965 724 3119 762 suum
3177 711 3416 766 nesciret
3457 711 3741 774 lavacrum.

2166 809 2229 848 ac
2255 794 2423 849 tuulto
2450 806 2570 865 post
2602 805 2844 866 tempore
2901 796 3086 866 plures
3121 802 3447 854 catecumini
3503 803 3742 871 baptismi

2165 893 2413 939 carerent
2443 887 2635 955 gratia.
2668 886 2784 954 Quo
2805 903 2991 942 errore
3032 887 3263 958 plurima
3325 891 3617 946 involvitur
3658 909 3744 962 po-

2165 979 2274 1048 puli
2312 980 2617 1045 tnultitutlo,
2648 981 2846 1050 partim
2880 980 3112 1051 simplici
3141 983 3323 1046 oculo,
3352 985 3555 1052 partim
3595 985 3742 1039 scdu—

2164 1081 2254 1126 cta
2287 1074 2483 1142 pretio,
2518 1073 2713 1142 partim
2741 1073 3060 1141 impunitate
3086 1089 3204 1143 qua:
3261 1084 3584 1144 patraverat
3637 1091 3746 1130 sce-

2166 1163 2358 1218 lerum.
2389 1163 2471 1216 Ab
2501 1164 2616 1232 ipso
2658 1164 2801 1218 enim
2837 1163 3062 1218 exordio
3119 1164 3450 1234 quicumque
3495 1165 3744 1220 scelestus

2167 1253 2308 1308 illius
2349 1255 2658 1309 adltzerebat
2702 1256 2976 1308 consortio
3005 1295 3022 1320 ,
3077 1271 3238 1310 t-arus
3267 1263 3321 1309 et
3358 1256 3552 1310 insons
3589 1256 3769 1312 habe-1

2166 1345 2327 1400 batur
2351 1347 2420 1400 ab
2452 1345 2562 1400 illo.
2592 1344 2952 1412 Quamobrem
3014 1344 3391 1400 Patarinorum
3443 1347 3498 1401 in
3550 1335 3775 1424 tantumi

2165 1438 2406 1492 excrevit
2438 1452 2696 1492 numerus
2725 1445 2886 1506 atque
2910 1435 3081 1490 virtus
3104 1436 3156 1489 in
3186 1439 3338 1508 pagis
3370 1447 3427 1492 et
3481 1438 3658 1506 opidis
3685 1453 3744 1490 ae

2165 1528 2488 1598 quibusdam
2518 1528 2655 1583 duce
2680 1529 2793 1597 ipso
2827 1528 2878 1582 in
2905 1528 3147 1588 urbibus,
3179 1539 3240 1580 ut
3267 1543 3495 1582 suorum
3516 1530 3746 1585 omnium

466 1637 592 1679 eum
646 1624 812 1692 priori
866 1624 1125 1680 radicitus
1173 1626 1463 1681 inhaereret
1509 1628 1809 1698 proposito,
1861 1627 2062 1682 indicta

2169 1621 2441 1675 videretur
2463 1619 2732 1674 dominari
2758 1619 3062 1674 concivium
3100 1619 3165 1651 ²³¹
3198 1617 3368 1688 (154).

469 1715 655 1770 Roma:
710 1715 1036 1787 generaliter
1083 1722 1289 1790 synodo
1338 1722 1452 1790 (an.
1492 1720 1662 1785 1074,
1695 1720 1899 1792 Mart),
1934 1737 2060 1775 cum

468 1807 582 1862 suis
648 1808 990 1864 clamavitM
1058 1813 1427 1868 sacratoribus
1487 1813 1834 1869 Gotefredum
1891 1814 2056 1884 (151).

469 1900 715 1970 (Eumque
751 1903 816 1956 ad
865 1903 1073 1959 libitum
1119 1907 1494 1962 consuevisset
1535 1908 1702 1962 tuulta
1755 1910 2060 1979 disponere,

469 2006 654 2047 coram
710 1993 855 2048 omni
917 2005 1059 2048 cmttt
1110 2006 1436 2065 praesentem
1497 1997 1738 2052 laudavit
1810 1999 2060 2054 Attonetn

469 2083 674 2152 absque
725 2093 856 2138 nutu
914 2085 1080 2155 regio,
1149 2085 1372 2141 absente
1429 2103 1646 2158 quoque
1700 2089 2064 2144 Ambrosiauo

467 2174 615 2229 clero
642 2191 705 2230 ac
742 2177 957 2246 pepulo.
988 2176 1142 2233 Unde
1171 2179 1312 2233 inter
1343 2180 1515 2249 ipsum
1552 2191 1606 2236 et
1636 2197 1890 2237 czcsarern
1925 2183 2066 2236 vidc-

470 2275 559 2320 tur
599 2277 777 2322 ortum
809 2269 913 2325 hac
955 2269 1131 2324 litem
1160 2281 1412 2325 manente
1439 2272 1742 2336 dissidium,
1790 2288 1894 2327 non
1925 2273 2063 2328 illius

469 2357 686 2426 quidem
720 2358 1123 2428 dampnatione,
1161 2361 1255 2415 sed
1282 2377 1415 2417 nova
1449 2362 1609 2434 hujus
1633 2372 1686 2418 et
1713 2366 1914 2434 absque
1936 2365 2063 2422 dato

471 2447 612 2516 regis
639 2457 901 2517 concepta
927 2448 1210 2506 electione.

539 2535 593 2589 5.
636 2535 901 2593 Praeterea
931 2540 1055 2593 dum
1087 2539 1410 2597 Gotel‘redus
1437 2541 1644 2597 Brebia:
1671 2542 1838 2598 solius
1865 2543 2058 2599 immo-

469 2638 684 2682 raretur
739 2630 1012 2698 praesidio,
1068 2633 1195 2687 Atto
1245 2637 1462 2702 propria
1516 2634 1760 2704 neglecta
1808 2637 1967 2692 domo
1997 2653 2061 2694 ac

469 2720 644 2789 patria
701 2719 890 2777 Romae
936 2723 1166 2795 degebat
1198 2726 1345 2796 (159.)
1396 2728 1790 2788 tantummodo,
1833 2728 2063 2781 assiduis

469 2825 622 2878 papa:
667 2812 1003 2881 mancipatus
1031 2813 1326 2884 obsequiis.
1370 2815 1469 2869 Cui
1500 2815 1878 2871 Arlembaldus
1922 2819 2062 2886 apud

469 2899 828 2955 Mediolanum
877 2905 1002 2959 totis
1033 2903 1242 2960 favebat
1274 2905 1499 2972 viribus,
1535 2907 1621 2962 die
1668 2918 1937 2978 noctuque
1980 2910 2058 2964 la-

470 2991 694 3058 borans,
724 2993 867 3048 datis
890 2995 1054 3049 etiam
1084 3012 1147 3052 ac
1167 2997 1448 3067 promissis
1474 3000 1808 3054 muneribus.
1843 3001 2062 3071 Insuper

471 3098 632 3137 omne
681 3083 961 3140 Gotel't‘edi
1019 3087 1307 3157 collegium
1339 3088 1569 3144 ﬂammis
1600 3107 1663 3145 ac
1707 3091 1850 3146 ferro
1877 3108 2064 3162 perse-

471 3173 739 3243 quebatur
764 3176 1056 3242 interdum,
1114 3180 1280 3234 nichil
1311 3180 1690 3250 intemptatqu
1717 3183 1869 3252 juxta
1907 3199 2064 3252 posse

472 3265 816 3335 relinquens;
841 3269 1141 3336 pncsertim
1187 3287 1310 3325 cum
1351 3287 1450 3326 nec
1481 3273 1640 3342 regia:
1662 3276 1933 3343 potestati,
1965 3292 2064 3330 nec
2139 3292 2141 3294 ‘

472 3374 692 3413 suorum
742 3363 951 3429 parium
1005 3364 1342 3437 aliorumque
1372 3367 1663 3422 multorum
1705 3371 1925 3424 cederet
1956 3371 2063 3425 ullo

473 3453 631 3506 modo
665 3453 954 3522 voluntati,
1002 3457 1243 3513 Romana
1277 3468 1484 3514 tantum
1536 3460 1708 3516 fretus
1738 3471 1902 3532 atque
1937 3479 2064 3518 con-

476 3551 658 3598 tentus
696 3545 890 3600 ﬁducia
941 3545 1123 3618 (155);
1170 3550 1237 3603 ad
1283 3550 1386 3604 hoc
1415 3551 1579 3604 etiam
1624 3567 1980 3622 prorumpens
2008 3559 2064 3606 ttt

471 3633 844 3692 Ambrosianaa
885 3642 1311 3697 consecrationis
1365 3645 1647 3714 episcopos
1693 3644 2057 3708 blaslentaret,

473 3740 724 3781 asserens
749 3730 1042 3798 apostolice
1072 3736 1596 3800 excommunicatos,
1639 3753 1872 3806 quorum
1903 3753 2063 3792 onme

471 3820 798 3888 reprobabat
841 3823 1096 3879 ollicinm.
1133 3825 1286 3883 Unde
1323 3827 1448 3895 fuit,
1477 3831 1622 3900 quod
1668 3840 2064 3901 sanctopente-

472 3913 733 3965 costcs’“
755 3915 980 3971 sabbato
1014 3917 1130 3971 ﬁeri
1166 3920 1438 3988 prohibuit
1489 3921 1540 3974 in
1588 3922 1718 3976 urbe
1772 3922 2061 3990 baptisma.

543 4001 597 4056 6.
630 4001 820 4059 Postea
855 4020 984 4060 vero
1005 4009 1204 4062 crisma
1234 4023 1473 4073 sacrum,
1506 4011 1650 4079 quod
1682 4027 1820 4066 unus
1850 4013 2063 4068 illorum

474 4094 758 4152 dominica:
781 4113 950 4153 omna:
973 4100 1220 4156 misterio
1266 4104 1692 4175 metropolitante
1737 4107 1934 4161 direxit
1974 4124 2064 4164 cc-

475 4182 673 4248 clesice,
695 4187 835 4240 sicut
870 4204 985 4242 mos
1009 4199 1092 4244 est
1121 4192 1406 4248 deﬁciente
1453 4196 1726 4264 pontifice,
1789 4195 2064 4267 profusum

2237 1711 2288 1766 7.
2319 1711 2588 1766 Praeterea
2612 1726 2784 1766 caesar
2827 1710 3117 1767 Heinr-iens
3162 1712 3479 1767 adolescens
3523 1713 3635 1782 jam
3675 1710 3745 1766 fa-

2166 1815 2303 1871 ctus,
2331 1814 2388 1860 ut
2416 1806 2551 1860 vidit
2589 1820 2701 1860 sure
2735 1805 2919 1860 ﬂorem
2945 1805 3324 1875 potentiaehoc
3368 1806 3533 1861 modo
3573 1804 3748 1875 paula-

2167 1900 2261 1953 tim
2290 1911 2566 1961 arescere,
2593 1898 2726 1951 inito
2755 1912 2877 1951 cum
2915 1897 3027 1950 suis
3052 1897 3334 1962 conscilio,
3385 1898 3568 1952 studet
3595 1897 3744 1967 hujus

2165 2006 2229 2044 ac
2259 1989 2485 2042 Romani
2518 1987 2761 2058 prmsidis
2791 1988 2860 2018 ’⁸³
2888 1988 3107 2042 obstare
3154 1987 3460 2042 conatibus.
3495 1986 3742 2043 Βαδὺ-ιο

2165 2084 2473 2136 baturtunc
2508 2080 2764 2149 teuzporis
2812 2079 3020 2148 Apuliae
3072 2079 3324 2148 princeps
3356 2067 3592 2148 htagrus
3647 2078 3748 2131 [ιο.

2165 2177 2351 2231 bertus
2380 2174 2470 2229 ille
2501 2174 2867 2229 Normannus.
2923 2173 3066 2227 Inter
3111 2173 3254 2227 hunc
3303 2182 3357 2226 et
3399 2188 3580 2243 regem
3625 2173 3744 2225 dum

2165 2283 2326 2336 super
2346 2266 2448 2320 hac
2479 2281 2536 2320 re
2567 2265 2942 2319 discurrerent
2973 2263 3178 2327 nuncii,
3211 2262 3468 2333 prmfatus
3497 2278 3630 2330 papa
3657 2263 3743 2314 ba-

2161 2361 2275 2416 b'ta
2301 2359 2486 2413 Romae
2511 2357 2719 2428 synodo
2745 2358 2855 2426 (an.
2891 2355 3046 2410 1075.
3077 2353 3233 2425 Feb.)
3255 2354 3429 2424 palam
3480 2352 3746 2408 interdicit

2132 2451 2382 2522 -regijus
2411 2451 2603 2505 deinde
2627 2449 2830 2503 habere
2851 2447 3070 2517 aliquod
3107 2435 3157 2500 in
3189 2445 3383 2500 dandis
3426 2444 3747 2514 episcopali-

2163 2544 2284 2609 bus,
2338 2556 2640 2612 omnesque
2683 2541 2854 2596 laicas
2901 2540 2968 2595 ab
3019 2539 3352 2593 investituris
3401 2536 3746 2592 ecclesiarum

2163 2643 2467 2688 summovet
2488 2647 2768 2702 personas.
2799 2631 3020 2701 Insuper
3053 2628 3194 2683 facto
3225 2628 3574 2682 anathemate
3612 2643 3745 2679 cur.-

2165 2736 2282 2782 ctos
2320 2726 2462 2796 regis
2486 2726 2683 2780 clamat
2710 2722 3108 2786 consciliarios,
3156 2719 3206 2774 id
3235 2720 3410 2790 ipsum
3448 2720 3561 2788 regi
3607 2734 3748 2772 com.

2164 2821 2425 2881 minatus,
2459 2817 2561 2872 nisi
2591 2817 2643 2870 in
2689 2815 2939 2884 proximo
2990 2813 3117 2868 huic
3169 2811 3382 2865 obediat
3435 2810 3744 2865 constituto.

2165 2914 2261 2969 His
2292 2911 2480 2967 diebus
2511 2926 2672 2979 quam
2713 2909 2938 2978 lugubre
2965 2905 3227 2960 escidium
3258 2905 3456 2958 civitas
3477 2904 3548 2956 sit
3595 2915 3746 2971 paSSa

2169 3005 2547 3066 Mediolanum,
2581 3015 2817 3056 murreus
2846 3001 2988 3064 dico,
3013 2999 3199 3054 dicens
3222 2996 3536 3065 ingemisco,
3581 2993 3749 3048 factus

2168 3096 2547 3167 michimetipsi
2598 3094 2819 3166 gravis,
2877 3093 3011 3147 adeo
3066 3099 3124 3146 ut
3175 3090 3389 3145 recedat
3451 3090 3520 3143 ab
3577 3086 3750 3141 animo

2167 3205 2376 3246 εεηειιε.

2237 3281 2288 3334 8.
2328 3282 2485 3334 Anno
2516 3277 2868 3333 humanitatis
2920 3271 3395 3331 dominicm1075.
3462 3269 3747 3324 indictione

2169 3376 2235 3430 13
2266 3373 2451 3437 (Mart.
2481 3371 2590 3440 30).
2639 3370 2925 3425 transactis
2968 3377 3200 3438 quatttor
3246 3381 3275 3419 a
3323 3372 3625 3417 memorato
3666 3375 3750 3412 su-

2166 3466 2350 3533 perius
2413 3463 2658 3518 incendio
2710 3460 2907 3522 annis,
2965 3458 3367 3528 propinquante
3414 3451 3748 3506 sanctissimo

2167 3575 2340 3629 pascat:
2365 3556 2521 3622 festo,
2562 3554 2796 3611 secunda
2833 3551 3082 3614 videlicet
3108 3547 3423 3604 ebzlnmadis
3472 3546 3748 3600 autentica:

2165 3649 2323 3713 feria,
2362 3646 2672 3703 miseranda
2703 3645 2901 3699 iterum
2958 3640 3152 3696 civitas
3199 3639 3438 3692 divinam
3486 3636 3748 3705 persensit

2167 3737 2526 3803 iracundiam,
2549 3745 2769 3806 experta
2793 3749 2956 3804 quam
2985 3734 3030 3787 si
3064 3730 3392 3786 horrendum
3439 3728 3684 3782 incidere
3704 3726 3747 3777 in

2167 3845 2361 3886 manus
2419 3827 2515 3883 Dei
2563 3824 2810 3881 viventis.
2865 3823 3164 3879 Celebratis
3208 3822 3390 3890 itaque
3467 3819 3746 3872 missarum

2168 3921 2497 3993 solempniis,
2525 3927 2750 3989 urgente
2787 3915 2858 3948 "'
2899 3913 3010 3983 jam
3061 3913 3192 3977 sole,
3244 3911 3296 3964 in
3329 3909 3482 3964 urbis
3516 3906 3752 3979 apparuit

2168 4016 2345 4072 medio
2368 4015 2546 4068 densa:
2577 4011 2755 4064 fumus
2802 4006 3068 4078 caliginis,
3100 4004 3266 4058 ﬂante
3311 4011 3605 4056 ventorum
3652 4001 3750 4052 vioo

2168 4107 2333 4162 lentia
2364 4105 2529 4159 nimia
2568 4117 2664 4172 per
2696 4115 2875 4155 aerem
2934 4098 3185 4162 volitans,
3237 4110 3396 4165 quem
3430 4094 3752 4163 sequebatur

2171 4213 2340 4268 vapor
2359 4193 2778 4252 flammivomus,
2811 4191 2951 4244 inter
2975 4189 3170 4242 cmlum
3201 4198 3255 4240 et
3279 4196 3482 4239 terram
3509 4185 3749 4238 univetsa

477 4274 626 4327 humi
659 4291 842 4330 coram
866 4280 1010 4333 omni
1042 4281 1236 4350 populo
1267 4283 1507 4340 calcibus
1529 4288 1882 4355 proculcavit,
1909 4306 2063 4345 suum
2092 4293 2143 4352 D
2170 4299 2518 4342 consumens.
2546 4279 2828 4350 Siquidem
2855 4277 3038 4349 plures
3066 4276 3208 4330 velut
3244 4275 3472 4329 fulmine
3497 4274 3573 4305 ’⁸⁵
3617 4273 3750 4325 faces

476 4368 784 4435 producens
819 4371 872 4424 in
914 4373 1173 4440 medium,
1220 4390 1380 4445 aquo
1431 4377 1738 4434 confectum
1794 4380 1884 4436 vel
1929 4383 2068 4437 unde

2178 4378 2364 4436 abillo
2418 4375 2655 4432 maximo
2697 4381 2753 4428 et
2796 4367 3167 4439 inextingubili
3212 4374 3566 4434 erumpentes
3611 4364 3751 4433 igneo

1745 4494 1977 4551 VARUE
2015 4493 2420 4555 LECTIONES.

548 4604 617 4637 ’δ’
671 4605 743 4658 ita
798 4604 854 4675 (ἰ.
892 4622 936 4659 e.
976 4605 1273 4676 damnavit,
1304 4625 1355 4661 υ.
1401 4624 1518 4676 cup.
1551 4608 1628 4674 7.)
1659 4609 1706 4662 1.
1733 4609 2009 4664 damnavit
2030 4609 2082 4664 2.
2115 4611 2169 4664 '5.
2200 4625 2322 4665 cum
2355 4607 2469 4661 suis
2498 4602 2865 4676 secretaribus
2894 4590 3749 4676 anathematizavits.pumqucﬁli

477 4674 554 4728 2⁸.
586 4674 1120 4751 c._s._‘sacra.t_oribu_s
1149 4674 1287 4751 (La.
1313 4674 1576 4751 Cumque.
1612 4677 1792 4733 Puric.
1843 4697 1894 4751 ι).
1928 4680 2055 4736 290.
2085 4683 2174 4751 qui
2205 4681 2395 4735 abhinc
2423 4676 2548 4751 cod:
2571 4674 2625 4728 4.
2652 4691 2784 4751 ρίξιη
2817 4683 2910 4726 εδι-

2988 4669 3196 4722 δτδιὶιιρ
3246 4671 3294 4718 1.
3373 4667 3440 4697 ’δ’
3477 4662 3747 4733 paschalis

481 4743 834 4822 corr-MM;
900 4746 972 4778 "°
1019 4748 1140 4803 sii-
1221 4749 1287 4779 ²⁵¹
1329 4733 1637 4804 convivium
1692 4751 1740 4804 t.
1817 4733 1984 4805 ’δέξεά
2011 4733 2486 4822 ⁷1.’λ.”ῥτ;υευιίς
2521 4748 2574 4800 5.
2651 4744 2721 4775 ηε
2765 4751 3022 4814 vergente
3069 4736 3154 4792 δα.
3228 4738 3300 4770 εδδ
3337 4737 3565 4790 fulmina
3589 4736 3669 4788 δι.
3701 4733 3744 4784 ιι.

2005 4889 2234 4948 NOT/E.

483 4816 752 4871 fulminea:
783 4816 925 4870 Mur.

740 5001 941 5074 Bonizn
971 5019 1024 5074 p.
1055 5003 1178 5058 810.

552 5071 698 5140 (119)
740 5071 987 5143 Brebbia,
1018 5075 1067 5128 iu
1091 5090 1238 5128 eum.
1270 5074 1514 5143 Augerae.

552 5143 698 5211 (150)
737 5142 932 5206 Lecco,
961 5147 1026 5197 ad
1055 5145 1227 5197 lacum
1255 5142 1495 5196 Larium.

553 5213 700 5282 (151)
739 5214 859 5269 ldeo
894 5214 1057 5284 Greg.
1109 5215 1140 5266 7
1207 5212 1337 5284 Dec.
1371 5211 1528 5284 710747
1575 5211 1767 5265 scribit
1813 5212 2064 5268 lleinrico

484 5285 614 5364 regi,
659 5285 922 5380 decretum
967 5283 1043 5337 bis
1072 5283 1311 5352 synodali
1351 5283 1558 5350 judicio
1603 5284 1871 5347 ﬁrmatum
1913 5299 2062 5348 esse;

2171 5016 2316 5062 tatur
2345 5024 2357 5058 :
2390 5002 2467 5057 Tu
2499 5001 2764 5070 conﬁdens
2810 5000 2866 5052 in
2906 4999 3129 5070 Domino
3159 5006 3205 5050 et
3333 5004 3504 5070 "intre
3531 5003 3622 5046 tua
3647 4990 3740 5044 Ro-

2170 5094 2327 5131 mana
2355 5075 2572 5146 eodesin
2597 5065 2823 5146 viriliter
2860 5087 2978 5146 age.
3000 5065 3319 5146 Cf._ep._‘27,
3349 5065 3443 5146 28.

2243 5147 2392 5216 (151)
2417 5144 2600 5198 Fidem
2646 5141 2849 5216 faciunt
2869 5131 3035 5216 verba
3091 5131 3573 5216 in'LG‘regoriLep.
3590 5131 3738 5216 1.,77.

2171 5203 2566 5271 ad‘Bea'tricem
2591 5221 2646 5266 et
2669 5210 2856 5265 Matth.
2892 5211 3094 5264 directa
3124 5208 3190 5262 15
3374 5204 3518 5284 .1071
3545 5223 3563 5284 :-
3586 5203 3739 5284 Quar-

2170 5288 2314 5380 vs'i".
2340 5286 2604 5380 race":-
2628 5274 3738 5380 ‘5’"".'.“‘.“fili‘ﬁ.““.‘f;.§.i’f'1'f’ffdf‘ﬁ'§

2409 5370 2609 5380 --‘..-n_n
2651 5359 2892 5380 ιἰιηηοιιιιι
2924 5359 3194 5380 ...εΜΙΙΔι-Ιιρ
3261 5359 3476 5380 θΡΙΩῺΙΙΞΕ
3506 5360 3618 5380 611111
3661 5359 3728 5380 id"
