3938 5380
179 179 286 234 3‘35

1067 175 1291 232 GESTA
1331 172 1762 231 ARCIIIEPISC.
1808 169 2178 229 MEDIOLAN.
2205 205 2275 215 —
2300 170 2426 229 LIB.
2470 172 2558 229 Vl.

3343 174 3449 230 5'26

178 293 359 362 globo,
392 299 558 348 totam
583 290 766 346 subito
792 287 1092 345 micuerunt
1128 303 1228 360 per
1257 288 1466 353 urbem,
1513 297 1571 341 ut
1613 284 1755 357 quod
1784 285 1831 344 Α
1860 298 1973 339 rem
2005 287 2173 358 (158),
2212 301 2275 342 ac
2301 286 2442 340 dono
2469 283 2610 355 regis
2638 294 2959 358 accepturos
2987 300 3109 342 sese
3156 295 3451 359 pastorem.

176 382 422 439 civitatis
452 383 726 437 residuum
745 379 858 448 jam
888 380 1091 436 dictum
1116 379 1245 434 illud
1269 386 1523 434 evaserat
1569 377 1756 431 incen-

175 476 346 537 dium,
389 482 559 529 totum
587 486 738 543 paene
772 472 1006 527 ﬂammis
1034 471 1356 526 adnreretur
1382 467 1757 541 praesentibus,

174 565 294 620 solo
323 575 480 619 tenus
529 570 971 634 conquassatum.
1027 561 1136 618 Nec
1186 570 1365 616 tamen
1399 576 1464 616 ex
1490 567 1604 615 toto
1654 558 1762 614 ills

174 657 346 711 ardor
375 657 477 712 iste
500 656 743 727 pepercit
771 656 1003 720 aedibus,
1032 669 1152 724 qua:
1178 654 1329 724 prius
1369 652 1602 707 incensae
1625 650 1766 705 mul-

176 750 250 803 tis
271 749 386 819 jam
410 747 627 802 fuerant
657 753 922 817 reparata:
950 744 1261 800 sudoribus.
1318 741 1460 811 Quid
1486 740 1632 796 enim
1659 737 1765 794 dici

174 838 322 893 valet
345 838 595 904 ulterius,
621 854 785 908 quam
816 836 958 908 quod
994 837 1134 907 ignis
1181 835 1270 892 hic
1316 835 1493 889 instar
1537 832 1636 888 fuit
1670 847 1769 903 per

172 930 360 984 omnia
397 930 736 999 suprataxati
790 927 1050 984 alterius?
1101 928 1204 983 hoc
1239 938 1419 982 tamen
1473 924 1767 991 crudelior,

174 1020 324 1091 quod
358 1022 532 1077 multo
554 1021 738 1094 plures
778 1036 841 1077 ac
872 1020 1105 1090 majores
1142 1019 1443 1076 combussit
1476 1016 1769 1083 ecclesias;

175 1112 327 1166 illam
355 1112 562 1169 scilicet
602 1111 843 1167 aestivam
872 1126 937 1167 ac
968 1110 1272 1166 mirabilem
1319 1117 1520 1165 sancta:
1551 1107 1774 1177 virginis

174 1205 382 1276 Teglm,
420 1205 562 1260 beati
593 1220 806 1277 quoque
846 1203 1085 1269 Nazarii,
1117 1216 1325 1259 necnon
1358 1198 1776 1272 protomartyris

176 1296 444 1368 Stephani
474 1296 645 1367 (155),
671 1306 989 1367 ceterasque
1022 1295 1225 1366 plures,
1248 1307 1475 1364 quarum
1499 1288 1777 1360 parielina:

177 1391 344 1446 annis
374 1391 715 1460 apparebunt
742 1399 802 1444 ut
823 1403 948 1443 reor
973 1388 1094 1459 plus
1127 1386 1296 1442 mille.
1324 1385 1469 1441 lnter
1490 1398 1625 1454 quas
1647 1381 1780 1438 alia-

179 1502 304 1542 rum
335 1497 514 1541 mater
541 1496 744 1541 sanctte
784 1483 879 1540 Dei
909 1482 1189 1556 genitricis
1239 1482 1505 1557 liyemalis
1533 1481 1777 1545 basilica,

176 1592 215 1631 ο
244 1576 401 1633 dolor
422 1578 727 1646 iterumque
748 1574 898 1630 color
939 1574 1038 1629 "'l
1089 1574 1244 1629 exuri
1286 1574 1617 1646 permittitur
1666 1572 1781 1628 col-

1860 378 2104 448 Cumque
2132 378 2544 450 ingrederentur
2573 377 2931 432 communiter
2980 378 3192 444 urbem,
3235 379 3455 434 Arleru-

1861 471 2056 527 baldus
2091 482 2151 526 ut
2197 488 2412 542 semper
2465 471 2735 527 consortis
2786 470 3097 541 impaciens,
3152 474 3458 529 astantibus

1865 564 1965 620 sibi
1992 562 2418 619 conciouabatur
2442 579 2591 619 more
2629 579 2746 619 suo.
2780 562 2848 618 Ut
2876 578 3002 617 vero
3024 563 3279 619 cohibere
3312 563 3460 620 fum-

1866 669 1980 709 rem
2004 653 2146 709 ultra
2200 669 2306 709 non
2356 653 2553 721 valuit,
2605 653 2752 710 facto
2799 668 2925 710 cum
2991 654 3104 710 suis
3148 655 3349 725 impetu
3403 667 3462 710 et

1868 746 2130 812 clamore,
2184 746 2508 801 festinanter
2535 748 2728 818 arripit
2782 748 3265 815 arrnahvcxillum
3317 748 3462 819 quod

1869 839 2042 893 sancti
2072 837 2220 893 Petri
2250 838 2469 893 dicebat
2498 839 2686 894 dextra
2712 855 2926 909 gerens.
2958 840 3191 895 Econtra
3217 840 3288 873 ‘”
3315 841 3462 896 cives

1870 928 1997 984 dum
2029 938 2182 998 parte
2208 940 2437 1001 surgunt
2480 929 2549 985 ab
2596 931 2766 997 onmi,
2814 940 3058 987 armatus
3110 932 3355 1002 prorupit
3407 933 3461 987 in

1873 1021 2135 1075 taedium.
2164 1020 2333 1088 Quem
2361 1021 2413 1076 in
2444 1030 2718 1077 momento
2766 1037 2831 1078 ac
2882 1023 3055 1094 prima
3101 1022 3282 1079 fronte
3340 1026 3463 1081 belli

1877 1119 2025 1167 tanta
2053 1114 2489 1169 adversariorum
2520 1117 2790 1186 oppressit
2814 1116 3075 1185 incursio,
3101 1127 3160 1175 ut
3192 1118 3325 1175 nihil
3354 1138 3466 1176 rne-

1876 1205 2136 1264 ntorabile
2169 1212 2350 1276 posset
2374 1207 2441 1261 ab
2471 1206 2564 1262 illo
2585 1206 2722 1263 fieri.
2769 1206 2867 1265 Ubi
2903 1224 3031 1265 vero
3063 1211 3467 1268 circumventus

1877 1304 1961 1351 est
1991 1296 2250 1367 undique,
2279 1295 2421 1351 illico
2447 1296 2655 1353 crebris
2680 1298 2970 1370 conﬁgitur
3017 1301 3234 1368 ictibus,
3292 1302 3466 1358 dicte-

1880 1402 1985 1458 que
2014 1388 2171 1442 citius
2203 1388 2440 1443 rnoriens
2489 1391 2732 1454 corruit,
2793 1391 3053 1448 comitatu
3105 1391 3223 1461 ejus
3272 1395 3469 1466 exiguo

1882 1480 2302 1551 circumquaque
2351 1480 2596 1552 disperso
2635 1482 2804 1556 (159).
2860 1482 3026 1555 Cujus
3077 1487 3309 1541 cadaver
3340 1502 3472 1541 exa-

1884 1573 2031 1629 nime
2073 1584 2404 1645 prostratum
2457 1575 2602 1629 lunni
2643 1577 2929 1649 discerptis
2977 1594 3201 1648 prorsus
3254 1579 3473 1632 exuitur

182 1671 351 1740 lapsis
378 1669 620 1725 funditus
640 1668 958 1741 parietibus.
985 1667 1151 1738 Cujus
1174 1645 1574 1723 sacrosanctum
1608 1666 1777 1720 altare
1809 1645 1854 1707 Β
1881 1665 2231 1732 indumentis,
2283 1663 2652 1736 nudatumque
2692 1645 2926 1723 fustibus
2958 1645 3192 1739 urrquue
3226 1668 3471 1723 tunditur

181 1778 292 1820 non
323 1771 550 1834 apparet
579 1771 839 1834 quantum
865 1760 1030 1817 fuerit
1056 1770 1148 1815 aut
1197 1759 1377 1832 quale,
1412 1760 1626 1815 lamina:
1655 1774 1781 1815 vero

184 1872 367 1911 aurea:
390 1855 696 1927 liquefacta
737 1864 862 1911 sunt
890 1854 1058 1909 nimio
1087 1869 1198 1925 pra:
1222 1863 1491 1912 caumate.
1515 1853 1610 1909 Set
1636 1853 1781 1909 mille

185 1948 376 2002 talenti
400 1947 517 2000 auri
549 1945 810 2001 librorum
839 1945 913 1977 ’“
962 1945 1197 2015 dampno
1243 1954 1515 2016 nequeunt
1557 1960 1778 2015 compa-

183 2040 317 2094 rari.
342 2039 730 2117 Hancguidem
759 2048 982 2110 peccata
1032 2048 1217 2094 nostra
1258 2046 1536 2094 merentur
1586 2052 1783 2093 mrum-

182 2147 367 2202 paam,
397 2132 653 2201 quoniam
682 2132 854 2187 sancti
880 2130 1117 2202 Spiritus
1148 2129 1470 2187 offendimus
1501 2130 1553 2186 in
1596 2139 1780 2187 nostro

184 2222 311 2279 felle
339 2223 680 2291 columbam;
713 2232 904 2280 contra
927 2222 1168 2279 divinum
1199 2238 1435 2294 namque
1465 2223 1776 2278 mandatum

184 2325 437 2370 sanctum
467 2323 552 2370 est
588 2315 815 2371 canibus
846 2314 899 2369 in
934 2324 1119 2370 nostro
1172 2323 1415 2379 tempore
1470 2315 1679 2381 datum,
1728 2323 1783 2370 et

186 2407 447 2476 spiritalis
469 2409 761 2479 margarita
792 2422 1078 2478 porcorum
1104 2405 1252 2478 jacet
1277 2407 1500 2478 pedibus
1527 2406 1781 2462 indecen-

187 2508 271 2554 ter
301 2499 511 2555 attrita.
545 2499 895 2570 Reliquorum
920 2517 1025 2555 non
1050 2511 1133 2556 est
1156 2516 1411 2556 numerus
1438 2501 1777 2556 delictorum.

263 2590 315 2646 9.
356 2590 527 2660 Igitur
566 2591 713 2645 inter
755 2600 831 2645 tot
902 2589 1182 2663 angustias
1235 2600 1523 2661 tantosque
1568 2589 1783 2647 dolores

186 2694 312 2737 eam
341 2691 451 2735 tota
482 2679 626 2735 foret
670 2680 721 2735 in
752 2681 888 2737 urbe
930 2680 1106 2737 luctus
1162 2681 1339 2736 omnis
1394 2681 1602 2737 ordinis
1626 2691 1680 2737 et
1711 2681 1780 2713 ""

186 2771 362 2825 artatis
385 2771 672 2841 utriusque
700 2785 882 2836 sexus,
912 2771 1079 2827 solius
1110 2770 1442 2826 Arlembaldi
1476 2771 1780 2843 intrepidus

187 2865 576 2931 perseverabat
606 2871 661 2918 et
712 2861 803 2917 inﬂ
838 2864 1019 2918 xibilis
1079 2865 1311 2919 animus.
1361 2862 1641 2936 Siquidem
1702 2865 1784 2918 in-

187 2954 460 3010 stantibus
485 2953 829 3024 paschalibus
865 2953 1003 3010 albis
1052 2956 1163 3025 (an.
1199 2954 1357 3023 1075,
1404 2955 1532 3027 Apr.
1565 2955 1644 3026 4),
1686 2954 1778 3010 ba-

187 3045 372 3115 ptismi
405 3044 684 3115 satagebat
712 3045 854 3101 sicut
873 3044 1149 3116 praeterito
1176 3044 1380 3102 fecerat
1402 3061 1567 3112 anno,
1593 3046 1779 3119 ignoto

187 3136 488 3191 chrismate
519 3137 778 3192 inchoare
810 3136 1148 3209 mysterium.
1202 3137 1447 3209 Cumque
1475 3138 1784 3195 card‘nales

186 3229 458 3287 ecclesia.
492 3244 725 3299 quomm
754 3230 1017 3284 intererat
1059 3245 1281 3285 sacrare
1321 3229 1523 3297 fontes,
1579 3229 1785 3286 nollent

188 3333 383 3378 contra
412 3322 631 3378 solitum
663 3337 848 3394 agere,
877 3323 1059 3378 adstat
1087 3323 1231 3379 illico
1276 3321 1640 3397 Liutprandus
1665 3324 1785 3393 qni-

189 3413 320 3467 dam
363 3415 652 3487 presbyter
698 3424 1040 3485 nuncupatus
1090 3413 1260 3486 (l56),
1292 3430 1321 3470 a
1349 3416 1787 3486 progenitoribus

188 3507 439 3563 ecclesia
457 3508 703 3575 vernula,
740 3509 829 3579 qui
851 3507 1003 3578 jussu
1042 3524 1105 3564 ac
1141 3509 1340 3564 virtute
1367 3508 1515 3565 illius
1561 3509 1783 3564 ordina-

188 3598 401 3653 riorum
431 3601 716 3670 usurpavit
743 3600 1002 3666 ollicium,
1053 3601 1332 3657 venientes
1359 3601 1662 3657 inconsulte
1695 3602 1788 3656 ba—

188 3694 427 3765 ptizans.
451 3695 518 3750 Et
542 3696 661 3751 haec
691 3694 909 3767 quidem
938 3695 1194 3751 violentia
1223 3696 1427 3752 recenti
1474 3695 1663 3767 juncta
1716 3697 1788 3753 ei-

188 3786 383 3840 vitatis
436 3786 670 3842 incensa:
716 3786 1035 3851 memoriaz,
1085 3784 1514 3857 quamplurimos
1564 3783 1790 3840 oll'endit

188 3876 434 3948 graviter
461 3876 607 3932 cives
638 3876 1036 3950 ’”,_prmcipue
1060 3876 1281 3942 milites,
1319 3893 1431 3947 pra:
1472 3877 1648 3933 oculis
1692 3877 1787 3932 ba-

189 3969 388 4024 bentes
418 3969 560 4038 quod
590 3969 812 4039 quidam
842 3968 1120 4023 Romanus
1145 3967 1294 4039 (l5?)
1346 3968 1424 4023 ait
1458 3968 1739 4041 tyronibus
1770 3988 1784 4023 ε

192 4055 343 4113 Servi
372 4060 528 4129 empti
557 4077 663 4115 aere
685 4061 823 4114 dura
862 4059 1000 4129 ferre
1036 4076 1141 4115 non
1187 4071 1407 4130 possunt
1456 4062 1786 4117 dominorum

190 4149 434 4219 imperia,
468 4150 657 4205 nedum
687 4167 795 4217 ros,
827 4149 1074 4217 Quirites.

263 4242 353 4296 10.
385 4241 538 4298 Unde
565 4241 773 4298 factum
801 4250 902 4304 est,
933 4251 992 4297 ut
1018 4242 1178 4297 simul
1209 4243 1401 4300 diebus
1449 4245 1656 4316 aliquot
1686 4263 1785 4302 ex-

1884 1766 2049 1828 atque
2078 1757 2268 1827 petris,
2314 1764 2373 1811 ut
2401 1756 2490 1828 qui
2517 1758 2710 1812 vivens
2763 1758 2947 1814 multis
2990 1760 3185 1814 terrori
3251 1760 3425 1813 fuerat
3452 1800 3466 1821 .

1884 1848 2173 1903 nmltorum
2197 1849 2502 1919 subjaceret
2532 1848 2738 1904 lusibus
2761 1851 3017 1907 moriens.
3050 1852 3116 1906 Et
3139 1869 3262 1907 cum
3293 1861 3472 1924 gesta.

1884 1950 2035 1996 retur
2062 1941 2386 2003 humanitus,
2425 1941 2567 1995 trulla
2602 1942 2752 1996 illum
2810 1946 3162 2015 exequiarum
3215 1954 3298 1999 cst
3343 1960 3472 2016 pro-

1882 2043 2068 2090 secuta
2090 2034 2325 2089 devotio.
2354 2033 2484 2089 I’ost
2514 2034 2627 2089 lucc
2656 2033 3021 2107 Liutpraudus
3044 2037 3130 2092 iilc
3154 2037 3266 2107 jam
3294 2038 3472 2093 dictus

1886 2125 2170 2198 presbyter
2193 2127 2317 2181 dum
2350 2125 2557 2199 fugeret
2586 2128 2857 2197 iuventus,
2905 2130 3127 2186 auribus
3187 2140 3473 2186 trtnrcatur

1886 2228 1937 2273 et
1964 2232 2117 2282 naso,
2150 2218 2320 2288 utqui
2346 2219 2578 2272 alienum
2621 2222 2966 2291 pranumpsit
3011 2220 3275 2288 officium,
3330 2226 3473 2294 quod

1882 2308 2085 2364 habere
2108 2309 2392 2363 videbatur
2416 2308 2695 2364 amitteret
2719 2309 2888 2382 (160).
2950 2311 3188 2382 Apparet
3215 2313 3379 2380 igitur
3404 2313 3473 2346 ’”

1883 2398 2089 2470 liquido
2135 2415 2261 2454 vera
2311 2398 2427 2454 fore
2480 2401 2712 2455 dicentis
2751 2403 3020 2457 assertio:
3055 2403 3274 2474 Difﬁcile
3303 2415 3380 2459 est
3414 2415 3471 2459 ut

1883 2494 2017 2548 bono
2040 2503 2362 2563 peraguntur
2389 2492 2554 2558 exitu,
2587 2510 2704 2571 qua:
2726 2493 2864 2548 ntalo
2891 2480 3011 2549 sunt
3050 2496 3297 2550 inchoata
3323 2498 3472 2567 priu-

1884 2590 2041 2658 cipio.
2073 2587 2274 2643 Eadem
2308 2588 2438 2643 hora
2471 2598 2595 2659 post
2624 2590 2726 2644 hoc
2751 2588 2961 2660 insigne
2989 2591 3277 2660 tropheunr
3328 2590 3475 2646 cives

1884 2697 2074 2737 omnes
2097 2690 2134 2736 t:
2151 2680 2451 2752 iumpbalcs
2472 2692 2762 2751 personant
2786 2682 3015 2753 hymnos
3038 2684 3148 2737 Deo
3167 2699 3232 2739 ac
3249 2693 3477 2754 patrono

1886 2790 1983 2829 suo
2010 2772 2321 2839 Ambrosio,
2370 2774 2562 2828 armati
2594 2766 2855 2828 adeuntes
2886 2772 3055 2843 ipsius
3085 2773 3396 2830 ecclesiam.
3419 2774 3477 2828 In

1886 2865 2183 2922 crastinum
2209 2864 2369 2920 simul
2395 2864 2690 2920 cumclero
2738 2864 2859 2919 laici
2901 2868 2954 2920 in
2987 2866 3204 2922 letaaiis
3259 2877 3314 2922 et
3357 2866 3479 2933 lap-

1888 2956 2046 3012 dibus
2094 2957 2162 3011 ad
2193 2964 2440 3011 sanctum
2483 2957 2658 3010 denuo
2712 2958 3065 3027 procedentes
3110 2958 3503 3061 Ambrosiumq

1888 3058 2072 3104 reatus
2091 3049 2396 3119 prseteritos
2418 3048 2601 3104 conlitt
2618 3056 2747 3107 titur
2769 3050 3122 3117 alterutrum;
3143 3048 3491 3125 absolutionqE

1885 3155 2014 3196 vero
2044 3157 2073 3196 a
2106 3140 2482 3195 sacerdotibus
2526 3140 2617 3212 qui
2653 3149 2850 3210 praesto
2910 3142 3139 3196 aderant
3179 3141 3483 3208 celebrata,

1888 3246 2141 3287 reversus
2166 3232 2326 3287 estin
2361 3247 2491 3301 pace
2520 3231 2746 3303 populus
2791 3230 3077 3288 universus
3127 3234 3195 3289 ad
3239 3235 3485 3309 prepria,

1958 3320 2167 3376 ll.llic
2191 3321 2303 3392 jam
2328 3332 2555 3391 apparet
2601 3322 2874 3376 seismatis
2922 3321 3145 3394 hujusce
3195 3312 3485 3388 terminus,’

1887 3413 2074 3470 decem
2126 3428 2430 3482 novemque
2460 3417 2559 3484 per
2585 3429 2760 3469 annos
2789 3430 3006 3485 semper
3036 3415 3102 3470 ab
3133 3415 3246 3486 ipsa
3300 3415 3482 3470 radice

1887 3505 2176 3576 pululaudo
2202 3506 2463 3574 protensi.
2497 3503 2653 3561 Urule
2677 3505 2992 3561 Patarinum
3018 3509 3281 3577 processit
3306 3510 3483 3578 primo

1888 3598 2233 3662 vocabulum,
2263 3615 2368 3653 non
2393 3600 2610 3667 quidem
2655 3599 2944 3666 industria,
2992 3610 3078 3654 set
3124 3617 3254 3655 casu
3307 3599 3484 3668 prola-

1892 3704 2026 3746 tum.
2050 3691 2215 3760 Cujus
2248 3692 2447 3747 idioma
2474 3693 2732 3755 nominis.
2761 3696 2887 3748 dum
2914 3693 2970 3748 in
3014 3694 3247 3763 quodam
3274 3701 3483 3764 etymo-

1890 3788 2156 3859 logiarum
2186 3797 2330 3841 tomo
2361 3802 2534 3857 nuper
2557 3787 2711 3857 plura
2739 3786 3093 3852 I'CVOIVGI'CIII,
3115 3788 3187 3841 ita
3218 3786 3480 3855 scriptum

1891 3882 2150 3953 reperio:
2185 3877 2386 3934 I’utltos
2444 3877 2625 3934 Crwce
2654 3868 2846 3933 Latine
2894 3879 3090 3932 dicitur
3135 3877 3481 3948 perturbatio.

1890 3972 2045 4030 Unde
2079 3973 2232 4044 juxta
2263 3987 2394 4026 mea:
2453 3970 2741 4042 parvitatis
2766 3954 3094 4042 iugi-niolum
3133 3970 3320 4025 statim
3347 3985 3479 4025 con-

1881 4064 2054 4136 jitio,
2108 4064 2252 4135 quod
2324 4063 2565 4118 Patariui
2635 4073 2863 4134 possunt
2925 4060 3337 4134 perturbatur-cs
3383 4061 3491 4116 rite

1891 4156 2236 4228 nuncupari;
2269 4155 2414 4226 quod
2441 4155 2599 4226 plane
2628 4169 2808 4209 rerum
2840 4151 3034 4226 probat
3081 4154 3325 4210 ellectus.
3379 4151 3482 4208 Ve-

1893 4232 2197 4306 rumtamen
2232 4248 2518 4317 siquando
2574 4247 2697 4321 quis
2743 4245 3042 4320 probatiori
3096 4245 3262 4300 fuerit
3316 4244 3486 4300 inter-

195 4343 275 4388 tra
303 4334 492 4390 urbem
517 4344 789 4390 exeuntes
819 4350 973 4389 suam
1001 4333 1103 4389 sibi
1129 4333 1382 4405 jnrarent
1433 4352 1628 4409 magna
1677 4339 1786 4410 ple-
1819 4359 1867 4420 υ
1894 4351 2142 4413 pretatus
2171 4339 2466 4402 sententia,
2524 4337 2769 4393 concedo
2826 4335 3080 4408 equidem
3129 4347 3239 4393 tota
3289 4336 3488 4392 mentis

195 4426 276 4482 bis
296 4442 419 4482 cum
471 4436 626 4500 parte
661 4425 934 4498 justitiam
966 4433 1021 4480 et
1047 4426 1219 4481 sancti
1272 4426 1545 4483 Ambrosii
1600 4430 1771 4488 bono-

1882 4431 2194 4503 u-anquillze
2215 4429 2619 4495 convenientia,
2656 4429 2948 4486 dummodo
3007 4445 3207 4486 nomen
3258 4442 3490 4486 concor.

1474 4518 1707 4579 VARle
1742 4524 2143 4585 LECTIONES.

263 4613 332 4645 ’”
356 4612 569 4687 deest}!
589 4612 669 4667 θ’.
694 4620 752 4664 at
806 4625 919 4687 non
938 4606 1222 4687 Burieello.
1298 4610 1369 4687 Ὗ
1419 4608 1677 4668 librarum
1703 4615 1848 4672 Mur.
1924 4617 1994 4650 ³⁸⁸³
2018 4627 2179 4687 atque
2198 4617 2251 4671 5.
2326 4615 2401 4648 ’⁸⁸
2434 4615 2583 4670 cives
2678 4616 2724 4671 ι.
2766 4615 2836 4649 ⁸⁸⁸
2863 4613 2947 4669 Ita
2976 4615 3026 4669 l.
3062 4613 3252 4669 Puric.

197 4686 262 4740 Et
278 4694 469 4741 contra
495 4684 548 4739 3.
573 4701 626 4756 ες.
658 4690 856 4739 contra
883 4679 1013 4734 32‘.
1089 4681 1159 4712 "°
1180 4696 1309 4752 ergo
1329 4682 1385 4737 5.

3311 4632 3336 4671 ι.
3361 4609 3473 4670 526

1732 4799 1970 4859 ΝΟΤίΕ.

264 4886 414 4957 (155)
438 4887 515 4960 lbi
548 4888 603 4960 in
633 4884 1274 4960 liininenovaebasilicre
1309 4898 1503 4940 versus
1533 4886 1783 4960 inscripti

196 4953 337 5032 sunt,
382 4953 702 5032 aPuricello
731 4957 787 5012 in
821 4954 968 5008 libro
995 4953 1061 5008 de
1103 4956 1308 5013 sanctis
1364 4953 1787 5032 martyribus'p.

193 5030 295 5085 308
323 5030 520 5085 servati
547 5048 560 5084 :

263 5100 507 5173 [flamma
535 5116 692 5173 roma:
710 5095 885 5169 prisci
915 5096 1230 5173 cousumpsit
1258 5096 1492 5173 culmina
1518 5099 1716 5173 templi,

266 5171 419 5236 Quod
442 5170 606 5241 specie
630 5163 824 5241 forma:
852 5163 997 5241 pulli
1017 5166 1303 5241 cedebatur
1325 5166 1469 5222 orbe.

265 5234 597 5316 Temporibus
623 5234 807 5316 inultis
836 5235 1018 5316 fuerat
1044 5234 1196 5290 decus
1220 5238 1371 5293 istius
1398 5237 1567 5295 urbis.

263 5312 429 5366 Omne
455 5313 816 5380 uianufactum
830 5376 838 5380 Α
852 5312 1035 5380 recipit
1057 5317 1168 5374 post
1184 5318 1415 5378 tempora
1439 5323 1641 5367 casum.

1897 4893 2049 4946 Anno
2082 4890 2369 4945 Dominica:
2404 4888 2800 4945 lucarnationis
2832 4887 2984 4953 1075,
3042 4890 3265 4945 indictia
3296 4904 3333 4945 se
3371 4899 3469 4942 xm

1896 4960 2118 5026 m,Kal.
2152 4961 2368 5029 Aprilis,
2399 4961 2533 5031 feria
2558 4965 2792 5016 secunda
2842 4959 3080 5016 lnccndii
3108 4962 3270 5018 etiam
3295 4953 3477 5017 Boniu

1897 5032 2146 5087 meminit
2172 5046 2224 5087 υ.
2262 5031 2385 5086 815.
2938 5072 2939 5075 η

1967 5100 2114 5171 (156)
2156 5095 2410 5171 Ecclesiae
2440 5099 2627 5171 Sancti
2652 5101 2804 5156 Pauli
2842 5101 2893 5156 in
2924 5100 3193 5171 Compito.
3250 5095 3487 5171 Plurima

1895 5165 2054 5226 de'eo
2085 5165 2326 5225 invenies
2357 5172 2411 5225 in
2462 5168 2708 5226 Historia
2759 5171 3004 5227 Landulli
3062 5165 3134 5228 de
3180 5171 3236 5225 S.
3297 5165 3483 5229 Paulo,

1896 5242 2106 5311 nepotis
2131 5238 2266 5308 ejus.

1970 5309 2118 5380 (157)
2158 5312 2219 5365 C.
2259 5309 2547 5380 Memmius
2573 5324 2664 5380 ap.
2696 5313 2915 5369 Sallust.
2949 5310 3075 5380 .lug.
3099 5312 3188 5365 3i.
