3938 5380
514 334 622 392 327

1559 337 1860 395 ARNULFI
1903 336 2454 395 MEDIOLANESSIS
2493 338 2761 397 CLERICI

3695 343 3805 401 528

508 430 603 509 det
637 451 812 522 operi,
845 466 982 522 opus
1006 464 1136 507 vero
1178 450 1505 520 respondeat
1562 422 1849 508 nomini/
1831 452 2097 521 Quoniam
2125 456 2173 516 Α
2201 453 2500 519 extiterint,
2554 453 3015 511 scandalizabitur
3059 455 3131 488 "'
3181 458 3429 528 populus.
3484 456 3572 515 Vc
3607 470 3803 515 autem

510 563 538 600 a
575 548 751 618 primo
780 545 938 617 hujus
966 560 1098 600 sono
1138 545 1385 600 vocabuli
1421 561 1577 601 error
1625 546 1946 616 populorum
1994 546 2097 602 im-

508 651 775 712 peltisque
803 638 1085 704 bellorum,
1115 637 1272 693 turbo
1314 653 1530 709 quoque
1554 647 1837 694 venturum
1891 655 1957 696 ac
2007 653 2099 695 ve-

509 733 815 787 hementius
841 731 998 786 solito
1029 732 1266 787 turbavit
1294 732 1555 811 mundum
1588 730 1895 803 frequentia
1943 748 2092 789 com-

511 829 843 883 bnslionttm.
908 826 1061 894 Quod
1114 822 1409 882 multarum
1461 828 1836 885 calamitatum
1887 831 2099 900 experi-

510 932 714 982 tnentu,
741 919 1094 990 omniumque
1141 912 1415 974 malorum.
1458 920 1721 990 probatur
1774 922 2101 979 omnimodis

510 1016 862 1069 incremento.

589 1106 668 1160 l2.
699 1106 968 1160 Pmterea
999 1120 1217 1175 quoquo
1241 1104 1398 1160 modo
1420 1120 1478 1160 se
1505 1103 1705 1162 habeat
1748 1106 2097 1178 etltimologia

505 1195 778 1259 vocabuli,
804 1210 1161 1266 qttzeeumque
1186 1203 1367 1250 tamen
1399 1205 1529 1251 sunt
1572 1212 1602 1250 a
1649 1196 1806 1254 nobis
1841 1214 1900 1253 re
1938 1214 2103 1267 super

504 1288 610 1343 hac
639 1288 690 1342 iu
717 1286 1010 1357 praeteritis
1036 1286 1285 1351 recitata,
1313 1301 1473 1340 nemo
1512 1302 1661 1341 sana:
1708 1287 1905 1343 tuentis
1957 1290 2103 1344 arbi-

508 1376 1093 1448 tretnr,impuguando
1139 1374 1426 1430 veritatem
1476 1385 1570 1430 aut
1619 1376 1971 1448 repugnando
2015 1376 2103 1446 jn-

505 1474 669 1528 stitia:
702 1471 815 1525 fore
841 1470 1071 1540 prolata,
1101 1485 1224 1523 cum
1252 1478 1505 1523 neutrum
1560 1468 1744 1523 liceat.
1798 1468 1856 1524 Si
1883 1484 1991 1540 qua
2032 1469 2099 1500 ’⁸⁸

504 1565 649 1618 enim
676 1572 802 1617 sunt
835 1560 1066 1614 aliorum
1101 1560 1237 1613 bene
1263 1559 1407 1615 dicta
1438 1558 1523 1614 vel
1551 1568 1691 1624 acta,
1739 1576 1846 1615 non
1902 1559 2106 1629 impro-

507 1657 722 1717 hamus,
746 1668 847 1707 nec
875 1650 982 1707 ullo
1013 1650 1173 1707 modo
1220 1649 1568 1707 dissentimus
1594 1650 1664 1705 ab
1695 1650 1801 1706 illis
1829 1650 2099 1713 omnibus,

505 1749 597 1818 qui
626 1747 846 1802 venales
877 1746 1172 1815 reprobant
1198 1744 1663 1809 consecrationes,
1720 1752 1777 1798 et
1817 1758 2100 1799 sacrorum

2198 543 2299 606 illi,
2322 560 2417 613 per
2436 560 2588 616 quem
2615 546 2929 599 scandalum
2960 547 3093 601 venit
3120 547 3339 617 (Matth.
3370 564 3528 613 xvnt,
3555 552 3645 623 7).
3679 550 3809 607 Cer-

2202 634 2410 690 tissime
2442 635 2588 690 enim
2621 650 2699 691 va:
2745 636 2853 693 erit
2898 636 3026 705 illis,
3074 654 3156 694 vae
3203 641 3352 696 omni
3397 642 3710 710 crudelius,
3762 649 3803 697 si

2199 740 2389 783 eorum
2427 726 2582 798 culpa
2616 725 2769 798 plebs
2796 728 2853 786 in
2887 728 3093 787 clerum
3140 731 3324 789 zelans
3367 734 3619 807 insurget
3673 742 3801 789 nite

2201 838 2338 879 IIIIS.

2272 905 2360 960 15.
2402 904 2528 962 Haec
2557 906 2684 964 talia
2719 909 3098 980 persequendo
3137 910 3399 979 paulatim
3445 910 3591 966 velut
3630 925 3807 981 quas

2203 998 2327 1054 dam
2358 1012 2457 1069 per
2482 1000 2734 1067 rimulus,
2768 1000 2932 1056 aliter
2954 1018 3116 1072 quam
3148 1018 3319 1074 usque
3350 1004 3513 1058 modo
3543 1003 3808 1065 viderim,

2203 1090 2423 1163 alonge
2470 1092 2776 1163 prospicio;
2829 1108 3066 1164 cumque
3124 1093 3416 1166 prtetcritis
3485 1095 3809 1165 praesentia,

2198 1172 2423 1254 scriptis
2451 1183 2737 1239 scribenda
2778 1185 3025 1250 confero,
3059 1188 3258 1241 rubore
3286 1185 3540 1254 perfusus
3563 1184 3810 1239 ﬁdeliter

2205 1273 2488 1339 erubesco,
2557 1288 2659 1329 nec
2705 1272 3078 1331 barbarismos
3118 1275 3171 1330 in
3243 1274 3427 1331 verbis
3468 1276 3677 1347 egisse,
3725 1286 3806 1330 set

2162 1360 2165 1365 λ
2206 1363 2435 1418 aliorum
2463 1365 2719 1434 quaelibet
2755 1366 2897 1421 dicta
2957 1365 3043 1419 vel
3080 1365 3223 1421 facta
3268 1375 3478 1421 temere
3520 1365 3808 1436 judicasse

2205 1455 2529 1523 confundor,
2558 1473 2682 1513 cum
2705 1457 2804 1513 soli
2831 1458 2942 1513 Deo
2961 1459 3204 1514 cordiunt
3229 1460 3543 1514 revelentur
3563 1460 3801 1514 occulta.

2205 1549 2405 1607 Beatus
2436 1560 2619 1608 tamen
2650 1552 2943 1622 trepidanti
2973 1553 3138 1608 michi
3174 1552 3376 1623 Paulus
3414 1556 3685 1615 occurrit,
3712 1554 3804 1623 qui

2205 1643 2383 1712 primo
2410 1641 2756 1713 blasphemus
2787 1658 2851 1697 ac
2877 1654 3193 1713 persecutor
3229 1644 3496 1709 ﬁdelium,
3536 1645 3658 1714 plus
3710 1659 3803 1699 ce-

2208 1735 2341 1789 teris
2367 1744 2555 1804 postea
2587 1734 2853 1790 laboravit
2882 1735 3161 1803 apostolis,
3196 1746 3429 1790 είκαίως
3470 1746 3533 1789 ut
3569 1736 3803 1790 viden-t.

507 1812 958 1894 incontinentiam
980 1836 1253 1899 ordinum.
1282 1850 1346 1889 ea
1373 1843 1551 1890 tamen
1576 1835 1787 1890 ratione
1807 1844 1912 1891 uta
1935 1834 2102 1890 Paulo
2134 1812 2176 1871 Β
2205 1832 2403 1888 Petrus
2432 1847 2561 1887 vero
2598 1831 2820 1902 negavit
2850 1841 2909 1885 ιιι
2937 1832 3214 1900 crederet;
3265 1832 3506 1888 Thomas
3536 1833 3808 1889 dubitavit

507 1947 615 1987 non
642 1932 1018 1998 discrepemns
1045 1939 1303 1992 auctore;
1337 1928 1417 1982 ait
1439 1927 1585 1981 enim
1613 1943 1627 1982 :
1657 1924 1849 1981 Omnia
1887 1927 2101 1981 honeste

504 2024 551 2078 'st
578 2027 865 2078 secundum
889 2023 1123 2076 ordinem
1150 2020 1282 2090 ﬁant
1306 2019 1356 2091 (I
1382 2017 1509 2074 Cor.
1533 2035 1645 2084 xw,
1673 2020 1787 2089 40).
1813 2020 1908 2074 Cui
1933 2019 2099 2075 etiam

506 2120 774 2170 consonat
804 2114 890 2167 lex
938 2113 1025 2167 illa
1077 2109 1549 2182 Mosaycazluste
1582 2110 1721 2179 quod
1765 2109 1973 2179 justum
2027 2120 2102 2173 est

507 2206 853 2276 prosequeris
880 2204 1061 2275 (Deut.
1094 2220 1209 2269 xw,
1245 2202 1359 2269 20).
1390 2198 1545 2269 Quod
1574 2200 1761 2271 nequit
1789 2200 1950 2255 aliter
1993 2217 2103 2256 om-

508 2299 637 2353 nino
664 2296 948 2365 compleri,
971 2294 1074 2349 nisi
1107 2309 1205 2349 sua
1235 2293 1464 2363 singulis
1485 2293 1790 2363 quibusque
1819 2301 2105 2349 serventur

502 2388 626 2458 jura
662 2389 948 2444 ordinibus
1004 2401 1068 2441 ac
1113 2386 1382 2456 personis.
1447 2383 1737 2454 Dispertita
1786 2384 1930 2438 enim
1978 2392 2106 2440 sunt

506 2480 827 2535 clericorum
860 2487 917 2533 et
948 2478 1232 2544 laicorum,
1257 2492 1555 2546 eorumque
1583 2476 1727 2531 inter
1781 2477 2104 2547 semetipsos

505 2571 709 2626 ofﬁcia.
742 2567 1207 2637 Quemadmodum
1240 2569 1292 2622 in
1320 2584 1429 2623 uno
1444 2582 1673 2638 corpore
1690 2566 1856 2622 multa
1885 2568 2103 2638 quidem

506 2672 633 2717 sunt
660 2663 927 2726 membra,
960 2676 1069 2715 non
1092 2669 1271 2715 autem
1298 2660 1547 2714 eumdem
1591 2666 1774 2714 actum
1824 2658 2106 2729 possident

506 2752 687 2808 Omnia
723 2750 903 2822 (Rom.
935 2767 1036 2817 xu,
1059 2750 1143 2821 ι);
1169 2765 1290 2820 qna:
1330 2749 1374 2805 si
1407 2749 1770 2821 impediantur
1817 2749 2105 2817 alterutro,

508 2846 875 2915 corrumpitur
902 2859 1064 2899 omne
1093 2859 1310 2913 corpus.
1337 2842 1393 2897 lu
1415 2851 1604 2898 sancta
1634 2843 1801 2915 igitur
1851 2843 2103 2907 ecclesia,

508 2934 615 2992 hoc
652 2946 736 2990 est
765 2934 819 2990 in
852 2934 1054 2991 Christi
1082 2950 1336 3005 corpore,
1359 2950 1587 2990 necesse
1608 2947 1692 2990 est
1723 2946 1781 2991 ut
1804 2936 1950 3007 justo
1978 2952 2109 3005 pen-

510 3036 698 3082 scntur
718 3028 898 3080 omnia
932 3026 1320 3081 moderamine.
1349 3025 1539 3080 Clerus
1563 3036 1728 3097 atque
1755 3027 1984 3097 pupulus
2010 3042 2110 3082 suo

510 3121 740 3191 quisque
768 3117 1246 3191 lungaturolﬁcio,
1302 3119 1524 3190 praeﬁxo
1570 3120 1672 3176 sibi
1706 3131 1994 3177 contentus
2049 3123 2111 3179 li.

512 3213 665 3276 tnite,
708 3213 922 3265 dicente
959 3211 1186 3266 Domino
1217 3228 1230 3264 :
1258 3208 1597 3265 Circumdedi
1652 3229 1796 3269 mare
1845 3216 2103 3284 terminis,

511 3316 561 3359 et
591 3305 704 3358 dixi
727 3321 746 3359 :
784 3304 830 3357 11
842 3288 1069 3373 unusque
1115 3306 1314 3367 venies,
1338 3315 1383 3358 et
1413 3304 1554 3359 ultra
1584 3322 1688 3360 non
1708 3308 1956 3378 procedes
1983 3307 2107 3379 (Job

509 3410 738 3459 sxxvnt,
771 3395 851 3461 l0,
887 3395 995 3466 ll).
1035 3395 1142 3451 Cor
1163 3396 1459 3451 humanum
1492 3406 1574 3452 est
1596 3414 1764 3454 mare.
1828 3400 1931 3472 Ipsi
1979 3416 2108 3458 vero

510 3487 747 3557 episcopi
805 3486 918 3541 suis
977 3486 1134 3556 plane
1193 3497 1421 3543 vaecent
1468 3490 1719 3560 negotiis,
1776 3492 2106 3561 providentes

512 3580 670 3643 bona,
700 3596 802 3633 non
826 3590 1031 3634 tantum
1059 3597 1238 3634 coram
1272 3579 1402 3648 Deo,
1426 3580 1516 3635 sed
1545 3582 1702 3635 etiam
1729 3599 1907 3637 coram
1937 3585 2108 3638 omni-

512 3672 606 3725 bus
635 3672 932 3726 hominibus
958 3671 1258 3743 (Rom.xn,
1302 3673 1416 3744 l7),
1446 3690 1514 3729 ne
1564 3652 1781 3731 dicatur
1830 3677 1897 3732 de
1951 3677 2105 3734 illis:

513 3762 694 3817 Ruina
722 3764 901 3835 pepuli
940 3770 1235 3821 sacerdotes
1284 3766 1431 3822 ntali.
1471 3765 1624 3834 Quod
1674 3768 1720 3823 si
1774 3770 2111 3842 negligentes

2204 1932 2263 1978 ut
2287 1925 2490 1979 certior
2512 1923 2701 1989 ﬁeret;
2737 1924 3048 1980 Victorinus
3069 1939 3283 1994 quoque
3308 1925 3589 1981 Romanus
3616 1926 3809 1978 rethor

2203 2013 2462 2069 etaetatis
2491 2024 2781 2084 provectae,
2845 2013 3198 2083 Simpliciano
3243 2023 3329 2069 est
3376 2029 3681 2070 conversus
3711 2029 3807 2066 au-

2203 2116 2380 2163 ctore.
2434 2107 2784 2177 .Augustiuus
2851 2116 3029 2160 autem
3102 2106 3453 2177 philosophus
3514 2105 3804 2160 Ambrosio

2200 2200 2429 2275 doctore
2457 2200 2730 2264 salvatur;
2757 2197 3049 2270 pluresque
3069 2198 3205 2254 alios
3238 2201 3303 2254 de
3332 2198 3473 2275 male
3499 2199 3553 2253 in
3581 2198 3801 2257 bonum.

2206 2290 2275 2345 de
2302 2290 2447 2345 bono
2480 2289 2532 2345 in
2580 2289 2793 2355 melius,
2833 2305 2977 2344 nunc
3026 2289 3137 2342 cito
3183 2305 3326 2344 nunc
3376 2270 3502 2345 seio
3557 2291 3803 2342 novimus

2204 2402 2335 2445 esse
2366 2395 2623 2443 mutatos.
2658 2386 2788 2440 Haec
2813 2396 2897 2441 est
2926 2384 3070 2439 enim
3102 2385 3319 2439 mutatio
3342 2386 3573 2438 dexterw
3600 2376 3798 2437 lia-celsi

2207 2479 2381 2552 (Psal.
2423 2493 2610 2542 LXXVI,
2643 2477 2750 2540 11).
2794 2475 3030 2545 Spiritus
3079 2474 3288 2527 Domini
3335 2474 3423 2528 ubi
3478 2473 3584 2528 uult
3638 2476 3795 2540 spira:

2208 2560 2393 2643 (duim.
2423 2588 2507 2636 ttt,
2539 2571 2617 2640 8),
2688 2580 2744 2626 et
2783 2572 2867 2625 cui
2903 2569 3010 2625 vult
3060 2571 3352 2634 miseretur,
3399 2579 3448 2621 et
3496 2585 3643 2637 quem
3704 2575 3797 2619 ruit

2207 2666 2422 2720 indurat
2478 2663 2779 2718 Altissimus
2826 2661 2999 2734 (lieni.
3050 2679 3126 2729 Ix,
3178 2666 3284 2734 l8).
3334 2662 3604 2733 Qttnttiatn
3645 2678 3800 2729 neque

2209 2756 2445 2822 volentis,
2460 2773 2622 2828 neque
2634 2755 2912 2819 currentis,
2928 2757 3016 2809 sed
3031 2753 3318 2809 miserentis
3332 2766 3404 2807 est
3420 2753 3517 2807 Dei
3539 2770 3549 2813 ι
3577 2753 3677 2814 1b.,
3704 2754 3759 2804 36
3784 2792 3795 2803 .

2215 2848 2329 2903 Tibi
2360 2847 2545 2918 igitur,
2576 2846 2813 2910 Christe,
2864 2846 3108 2900 delictum
3141 2861 3311 2898 meum
3359 2847 3626 2913 cognimm
3679 2842 3790 2912 feri.

2211 2948 2260 2993 et
2314 2938 2608 3008 injttstitias
2647 2953 2795 2992 meas
2848 2953 2950 2990 non
3006 2936 3275 2989 abscondi.
3331 2934 3453 2988 Dixi
3501 2951 3520 2987 :
3568 2935 3797 2999 Eloquar

2213 3031 2488 3084 adversum
2524 3046 2606 3083 me
2631 3028 2930 3097 iujnstitias
2966 3043 3115 3082 ttteas
3146 3027 3369 3081 Domino
3395 3038 3442 3078 et
3476 3038 3528 3077 tu
3563 3023 3795 3077 remisisti

2213 3125 2529 3196 impietatem
2576 3123 2755 3178 cordis
2807 3123 2911 3176 mei
2961 3119 3136 3183 ιΡειιΙ.
3189 3138 3342 3185 χχχι,
3389 3121 3467 3181 5).
3522 3122 3796 3173 Decetero

2213 3221 2589 3291 cogitationes,
2621 3220 2941 3283 locutiones.
2971 3219 3215 3274 actiones
3236 3226 3451 3270 uestras
3473 3227 3793 3283 quaesumus,

2216 3313 2464 3379 Domine,
2495 3323 2552 3368 et
2582 3314 2875 3384 aspiraudo
2905 3313 3140 3382 praeveni
3182 3320 3234 3365 et
3271 3310 3586 3379 adjuvanco
3630 3324 3798 3379 prose-

2211 3420 2401 3477 quere,
2456 3413 2515 3459 ut
2565 3413 2763 3461 cuncta
2813 3413 2997 3458 nostra
3044 3403 3288 3471 operatio
3342 3412 3400 3457 et
3438 3414 3561 3456 ate
3598 3416 3797 3470 semper

2213 3498 2461 3568 incipiat,
2511 3507 2568 3551 et
2615 3512 2712 3566 per
2755 3505 2807 3551 te
2835 3504 3008 3565 coepta
3042 3493 3284 3548 ﬁniatur.
3320 3493 3419 3547 Cui
3454 3494 3526 3547 sit
3554 3495 3723 3547 honor
3751 3498 3797 3543 et

2213 3591 2384 3664 gloria
2436 3586 2591 3643 'nunc
2642 3597 2699 3643 et
2744 3601 2957 3656 semper
3002 3594 3057 3640 ct
3110 3600 3206 3655 per
3255 3585 3439 3640 omnia
3488 3586 3795 3641 saeculorum

2217 3684 2431 3740 saecula.

1286 3900 1753 3992 INCIPIT
1817 3904 2178 3995 LIBER
2239 3902 2776 4013 QUINTUS
2812 3884 2917 3989 ”’.

586 4045 639 4101 l.
680 4045 949 4114 Quoniam
999 4043 1055 4099 in
1103 4044 1278 4116 prima
1312 4043 1490 4102 fronte
1534 4056 1818 4119 praesentis
1865 4050 2108 4120 opusculi
2141 4065 2188 4123 ο
2288 4051 2339 4106 5.
2378 4051 2511 4107 Erat
2541 4060 2666 4106 tunc
2691 4050 2949 4121 temporis
2976 4049 3318 4118 interregem
3353 4056 3408 4101 et
3455 4045 3709 4101 Saxones
3742 4047 3796 4098 lis

513 4140 686 4197 nostri
728 4138 990 4211 temporis
1016 4148 1165 4209 gesta
1193 4154 1313 4193 sum
1338 4154 1564 4193 narrare
1586 4139 1879 4209 pollicitus,
1904 4144 2111 4213 absque

516 4230 782 4288 mendacii
837 4239 961 4285 nota
1010 4230 1171 4284 silere
1236 4245 1343 4283 non
1394 4228 1570 4295 valeo,
1624 4233 1931 4300 praesertim
1987 4249 2109 4289 cum

515 4327 682 4379 sciam
712 4324 829 4393 lege
855 4330 1077 4375 cautum
1111 4335 1231 4374 esse
1250 4318 1505 4390 Mosayca
1537 4338 1550 4375 :
1580 4320 1638 4376 Si
1673 4321 1904 4385 nolueris
1952 4316 2112 4397 polit}

516 4419 642 4484 ceri,
669 4416 863 4485 absque
886 4424 1097 4483 peccato
1127 4412 1231 4466 eris
1268 4412 1447 4484 (Deut.
1482 4430 1639 4477 χχιιι,
1673 4412 1785 4485 2:2).
1825 4414 1894 4471 Ut
1931 4396 2111 4471 autent

519 4517 670 4563 recto
704 4505 1035 4559 narrationis
1063 4503 1309 4558 incedam
1342 4505 1582 4572 tramite,
1613 4522 1838 4563 necesse
1891 4516 1975 4563 est
2025 4524 2114 4565 res

518 4607 699 4670 gestas
729 4605 891 4668 prout
914 4605 1062 4661 sunt,
1094 4595 1345 4652 ordinate
1375 4594 1716 4655 describere.

588 4691 645 4745 2.
675 4688 954 4745 Prmdictis
987 4678 1151 4759 igitur
1200 4688 1361 4744 rebus
1411 4705 1518 4744 non
1569 4690 1730 4757 plane
1771 4694 2109 4763 compositis,

520 4781 616 4836 sed
648 4777 903 4835 involutis
942 4788 1261 4848 utcumque,
1290 4794 1432 4851 saepe
1452 4780 1565 4849 jam
1591 4779 1720 4836 dicti
1748 4779 2111 4838 Mediolanen-

520 4888 608 4929 ses
631 4887 730 4943 pro
760 4872 989 4943 petendo
1018 4872 1272 4941 episcopo
1300 4872 1442 4927 ultra
1471 4881 1687 4928 montes
1711 4872 1967 4928 Heiurieo
1997 4877 2110 4947 regi

524 4965 844 5037 legationem
867 4965 1129 5036 dirigunt,
1158 4964 1479 5021 mandantes
1507 4965 1919 5021 Arlembaldicze
1944 4969 2105 5021 inter-

527 5058 773 5096 l‘nnlinnic
810 5058 1157 5098 Irinmnhsun,
1214 5057 1333 5098 nim
1367 5059 1587 5100 nnnniln
1629 5058 1841 5102 Imlnlne
1885 5068 1969 5104 ρςί
2016 5075 2107 5104 ΙὫΪ

2219 4144 2490 4199 acerrima
2535 4142 2711 4204 valde.
2742 4141 2897 4210 cujus
2930 4141 3068 4196 ratio
3109 4156 3214 4195 non
3263 4148 3347 4195 est
3391 4148 3585 4195 nostro
3633 4142 3794 4192 δεδι-ιι-

2221 4234 2404 4289 tienda
2446 4233 2668 4304 juditio.
2744 4233 3133 4287 Verumtamen
3183 4244 3317 4302 gens
3372 4230 3464 4285 illa
3520 4230 3796 4287 admodum

2220 4326 2555 4382 ferocissima
2588 4327 2640 4381 iu
2675 4312 3019 4381 rebellionem
3072 4325 3665 4395 prorumpit-apertam
3714 4324 3797 4375 sui.

2220 4416 2415 4473 Ottone
2470 4419 2626 4483 duce,
2687 4417 2823 4471 adeo
2878 4425 2936 4470 ut
3003 4415 3143 4470 facta
3204 4414 3595 4485 cuttgt‘cssiOstc
3644 4414 3795 4483 partis

2218 4511 2529 4581 utriusque,
2567 4509 2687 4580 plus
2720 4525 2885 4580 quam
2922 4510 3111 4578 viginti
3149 4508 3296 4563 tnilia
3326 4509 3615 4561 hominum
3668 4508 3793 4562 relc-

2217 4610 2408 4655 rantur
2436 4602 2638 4656 occisa.
2673 4600 2874 4654 Arrisit
2903 4608 3085 4654 tamen
3119 4597 3378 4654 Heinricu
3408 4599 3661 4651 Victoria.

2286 4691 2342 4747 4.
2381 4690 2514 4749 Post
2565 4690 2681 4746 dies
2753 4692 2854 4746 hos
2912 4691 2981 4745 ad
3049 4705 3325 4745 secessum
3384 4689 3637 4745 ieiuns
3701 4687 3793 4743 dux

2214 4786 2542 4844 Gotefredus
2563 4783 2840 4841 Guteiredi
2868 4784 3032 4849 ﬁlius,
3065 4784 3244 4853 gladio
3265 4782 3560 4839 confossus
3581 4785 3792 4839 interiit.

2213 4878 2437 4949 conjuge
2469 4878 2653 4933 relicta
2696 4877 2938 4942 Matilda,
2994 4875 3256 4933 Bonifacii
3302 4892 3366 4932 ac
3413 4877 3688 4934 Beati-icis
3716 4882 3773 4931 at

2220 4971 2437 5026 modum
2463 4968 2764 5024 clarissima
2792 4968 2919 5022 lilia.

2289 5061 2342 5104 Β-
2385 5060 2591 5104 Interea
2668 5059 2859 5104 laturis
2920 5058 3397 5104 Γιῗι-ιῖἱιίξῐιηρηςίιηη
3449 5077 3515 5104 at
3566 5062 3711 5104 alam
3750 5070 3793 5104 et
