3938 5380
102 388 200 434 3'39

958 384 1184 432 ωιδίΑ
1222 376 1646 431 Ακωιιιιινιδε..
1688 375 2056 432 ΜευιοιιΑΝ.
2096 403 2164 414 —
2201 373 2326 428 LIB.
2365 373 2453 428 IV.

3222 407 3224 409 »
3249 374 3354 428 330

102 491 361 547 miliutbat
397 491 450 545 in
478 491 621 560 regia
651 488 822 560 (liii).
851 488 952 545 Cui
995 504 1093 544 rex
1140 488 1306 544 multa
1353 487 1578 543 volvens
1623 493 1679 540 et
1706 495 1752 555 Α
1780 486 2016 542 invenio.
2069 484 2227 542 Iesus
2255 486 2507 542 Christus
2565 487 2672 544 duo
2721 495 2849 542 sunt
2893 487 3057 544 unius
3109 502 3356 558 personae

101 583 376 640 revolvens
399 581 684 646 conscilia,
706 581 927 651 proprio
956 581 1173 634 tandem
1217 578 1502 650 indulgens
1531 577 1673 632 arbi-

101 676 221 738 triQ,
253 672 676 727 Ambrosianum
712 672 933 726 tradidit
960 671 1335 740 praesulatum,
1364 668 1674 741 posthabita

98 764 256 820 Gntef
255 765 366 819 redi
389 765 534 818 illius
555 766 728 819 adhuc
743 765 981 819 viventis
997 763 1312 817 investitura
1331 770 1386 817 et
1401 761 1674 826 unctione,

99 854 305 908 Attonis
356 869 573 924 quoque
608 855 791 909 Roma:
832 863 960 908 tunc
977 853 1052 886 '“
1096 853 1340 923 degentis
1392 851 1673 908 electione.

100 943 230 1010 Quid
285 943 482 1013 plura?
521 944 816 1015 Susceptus
853 952 939 998 est
990 943 1186 1012 praisul
1233 942 1322 997 ille
1369 959 1400 996 a
1450 941 1596 998 clero
1622 949 1679 996 et

101 1035 308 1106 populo,
343 1046 527 1105 utpote
555 1051 816 1091 novarum
848 1051 1032 1092 rerum
1081 1036 1342 1090 usualiter
1369 1035 1548 1089 avido.
1578 1034 1679 1088 Cui

101 1131 252 1181 etiam
281 1127 609 1198 suﬂ‘raganei
660 1130 799 1183 idem
830 1129 929 1197 ipsi
960 1128 1051 1197 qui
1089 1127 1443 1184 Gotefredum
1478 1141 1677 1182 conse-

103 1234 400 1288 craverant,
462 1240 680 1279 manum
727 1224 1120 1278 benedictionis
1177 1223 1456 1292 imponunt
1509 1222 1676 1292 (165).

102 1311 199 1366 Res
227 1314 448 1381 quidem
482 1316 617 1368 mira
647 1324 702 1369 et
747 1315 959 1370 cunctis
988 1324 1134 1369 retro
1167 1313 1497 1382 temporibus
1527 1313 1683 1366 inau-

103 1403 224 1468 dita,
268 1413 327 1458 ut
370 1405 525 1460 urbis
574 1406 734 1460 unius
778 1421 886 1460 uno
938 1405 1113 1460 electo
1161 1404 1423 1468 antistite,
1471 1410 1682 1457 sacrato

104 1493 282 1556 altero,
313 1509 424 1548 uno
460 1495 758 1563 eodemque
790 1505 1030 1564 tempore
1055 1495 1249 1548 tertius
1275 1501 1545 1562 erumpat.

169 1585 218 1637 6.
239 1585 388 1638 'Erat
423 1597 550 1640 tunc
580 1587 838 1656 temporis
866 1586 1053 1640 Roma:
1093 1586 1180 1638 vir
1203 1585 1422 1654 quidam
1463 1586 1682 1638 nomine

105 1672 341 1737 Cencius,
404 1676 494 1742 qui
545 1685 763 1743 propter
809 1674 1009 1742 injuste
1093 1689 1372 1743 possessas
1436 1673 1681 1727 ecclesiae

108 1763 378 1818 facultates
408 1781 559 1834 papa:
579 1766 842 1836 Gregorio
866 1766 1044 1821 fuerat
1067 1781 1282 1836 semper
1305 1765 1552 1820 infestus.
1582 1765 1681 1820 llic

1775 582 2057 644 vocabula,
2088 581 2230 636 unde
2269 580 2472 649 liquido
2497 579 2879 649 comprobatur
2906 594 3060 650 reges
3085 595 3151 634 ac
3175 593 3356 635 sacer-

1775 674 1951 737 dotes,
1982 674 2218 728 cltristos
2247 673 2457 728 scilicet
2483 673 2684 728 Christi
2712 674 2852 729 uniri
2878 689 2984 729 uno
3005 675 3203 731 debere
3226 690 3359 732 con-

1776 779 1958 819 sensu.
1987 763 2126 830 Quid
2170 766 2341 834 ergo?
2380 763 2650 834 Numquid
2681 775 2831 819 errat
2881 767 3143 835 uterque?
3176 766 3356 822 Absit.

1777 853 2021 910 Romana
2043 863 2496 925 ccrtenumquam
2518 869 2733 911 errasse
2753 857 3068 926 perhibetur
3087 857 3355 922 Ecclesia,

1776 963 1840 1002 ex
1875 962 1982 1016 quo
2010 947 2190 1002 divina
2218 960 2352 1001 voce
2387 947 2589 1000 dictum
2644 955 2728 1001 est
2750 946 2953 1002 Petro:
2986 947 3188 1011 Simon,
3237 963 3355 1003 ecce

1777 1038 2008 1093 Satanas
2036 1037 2275 1106 expetivit
2297 1051 2410 1098 vos,
2452 1045 2508 1088 ut
2537 1035 2871 1090 cribraret‘“
2910 1037 3047 1090 sicut
3101 1037 3356 1092 triticum.

1777 1129 1892 1197 Ego
1922 1140 2096 1182 autem
2123 1145 2218 1196 pro
2249 1137 2296 1181 te
2337 1129 2533 1196 rogavi,
2585 1137 2642 1181 ut
2688 1143 2791 1180 non
2839 1127 3049 1195 deﬁciat
3097 1128 3224 1196 ﬁdes
3266 1137 3358 1180 tua

1780 1219 1930 1288 (Luc.
1972 1235 2106 1280 mi,
2133 1218 2244 1286 5i).
2279 1218 2320 1270 Α
2358 1219 2598 1272 Romana
2627 1233 2758 1287 ergo
2780 1218 3007 1274 ecclesia
3029 1218 3360 1288 quicumque

1779 1312 2052 1373 dissentit,
2085 1326 2188 1364 non
2229 1323 2312 1364 est
2337 1325 2524 1364 revera
2553 1309 2873 1374 catholicus,
2901 1311 3357 1380 quemadmodum

1779 1403 1970 1457 beatus
2006 1403 2081 1456 ait
2111 1402 2427 1456 Ambrosius
2456 1400 2626 1470 (164).
2656 1402 2844 1456 Nonne
2871 1402 2969 1470 ipsi
3003 1403 3116 1456 haec
3143 1403 3242 1456 ista
3284 1402 3361 1456 le-

1780 1504 1971 1566 gerunt
2000 1493 2278 1564 episc0pi?
2305 1502 2360 1547 ct
2382 1494 2427 1546 si
2451 1493 2700 1563 legerunt
2725 1494 2796 1525 ’⁷ο
2821 1508 2918 1548 cur
2940 1499 3128 1548 contra
3159 1493 3372 1549 Romam
3433 1552 3439 1558 _

1781 1601 1907 1639 num
1969 1585 2255 1654 prazsulem
2286 1584 2506 1638 adunati
2553 1583 2865 1648 Placentiae,
2894 1585 2962 1638 de
3008 1599 3102 1639 ore
3139 1583 3360 1652 proprio

1779 1675 2239 1741 conjuravernnt?
2269 1673 2378 1728 Cur
2407 1683 2593 1743 postea
2617 1673 2796 1743 Papia:
2817 1671 3202 1728 convenientes
3229 1673 3364 1742 inju-

1782 1777 1921 1819 stum
1952 1767 2260 1826 anathema,
2292 1767 2400 1819 into
2423 1765 2712 1819 invalidum
2737 1765 2836 1819 sibi
2863 1764 3358 1827 conclamaverunt,

111 1865 272 1907 autem
305 1871 478 1924 pravo
504 1872 633 1909 usus
678 1857 958 1924 conscilio,
1012 1868 1170 1911 nocte
1224 1858 1337 1926 ipsa
1378 1857 1677 1911 nativitatis
1711 1865 1751 1921 Β
1774 1858 1918 1927 justa
1948 1858 2283 1928 prophetiam
2309 1855 2407 1928 (Is.
2439 1872 2493 1920 v,
2529 1856 2607 1925 7),
2651 1871 2756 1910 non
2785 1855 3074 1925 justitiam,
3107 1855 3202 1909 sed
3247 1854 3362 1908 cla-

109 1947 384 2000 Duminica:
416 1953 527 2018 (an.
567 1949 719 2012 l075,
753 1949 880 2003 Dec.
917 1949 1033 2020 2.5),
1065 1965 1186 2004 cum
1218 1951 1272 2004 in
1305 1950 1526 2005 basilica
1555 1963 1680 2002 san-

109 2047 194 2090 cta:
247 2038 556 2094 Tbeotocos
601 2051 756 2110 pater
803 2041 894 2097 ille
930 2051 1170 2105 sanctus,
1227 2041 1493 2095 mattttino
1523 2040 1678 2109 juxta

109 2143 293 2181 morem
317 2139 570 2198 peracto,
594 2139 875 2185 nocturna:
899 2131 1075 2186 missae
1100 2130 1404 2186 celebraret
1422 2130 1676 2198 ofﬁcium,

111 2231 215 2269 cum
261 2217 458 2287 gladiis
511 2228 564 2273 et
631 2219 864 2274 fustibus
919 2229 973 2274 et
1038 2219 1413 2290 conjuratione
1485 2235 1681 2291 magna

112 2323 334 2371 suorum,
366 2324 504 2386 ense
542 2311 686 2364 nudo
720 2310 787 2364 ad
817 2312 1136 2380 capiendum
1174 2326 1367 2381 papam
1419 2310 1682 2365 violenter

117 2397 288 2466 irrupit
315 2400 626 2463 ecclesiam,
653 2401 825 2456 instar
848 2399 999 2456 Iuda:
1045 2401 1333 2456 Dominum
1366 2409 1525 2456 nocte
1565 2395 1678 2454 trai-

114 2486 292 2542 deutis.
323 2490 570 2570 Cumque
597 2507 692 2558 per
727 2493 940 2547 diversa
967 2493 1268 2561 quaesisset,
1303 2491 1506 2546 invenit
1523 2490 1679 2557 juxta

113 2578 263 2632 altare
291 2581 506 2635 Domini
557 2584 892 2638 sacerdotem
938 2585 1209 2654 mysteriis
1247 2584 1574 2638 salutaribus
1602 2584 1680 2637 in-

117 2679 321 2725 tentum.
349 2673 408 2727 lu
440 2689 602 2743 quem
641 2676 906 2730 violenter
933 2677 1145 2731 irruens
1176 2675 1434 2730 distraxit
1459 2689 1522 2730 ac
1547 2675 1681 2728 dila-

117 2762 263 2814 niavit
311 2764 794 2832 quamplurimum.
851 2766 1271 2836 impositumque
1309 2780 1449 2834 equo
1527 2779 1678 2818 suam

116 2866 261 2920 usque
282 2855 538 2922 perduxit
563 2856 630 2909 ad
653 2856 866 2920 turrint,
891 2856 1136 2911 clausum
1158 2857 1490 2909 custodiens.
1516 2854 1681 2909 Facto

119 2953 276 2995 autem
344 2944 606 3010 diluculo,
656 2960 777 2999 cum
825 2955 932 2999 tam
997 2945 1313 3000 detestabile
1373 2945 1684 3013 displiceret

118 3033 344 3086 omnibus
365 3033 605 3100 facinus,
629 3044 964 3104 consurgunt
983 3051 1174 3090 omnes
1196 3036 1248 3089 in
1274 3047 1423 3088 arma
1451 3033 1678 3088 Romani

119 3122 332 3184 girantes
359 3125 578 3187 turrim,
616 3139 714 3179 nec
743 3139 772 3176 a
803 3125 942 3180 bello
974 3126 1248 3200 desistunt
1271 3125 1444 3178 donec
1482 3140 1679 3194 agnum

121 3208 210 3277 lupi
235 3211 478 3267 faucibus
491 3215 749 3282 eripiunt,
769 3224 915 3270 turre
937 3217 1153 3285 dirupta
1179 3226 1234 3270 et
1253 3217 1400 3270 omni
1427 3214 1683 3270 facultate

119 3301 322 3371 direpta.
395 3305 779 3361 Verumtamen
853 3308 1105 3363 humanae
1177 3308 1356 3359 divina
1421 3308 1686 3362 successit

121 3393 252 3445 ultio.
292 3394 576 3464 Siquidem
610 3413 754 3451 anno
786 3397 876 3452 illo
905 3406 1150 3451 mortuus
1176 3405 1260 3452 est
1306 3397 1528 3452 Centius
1559 3396 1681 3452 fau-

121 3481 243 3534 cium
273 3486 455 3539 ulcere
503 3483 816 3551 suffocatus,
854 3487 1305 3556 quemadmodum
1353 3484 1520 3542 Judas
1560 3502 1684 3556 pro-

123 3569 246 3624 ditor
276 3589 414 3628 nexu
446 3577 625 3646 laquei
655 3578 1048 3648 strangulatus.
1665 3575 1675 3586 ’

185 3661 230 3713 'l.
267 3663 367 3718 Per
399 3665 541 3720 idem
578 3676 786 3738 tempus
810 3669 1166 3738 quorumdam
1196 3683 1418 3723 suorum
1465 3669 1684 3724 hortatu

123 3763 290 3808 contra
321 3772 517 3826 papam
559 3774 652 3812 rex
687 3761 862 3813 erexit
909 3776 1028 3814 sese
1055 3761 1124 3792 ’⁸⁵
1170 3761 1514 3831 Gregorium,
1551 3762 1686 3816 adeo

125 3855 172 3896 ut
203 3846 392 3904 nullam
426 3849 527 3902 sibi
558 3848 784 3904 deﬂ‘eret
812 3851 882 3882 '“
907 3852 1296 3906 obedientiam.
1329 3853 1530 3907 Praasul
1559 3868 1686 3908 vero

128 3933 380 3991 llomauus
411 3952 784 4006 szepenumero
811 3953 1034 4011 paratus
1063 3943 1364 4010 ignoscere,
1392 3942 1688 3996 clementer

127 4027 352 4080 universa
387 4030 678 4094 tractabat,
709 4033 910 4101 regiam
938 4034 1028 4087 diu
1059 4033 1421 4102 prmstolando
1445 4049 1508 4087 ac
1547 4034 1687 4087 mul—

131 4115 186 4166 tis
213 4119 428 4174 monitis
475 4119 756 4176 invitando
784 4123 1215 4184 conversionem.
1249 4123 1493 4192 Cumque
1523 4122 1688 4176 nicltil

127 4197 322 4284 o'ntnino
350 4209 658 4276 proliceret,
695 4212 842 4265 illum
880 4229 1003 4268 cum
1036 4215 1150 4268 suis
1179 4213 1481 4268 fautoribus
1507 4231 1536 4268 a
1570 4229 1688 4267 san-

127 4304 210 4346 ctae
231 4301 412 4352 matris
432 4299 685 4357 Ecclesiae
711 4303 1014 4373 segregavit
1040 4303 1152 4374 (an.
1181 4302 1337 4367 1076,
1364 4302 1519 4374 Feb.)
1542 4319 1689 4359 com-

129 4388 428 4443 municando
450 4391 518 4422 "7
578 4393 894 4458 luminibus,
935 4403 1120 4449 tenore
1165 4404 1343 4448 tamen
1390 4393 1584 4448 futura:
1609 4393 1690 4448 di-

130 4489 332 4546 gnasque
361 4484 738 4538 conversionis
765 4487 1061 4554 proposito.
1093 4484 1137 4540 Ο
1164 4486 1400 4540 infelicia
1425 4496 1685 4554 tempora,

131 4565 173 4616 iu
201 4571 387 4634 quibus
413 4575 612 4629 nostris
639 4577 984 4644 exigentibus
1012 4577 1182 4646 culpis
1212 4585 1401 4631 contra
1428 4592 1487 4631 se
1517 4577 1687 4646 ipsam

131 4671 344 4727 pugnare
370 4675 554 4719 sancta
586 4667 807 4721 videtur
837 4667 1101 4730 Ecclesia.
1139 4683 1302 4736 quam
1351 4667 1564 4722 Veritas
1611 4668 1690 4723 sic

132 4744 279 4811 ipsam
309 4752 573 4809 laudando
600 4757 950 4811 commendat
980 4776 992 4809 :
1025 4755 1141 4811 Una
1169 4768 1242 4812 est
1271 4757 1511 4811 columba
1543 4774 1679 4821 mea,

132 4839 278 4892 amica
305 4858 412 4897 mea
433 4843 591 4914 (Can,
624 4862 702 4910 vr,
735 4848 814 4917 8).
852 4847 981 4913 Quae
1026 4849 1070 4903 si
1118 4863 1224 4902 una
1275 4857 1358 4903 est
1404 4857 1457 4902 et
1485 4849 1677 4909 amica,

133 4931 375 4988 quomodo
399 4935 572 4988 scindi
601 4937 749 4988 ac'“
778 4936 996 4993 sibimet
1026 4940 1220 4996 debeat
1250 4939 1543 5005 inimiaari,
1572 4953 1681 4993 non

1376 5042 1613 5106 VARle
1669 5046 2066 5103 LECTIONES.

1782 1965 1961 2004 mores
2010 1948 2307 2003 facientes?
2357 1945 2498 2000 unde
2537 1944 2842 2013 iustissime
2890 1945 3190 2016 apostolico
3235 1953 3365 2000 sunt

1782 2057 2041 2096 mucrone
2073 2039 2324 2111 perfossi.
2351 2039 2752 2108 Respondeant,
2800 2047 2860 2092 ut
2895 2039 3090 2104 solent,
3124 2037 3274 2108 regio
3303 2052 3364 2091 se

1782 2132 2030 2186 obedisse
2053 2132 2329 2184 tnandato.
2359 2129 2464 2184 Sed
2487 2129 2614 2200 quid
2639 2129 2770 2184 dicit
2797 2128 3116 2197 Scriptura?
3139 2126 3364 2181 Ubedire

1782 2232 1980 2291 oportet
2027 2222 2138 2276 Deo
2190 2223 2358 2290 magis
2404 2237 2562 2290 quam
2605 2221 2900 2274 hominibus
2950 2221 3089 2285 (Act.
3140 2235 3192 2284 v,
3244 2217 3360 2288 29).

1783 2315 1911 2368 Item
1940 2329 1954 2367 :
1979 2314 2193 2368 Reddite
2230 2330 2346 2384 qua:
2368 2313 2593 2367 Cirsaris
2620 2324 2738 2366 sunt
2768 2311 2992 2376 Cwsari,
3019 2321 3067 2365 et
3093 2327 3210 2381 quae
3240 2320 3365 2364 sunt

1781 2407 1880 2459 Dei
1904 2406 2010 2459 Deo
2045 2404 2262 2474 (Matth.
2292 2420 2427 2469 xm,
2455 2404 2566 2474 21).
2599 2403 2666 2457 Et
2695 2403 2820 2457 alibi
2849 2423 2862 2456 :
2892 2403 3057 2456 Deum
3082 2401 3361 2466 timele’“,

1784 2511 1950 2564 regem
1977 2495 2318 2561 honori/irate
2348 2493 2398 2562 (Ι
2433 2491 2578 2546 Petr.
2608 2509 2667 2556 ll,
2699 2494 2809 2564 Π).
2837 2492 2952 2548 Νοη
2983 2508 3111 2564 ergo
3139 2492 3364 2547 debetur

1783 2588 1958 2641 honor
1997 2588 2129 2656 regi,
2164 2586 2266 2640 nisi
2305 2587 2647 2656 praecedente
2669 2585 2818 2654 justo
2849 2587 3041 2643 timore
3072 2587 3188 2642 Dei.

1851 2700 1904 2755 8.
1948 2697 2148 2754 Eodem
2184 2707 2422 2767 tempore
2444 2712 2578 2765 gens
2599 2696 2900 2752 Tentonum
2933 2697 3022 2751 illa
3050 2697 3361 2760 barbarica,

1784 2791 2053 2862 praecipue
2097 2791 2263 2844 duces
2309 2789 2614 2853 Bcrtaldus,
2651 2788 2934 2854 Bodulfus,
2989 2798 3044 2844 et
3091 2788 3268 2842 Welfo
3290 2789 3362 2820 ⁸⁷³

1782 2900 1903 2938 cum
1936 2881 2221 2937 comitibus
2251 2890 2306 2935 et
2350 2881 2638 2951 episcopis,
2671 2881 2884 2951 cognita
2928 2881 3364 2938 excommunica-

1786 2977 1928 3032 tionc
1955 2975 2220 3038 Romana,
2249 2989 2280 3028 a
2330 2973 2479 3043 regio
2507 2988 2730 3042 prorsus
2776 2989 2836 3029 se
2879 2973 3200 3029 subtraxere
3229 2989 3366 3029 con-

1783 3067 1974 3132 sortio,
2023 3066 2075 3118 in
2109 3064 2256 3120 nullo
2300 3065 2787 3120 communicantes.
2819 3064 3044 3136 Insuper
3090 3065 3145 3118 in
3181 3064 3366 3118 multis

1709 3199 1754 3261 C
1784 3173 2105 3221 accusantes
2129 3180 2254 3218 eum
2282 3165 2604 3221 criminibus
2650 3167 2872 3222 infamia
2900 3167 3252 3222 denotabant.
3281 3167 3368 3220 ln-

1789 3257 1943 3310 terint
1958 3255 2216 3310 conscilio
2228 3256 2558 3310 sanctissimi
2571 3257 2942 3313 Cluniacensis
2958 3258 3170 3313 abbatis
3192 3258 3367 3328 (165),

1785 3345 2008 3417 Agnetis
2035 3359 2248 3414 quoque
2276 3346 2438 3416 regite
2459 3349 2668 3412 matris,
2693 3363 2792 3404 nec
2821 3365 2925 3403 non
2953 3350 3370 3419 sapientissimae

1780 3437 1893 3508 jam
1937 3440 2095 3503 dictae
2134 3437 2385 3506 Matildm,
2436 3442 2695 3496 statuitur
2739 3443 2992 3511 generale
3040 3443 3369 3514 colloquium

1786 3531 1930 3584 inter
1960 3531 2105 3600 ipsos
2137 3546 2314 3602 regem
2363 3541 2418 3586 et
2443 3534 2820 3602 apostolicum,
2848 3537 2999 3605 pacis
3041 3551 3106 3592 ac
3141 3537 3371 3606 justitia:

1787 3646 1971 3686 causa.
2005 3630 2249 3701 Cumque
2298 3633 2475 3686 exiret
2524 3633 2593 3687 ab
2643 3631 2784 3687 Urbe
2813 3614 2970 3704 papa
3018 3637 3370 3708 profecturus

1787 3719 2447 3792 Alamaniam(an.1077,
2496 3721 2674 3792 Jan.),
2717 3722 2952 3780 Matildre
2993 3725 3166 3782 fretus
3204 3728 3369 3796 juva-

1727 3827 1731 3830 '
1787 3813 1955 3876 utine,
2003 3815 2152 3868 venit
2202 3814 2432 3869 Italiam.
2493 3817 2735 3887 Cumque
2790 3829 3097 3876 moraretur
3144 3823 3367 3889 ibidem,

1788 3904 1974 3960 multis
2017 3906 2086 3978 ab
2128 3919 2192 3960 ea
2228 3905 2537 3960 cumulatur
2586 3907 2882 3965 honoribus
2932 3927 2998 3966 ac
3035 3913 3366 3968 hominibus.

1789 4006 1884 4062 Cui
1933 4007 2251 4064 festinanter
2287 4010 2528 4063 occurrit
2573 4008 2884 4075 Heinricus,
2933 4013 3207 4069 declinans
3257 4026 3373 4071 sta-

1791 4110 1962 4155 tutum
2000 4102 2053 4155 in
2084 4103 2260 4170 patria
2291 4116 2388 4156 sua
2436 4102 2788 4172 colloquium.
2835 4105 3036 4161 Fuerat
3074 4109 3371 4166 comitissa:

1789 4195 2006 4262 opidum
2039 4195 2276 4248 Canossa
2325 4192 2794 4260 nomine,’multis
2839 4200 3110 4255 mmnibus
3151 4216 3216 4256 ac
3264 4202 3370 4258 loci

1791 4301 1980 4346 natura
2008 4294 2430 4365 circumquaque
2452 4299 2715 4352 munitum
2746 4300 3159 4372 ineXpugnabile
3180 4319 3370 4360 revera

1790 4385 2121 4453 praesidium.
2155 4386 2257 4441 Ubi
2287 4389 2617 4457 prmsidente
2643 4392 2714 4424 ’⁷³
2740 4395 3038 4461 apostolico
3061 4396 3177 4466 (an.
3208 4397 3368 4462 1077.

1795 4485 1925 4540 Jan.
1953 4486 2069 4556 25),
2099 4503 2194 4542 rex
2225 4491 2382 4545 nudis
2405 4491 2660 4549 incedens
2687 4497 2933 4564 pedibus,
2965 4495 3112 4552 ltumi
3141 4509 3374 4567 prostra-

1794 4586 1901 4640 tus,
1936 4587 2057 4648 post
2086 4579 2282 4636 multas
2332 4583 2601 4654 lacrymas
2641 4588 2943 4655 promeruit
2989 4591 3203 4645 veniam
3249 4606 3374 4646 suo-

1792 4668 2242 4736 rumjuramenta
2263 4670 2335 4702 ¹⁷¹⁸
2366 4671 2602 4728 fidelium
2656 4683 2811 4744 pacta
2863 4677 3216 4744 conﬁrmans,
3272 4683 3373 4735 sub

1790 4759 2100 4813 conditione
2141 4759 2367 4828 iustitia:
2429 4763 2707 4819 facienda;
2762 4765 2853 4818 Sic
2895 4765 3130 4841 Matildze
3176 4785 3372 4840 magna

1790 4848 2074 4915 prudentia
2106 4852 2438 4905 consolidata
2483 4863 2610 4907 sunt
2637 4854 2786 4923 pacis
2815 4869 3006 4910 eorum
3056 4857 3261 4913 foedera
3293 4860 3375 4911 in-

1790 4937 1916 4992 vitis
1943 4938 2212 5007 episcopis
2240 4956 2303 4995 ac
2332 4941 2386 4996 in
2412 4942 2506 4995 lite
2533 4945 2900 5000 manentibus.
