3938 5380
101 332 214 350 ..σοιν

101 355 220 385 ι)δο

1158 327 1224 380 IN
1264 327 1608 384 ORATIONE
1621 329 1665 382 Μ
1708 328 2100 384 DOMINICAM.
3255 329 3361 384 33L

123 492 1807 524 Μ

1599 495 3366 528 mm

1174 603 2285 717 THEODORICI

1311 804 2186 898 COMMENTARIO

767 1004 911 1115 IN
972 998 1798 1116 ORATIONEM
1877 997 2724 1115 DOMINICAM.

123 1205 358 1285 Prodit
392 1220 558 1285 rtunc
582 1205 856 1285 primum
882 1205 948 1285 in
981 1201 1176 1262 lucem
1201 1217 1279 1260 ea:
1304 1197 1442 1285 cod.
1467 1216 1578 1285 ius.
1603 1196 1859 1285 inclyta:
1882 1197 2158 1285 oenotria:
2182 1197 2967 1285 Claustra-Neoburgensis
2993 1209 3060 1270 in
3081 1212 3367 1284 Austria,

212 1284 369 1375 argi...
397 1283 550 1375 Cen.
582 1273 729 1375 Reg.
763 1282 828 1342 S.
867 1283 1028 1358 Aug.
1063 1296 1252 1358 opera
1281 1277 1443 1337 adm.
1478 1277 1555 1337 Β.
1590 1276 1664 1336 D.
1706 1273 1977 1352 Eugenii
2021 1276 2466 1353 Pyrcklbauer,
2499 1273 2791 1359 ejusdem.
2811 1285 2941 1348 laci
2984 1273 3365 1356 canonici—et,

212 1360 700 1422 btbliothecarit'.

1245 1477 1396 1547 (Ρη,
1430 1475 1683 1529 Thesaur.
1724 1475 1919 1526 Anecd.
1955 1473 2020 1538 ll,
2054 1489 2110 1536 tl,
2148 1473 2261 1535 57.)

125 1664 448 1738 Scriptum
489 1660 900 1732 Theoderici.
935 1655 1521 1740 B@_l_0|‘brt_lnnensi_s
1553 1653 1844 1740 canonici
1886 1653 1966 1713 de
2001 1654 2306 1740 Oratione
2339 1654 2718 1740 D_omim_ica,
2744 1666 2928 1740 quod
2982 1668 3066 1730 ob
3124 1689 3376 1738 memo-

213 1733 366 1826 riam
399 1736 1096 1826 tramam-venerabilis
1125 1734 1435 1814 episcopi,
1474 1733 1789 1793 instinctu
1821 1734 2154 1794 reverendi
2184 1733 2532 1796 sacerdotis
2573 1733 2937 1818 Reioboldi,
2964 1765 3080 1825 per
3109 1733 3376 1826 gratiam

211 1822 271 1881 S.
305 1820 582 1898 Spiritus
621 1817 842 1880 edidit.

644 1960 870 2016 CAPUT
908 1958 1197 2014 PRIMUM.

129 2056 212 2110 De
239 2055 485 2125 petitione
513 2053 682 2121 prima
707 2065 726 2102 :
761 2070 780 2101 ι
801 2049 961 2104 Pater
989 2059 1182 2113 noster,
1209 2047 1298 2118 qui
1329 2062 1382 2100 es
1408 2046 1464 2100 in
1490 2044 1650 2100 caelis.
1680 2063 1699 2096 ι

205 2145 418 2198 Patrem
462 2139 848 2196 misericordiae
887 2149 1132 2193 nostrum
1171 2152 1292 2192 esse
1333 2145 1543 2206 patrem
1585 2149 1707 2187 cum

132 2234 456 2295 rationibus,
505 2239 617 2284 tum
661 2229 1090 2286 auctoritatibus.
1139 2228 1381 2294 utrisque
1429 2233 1616 2279 sancte
1646 2238 1711 2278 ac

133 2331 444 2376 reverenter
467 2320 846 2390 suscipiendis,
875 2319 1278 2373 evidentissime
1305 2315 1707 2384 comprobatur.

128 2417 225 2469 Ait
265 2415 410 2469 enim
453 2413 561 2467 Vas
607 2411 919 2472 electionis,
968 2409 1362 2476 contemplator
1405 2420 1617 2461 arcanae
1656 2406 1710 2460 in

131 2504 273 2558 cmlo
296 2502 541 2556 veritatis
573 2516 588 2553 :
629 2501 734 2554 Deo
763 2510 811 2554 et
843 2499 991 2552 Patri
1027 2508 1203 2552 nostra
1227 2497 1394 2567 gloria
1426 2498 1480 2550 in
1518 2495 1711 2549 swcula

133 2593 469 2646 stimulorum.
507 2592 688 2646 Amen.
726 2590 792 2645 Et
825 2589 949 2644 alibi
987 2607 1002 2642 :
1049 2587 1234 2642 Gratia
1277 2587 1417 2641 vobis
1454 2596 1500 2639 et
1534 2601 1640 2653 paa:
1677 2601 1710 2637 a

140 2680 248 2732 Deo
283 2677 442 2732 Patre
473 2687 669 2732 nostra.
697 2677 827 2743 Quis
850 2677 995 2732 enim
1037 2678 1172 2732 adeo
1200 2675 1445 2730 exhausti
1470 2673 1711 2744 pudoris,

137 2772 262 2839 quis
287 2771 422 2824 adeo
447 2770 730 2838 impudens
761 2769 952 2824 irrisor
980 2768 1242 2832 veritatis,
1271 2767 1393 2836 quis
1419 2767 1554 2821 adeo
1587 2780 1712 2835 per-

139 2861 288 2912 tinax
317 2867 556 2913 assertor
588 2857 862 2921 falsitatis,
895 2857 987 2926 qui
1028 2870 1134 2910 non
1179 2858 1505 2925 acquiescat,
1539 2856 1583 2910 si
1614 2870 1714 2910 nos

141 2949 233 3002 lilii
264 2964 452 3003 sumus
476 2947 615 3016 ejus,
641 2962 764 3001 eum
789 2961 909 3002 esse
937 2947 1178 3010 Patrem,
1204 2959 1304 3000 nos
1328 2954 1505 2999 autem
1539 2940 1716 2997 ﬁlios?

137 3039 412 3108 Scriptum
441 3048 523 3094 est
549 3039 689 3093 enim
717 3057 730 3092 :
762 3037 890 3091 Filii
911 3037 1120 3092 Επειεί
1145 3054 1338 3091 omnes.
1358 3037 1424 3091 Et
1450 3051 1662 3090 rursum
1695 3049 1712 3088 :

153 3132 351 3193 Venite,
379 3129 500 3198 ﬁlii,
541 3130 718 3182 audite
745 3145 843 3182 me.
873 3127 1061 3182 Nonne
1090 3128 1232 3182 enim
1259 3128 1372 3181 haec
1404 3126 1560 3180 nobis
1589 3139 1713 3179 car-

137 3221 246 3273 nali
274 3219 440 3274 Israel
471 3219 700 3274 obtectis
729 3226 784 3272 et
808 3218 1104 3288 obsignatis
1132 3230 1299 3286 usque
1327 3217 1394 3270 ad
1425 3216 1712 3270 revelatio-

1521 1893 1676 1910 ﬂ

1677 1888 1992 1905 -----ο

1732 1959 1779 2016 Α
1808 1950 2112 2006 reverentia
2134 1953 2502 2012 excellentiori
2527 1960 2915 2017 attribuuntur.
2940 1963 3080 2019 Deus
3102 1968 3242 2022 enim
3271 1977 3379 2024 tam

1811 2039 1947 2104 veri,
1982 2051 2037 2094 et
2067 2040 2119 2094 in
2149 2057 2337 2098 omnes
2361 2045 2546 2101 divitis
2570 2058 2623 2102 et
2645 2051 3049 2120 omnipotentis,
3074 2069 3233 2124 quam
3260 2058 3378 2113 falsi

1809 2137 1865 2184 et
1902 2132 2086 2201 egeni,
2123 2140 2180 2187 et
2213 2134 2524 2203 imp0tentis
2565 2139 2841 2195 simulacri
2884 2156 3079 2198 nomen
3122 2153 3226 2200 est.
3273 2147 3380 2202 Sed

1809 2219 1952 2274 Deus
1988 2236 2110 2276 eum
2141 2223 2358 2288 dicitur,
2399 2241 2558 2284 verus
2601 2229 2936 2302 intelligitur.
2972 2233 3226 2292 Dominus
3253 2255 3380 2308 quo-

1808 2325 1934 2380 que,
1964 2319 2074 2364 tam
2091 2312 2338 2368 Creatori
2361 2330 2520 2384 quam
2549 2319 2760 2374 cuidam
2787 2332 3050 2379 creaturae
3073 2339 3381 2387 commune.

1810 2415 1935 2454 eum
1970 2401 2214 2466 eﬂ'ertur,
2249 2404 2556 2462 intellectus
2598 2420 2784 2466 noster
2826 2429 2927 2483 pro
2974 2418 3271 2472 reverentia
3313 2421 3381 2472 ad

1813 2488 2123 2545 Creatorem
2160 2493 2412 2548 trahitur.
2456 2496 2642 2552 Justus
2674 2514 2885 2570 quoque
2925 2514 2978 2558 et
3017 2519 3229 2560 sanctus
3259 2521 3380 2562 cum
3423 2505 3427 2508 ’

1811 2578 2027 2644 dicitur,
2055 2580 2168 2650 ipse
2196 2582 2531 2651 intelligitur.
2564 2585 2700 2642 Hinc
2726 2590 2966 2657 psalmus
2988 2593 3064 2646 ait
3089 2611 3103 2646 :
3133 2593 3383 2664 Miriﬁca-

1810 2669 1880 2722 vit
1911 2669 2160 2726 Dominus
2199 2683 2439 2728 sanctum
2475 2692 2647 2732 suum.
2679 2679 2745 2734 Et
2782 2681 2908 2736 alibi
2944 2701 2957 2736 :
2997 2685 3182 2740 Justus
3211 2699 3383 2742 autent

1811 2760 1937 2830 quid
1964 2760 2119 2829 fecit?
2147 2760 2318 2817 Filius
2346 2779 2559 2835 quoque
2578 2776 2663 2822 est
2685 2783 2988 2838 commune,
3012 2784 3105 2830 seu
3136 2790 3260 2832 cum
3285 2795 3383 2848 per

1815 2863 1873 2904 se
1898 2849 2115 2914 dicitur,
2149 2851 2317 2907 Filius
2338 2853 2431 2909 Dei
2461 2855 2795 2927 .ntelligitur.
2827 2859 2980 2918 Unde
3019 2865 3134 2933 ipse
3159 2867 3236 2920 ait
3269 2886 3282 2921 :
3320 2867 3383 2923 Si

1815 2955 1900 2992 vos
1937 2936 2110 2994 Filius
2151 2941 2463 2998 liberaverit.
2501 2944 2614 3002 Hoc
2647 2962 2862 3019 quoque
2897 2951 3184 3012 locutionis
3211 2945 3382 3012 modo

1815 3042 1937 3081 eum
1975 3031 2252 3099 Apostolus
2285 3034 2605 3104 simpliciter
2631 3037 2870 3107 eﬂertur,
2906 3042 3103 3100 Paulus
3137 3047 3384 3118 intelligi-

1817 3126 1923 3170 tur.
1948 3118 2113 3188 lg'tur
2138 3139 2260 3178 cum
2301 3125 2606 3183 Divinitatis
2630 3145 2740 3185 esse
2781 3133 2849 3187 sit
2893 3144 3019 3191 ante
3045 3153 3202 3194 omne
3241 3157 3383 3206 esse.

1817 3208 2085 3264 excellens
2111 3205 2430 3278 omne'esse,
2460 3219 2696 3275 condens
2719 3236 2879 3278 omne
2913 3239 3051 3292 esse,
3077 3205 3382 3297 gubernans

140 3326 263 3363 nem
287 3309 483 3376 capitis
507 3310 675 3362 ηοειιιί
702 3306 826 3363 Jesu
850 3306 1072 3370 Christi,
1103 3307 1292 3361 eodem
1319 3305 1580 3360 velamine
1613 3305 1712 3358 ob-
1746 3293 1790 3352 Β
1819 3315 1977 3355 omne
2000 3315 2138 3364 esse,
2169 3307 2559 3374 praerogatione
2586 3309 2962 3380 assignationis
2995 3293 3384 3375 sublimitatem

139 3399 344 3461 voluti,
390 3405 514 3451 sunt
543 3397 897 3451 annuntiata?
931 3395 1072 3466 Ergo
1113 3395 1230 3464 ipse
1275 3403 1357 3448 est
1385 3394 1564 3454 Pater,
1605 3393 1720 3461 ipse

140 3505 361 3560 quoque
389 3490 630 3560 possidet
661 3503 759 3544 nos
787 3503 883 3558 per
920 3488 1240 3543 charitatem
1269 3502 1420 3543 suam
1439 3528 1454 3550 ,
1490 3486 1621 3541 fecit
1651 3501 1719 3539 ex

140 3584 314 3638 nihilo
341 3597 436 3652 per
459 3582 751 3651 potentiam
777 3596 951 3643 suam,
981 3581 1187 3636 ereavit
1211 3594 1306 3634 nos
1331 3580 1384 3632 in
1405 3578 1562 3632 bonis
1585 3591 1716 3644 ope-

142 3673 296 3727 ribus
323 3687 422 3742 per
450 3672 677 3741 gratiam
699 3686 871 3725 suam.
899 3669 1034 3724 Hinc
1061 3668 1346 3739 Apostolus
1371 3669 1446 3721 ait
1474 3685 1486 3720 :
1521 3667 1718 3735 Ipsius,

142 3763 193 3816 id
227 3771 315 3817 est
347 3761 464 3824 Dei,
493 3761 701 3828 factura
733 3776 932 3823 sumus,
959 3759 1118 3811 creati
1158 3758 1212 3811 in
1256 3755 1461 3810 Christo
1502 3756 1627 3809 Jesu
1665 3755 1721 3806 in

143 3853 387 3921 operibus
415 3851 581 3903 bonis.
613 3849 859 3917 Nunquid
881 3865 1008 3919 ergo
1033 3864 1138 3902 non
1166 3847 1280 3916 ipse
1307 3859 1392 3901 est
1421 3846 1600 3908 Pater,
1624 3843 1718 3913 qui

143 3941 418 4008 possidet,
449 3946 503 3992 et
531 3937 690 3999 fecit.
725 3946 780 3991 et
815 3938 1018 3992 creavit
1047 3937 1180 3992 nos?
1218 3936 1468 3990 Christus
1501 3948 1720 4004 quoque

146 4029 234 4082 Dei
265 4027 554 4096 sapientia,
591 4026 681 4080 Dei
728 4026 917 4090 Filius,
953 4026 1044 4081 Dei
1077 4027 1324 4081 conscius
1359 4043 1372 4078 :
1407 4024 1604 4089 Estote,
1635 4024 1721 4079 iu-

145 4105 282 4187 quit,
304 4119 545 4188 perlecti,
571 4119 703 4172 sicut
733 4117 894 4172 Pater
921 4128 1082 4172 vester
1101 4117 1316 4172 caelestis
1347 4117 1603 4185 perfectus
1621 4123 1718 4168 est.

146 4210 260 4279 ipse
302 4227 439 4280 ergo
483 4210 640 4266 Jesus
676 4210 925 4266 Christus
968 4209 1408 4278 percontantibus
1446 4206 1722 4276 discipulis

149 4304 259 4356 suis
295 4302 368 4355 de
395 4301 661 4355 orationis
699 4301 856 4355 modo
893 4319 904 4354 :
945 4300 1052 4364 Sic,
1090 4301 1292 4370 inquit,
1328 4308 1472 4352 orate
1507 4313 1525 4349 :
1561 4297 1722 4351 Pater

150 4403 345 4457 noster,
371 4403 426 4446 et
450 4394 674 4462 reliqua.
704 4393 866 4463 Igitur
888 4393 1242 4447 instructione
1263 4390 1461 4444 Christi
1490 4389 1718 4454 fundati,

151 4482 422 4536 clarorum
460 4482 699 4536 virorum
746 4481 1052 4536 testimonio
1081 4481 1360 4542 :edificati,
1395 4479 1591 4533 nullam
1631 4495 1716 4531 ra-

149 4572 330 4636 pinam
358 4571 687 4624 arbitrantes
711 4571 764 4624 in
785 4571 1027 4624 oratione
1049 4580 1257 4632 nostra,
1285 4568 1591 4622 animamur
1612 4567 1721 4622 cla-

1819 3389 1913 3443 Dei
1954 3389 2341 3459 gloriﬁcamus,
2382 3395 2547 3450 Deum
2593 3399 2950 3470 intelligentes
2990 3419 3111 3461 cum
3162 3409 3381 3472 dicitur,

1816 3480 1906 3549 qui
1927 3499 1999 3536 es.
2027 3482 2094 3537 Et
2120 3484 2236 3538 haec
2266 3487 2402 3540 ratio
2428 3489 2481 3542 in
2509 3491 2610 3544 hac
2640 3504 2699 3544 re
2726 3494 2861 3548 satis
2888 3495 2956 3549 sit
2976 3511 3074 3565 pro
3097 3498 3385 3565 brevitate,

1819 3572 2064 3637 quamvis
2103 3572 2222 3627 alia:
2259 3588 2472 3644 quoque
2497 3579 2703 3646 possint
2728 3583 3002 3638 accedere.
3036 3583 3207 3653 Ipsius
3241 3589 3384 3643 enim

1819 3674 1940 3715 esse
1964 3662 2234 3732 singulare
2267 3674 2372 3729 est,
2404 3681 2507 3720 non
2537 3680 2798 3724 conventu
2844 3674 3074 3741 partium
3113 3679 3385 3746 junctum,

1820 3751 1913 3804 sed
1939 3753 2196 3822 quidquid
2234 3754 2288 3807 in
2317 3769 2382 3808 eo
2411 3763 2493 3810 est
2520 3756 2659 3810 Deus
2684 3768 2785 3823 est,
2824 3768 2878 3814 et
2913 3762 3052 3818 Deus
3079 3773 3163 3818 est
3202 3765 3384 3826 inclia-

1819 3840 2002 3896 biliter
2029 3842 2284 3912 quidquid
2317 3845 2370 3898 in
2411 3859 2477 3900 eo
2501 3856 2605 3900 est.
2635 3848 2691 3902 ln
2735 3852 2997 3907 creaturis
3025 3869 3154 3909 vero
3186 3871 3291 3910 non
3329 3873 3386 3911 se

1821 3930 1902 3985 sic
1930 3931 2110 3985 habet.
2143 3931 2385 3987 llominis
2416 3935 2557 3988 enim
2587 3938 2838 4004 essentia,
2881 3955 2948 3993 ex
2977 3943 3152 3996 anima
3181 3954 3237 3998 et
3268 3961 3382 4000 cor-

1821 4037 1951 4090 pore
1975 4020 2181 4089 juncta,
2215 4023 2266 4076 in
2299 4025 2511 4079 easdem
2544 4041 2730 4082 rursus
2765 4029 3068 4098 resolvitur,
3107 4047 3206 4087 nec
3234 4035 3385 4103 quid-

1821 4111 1948 4180 quid
1995 4113 2046 4165 in
2092 4112 2193 4166 hac
2227 4114 2458 4168 essentia
2504 4123 2588 4169 est
2628 4115 2787 4172 homo
2813 4127 2914 4186 est,
2961 4134 3060 4176 nec
3102 4121 3263 4177 homo
3303 4135 3382 4178 est

1821 4202 2078 4271 quidquid
2123 4202 2174 4256 in
2222 4205 2322 4258 hac
2362 4206 2594 4260 essentia
2624 4216 2727 4261 est.
2777 4208 2889 4263 Non
2929 4220 3013 4266 est
3038 4213 3180 4266 enim
3226 4216 3386 4268 homo

1821 4293 2035 4356 anima,
2081 4308 2179 4348 nec
2235 4293 2413 4348 anima
2455 4297 2642 4363 homo;
2689 4299 2826 4353 idem
2873 4303 2924 4354 in
2967 4302 3208 4372 reliquis.
3255 4305 3388 4361 Hine

1822 4384 2039 4440 Boetius
2066 4387 2141 4438 ait
2171 4403 2184 4438 :
2218 4384 2384 4440 Nulla
2429 4404 2508 4439 res
2548 4399 2621 4441 est
2663 4391 2716 4442 id
2745 4391 2882 4459 quod
2918 4402 3016 4456 est,
3048 4395 3099 4448 id
3127 4405 3239 4460 est,
3282 4414 3386 4452 non

1822 4474 2002 4528 omnia
2032 4489 2154 4530 esse
2179 4474 2598 4529 eouvertibiliter
2625 4491 2743 4544 quae
2773 4480 2823 4531 in
2854 4495 2951 4534 sua
2979 4485 3211 4539 essentia
3243 4497 3379 4541 sunt.

1825 4563 2074 4632 Congrue
2095 4578 2222 4617 vero
2247 4563 2298 4616 in
2323 4564 2491 4630 ipsius
2519 4566 2782 4632 orationis
2809 4569 3102 4635 primordio
3127 4588 3245 4628 esse
3269 4591 3391 4628 eum

153 4677 298 4716 mare
331 4661 390 4715 in
429 4659 634 4730 Spiritu
671 4671 856 4716 sancto
890 4678 904 4713 :
937 4659 1096 4714 Pater
1125 4671 1314 4714 noster.
1352 4659 1550 4713 Paulus
1577 4659 1719 4711 enim
1751 4625 1798 4688 C
1825 4652 2168 4714 clinﬁtemur,
2199 4653 2250 4705 id
2274 4652 2488 4720 quidem
2519 4654 2777 4709 edocente
2801 4655 2948 4718 lesu,
2980 4674 3047 4712 ne
3076 4662 3217 4714 velut
3265 4664 3393 4718 insi-

154 4752 268 4805 ait:
315 4749 386 4803 In
421 4766 549 4819 qua,
595 4750 646 4803 id
684 4760 768 4805 est
812 4752 863 4804 in
906 4749 1110 4817 Spiritu
1147 4759 1356 4813 sancto,
1386 4749 1673 4802 clamamus
1702 4764 1720 4800 :
1767 4751 1772 4757 ’

154 4840 314 4902 Abba,
344 4837 530 4892 Pater.
559 4839 690 4905 Quis
711 4840 852 4893 enim
875 4838 1304 4906 Omnipotentem
1333 4847 1440 4890 tam
1469 4836 1721 4890 familiari

157 4931 369 4982 nomine
396 4925 580 4982 Patris
610 4929 876 4997 appellare
907 4928 959 4981 in
991 4942 1089 4982 suo
1119 4926 1310 4995 spiritu
1341 4925 1723 4993 praesumeret?

158 5015 252 5078 Qui
292 5035 373 5083 es,
401 5018 455 5072 id
484 5026 570 5072 est
596 5018 687 5086 qui
728 5016 968 5088 perfecte
989 5025 1045 5070 et
1083 5014 1425 5087 singulariter
1452 5013 1721 5070 subsistis.

159 5101 363 5159 Dictum
407 5117 494 5160 est
533 5105 699 5176 Moysi
738 5125 754 5159 :
800 5105 906 5169 Qui
949 5113 1043 5169 est,
1085 5107 1222 5160 misit
1264 5121 1362 5158 me.
1409 5102 1542 5171 Quis
1579 5102 1726 5156 misit

161 5189 408 5222 ιΙΛ-η-Α.-9
435 5199 619 5222 ΝΑη-ιη
643 5197 775 5222 ne...»
793 5196 818 5222 9
841 5193 978 5222 psi-nn
1003 5197 1085 5222 ’.Α-Σ
1110 5205 1176 5222 ..-ι
1201 5195 1336 5222 ΠΑηιι-
1359 5205 1435 5222 ΛΑ.

1489 5205 1533 5222 Α·
1708 5210 1720 5221 ι

1819 4740 1974 4808 piens
2012 4739 2316 4793 diceremus
2361 4740 2412 4792 in
2456 4742 2619 4793 corde
2663 4753 2848 4797 nostro
2885 4760 2898 4795 :
2945 4744 3066 4799 Non
3113 4759 3186 4801 est
3229 4750 3390 4804 Deus.

1823 4829 1960 4885 Hinc
1982 4829 2178 4884 Paulus
2201 4832 2277 4882 ait
2301 4847 2316 4882 :
2343 4829 2560 4883 Credere
2581 4833 2720 4886 enim
2746 4842 2940 4901 oportet
2971 4839 3296 4891 accedentem
3323 4842 3392 4892 ad

1823 4917 2009 4982 Deum,
2029 4917 2154 4986 quia
2182 4927 2277 4970 est.
2300 4917 2394 4971 Est
2411 4919 2552 4970 enim
2577 4921 2808 4986 primum
2840 4919 2960 4972 fidei
2983 4921 3391 4980 fundamentum

1825 5022 1936 5062 suae
1963 5007 2264 5061 existentiae
2299 5007 2588 5061 confessio.
2620 5009 2844 5076 Frustra
2871 5009 3012 5062 enim
3049 5013 3114 5067 de
3147 5027 3214 5067 eo
3238 5017 3391 5082 quid-

1828 5111 1991 5164 quam
2034 5095 2397 5158 crederemus,
2431 5093 2531 5148 nisi
2576 5098 2642 5152 de
2684 5112 2780 5152 suo
2806 5109 2926 5149 esse
2963 5101 3097 5153 certi
3127 5117 3393 5169 essemus,

1849 5191 1917 5222 Ill:
1958 5187 2195 5222 ΙιΛηΛίιῘίΙν
2225 5186 2402 5222 omnia
2466 5200 2623 5222 llus)!“
2670 5185 2964 5222 -Ιληῖηρηηι
3008 5192 3186 5222 Λιιὶηῖσι
3243 5191 3392 5222 ἴτ’-,ΙΑ-
