3938 5380
545 188 648 243 535

545 298 738 354 Beatos
773 273 993 365 spiritus
1020 293 1348 363 angelorum,
1380 308 1517 361 quos
1549 292 1776 348 diversis
1809 287 2113 343 nominibus
2142 297 2189 353 Α

543 386 894 458 appellamus,
941 382 1247 451 conspectui
1297 381 1387 435 Dei
1437 382 1708 435 credimus
1748 379 2023 439 assistere,
2061 384 2117 429 et

541 491 636 530 eos
659 475 887 546 gloriam
925 471 1231 528 Divinitatis
1260 470 1689 539 contemplantes
1714 477 1769 522 et
1802 470 1853 522 in
1882 482 1948 521 eo
1976 481 2115 520 sem-

542 581 639 636 per
667 566 1019 627 exsultantes,
1053 577 1174 617 emn
1206 561 1426 615 laudare
1460 571 1515 614 et
1555 561 1890 614 incessanter
1919 555 2115 610 sancti-

542 654 725 708 ﬁeare.
757 653 978 706 Animas
1007 664 1219 720 quoque
1247 651 1529 704 beatorum
1555 649 1856 709 hominum,
1887 645 2114 699 nexibus

540 743 806 812 corporis,
838 741 1132 803 absolutas,
1172 739 1484 810 angelorum
1533 740 1806 794 consortio
1832 739 2111 800 interesse,

541 842 593 888 et
619 833 828 886 laudem
853 839 910 886 et
953 830 1180 901 gloriam
1208 827 1502 892 Creatoris,
1542 827 1936 897 Redemptoris,
1985 824 2115 879 Pro-

538 927 827 997 pitiatoris,
871 924 1267 979 concelebrare.
1298 921 1426 988 Quae
1471 921 1613 976 enim
1655 921 1706 974 in
1746 933 1966 973 carcere
1995 932 2114 972 eor-

537 1031 700 1086 poreo
751 1015 1004 1084 alligata,
1053 1013 1119 1067 ad
1169 1027 1292 1066 eum
1343 1021 1520 1066 tamen
1567 1011 2007 1078 suspiraverunt,
2061 1017 2116 1062 et

536 1105 780 1160 obtutum
830 1119 985 1159 suum
1030 1111 1303 1171 utcunque
1347 1116 1442 1171 per
1488 1101 1716 1169 aenigma
1758 1099 2023 1160 videntes,
2060 1098 2112 1150 in

534 1197 833 1252 claritatem
863 1194 979 1262 ejus
1009 1195 1350 1256 direxerunt,
1387 1203 1441 1247 et
1483 1194 1810 1263 potentiam,
1851 1201 1905 1245 et
1949 1192 2114 1244 virtu-

532 1295 664 1350 tem,
693 1293 748 1340 et
793 1285 1022 1352 gratiam
1051 1282 1165 1351 ejus
1194 1283 1631 1353 gloriﬁcaverunt
1665 1300 1678 1335 :
1711 1291 1913 1350 quanto
1943 1280 2113 1348 magis

533 1395 676 1432 nunc
727 1377 996 1441 resolutae,
1039 1384 1094 1430 et
1136 1392 1200 1429 eo
1232 1375 1492 1438 fruentes,
1524 1383 1579 1429 et
1627 1373 1762 1428 facie
1809 1373 1876 1426 ad
1920 1371 2111 1425 faciem

531 1451 980 1536 contemplantes.
1006 1482 1197 1520 nomen
1227 1482 1382 1520 suum
1413 1467 1702 1520 credentur
1731 1463 2112 1534 magniﬁcare?

531 1561 697 1630 Igitur
726 1568 965 1613 nostram
995 1558 1332 1612 devotionem
1367 1557 1534 1610 Deum
1560 1557 1888 1626 gloriﬁcandi
1921 1565 2106 1609 osten-

529 1651 738 1714 dentes,
772 1656 1020 1718 optamus
1055 1657 1110 1702 et
1154 1647 1389 1716 petimus
1426 1655 1486 1700 ut
1530 1646 1584 1700 bi
1624 1647 1714 1716 qui
1745 1645 2006 1699 assistunt
2034 1644 2102 1708 ei,
2141 1666 2181 1722 ιε

528 1740 620 1808 qui
667 1753 788 1794 eum
831 1746 886 1792 ut
915 1745 998 1792 est
1025 1737 1480 1805 contemplautur,
1511 1736 1601 1805 qui
1631 1751 1696 1790 eo
1725 1735 1952 1790 feliciter
1980 1750 2103 1804 per-

529 1827 797 1893 fruuntur,
840 1826 1164 1882 conlaudent
1207 1842 1330 1880 eum
1375 1834 1430 1880 et
1467 1825 1895 1893 congloriﬁcent.
1941 1825 2018 1879 Ac
2060 1825 2103 1878 si

531 1929 715 1988 aperte
742 1919 985 1973 dicamus
1012 1935 1024 1971 :
1057 1916 1192 1984 Quia
1226 1932 1341 1980 nos,
1376 1916 1428 1970 in
1462 1916 1562 1970 bac
1592 1915 1876 1986 fragilitate
1901 1925 1954 1970 et
1981 1930 2105 1970 cor-

529 2010 779 2080 ruptione
805 2009 1028 2073 detenti,
1062 2019 1133 2072 te,
1180 2008 1342 2062 l‘ater
1369 2019 1589 2074 teterne,
1620 2008 1859 2077 perfecte
1887 2008 2106 2062 laudare

529 2119 634 2162 non
659 2117 964 2173 possumus,
993 2102 1062 2155 ab
1084 2101 1169 2154 bis
1197 2099 1476 2169 spiritibus
1505 2099 1621 2154 laus
1654 2108 1742 2152 tua
1770 2099 2103 2167 perficiatur,

528 2208 666 2262 quos
697 2193 791 2247 tibi
821 2193 1099 2246 adbterere
1133 2190 1578 2245 indissolubiliter
1611 2189 1862 2252 voluisti,
1892 2197 1949 2244 et
1973 2204 2106 2258 quas

527 2284 736 2338 animas
773 2283 838 2338 de
877 2284 980 2337 hac
1012 2281 1307 2337 easnolenta
1349 2280 1736 2334 iubabitatione
1765 2295 1928 2348 puras
1956 2288 2010 2334 et
2038 2281 2106 2334 ad

527 2373 869 2427 serviendum
901 2371 996 2426 tibi
1033 2371 1229 2425 liberas
1268 2371 1536 2424 exemisti.
1572 2369 1720 2424 Unde
1760 2386 1887 2432 cum.
1912 2384 2106 2440 magno

527 2461 794 2516 desiderio
808 2475 902 2531 per
919 2475 1017 2516 nos
1037 2459 1198 2516 etiam
1227 2460 1364 2514 hanc
1395 2459 1606 2514 laudem
1633 2459 1942 2529 perﬁciendi
1973 2460 2101 2514 sub-

525 2550 797 2624 iungimus
823 2565 836 2603 :

1145 2628 1492 2698 CAPUTIH.

607 2733 687 2788 De
714 2733 959 2799 petitione
989 2734 1141 2787 tertia
1173 2746 1190 2783 :
1228 2750 1247 2784 ι
1277 2734 1528 2787 Adveniat
1556 2749 1768 2802 regnum
1797 2742 1964 2787 tuum.
1997 2751 2015 2784 ι

595 2823 850 2878 Adveniat
891 2837 1106 2888 regnum
1145 2832 1312 2874 tuum.
1363 2820 1560 2876 Sancta
1601 2822 1838 2877 Ecclesia
1881 2836 2102 2891 regnum

525 2912 726 2990 Christi
761 2919 874 2976 est,
907 2909 1057 2979 cujus
1091 2911 1204 2980 ipse
1246 2910 1495 2979 princeps
1520 2911 1657 2977 erit,
1687 2925 1966 2980 quousque
1995 2911 2100 2964 ini-

1351 181 1828 239 TllEODORICUS
1877 179 1957 233 PA
1970 173 2540 232 DERBRUNNENSIS
2579 177 2963 234 CANONlCUS
3699 176 3802 229 355

2828 287 3054 342 CAPUT
3094 287 3180 340 IV.

2218 396 2291 450 De
2319 400 2564 466 petitione
2585 409 2770 468 quarta
2796 413 2812 451 :
2842 418 2859 450 ‹
2892 398 3008 481 iat
3041 401 3275 454 voluntas
3302 410 3392 454 tua
3424 403 3556 456 sicut
3586 404 3644 457 in
3673 405 3800 456 cado

2818 480 2862 528 et
2892 480 2944 522 in
2975 481 3132 523 terra.
3166 491 3183 522 ι

2286 551 2408 608 Fiat
2438 557 2674 612 voluntas
2704 569 2792 612 tua
2822 559 2953 612 sicut
2988 560 3040 613 in
3079 559 3204 614 cazlo
3239 570 3286 614 et
3330 562 3384 615 in
3427 572 3589 615 terra.
3631 561 3711 618 Ae
3753 566 3795 618 si

2213 645 2454 701 dicamus
2499 666 2512 700 :
2565 649 2886 718 Propterea,
2941 651 3268 720 sempiterne
3316 652 3516 716 Pater,
3567 667 3794 724 regnum

2216 745 2364 791 tuum
2391 749 2638 808 optamus
2669 741 2944 804 advenire,
2975 750 3033 794 ut
3063 752 3116 796 et
3158 757 3275 806 nos,
3303 745 3392 811 qui
3425 744 3478 797 in
3512 753 3662 798 terra
3701 761 3796 799 su-

2214 840 2352 891 mus,
2381 827 2514 881 tales
2539 825 2834 883 elﬁciamur
2868 831 2956 898 qui
2987 845 3014 884 a
3057 840 3142 884 tua
3172 829 3448 887 voluntate
3490 849 3598 886 non
3630 849 3793 888 exce-

2213 916 2424 978 damus,
2453 917 2590 971 sicut
2621 933 2717 972 nec
2745 919 2819 973 illi
2851 919 3116 973 excedunt
3144 921 3234 990 qui
3283 931 3408 974 sunt
3453 922 3507 976 in
3544 922 3712 987 caelo,
3747 925 3796 977 id

2214 1015 2316 1073 est,
2340 1007 2592 1062 Christus
2615 1009 2728 1078 ipse
2749 1009 2918 1063 Filius
2942 1019 3080 1070 tuus,
3107 1011 3363 1066 Dominus
3390 1021 3597 1077 noster,
3624 1023 3684 1067 et
3705 1016 3795 1082 qui

2213 1114 2334 1153 cum
2364 1113 2430 1152 eo
2458 1109 2582 1152 sunt
2618 1113 2806 1154 omnes
2847 1101 3040 1154 sancti.
3089 1101 3152 1154 Et
3178 1111 3355 1170 potest
3394 1101 3556 1170 hujus
3586 1103 3795 1158 littera-

2215 1200 2346 1245 turte
2377 1193 2498 1246 talis
2525 1207 2646 1248 esse
2673 1194 3008 1247 continuatio
3037 1211 3051 1248 :
3084 1195 3336 1248 Adveniet
3364 1211 3582 1264 regnum
3618 1206 3790 1260 tuum,

2211 1285 2488 1348 subaudis,
2519 1293 2578 1338 ut
2613 1286 2708 1352 ﬁat
2749 1285 2986 1340 voluntas
3029 1297 3140 1350 tua,
3166 1295 3220 1340 et
3247 1286 3474 1355 reliqua.
3505 1287 3794 1342 Verumta-

2212 1388 2334 1427 men
2367 1389 2473 1428 non
2515 1376 2808 1446 incongrue
2838 1379 3134 1432 membrum
3165 1393 3328 1430 unum
3365 1392 3462 1447 per
3500 1393 3561 1433 se
3589 1380 3793 1446 accipi-

2211 1472 2316 1516 tur.
2356 1462 2478 1517 Fiat
2511 1465 2749 1519 voluntas
2779 1478 2892 1520 tua.
2927 1467 3081 1522 Prius
3111 1467 3254 1521 enim
3284 1469 3595 1537 Optavimus
3619 1485 3796 1524 saecu-

2211 1553 2318 1606 lum
2349 1554 2488 1608 istud
2518 1557 2906 1622 consummari,
2935 1572 3157 1626 regnum
3187 1557 3443 1612 Ecclesia:
3489 1558 3600 1612 Deo
3643 1558 3793 1611 Patri

2212 1656 2240 1694 a
2283 1641 2420 1695 Filio
2453 1644 2611 1698 tradi.
2638 1643 2766 1710 Qua:
2791 1661 2913 1700 cum
2948 1645 3099 1711 bunt,
3130 1647 3330 1701 sanctis
3359 1647 3550 1717 gloria:
3592 1650 3794 1718 sempi-

2211 1739 2364 1784 terna
2405 1732 2684 1799 exaltatio,
2717 1744 2772 1789 et
2805 1737 3185 1792 contaminatis
3213 1738 3571 1793 criminaliter
3615 1756 3794 1810 prensa

2210 1821 2520 1876 indeﬁciens
2543 1823 2865 1879 humiliatio.
2893 1825 3060 1892 Igitur
3087 1826 3344 1892 Joannes,
3369 1813 3548 1882 ﬁdelis
3575 1839 3792 1898 aposto-

2207 1911 2289 1966 lus
2323 1921 2377 1964 et
2411 1914 2673 1981 eruditor,
2705 1917 2885 1970 sciens
2926 1918 3082 1972 nobis
3127 1918 3414 1972 adventuum
3460 1918 3606 1974 illius
3635 1922 3792 1991 regni

2203 1999 2495 2054 olluturum
2539 2003 2641 2057 nisi
2672 2005 2726 2058 in
2762 2005 2950 2061 diebus
2980 2008 3162 2062 carnis
3193 2019 3392 2064 nostra:
3424 2010 3477 2063 in
3510 2011 3671 2065 nobis
3702 2028 3792 2066 ro-

2206 2089 2386 2145 luutas
2414 2092 2506 2146 Dei
2537 2093 2723 2160 ﬁeret,
2761 2095 3032 2166 subjungit
3067 2099 3246 2152 statim
3284 2099 3412 2152 illud
3443 2116 3567 2156 esse
3602 2115 3789 2171 peten—

2206 2185 2350 2236 dum.
2382 2183 2466 2237 Fit
2494 2193 2672 2239 autem
2703 2187 2754 2239 in
2784 2188 2936 2242 nobis
2961 2189 3208 2245 voluntas
3238 2190 3354 2256 Dei,
3381 2208 3507 2247 cum
3530 2203 3586 2248 et
3611 2198 3786 2249 saneti

2203 2282 2257 2327 et
2287 2273 2615 2331 immaculati
2648 2289 2832 2329 sumus
2862 2277 2915 2330 in
2945 2288 3232 2347 conspectu
3256 2279 3394 2347 ejus.
3427 2280 3565 2336 Hinc
3589 2282 3786 2336 Paulus

2205 2366 2281 2419 ait
2310 2383 2323 2418 :
2354 2365 2449 2420 Est
2480 2366 2616 2420 enim
2644 2367 2879 2422 voluntas
2923 2369 3018 2422 Dei
3059 2371 3405 2439 sanctiﬁcatio
3444 2384 3637 2439 vestra,
3668 2390 3782 2443 qua

2205 2467 2314 2508 tum
2362 2456 2600 2524 perfecta
2629 2457 2735 2511 erit
2776 2474 2899 2512 cum
2931 2475 3025 2528 per
3054 2461 3266 2514 mundie
3306 2461 3658 2530 regitationis
3693 2479 3782 2517 ar-

2204 2555 2471 2600 maturam
2499 2548 2802 2602 eontrarias
2845 2558 3026 2618 pestes
3051 2563 3082 2603 e
3109 2551 3300 2620 spiritu
3343 2560 3537 2617 nostro
3566 2564 3781 2623 protur-

2205 2636 2541 2702 baverimus,
2594 2648 2648 2692 et
2703 2639 3105 2707 inquinamenta
3159 2643 3406 2710 superbae
3460 2646 3647 2700 carnis
3692 2662 3781 2714 per

2204 2727 2592 2781 continentiam
2623 2728 3088 2798 delimaverimus;
3132 2742 3186 2785 et
3211 2739 3613 2790 contumaciam
3647 2737 3781 2791 illius

2203 2819 2303 2872 sub
2349 2819 2482 2888 pede
2527 2820 2740 2872 tandem
2782 2821 3030 2888 perfecta:
3075 2823 3342 2878 castitatis
3383 2827 3782 2894 proculcareri-

2203 2921 2341 2960 mus.
2381 2907 2516 2962 llinc
2545 2907 2687 2962 idem
2716 2910 2791 2963 ait
2817 2928 2831 2964 :
2866 2910 3176 2966 Mundemus
3204 2931 3294 2968 nos
3335 2903 3414 2968 ab.
3435 2919 3581 2970 omni
3609 2920 3780 2987 inqui-

526 3003 695 3056 micos
724 3015 850 3056 suos
872 3001 1066 3068 partim
1091 3015 1186 3068 per
1207 3001 1396 3069 gratia:
1425 3001 1766 3066 electionem,
1787 3003 1984 3070 partim
2006 3016 2101 3070 per
2127 3009 2171 3070 ς
2205 3006 2445 3048 namento
2467 2998 2638 3051 carnis
2661 3014 2722 3050 ac
2746 3001 2931 3067 spiritu
2951 3002 3270 3070 perﬁcientes
3291 3007 3779 3073 sanctiﬁcationrns.

528 3085 960 3154 reprobationem
1000 3083 1224 3153 pedibus
1255 3084 1364 3138 suis
1401 3087 1710 3154 subjecerit.
1739 3086 1876 3140 Hinc
1905 3085 2100 3140 Paulus

528 3175 605 3228 ait
637 3191 649 3226 :
685 3172 896 3242 Oportet
925 3171 1096 3237 illum;
1127 3172 1178 3226 id
1215 3183 1296 3226 est
1336 3173 1632 3239 Christum,
1669 3191 1901 3245 regnare,
1937 3175 2099 3230 donec

525 3274 685 3334 ponat
710 3280 884 3317 omnes
908 3279 1030 3317 suos
1060 3264 1295 3316 inimicos
1317 3264 1412 3318 sub
1441 3265 1654 3335 pedibus
1679 3266 1807 3320 suis.
1836 3265 1948 3332 Qua
1976 3266 2100 3320 sub-

528 3355 761 3423 iectione
786 3362 1177 3417 consummata,
1212 3362 1266 3406 et
1295 3369 1324 3407 a
1357 3356 1756 3424 sapientissimo
1782 3370 1909 3424 rege
1934 3369 2098 3425 regno

529 3443 926 3515 sapientissime
968 3445 1237 3508 ordinato,
1287 3444 1478 3508 tradet,
1526 3445 1653 3498 illud
1701 3445 1810 3500 Deo
1849 3446 2009 3513 Patri
2045 3445 2099 3499 in

528 3546 771 3606 tempore
801 3535 1116 3599 novissimo,
1139 3543 1198 3587 ut
1224 3534 1418 3590 Paulus
1442 3536 1515 3588 ait
1543 3551 1556 3589 :
1587 3535 1785 3590 Deinde
1811 3537 1949 3604 ﬁnis,
1981 3553 2099 3591 cum

528 3627 800 3681 tradiderit
838 3641 1050 3695 regnum
1077 3625 1185 3678 Deo
1214 3635 1260 3678 et
1293 3623 1460 3680 Patri.
1499 3625 1553 3679 ln
1584 3641 1692 3694 quo
1726 3642 1889 3698 regno
1921 3645 1950 3680 a
1991 3627 2100 3684 Deo

529 3716 689 3770 Patre
722 3725 969 3785 suscepto
1015 3730 1111 3770 nos
1137 3717 1671 3783 comprehendamus,
1703 3725 1761 3770 ut
1802 3733 1898 3772 nos
1941 3709 2100 3772 modo

529 3805 908 3875 comprehensi
938 3821 1152 3869 sumus;
1186 3819 1588 3875 cognoscemus,
1621 3815 1679 3859 ut
1715 3807 1872 3860 modo
1897 3807 2098 3876 cogniti

528 3911 732 3960 sumus,
759 3893 909 3963 cujus
934 3897 1090 3950 modo
1114 3894 1496 3963 perfectionem
1526 3913 1630 3951 non
1659 3897 1936 3952 habemus.
1964 3898 2098 3953 Hinc

529 3985 725 4039 Paulus
761 3984 878 4038 ait:
913 3981 1042 4038 Etsi
1081 3975 1205 4054 quid
1247 3985 1400 4038 aliter
1436 3987 1635 4054 sapitis,
1679 3995 1728 4039 et
1766 3986 1862 4038 hoc
1899 4002 2100 4056 quoque

529 4077 668 4131 vobis
704 4075 843 4129 Deus
875 4074 1137 4128 revelabit.
1170 4073 1224 4126 ιε]
1251 4082 1334 4127 est
1363 4092 1374 4126 :
1407 4074 1454 4128 si
1491 4076 1725 4143 perfecte
1757 4077 1920 4130 Deum
1951 4076 2102 4130 Cbri-

529 4175 780 4234 stumque
812 4181 967 4219 suum
997 4180 1101 4218 non
1135 4164 1448 4234 intelligitis,
1479 4166 1568 4233 qui
1597 4165 1743 4219 dedit
1770 4165 1819 4218 id
1851 4167 1995 4235 quod
2024 4178 2100 4222 te-

533 4258 692 4320 netis,
726 4243 839 4323 ipse
871 4255 924 4308 in
959 4268 1126 4323 regno
1158 4253 1259 4307 illo.
1282 4254 1540 4308 revelabit
1577 4255 1788 4308 residua
1817 4254 2102 4325 perfectio-

2201 3085 2326 3140 llaec
2346 3085 2457 3154 jam
2485 3088 2537 3140 iu
2569 3089 2651 3142 bis
2674 3089 2912 3156 perfecta
2939 3101 3040 3156 est,
3062 3093 3153 3160 qui
3178 3109 3274 3162 per
3300 3094 3422 3148 ﬁdei
3448 3106 3779 3151 armaturam

2202 3177 2500 3232 incursanti
2537 3179 2675 3234 hosti
2705 3197 2763 3235 se
2789 3197 3105 3251 Opposuere,
3135 3193 3188 3238 et
3219 3200 3283 3240 eo
3315 3187 3480 3252 victo,
3514 3189 3627 3242 imo
3658 3206 3780 3245 con-

2200 3269 2431 3334 culcato,
2465 3272 2532 3326 ad
2576 3271 2774 3341 palatia
2823 3276 3018 3328 summi
3053 3276 3212 3347 Regis
3252 3279 3333 3331 sui
3363 3278 3524 3334 (lueis
3555 3283 3780 3343 rediere.

2201 3369 2257 3415 et
2285 3375 2513 3415 coronas
2539 3362 2901 3429 prtemiorum,
2951 3366 3158 3436 virgam
3204 3378 3478 3438 perpetua:
3519 3371 3780 3426 libertatis

2201 3465 2322 3505 cum
2357 3451 2717 3506 exsultatione
2760 3469 3071 3525 suscepere;
3122 3471 3314 3527 magno
3346 3469 3529 3514 tamen
3560 3462 3779 3517 consilia

2200 3542 2600 3612 Dispensatoris
2644 3559 2852 3600 summa
2895 3547 3072 3603 adhuc
3115 3549 3389 3604 subtracta
3435 3534 3778 3620 praemiorum

2199 3633 2318 3688 sine
2347 3648 2623 3688 murmure
2650 3641 2706 3688 et
2735 3635 3066 3704 impatientia
3104 3639 3478 3694 emeritorum.
3510 3643 3614 3708 Qui
3641 3644 3778 3696 enim

2201 3725 2328 3778 hinc
2364 3723 2431 3778 ad
2461 3724 2626 3780 caries
2649 3727 3158 3796 commigraverunt,
3189 3739 3398 3797 partem
3430 3731 3777 3786 beatitudinis

2200 3827 2589 3887 perceperunt,
2637 3819 2691 3873 in
2737 3828 2932 3873 caetero
2962 3837 3061 3876 nos
3088 3831 3488 3890 exSpeetantes,
3524 3834 3587 3878 ut
3626 3826 3778 3879 simul

2198 3907 2450 3962 omnibus
2479 3911 2888 3973 consummatis,
2919 3918 2974 3964 et
3011 3911 3170 3965 simul
3210 3912 3632 3980 exsultantibus,
3663 3917 3776 3969 talis

2199 3999 2399 4054 ltetitia:
2431 4009 2724 4054 concentus
2767 4000 2822 4054 in
2865 4001 3024 4056 domo
3064 4003 3248 4056 :eterni
3298 4003 3462 4074 Regis
3501 4016 3558 4059 et
3600 4022 3673 4075 sp‘
3697 4009 3773 4060 nsi

2199 4088 2424 4153 oriatur,
2471 4086 2645 4157 qualis
2687 4089 2840 4144 decet
2881 4091 3475 4160 incompreliensibilem
3529 4097 3776 4164 majesta-

2202 4185 2341 4242 tem,
2379 4176 2633 4230 familiam
2662 4178 2807 4232 omni
2842 4179 3037 4234 decore
3079 4180 3399 4247 fulgentem,
3433 4197 3692 4253 sponsum
3723 4188 3771 4238 in

2202 4268 2346 4320 omni
2371 4267 2618 4322 castitate
2651 4267 3051 4336 procedentem,
3085 4271 3346 4340 virginem
3375 4272 3771 4330 immaculatam

533 4349 636 4401 nis.
669 4347 723 4400 lu
751 4347 852 4399 hoc
877 4359 1089 4412 quoque
1117 4345 1515 4413 persecutiones
1543 4345 1818 4398 hominum
1848 4361 1952 4399 non
1982 4360 2101 4415 per-
2129 4333 2179 4391 Ῐ)
2205 4358 2258 4411 in
2291 4357 2570 4425 amplexus
2601 4357 2716 4426 ejus
2737 4368 3128 4414 occurrentem.
3159 4360 3294 4416 l'liuc
3321 4361 3525 4420 Paulus
3552 4368 3630 4420 ait
3660 4385 3671 4420 ε
3706 4366 3773 4418 Hi

535 4436 887 4500 timescimus,
919 4433 1078 4499 fame,
1107 4434 1196 4487 siti
1238 4449 1342 4488 non
1388 4435 1702 4500 areseimus,
1748 4435 1967 4506 frigore
1993 4453 2100 4492 non

536 4522 910 4601 torpescimus,
958 4536 1055 4576 nec
1096 4522 1297 4576 erimus
1336 4523 1582 4576 servituti
1625 4524 1806 4578 carnis
1849 4524 2097 4590 obnoxii,

532 4615 630 4669 sed
671 4613 722 4666 in
748 4613 902 4666 laude
929 4613 1020 4667 Dei
1054 4613 1235 4677 liberi;
1270 4628 1368 4668 nec
1402 4615 1652 4682 antiquus
1683 4614 1851 4669 hostis
1878 4617 2102 4672 insulta-

536 4704 636 4768 bit,
662 4718 783 4758 cum
812 4703 1080 4767 Christus,
1107 4714 1165 4755 ut
1191 4703 1388 4758 Paulus
1409 4704 1506 4766 ait,
1534 4720 1733 4758 omnem
1753 4707 2100 4774 principatum

537 4804 586 4848 et
613 4803 912 4864 potestatem
948 4803 992 4846 et
1025 4794 1260 4846 virtutem
1297 4794 1638 4846 evacuaverit.
1670 4793 1802 4848 Cum
1831 4810 1978 4863 ergo,
2010 4798 2103 4852 ad-

537 4885 788 4938 veniente
815 4882 906 4936 Dei
935 4882 1110 4936 Patris
1144 4896 1326 4950 regno,
1362 4881 1428 4934 de
1460 4879 1603 4934 omni
1641 4884 1960 4938 necessitate
1989 4886 2104 4939 cxi-

540 4987 774 5035 mamur,
805 4981 858 5026 et
879 4972 1055 5026 omnis
1080 4971 1267 5040 gratiae
1296 4968 1556 5038 perfectio
1592 4969 1746 5025 nobis
1771 4971 2102 5040 conferatur,

541 5043 599 5117 ut
625 5072 680 5118 et
712 5064 765 5116 in
796 5061 950 5115 nobis.
991 5061 1104 5129 qui,
1132 5058 1475 5128 corruptione
1505 5059 1683 5113 carnis
1712 5061 1970 5130 impediti,
2005 5079 2102 5117 vo-

2207 4463 2310 4499 non
2351 4458 2655 4516 acceperunt
2693 4449 3139 4515 repromissionem
3169 4449 3348 4505 melius
3375 4453 3588 4521 aliquid
3614 4457 3774 4524 prori-

2205 4536 2352 4589 dente
2386 4535 2608 4589 Domino
2635 4553 2728 4604 pro
2756 4537 2919 4600 nobis,
2944 4553 3008 4590 ne
3029 4539 3140 4591 sine
3175 4540 3318 4593 nobis
3345 4558 3772 4598 consummaret:-

2205 4635 2308 4678 tur.
2360 4625 2546 4680 Melius
2583 4627 2726 4681 enim
2771 4628 2876 4681 erit
2922 4629 3171 4684 omnibus
3212 4632 3388 4696 nobis,
3417 4650 3543 4688 cum
3587 4648 3641 4690 et
3685 4653 3772 4706 pro

2205 4724 2389 4771 nostra
2435 4724 2490 4770 et
2529 4731 2625 4785 pro
2675 4717 2900 4771 aliorum
2951 4718 3284 4774 beatitudine
3337 4723 3502 4776 simul
3553 4725 3771 4779 im‘iCcm

2209 4806 2568 4861 communiter
2587 4807 2994 4862 exsultahimus.
3025 4809 3190 4877 Igitur
3209 4827 3330 4865 cum
3357 4813 3594 4869 dicimus
3618 4833 3633 4868 :
3661 4814 3769 4867 Fiat

2207 4895 2445 4950 voluntas
2475 4905 2565 4948 tua
2593 4897 2723 4949 sicut
2761 4897 2814 4950 in
2845 4897 2967 4950 cmlo
2993 4907 3040 4950 et
3068 4899 3121 4950 in
3149 4909 3306 4964 terra,
3348 4900 3402 4953 id
3431 4904 3770 4956 obsecramus

2207 4985 2284 5038 uti
2315 5000 2430 5048 nos,
2466 4985 2558 5054 qui
2602 4987 2866 5040 adbuc'in
2909 4988 3105 5042 castris
3137 4987 3336 5041 militia:
3366 4989 3543 5046 ﬁdelis
3573 4992 3772 5060 impeti-

2208 5090 2348 5142 mur,
2395 5077 2567 5130 sancti
2607 5086 2661 5129 et
2701 5077 3027 5131 immaculati
3069 5093 3473 5144 conservemur,
3518 5083 3659 5136 sicut
3701 5082 3766 5132 illi
