3938 5380
80 275 188 334 $37

1118 273 1186 330 IN
1226 273 1626 332 ORATIONEM
1667 273 2066 332 DOMINICAM.

3248 272 3352 327 338

2786 343 2968 373 ωηι-

79 404 166 440 me
192 387 366 440 adhuc
396 379 842 458 comprehendisse
865 404 882 442 :
905 405 1092 458 sequar
1117 398 1314 453 autem,
1339 391 1382 442 si
1410 389 1668 459 quomodo
1697 392 1743 452 Α
1771 390 1939 458 effecti
1961 404 2164 452 sumus,
2186 395 2231 441 sl
2251 393 2478 453 lmtium,
2510 388 2560 442 id
2590 403 2671 443 εει
2696 362 2884 453 tinem,
2905 362 3208 442 suosman
3231 390 3356 444 reti:

78 479 543 546 comprehendam.
589 478 756 533 Porro
796 479 862 534 ad
907 480 1212 534 sanctitatis
1249 480 1678 534 consummatio—

82 583 208 621 nem
234 568 388 630 ﬁdes,
413 583 538 637 quae
558 569 820 624 bonorum
843 571 1082 623 omnium
1107 578 1186 625 est
1209 569 1445 634 initium,
1468 584 1676 624 summe

81 666 168 709 est
211 658 549 719 necessaria,
579 673 675 726 per
693 673 854 727 quam
878 668 931 712 et
955 660 1200 725 patribus
1226 659 1677 727 prmcedentibus,

81 758 142 799 et
170 745 442 802 fratribus
475 748 856 817 praesentibus,
885 757 938 802 et
975 746 1099 802 ﬁliis
1133 748 1466 802 successoris
1495 746 1679 801 confe-

86 847 242 892 retur
264 838 501 905 justitia.
529 839 665 894 Hine
690 840 952 908 scriptum
975 849 1058 893 est
1082 856 1094 892 :
1117 839 1300 894 Justus
1324 855 1387 892 es:
1409 839 1513 907 ﬁde
1537 829 1677 903 vivit,

87 930 142 982 id
183 940 294 994 est,
323 931 507 999 justus
525 939 627 986 est.
661 931 1001 1001 Quapropter
1030 931 1290 985 Dominus
1317 930 1472 986 Jcsus
1509 929 1682 985 ﬁdelis

86 1022 361 1086 eruditur,
406 1030 465 1077 et
505 1023 744 1078 omnium
782 1023 835 1076 in
867 1024 1096 1076 salutem
1145 1031 1380 1076 nostram
1408 1030 1680 1090 operator,

85 1113 367 1179 quomodo
395 1125 514 1166 eam
544 1122 848 1183 peteremus
870 1113 1083 1168 edocuit
1104 1113 1290 1168 dicens
1315 1130 1328 1165 :

725 1226 954 1282 CAPUT
994 1227 1057 1282 V.

91 1318 173 1373 De
203 1319 454 1388 petifione
483 1318 663 1388 quinta
701 1335 720 1372 :
758 1337 775 1368 ι
825 1317 1020 1372 Panem
1056 1329 1287 1373 nostrum
1323 1318 1686 1388 quotidianum

649 1391 718 1441 da
747 1389 892 1442 nobis
921 1391 1094 1443 hodie.
1135 1410 1152 1441 ι

168 1477 377 1534 Panem
411 1488 649 1532 nostrum
671 1479 1034 1548 quotidianum
1057 1481 1124 1532 da
1149 1480 1294 1533 nobis
1322 1480 1492 1532 hodie.
1525 1476 1690 1531 Panis

93 1571 268 1633 enim,
310 1571 365 1624 id
412 1578 498 1625 est
545 1569 888 1636 sustentatio,
922 1585 1080 1640 quem
1133 1571 1222 1625 hic
1270 1571 1524 1640 petimus,
1559 1569 1693 1623 ﬁdes

93 1661 443 1730 intelligitur.
494 1659 598 1716 Per
628 1663 767 1717 hanc
811 1677 942 1717 vero
987 1663 1038 1716 in
1091 1663 1270 1718 srcculi
1318 1672 1480 1718 aetate
1518 1663 1691 1732 prima

1777 480 2065 532 nuerimus.
2096 478 2158 532 Et
2182 494 2393 532 rursum
2421 497 2434 532 :
2460 479 2738 548 xEdiﬁcali
2763 495 2916 548 super
2937 479 3352 548 fundamentum,

1778 568 1830 622 id
1860 577 1944 622 est
1984 568 2167 633 ﬁdem,
2216 569 2590 638 apostolorum.
2645 569 2750 624 Sed
2789 583 2910 622 cum
2955 568 3112 622 ﬁdem
3157 567 3356 622 Christi

1779 659 2116 728 proﬁtemur,
2151 668 2208 711 et
2244 659 2295 712 in
2341 659 2664 729 baptismate
2707 658 2946 728 peccatis
2971 657 3355 727 cruciﬁgimnr,

1779 757 1835 801 et
1881 747 1935 802 in
1980 748 2268 817 sepultura:
2319 748 2609 803 Dominicaa
2649 749 2861 819 signum
2910 749 2980 803 ibi
3015 747 3359 818 sepeliemur,

1782 840 1905 895 inde
1943 850 2317 911 resurgentes,
2376 841 2655 895 nobiscum
2707 841 3041 896 resuscitatis
3075 838 3364 892 virtutibus

1783 940 1836 993 in
1898 939 2298 995 similitudinem
2361 939 2772 994 resurrectionis
2830 945 3166 992 mortuorum
3238 949 3364 989 cum

1783 1033 2033 1098 Christo,
2082 1033 2346 1087 universa:
2396 1033 2674 1103 religionis
2721 1031 3042 1086 Cbristianm
3095 1029 3368 1084 debitores

1785 1120 1960 1176 eﬁ‘ecti
2011 1136 2216 1175 sumus.
2264 1122 2418 1177 Sicut
2462 1122 2605 1176 enim
2652 1119 2926 1175 carnalem
2973 1117 3212 1173 Judaeum
3258 1117 3368 1169 cit~

1787 1210 2048 1266 cumcisio
2071 1210 2122 1264 in
2148 1226 2312 1267 carne
2343 1211 2496 1282 legis,
2523 1211 2661 1265 data:
2688 1225 2784 1280 per
2807 1209 3048 1280 Moysen,
3074 1207 3371 1262 debitorem

1788 1300 2089 1365 constituit,
2117 1302 2387 1371 quomodo
2412 1300 2746 1371 spiritualem
2787 1300 3136 1354 conﬁtentem
3176 1299 3376 1352 sancti-

1792 1390 1974 1445 ﬁcatio
2005 1391 2058 1444 in
2102 1391 2292 1460 spiritu
2323 1391 2505 1445 debito
2531 1389 2737 1460 gratim,
2783 1403 2881 1458 per
2909 1387 3183 1443 Christum
3213 1401 3376 1441 evan-

1791 1480 2057 1550 gelizatae,
2088 1495 2195 1534 non
2225 1480 2521 1550 obligavit?
2559 1479 2694 1533 llinc
2729 1476 3028 1547 Paulusait
3057 1473 3379 1540 :Testiﬁcor

1793 1572 1935 1624 omni
1951 1571 2148 1624 homini
2165 1571 2557 1623 circumcidenti
2581 1586 2636 1624 se
2655 1570 2778 1639 quia
2801 1568 3004 1622 debitor
3024 1575 3098 1620 est
3128 1565 3379 1617 universae

1796 1659 1923 1730 legis
1953 1659 2227 1728 faciendae.
2256 1659 2363 1714 Sed
2392 1675 2514 1714 cum
2542 1658 2849 1730 persolvere
2876 1656 3168 1726 pergimus,
3200 1667 3383 1722 persc-

95 1751 232 1803 Abel
256 1750 460 1820 justus,
499 1759 554 1804 et
596 1751 782 1807 Enoch
814 1752 926 1806 Deo
953 1752 1175 1822 placens
1213 1753 1342 1807 salvi
1377 1754 1504 1808 facti
1542 1762 1688 1808 sunt.
1724 1739 1768 1799 Β
1797 1759 1952 1806 cutor
1979 1750 2203 1815 invadit,
2232 1759 2529 1820 oppugnat,
2562 1749 2876 1819 frequenter
2903 1747 3091 1810 vincit,
3120 1744 3384 1798 violenter

97 1841 217 1896 Noe
259 1858 480 1914 quoque
508 1852 670 1914 caput
712 1844 889 1898 aetatis
930 1845 1198 1910 secundm,
1245 1861 1449 1916 suaque
1478 1847 1691 1910 domus,

99 1950 197 2005 per
246 1936 407 1990 ﬁdem
457 1937 702 1993 heredes
743 1938 968 2008 justitize
1017 1948 1144 1993 sunt
1192 1941 1447 1995 instituti.
1495 1941 1694 1998 Eadem

101 2041 319 2095 quoque
362 2029 706 2098 patriarchas
735 2031 889 2084 tertia
919 2040 1079 2086 tetale
1107 2031 1346 2103 insignes
1377 2033 1430 2087 in
1463 2033 1693 2103 promis-

102 2119 276 2172 sionis
336 2121 569 2189 gratiam
624 2123 894 2176 subvexit.
951 2122 1168 2189 Quarta:
1215 2127 1388 2180 aetatis
1445 2126 1694 2196 Moysen,

103 2209 309 2278 quinta:
332 2210 502 2264 David
534 2211 802 2281 principes
827 2213 939 2284 ipsa
966 2216 1263 2270 coronavit.
1290 2216 1346 2270 In
1373 2225 1520 2272 sexta
1548 2233 1696 2279 vero,

105 2314 272 2367 quam
300 2299 414 2370 ipse
441 2311 634 2358 auctor
659 2304 901 2358 omnium
940 2305 1195 2368 initiavit,
1227 2317 1281 2362 et
1311 2309 1594 2378 praesentia
1616 2309 1700 2365 sui

104 2391 522 2459 condecoravit,
549 2396 773 2463 apostoli
804 2405 859 2450 ct
883 2413 1071 2452 eorum
1097 2398 1394 2455 imitatores
1417 2417 1514 2470 per
1540 2403 1700 2457 lidem

106 2484 410 2553 participes
435 2485 636 2541 Christi
667 2496 794 2542 sunt
831 2487 1031 2543 eﬁ'ecti.
1076 2490 1254 2560 Atque
1292 2492 1342 2546 iu
1371 2493 1515 2546 ouini
1545 2501 1702 2546 aetate

107 2574 337 2640 seculi,
382 2586 649 2646 quotquot
689 2577 851 2646 justi,
898 2595 996 2648 per
1035 2581 1192 2636 ﬁdem
1234 2581 1396 2650 justi,
1444 2591 1704 2651 quotquot

110 2663 268 2727 salvi,
297 2679 394 2734 per
423 2664 580 2719 ﬁdem
618 2667 752 2720 salvi
781 2686 793 2720 :
825 2667 952 2722 Siue
980 2669 1085 2738 ﬁde
1105 2671 1240 2723 enim
1270 2671 1585 2739 impossibile
1607 2682 1701 2735 est,

110 2768 428 2822 quemquam
457 2753 661 2824 placere
686 2755 817 2810 Deo.
865 2757 1033 2813 Porro
1061 2775 1157 2813 sex
1185 2759 1540 2815 discretiones
1587 2761 1706 2815 ista:

113 2843 302 2896 saeculi
345 2853 400 2897 et
428 2846 656 2913 septima
703 2847 1078 2913 interminata,
1110 2864 1310 2904 vacans
1336 2851 1481 2904 omni
1515 2866 1708 2919 opera-

115 2932 265 2987 tione
289 2931 508 2998 laboris,
536 2933 884 2991 hebdomadte
907 2952 1003 3007 per
1024 2937 1138 2992 dies
1159 2953 1253 2992 sex
1278 2939 1344 2993 ad
1366 2955 1518 3008 opus,
1543 2941 1707 3010 septi-

117 3035 262 3074 mam
313 3023 378 3075 ad
430 3023 669 3092 requiem
717 3027 1073 3092 destinatam,
1122 3028 1456 3084 distiuctioni
1504 3029 1708 3087 similes

118 3121 266 3164 sunt.
297 3111 430 3165 Cum
457 3126 586 3182 ergo
611 3115 762 3185 panis
795 3117 918 3179 iste,
948 3118 1000 3172 id
1031 3126 1114 3172 est
1143 3120 1294 3183 ﬁdes,
1324 3137 1444 3190 qua:
1473 3131 1555 3178 est
1584 3139 1706 3178 sus-
1733 3101 1778 3162 (ἶ

121 3203 355 3257 tentatio
404 3213 458 3258 et
506 3205 906 3263 ﬁrmamentum
955 3211 1022 3264 ad
1053 3210 1284 3266 salutem
1333 3214 1386 3267 in
1422 3214 1566 3267 omni
1597 3215 1704 3278 die,

121 3292 173 3345 id
203 3301 290 3346 est
331 3303 492 3348 mtate
518 3296 701 3350 saeculi
751 3291 1111 3366 praecedente,
1142 3300 1306 3355 fuerit
1347 3303 1707 3368 necessarius,

116 3378 238 3446 jure
266 3396 392 3435 eum
416 3384 788 3452 quotidianum
817 3387 1171 3455 appellantes,
1202 3405 1232 3443 a
1269 3389 1377 3446 Deo
1406 3391 1564 3445 Patre
1589 3405 1708 3446 ero-

119 3472 239 3540 gari
275 3472 449 3536 hodie,
482 3475 532 3528 id
559 3485 642 3530 est
670 3477 771 3530 hoc
794 3481 982 3547 gratia:
1015 3487 1259 3548 tempore
1288 3480 1622 3550 ﬂagitamus;
1648 3497 1712 3536 ac

120 3563 164 3614 si
196 3571 389 3630 aperte
417 3565 663 3620 dicamus
695 3584 707 3619 :
739 3566 783 3620 Ο
813 3569 954 3623 Deus
982 3569 1162 3636 Pater,
1195 3571 1354 3627 ﬁdem
1387 3574 1541 3628 nobis
1565 3573 1630 3627 da
1659 3574 1711 3626 in

120 3655 223 3708 hoc
249 3658 440 3725 gratia:
468 3667 710 3727 tempore
737 3659 1117 3727 existentibus,
1146 3679 1252 3733 qua
1281 3662 1472 3720 Patres
1500 3673 1715 3719 nostros

121 3760 317 3799 omnes
360 3745 622 3812 refecisti,
661 3763 797 3818 quos
841 3749 907 3804 ad
949 3751 1173 3820 gloriam
1221 3762 1364 3807 tuam
1414 3754 1467 3808 in
1512 3764 1714 3809 aeterno

125 3849 292 3903 regno
323 3845 414 3890 tuo
443 3839 841 3905 prmordiuasti.
878 3841 935 3895 Si
963 3843 1086 3911 quis
1117 3851 1293 3898 autem
1321 3843 1460 3900 forte
1497 3845 1600 3899 ista
1643 3844 1718 3899 lc-

124 3930 289 3998 gerit,
333 3939 391 3985 et
435 3932 487 3984 in
531 3931 712 4001 aliquo
751 3942 1044 3990 tractatore
1090 3938 1232 3992 sacri
1281 3939 1481 4009 eloquii
1528 3939 1716 3995 eadem

127 4016 286 4072 aliter
311 4019 558 4086 expOsita
578 4021 1027 4086 meminerit,non
1046 4032 1223 4079 tamen
1258 4025 1358 4080 ista
1387 4028 1718 4097 prtejudicet,

129 4110 190 4163 de
228 4111 405 4178 gratia
440 4110 676 4181 Spiritus
719 4115 1046 4169 sententiam
1085 4131 1190 4170 non
1231 4118 1550 4188 praecipitet.
1581 4122 1722 4174 Con-

131 4200 234 4254 ﬁdo
259 4203 407 4256 enim
436 4205 686 4258 eumdem
715 4204 1000 4273 Spiritum,
1031 4207 1121 4277 qui
1154 4208 1337 4263 divisit
1361 4209 1481 4264 aliis
1506 4225 1604 4278 pro
1627 4225 1723 4265 sua

129 4294 439 4357 voluntate,
477 4305 532 4348 et
563 4295 694 4347 mihi
742 4310 960 4363 quoque
1007 4305 1166 4365 prout
1217 4298 1418 4364 voluit,
1452 4299 1719 4354 divisisse.

131 4382 243 4437 Non
275 4395 362 4439 est
392 4386 648 4440 omnibus
679 4389 834 4441 nobis
876 4388 1017 4441 idem
1060 4389 1384 4455 intellectus,
1428 4392 1569 4446 sicut
1615 4407 1720 4445 non

1798 1860 1920 1915 quae
1944 1845 2192 1901 vehimus
2225 1846 2385 1914 rapit,
2421 1855 2481 1899 ut
2509 1860 2629 1914 qum
2656 1844 2941 1899 debuimus
2968 1843 3020 1896 in
3055 1842 3246 1895 horrea
3275 1838 3382 1893 Do-

1800 1939 1932 1993 mini
1988 1938 2158 1993 nostri
2213 1948 2516 2009 opportuno
2571 1947 2812 2008 tempore
2863 1951 2970 1991 non
3026 1933 3382 2006 perferamus.

1799 2028 1938 2095 Quid
1990 2029 2156 2098 igitur
2203 2027 2435 2085 Domino
2489 2037 2674 2084 nostro
2723 2025 3002 2083 dicemus?
3056 2023 3185 2078 Illud
3236 2030 3386 2077 certe

1799 2119 1941 2188 quod
1971 2118 2217 2189 sequitur
2243 2134 2259 2173 :

2408 2211 2636 2268 CAPUT
2677 2209 2764 2266 Vl.

1802 2324 1878 2379 De
1900 2326 2146 2393 petitione
2175 2334 2322 2380 seata
2355 2339 2372 2377 :
2417 2345 2434 2376 ι
2467 2323 2534 2377 Et
2562 2326 2765 2379 dimitte
2803 2324 2950 2378 nobis
2983 2323 3154 2378 debita
3187 2331 3390 2388 nostra,

1932 2395 2065 2448 sicut
2097 2407 2142 2449 et
2176 2413 2269 2449 nos
2296 2396 2610 2450 dimittimus
2636 2395 2957 2450 debitoribus
2992 2395 3202 2448 nostris.
3235 2413 3254 2446 ι

1871 2486 2088 2541 Dimitte
2117 2487 2265 2540 nobis
2293 2487 2465 2541 debita
2493 2495 2697 2551 nostra,
2735 2500 2855 2554 quae
2883 2501 2991 2540 non
3031 2484 3393 2547 reddidimus,

1803 2576 1944 2630 sicut
1972 2575 2066 2629 tibi
2109 2576 2475 2644 promisimus.
2520 2575 2742 2629 Dimitte
2783 2575 2958 2638 nobis,
2991 2574 3239 2638 Domine,
3268 2574 3396 2642 quia

1805 2666 2072 2721 donamus
2100 2667 2293 2718 nostris
2322 2665 2642 2719 debitoribus
2674 2665 2727 2718 in
2755 2673 2844 2718 tuo
2872 2665 3110 2718 nomine.
3138 2663 3245 2717 Sed
3271 2677 3394 2717 cum

1805 2757 1979 2810 hostis
2021 2754 2256 2810 fructum
2287 2765 2533 2810 nostrum
2575 2755 2951 2826 depopulatur,
2977 2754 3108 2824 jugo
3145 2767 3256 2806 sum
3288 2753 3396 2805 ini-

1807 2848 2031 2918 quitatis
2065 2859 2294 2902 conatur
2324 2861 2422 2901 nos
2450 2860 2700 2910 onerare,
2748 2854 2831 2912 et,
2882 2860 2952 2900 ne
2998 2845 3066 2899 ad
3113 2844 3398 2899 Dominum

1809 2947 2054 2992 nostrum
2097 2952 2196 3007 pro
2239 2937 2395 2992 venia
2439 2936 2777 3006 imploranda
2809 2935 3151 2999 festinemus,
3178 2949 3397 2989 cursum

1809 3039 2057 3086 nostrum
2087 3029 2368 3098 impedire.
2395 3028 2562 3098 Cujus
2582 3029 2794 3083 astutiae
2819 3037 2878 3082 ut
2904 3036 3030 3082 sunt
3053 3027 3404 3097 perniciosis-

1809 3124 1982 3188 simae,
2015 3123 2088 3178 ita
2132 3130 2260 3176 sunt
2298 3130 2352 3177 et
2380 3122 2561 3176 variae.
2605 3115 2848 3176 Primum
2880 3120 3023 3175 enim
3054 3134 3153 3174 nos
3191 3118 3246 3172 in
3279 3133 3404 3188 pas,-

1811 3214 1992 3272 siones
2017 3210 2270 3268 desiderii
2303 3212 2497 3277 tradit,
2525 3211 2719 3266 deinde
2751 3211 2803 3264 in
2831 3209 3194 3279 patrationem
3228 3207 3403 3262 scele-

1813 3306 1890 3362 ris
1930 3321 2102 3375 usque
2141 3304 2449 3369 succendit;
2499 3303 2624 3358 exin
2669 3309 2879 3356 mentes
2909 3307 3125 3354 nostras
3161 3298 3406 3354 tenebris

1812 3397 2087 3462 obvolvit;
2116 3406 2176 3450 ut
2207 3411 2329 3451 cum
2362 3395 2590 3450 mortale
2610 3392 2868 3464 ﬂagitium
2892 3400 3288 3462 perpetremus,
3312 3390 3400 3444 vel

1812 3502 2062 3556 parvum,
2091 3494 2146 3540 et
2175 3500 2279 3539 non
2311 3485 2628 3554 pmnitentia
2653 3485 2870 3553 dignum
2913 3483 3269 3546 aestimemus,
3316 3481 3406 3536 vel

1814 3578 1978 3633 etiam
2007 3575 2300 3646 quidquam
2333 3576 2672 3630 commisisse
2702 3574 3034 3644 ignoremus.
3077 3570 3216 3626 Sunt
3253 3570 3402 3624 enim

1817 3671 1906 3740 qui
1932 3667 2173 3721 avaritia:
2196 3667 2388 3734 laqueo
2411 3664 2756 3727 intricantur,
2780 3661 2864 3717 vel
2891 3662 2981 3732 qui
3009 3660 3194 3715 illicito
3219 3673 3407 3715 amore

1817 3759 2177 3820 delectantur,
2208 3755 2298 3823 qui
2329 3767 2427 3806 nec
2450 3767 2727 3821 peccasse,
2753 3766 2853 3805 nec
2880 3766 2938 3805 se
2965 3765 2993 3804 a
3023 3764 3190 3819 regno
3213 3749 3318 3823 Dei
3334 3749 3404 3802 ob

1820 3850 1936 3904 hmo
1979 3852 2193 3914 patrata
2239 3827 2564 3912 rejiciendos
2611 3841 2965 3895 arbitrantur.
3021 3839 3090 3893 At
3137 3839 3190 3892 in
3237 3837 3408 3893 Paulo

1823 3940 2058 4010 Spiritus
2090 3946 2309 3990 sanctus
2335 3942 2486 3998 erat;
2516 3933 2592 3987 ait
2620 3931 2764 3987 enim
2792 3945 2806 3983 :
2841 3929 2980 3984 Puto
3000 3929 3124 4000 quia
3151 3928 3410 3998 Spiritum

1824 4031 1919 4086 Dei
1963 4030 2147 4084 habeo.
2198 4027 2262 4079 Et
2309 4025 2360 4079 in
2413 4025 2526 4092 ipso
2570 4022 2820 4078 Christus
2861 4019 3183 4090 loquebatur
3220 4037 3233 4072 :
3284 4016 3411 4072 Non

1823 4121 1980 4184 enim,
2013 4117 2207 4186 inquit,
2235 4115 2402 4167 audeo
2425 4113 2712 4183 quidquam
2740 4110 2881 4180 loqui
2911 4109 3049 4178 quod
3077 4124 3168 4180 per
3189 4124 3277 4162 me.
3305 4123 3412 4161 non

1824 4211 2051 4280 effecerit
2076 4210 2333 4262 Christus.
2361 4207 2426 4260 Et
2447 4205 2571 4260 alibi
2599 4223 2612 4258 :
2638 4206 2717 4258 An
2747 4204 3154 4272 experimentum
3174 4198 3412 4270 quwritis

1825 4302 1939 4369 eius
1984 4301 2073 4370 qui
2118 4299 2170 4352 in
2218 4315 2298 4351 me
2349 4298 2580 4366 loquitur
2630 4294 2909 4349 Christus?
2955 4291 3124 4362 Igitur
3169 4289 3298 4358 quid
3346 4287 3414 4344 do

1829 4407 2018 4454 avaro,
2064 4399 2119 4443 et
2159 4387 2348 4442 illicito
2393 4400 2578 4440 amore
2621 4384 2848 4454 polluto,
2890 4371 2945 4436 et
2992 4381 3077 4435 his
3124 4377 3420 4440 similibus.

133 4477 384 4532 omnibus
405 4478 667 4532 membris
695 4478 834 4533 idem
861 4486 1031 4534 actus.
1059 4477 1196 4534 Hinc
1217 4479 1414 4535 Paulus
1436 4481 1512 4533 ait
1535 4499 1548 4534 :
1575 4481 1726 4534 Alius
1756 4460 1804 4519 θ
1829 4480 2181 4552 praesidentes
2214 4479 2372 4532 beato
2413 4475 2581 4530 Paulo
2625 4490 2722 4543 per
2759 4488 2883 4528 eum
2931 4469 3308 4533 testiﬁcentur,
3336 4467 3418 4521 vi-

133 4569 235 4632 sic,
273 4569 412 4622 alius
441 4581 616 4625 autem
645 4571 740 4626 sic.
787 4571 853 4625 Et
884 4571 1012 4640 quid
1048 4573 1244 4626 mirum
1276 4573 1369 4628 Dei
1403 4573 1724 4642 sapientiam

135 4659 329 4715 multas
357 4662 576 4718 divitias
616 4665 670 4718 in
717 4663 896 4718 verbis
935 4662 1104 4718 sacris
1136 4665 1522 4730 recondidisse,
1550 4665 1642 4734 qui
1672 4665 1727 4717 in

135 4767 242 4805 uno
271 4767 444 4822 grano
490 4754 657 4807 multa
686 4753 754 4808 de
788 4769 846 4808 se
878 4754 1197 4822 procreandi
1245 4763 1494 4808 naturam
1526 4763 1581 4809 et
1623 4755 1732 4808 vir-

139 4849 302 4894 tutem
338 4841 601 4911 reposuit,
625 4842 728 4896 etsi
758 4843 975 4897 diversa
1015 4857 1184 4910 grana
1214 4842 1282 4896 ab
1310 4858 1416 4898 uno
1447 4844 1730 4912 progenita

139 4949 294 4986 unam
319 4934 537 5002 generis
559 4934 640 4988 sui
665 4932 901 5002 speciem
925 4933 1349 4998 reprzesentant?
1375 4932 1512 4999 Quid
1534 4933 1730 4987 mirum

141 5024 182 5074 si
233 5024 464 5077 diversae
507 5009 789 5078 sententia:
831 5022 1103 5077 sermonis
1148 5023 1414 5078 Dominici
1466 5023 1519 5078 in
1571 5038 1732 5076 unam

142 5116 288 5182 quasi
340 5113 576 5169 formam
616 5116 858 5170 veritatis
905 5114 1270 5170 concordant?
1317 5116 1386 5170 Et
1433 5117 1526 5185 qui
1575 5131 1736 5171 omne

145 5207 514 5258 seminariunt
546 5205 793 5261 fecundat
829 5202 1211 5260 benedictione
1243 5222 1372 5262 sua.
1414 5221 1512 5261 cur
1549 5221 1733 5260 semen

1833 4569 2076 4623 deamus.
2111 4566 2202 4619 Ait
2241 4565 2384 4620 enim
2431 4564 2676 4636 scribens
2702 4561 2768 4615 ad
2800 4559 3080 4631 Ephesios,
3111 4559 3179 4614 ab
3209 4558 3296 4614 his
3325 4557 3417 4626 qui

1832 4658 2100 4714 seducunt
2126 4655 2290 4711 corda
2323 4652 2716 4716 innocentium,
2745 4658 2800 4705 et
2829 4649 2920 4718 qui
2953 4662 3012 4702 se
3041 4645 3445 4724 commendant;

1834 4748 1976 4803 mala
2006 4761 2171 4817 opera
2203 4745 2474 4800 laudando
2511 4742 2764 4805 aliorum,
2796 4739 3050 4808 deceptos
3081 4755 3094 4789 :
3128 4737 3297 4792 Nemo
3330 4751 3444 4818 vos,

1835 4839 2047 4894 seducat
2071 4836 2313 4890 inanibus
2337 4834 2502 4889 verbis
2525 4847 2542 4885 :
2566 4832 2858 4900 fornicator
2882 4838 2972 4883 aut
2996 4845 3188 4884 auarus
3212 4842 3426 4898 regnum

1838 4931 1936 4986 Dei
1965 4946 2065 4984 non
2090 4926 2444 4997 possidebunt.
2479 4925 2575 4979 Est
2600 4937 2732 4975 vero
2761 4920 3048 4976 fornicatio
3078 4918 3338 4989 quidquid
3375 4918 3430 4970 in

1840 5027 1942 5080 hoc
1969 5030 2219 5091 patratur
2253 5035 2453 5090 genere
2499 5018 2618 5073 sine
2649 5015 2893 5084 legitima
2929 5015 3187 5070 connubii
3219 5021 3443 5069 contra-.

1840 5115 2038 5171 ctione.
2089 5113 2146 5166 ln
2191 5127 2352 5181 quem
2403 5111 2657 5181 laqueum
2701 5107 2904 5162 diaboli
2950 5119 3070 5158 cum
3121 5104 3430 5165 incidimus,

1840 5204 2050 5260 scilicet
2096 5210 2155 5255 ut
2197 5203 2509 5256 ignoremus
2559 5195 2735 5248 nostri
2780 5195 3000 5244 sceleris
3049 5194 3432 5238 nats-alienun»-
