3938 5380
167 279 239 334 34
252 280 272 333 1

1298 279 1568 338 ΝΟΤΙΤΙΛ
1628 282 1805 338 1118Τ.
1857 284 1944 338 ΕΤ
1991 284 2164 340 LITT.

3318 286 3380 340 31
3388 287 3429 340 2‘

160 391 422 448 codicum
449 405 592 461 pars,
624 405 741 460 quae
766 405 1017 446 sermone
1046 390 1239 446 diffuso
1269 393 1509 448 involuto
1532 403 1587 448 et
1616 395 1741 448 sub-
1771 400 1817 458 Α
1849 396 1981 451 nica:
2032 399 2153 451 inde
2180 398 2248 451 ab
2295 398 2426 452 orhe
2449 397 2665 452 condito
2695 396 3005 454 exhibuisse
3033 399 3263 462 videtur,
3299 401 3424 453 reli-

155 485 402 539 obscuro
429 500 458 537 a
490 483 751 538 brevitate
787 492 842 537 et
865 476 1250 553 perspicuitati:
1286 485 1536 543 Bernoldi
1585 502 1736 543 rece-

151 575 260 639 dit,
293 572 584 629 Bertboldo
611 574 889 628 tribuenda
931 585 1070 629 erat.
1119 575 1284 643 Cujus
1315 588 1575 646 quantum
1623 579 1739 633 lieri

149 674 378 733 poterat
411 665 754 721 restituendrc
792 665 1092 736 periculum
1137 666 1402 733 facturus,
1440 678 1645 724 textum
1674 672 1743 725 ab

150 755 537 812 Ussermanno
559 757 760 811 auxilio
789 759 1057 827 praacipue
1102 759 1306 814 codicis
1328 759 1596 816 Murensis
1617 775 1743 830 pro-

142 846 680 913 positum,omnium
704 861 932 916 quorum
957 849 1110 917 copia
1154 849 1285 904 mihi
1327 850 1469 907 facta
1503 861 1587 907 est
1615 853 1742 908 sub-

142 935 426 990 sidiorum
455 952 555 1007 ope
577 938 878 992 emendavi.
924 937 1060 992 Sunt
1091 948 1270 995 autem
1301 941 1415 996 haec
1441 958 1457 994 :

220 1025 305 1094 1.)
353 1025 487 1081 Cod.
516 1026 643 1081 olim
674 1025 1075 1093 Gottwicensis,
1103 1031 1170 1084 ab
1218 1028 1586 1086 Ussermanno
1627 1031 1739 1086 lau-

141 1117 316 1196 datus
341 1118 581 1189 quidem,
598 1120 692 1175 sed
723 1133 830 1174 non
858 1122 1067 1190 integer
1091 1122 1358 1188 evolutus,
1387 1123 1545 1179 hodie
1573 1123 1734 1190 latet;

140 1209 260 1264 nisi
285 1211 541 1266 eumdem
577 1210 744 1266 fuisse
776 1212 1016 1281 opineris
1046 1213 1139 1283 qui

221 1301 331 1368 1'.)
384 1301 437 1354 in
466 1300 795 1356 bibliotheca
833 1301 1078 1356 Palatina
1130 1303 1526 1360 Viudobonensi
1563 1305 1736 1362 Catal.

143 1391 579 1449 Sclmandtneri
607 1402 645 1447 t.
675 1392 737 1457 ll,
766 1409 820 1462 p.
858 1393 957 1448 451
988 1395 1277 1465 inscriptus
1305 1408 1617 1451 asservatur
1661 1399 1738 1466 (7)

138 1496 223 1549 et,
258 1487 536 1543 referente
599 1487 844 1543 Chmelio
896 1498 1100 1548 nostro,
1133 1490 1330 1544 szceulo
1361 1506 1492 1545 xvut
1519 1492 1740 1546 ineunte

137 1577 198 1632 in
228 1579 428 1633 charta
447 1589 701 1634 exaratos
723 1587 826 1636 est.
859 1578 1082 1635 Orditur
1120 1599 1172 1634 a.
1202 1582 1361 1646 1053,
1397 1583 1480 1637 his
1506 1584 1689 1637 verbis
1721 1599 1735 1636 :

139 1667 169 1720 1
175 1679 454 1738 inperator
471 1686 591 1724 cum
617 1670 810 1724 donmo
831 1686 968 1739 papa
987 1670 1325 1724 Naticitatem
1346 1670 1555 1725 Domini
1579 1671 1736 1725 Wor-

1846 486 1936 554 qui
1962 495 2165 538 textum
2194 485 2317 539 inde
2346 487 2414 540 ab
2447 502 2535 540 an.
2567 487 2766 540 Christi
2804 487 2903 540 111
2933 489 3129 542 sistunt
3159 502 3221 540 ex
3255 487 3424 542 Chro-

1847 574 1984 627 nicis
2032 573 2496 645 lieginonis(11),
2554 574 2869 630 llerimanni
2922 588 3083 647 prout
3130 577 3183 631 in
3238 578 3425 632 codice

1846 664 2184 733 Sangallensi
2229 667 2554 730 continetur,
2592 666 2867 721 Bertholdi
2894 675 2947 722 et
2977 666 3225 721 Bernoldi
3272 681 3422 721 corn-

1843 756 2102 825 positum.
2137 755 2201 809 Et
2228 771 2289 810 ea
2317 756 2535 826 quidem
2560 767 2711 826 parte
2735 772 2858 813 cum
2875 756 3228 814 Gottwicensi
3256 771 3425 826 usque

1844 848 1910 901 ad
1943 848 2106 901 linem
2155 848 2284 902 anni
2338 847 2474 902 1079
2497 849 2790 915 consentit,
2821 858 2930 903 tum
2962 864 3090 902 vero
3121 845 3424 914 fragmento

1842 941 1967 994 anni
2036 937 2176 995 1(280
2235 941 2458 1005 omisso,
2519 957 2684 994 uutrm
2750 941 3074 996 Bernoldum
3142 940 3423 1004 exscribit,

1841 1041 1894 1086 et
1947 1031 1998 1085 in
2044 1030 2226 1084 verbis
2278 1030 2404 1084 anni
2463 1031 2597 1085 1091
2655 1031 2750 1084 sub
2807 1029 3166 1084 communione
3219 1043 3427 1083 excom-

1843 1123 2228 1176 municatorum
2279 1121 2571 1189 deperirent
2627 1120 2895 1176 subsistit.
2943 1121 3092 1174 Fo’ia
3145 1121 3250 1174 duo
3298 1119 3426 1174 ulti-

1842 1228 1927 1267 ma
1979 1213 2281 1266 Sententias
2331 1227 2396 1266 ex
2455 1210 2606 1264 Pauli
2660 1209 2893 1264 llistoria
2947 1209 3424 1282 Langobardorum

1841 1303 2133 1372 decerptus
2192 1303 2470 1357 exhibent.
2505 1300 2663 1355 Manu
2703 1301 2884 1356 saeculi
2933 1316 3022 1355 xw
3074 1301 3215 1355 haud
3254 1316 3424 1370 pauca

1843 1396 2044 1464 passim
2098 1394 2148 1446 in
2182 1393 2426 1462 margine
2471 1394 2746 1455 adnotata,
2779 1403 2833 1448 et
2863 1393 3104 1447 carmina
3147 1393 3425 1463 complura

1847 1485 1980 1538 let-is
2009 1484 2194 1539 vacuis
2222 1484 2422 1538 inserta
2457 1493 2602 1540 sunt.
2637 1481 2933 1553 Scriptura:
2961 1483 3233 1551 specimen
3259 1481 3427 1551 subji-

1842 1580 2040 1634 cimus.
2061 1579 2066 1584 ’

1919 1671 1992 1725 lix
2026 1670 2282 1737 lliurensi,
2313 1668 2507 1740 pagina
2541 1676 2720 1723 tamen
2759 1681 2863 1720 una
2896 1665 3097 1720 omissa
3125 1664 3428 1734 descriptus

138 1763 330 1816 maria:
352 1763 487 1832 egit,
522 1770 578 1816 et
622 1778 711 1816 an.
747 1761 886 1817 1080
930 1761 984 1816 in
1024 1762 1199 1816 media
1231 1763 1501 1818 sententia
1525 1762 1732 1832 Deiju-
1762 1760 1806 1820 Β
1833 1772 1912 1818 est
1947 1781 1962 1816 :

140 1853 287 1905 dicio
316 1855 785 1923 prwcipitatusest,
819 1854 1097 1920 thesaurus
1146 1866 1320 1908 autem
1347 1865 1558 1926 propter
1585 1872 1737 1925 quem

145 1945 375 1998 desinit.
407 1945 582 2015 Eque
609 1961 675 2000 ac
695 1946 862 2001 codex
889 1943 974 1999 Mu
986 1945 1161 2000 rensis
1195 1954 1450 2015 excerpta
1475 1945 1738 2015 .Bernoldi

144 2045 200 2090 et
223 2036 508 2091 Bertboldi
539 2037 823 2091 commista
865 2037 1108 2102 exhibet,
1155 2038 1314 2092 annis
1347 2037 1484 2093 1068
1514 2048 1569 2092 et
1600 2036 1739 2091 1076

143 2123 344 2193 paucis
396 2125 576 2180 verbis
621 2125 807 2190 ditior,
867 2141 1012 2181 anno
1040 2125 1180 2181 1080
1209 2124 1574 2196 fragmentum
1608 2125 1740 2182 Ber-

147 2216 323 2270 tholdi
358 2232 499 2272 unus
519 2217 760 2272 omnium
786 2217 1044 2281 servavit,
1067 2226 1124 2271 et
1152 2231 1242 2271 an.
1272 2217 1404 2270 1727
1438 2217 1506 2271 ab
1526 2216 1736 2287 _llansi-

146 2307 237 2360 zio
261 2306 341 2374 (8)
367 2305 639 2373 laudatus,
667 2305 1032 2362 Ussermanno
1055 2307 1308 2362 innotuit.
1335 2306 1498 2362 Liber
1535 2307 1603 2360 ab
1639 2307 1738 2360 ho-

150 2396 300 2451 mine
341 2396 596 2465 imperito
636 2397 856 2466 quidem
897 2396 980 2452 vel
1027 2398 1330 2471 negligente
1375 2397 1739 2468 conscriptus,

150 2487 368 2556 integer
396 2496 574 2542 tamen
614 2487 804 2543 iurem
835 2490 1082 2544 nostram
1130 2489 1534 2544 convertendus
1579 2496 1736 2553 erat;

150 2595 259 2648 qua
285 2579 355 2634 de
385 2594 446 2634 re
493 2595 616 2634 cum
643 2580 709 2634 ad
730 2579 1034 2636 Cluuelium
1077 2592 1326 2637 nostrum
1375 2581 1740 2653 scripsissem,

150 2669 261 2724 voti
287 2669 394 2725 mei
421 2685 645 2741 compos
674 2669 848 2726 factus
874 2686 1014 2738 sum,
1043 2684 1098 2727 et
1123 2681 1386 2742 praeterea

225 2765 342 2836 1t.)
377 2764 629 2820 codicem
655 2765 995 2822 bibliothecae
1017 2767 1258 2837 ejusdem
1281 2769 1424 2824 inter
1449 2769 1740 2826 historicos

149 2855 413 2924 profanos
442 2871 498 2909 ιι.
521 2855 628 2910 679.
650 2860 865 2926 (recens
889 2874 942 2910 ιι.
979 2857 1107 2926 540)
1135 2857 1537 2929 signatum,qui
1566 2858 1740 2913 Vitam

151 2944 472 2999 llerimanni
497 2945 761 3011 continet,
790 2960 911 2999 cum
935 2945 1172 3002 editione
1205 2947 1484 3002 Muratorii
1515 2949 1588 3018 (0)
1621 2948 1744 3003 inde

150 3037 361 3105 proﬂua
391 3037 488 3091 sed
515 3036 670 3092 valde
696 3037 952 3092 mendosa
972 3039 1204 3093 conferri
1235 3039 1464 3094 obtinui.
1491 3039 1743 3095 Occurrit

1911 1854 2026 1924 2'.)
2058 1854 2194 1910 Cod.
2249 1851 2726 1923 Engellgaergcnsis,
2777 1863 2936 1918 quem
2965 1861 3118 1915 teque
3148 1861 3237 1900 an.
3291 1843 3426 1898 1857

1841 1948 1896 2004 in
1921 1947 2256 2002 monasterio
2278 1959 2522 1998 summos
2550 1943 2692 1996 inter
2713 1939 2875 2010 Alpes
2897 1939 3193 1994 constituto
3219 1933 3425 2000 evolvi;

1842 2042 1982 2093 mbr.
2014 2051 2140 2092 szcc.
2172 2050 2246 2088 xu
2277 2035 2328 2088 in
2363 2033 2492 2086 folio
2547 2045 2768 2101 magno,
2822 2029 2917 2084 sed
2967 2025 3123 2097 cujus
3163 2025 3428 2082 lectiones

1842 2128 2038 2183 alierre
2067 2139 2247 2196 opera:
2286 2123 2521 2195 pretium
2565 2137 2671 2178 nou
2729 2119 2912 2176 fuerit.
2971 2118 3179 2174 Desinit
3236 2116 3432 2171 iisdem

1840 2219 2024 2275 verbis
2051 2233 2114 2271 ac
2148 2216 2435 2270 lllurensis.

1911 2307 1995 2377 5.)
2034 2305 2166 2361 Cod.
2199 2305 2329 2359 olim
2369 2303 2766 2374 Sangallensis,
2815 2315 2844 2355 a
2901 2298 3113 2355 Joanne
3161 2296 3429 2354 Sichardo

1842 2399 1897 2454 in
1962 2398 2285 2454 collectione
2345 2396 2742 2452 Chronicorum
2792 2393 3087 2449 Basileensi
3151 2407 3242 2447 an.
3288 2389 3432 2446 1529

1840 2505 2154 2562 expressus,
2205 2488 2358 2557 cujus
2409 2504 2564 2558 aeque
2608 2503 2672 2542 ac
2700 2487 3033 2555 reliquorum
3085 2493 3248 2554 supra
3297 2496 3425 2553 pag.

1840 2583 1911 2636 74
1939 2582 2268 2637 mentionem
2329 2580 2456 2645 feci,
2494 2581 2606 2650 jam
2638 2596 2728 2634 an.
2777 2579 2916 2633 1066
2965 2577 3022 2631 in
3064 2575 3245 2631 media
3294 2589 3424 2631 sen-

1841 2673 2013 2736 tentia
2063 2688 2129 2728 ex
2159 2672 2427 2728 llernoldo
2473 2673 2755 2742 desumpta
2787 2669 2882 2723 alii
2925 2668 3030 2723 duo
3076 2683 3266 2722 manus
3301 2682 3431 2721 suae

1843 2769 2133 2822 lacerantes
2187 2765 2297 2835 (15)
2345 2765 2566 2826 detieit,
2621 2777 2815 2828 rnaguo
2871 2772 3022 2816 certe
3090 2759 3168 2813 rei
3224 2766 3428 2812 nostra:

1843 2855 2207 2920 incommodo,
2225 2869 2345 2910 cum
2371 2854 2424 2908 in
2461 2868 2526 2907 eo
2553 2861 2731 2908 textus
2760 2849 2960 2920 passim
2987 2847 3148 2919 paulo
3171 2845 3427 2917 amplior,

1842 2956 1898 3002 et
1927 2962 2089 3016 quem
2120 2945 2188 3000 ad
2211 2946 2388 3015 ipsum
2403 2943 2750 2998 Bcrtholdum
2767 2940 3010 3010 proxime
3029 2937 3292 2992 accedere
3309 2934 3426 3005 (16)

1846 3040 2002 3096 facile
2055 3021 2352 3110 inielligas,
2413 3047 2661 3094 servatus
2719 3036 2808 3098 sit,
2861 3032 2984 3086 Vita
3042 3042 3218 3087 tamen
3268 3028 3426 3083 lleri-

154 3126 225 3180 ibi
261 3127 318 3180 in
366 3125 643 3181 Chronico
685 3127 898 3183 Ottonis
946 3127 1312 3198 Frisingensis
1358 3129 1501 3182 inter
1531 3128 1654 3181 libri
1687 3144 1734 3182 vt
1768 3111 1813 3170 C
1845 3134 2027 3189 manui
2055 3141 2305 3203 excepta,
2337 3131 2491 3203 cujus
2537 3128 2754 3186 nonnisi
2807 3127 2996 3198 paucis
3046 3123 3229 3180 verbis
3275 3135 3428 3176 mell-

150 3217 332 3284 capita
382 3215 449 3269 15
475 3225 531 3269 et
581 3214 648 3269 16
691 3217 918 3282 inserta,
963 3226 1018 3271 et
1061 3217 1258 3272 smculo
1304 3233 1399 3271 xm
1431 3220 1739 3286 conscripta

148 3323 270 3361 esse
307 3307 505 3373 legitur
557 3307 609 3360 in
659 3307 1255 3365 Chmelii-recensione
1302 3309 1549 3366 codicum
1605 3326 1737 3366 mss.

147 3398 494 3454 biuliothr-ca:
527 3397 958 3456 Vindobonensis
985 3400 1118 3470 (10).

218 3490 300 3560 2.)
344 3491 478 3544 Cod.
511 3492 828 3546 tacitasterii
874 3491 1142 3547 Murensis
1192 3492 1244 3546 in
1277 3491 1543 3558 Helvetia,
1577 3509 1736 3563 quem

148 3597 297 3636 anno
325 3582 457 3637 1857
490 3583 544 3637 in
576 3583 696 3637 1010
729 3592 855 3637 tunc
887 3583 1246 3638 celeberrimo
1277 3600 1519 3654 prmsens
1541 3585 1732 3650 evolvi,

149 3676 604 3730 membranaceus
636 3675 687 3729 in
714 3675 860 3739 folio,
882 3676 1078 3730 sarculo
1103 3691 1179 3730 xu
1211 3678 1389 3731 medio
1419 3694 1448 3730 a
1474 3678 1739 3747 scriptore

146 3768 420 3838 diligenti,
450 3768 650 3838 quique
679 3769 894 3823 nonnisi
933 3769 1119 3838 paucis
1156 3769 1439 3823 erroribus
1487 3770 1739 3824 rommis-

147 3861 221 3914 sis
241 3861 358 3930 (ll)
379 3871 434 3915 et
463 3861 688 3916 vocibus
717 3861 922 3930 aliquot
962 3875 1058 3915 suo
1091 3861 1251 3916 modo
1271 3862 1492 3932 scriptis
1515 3862 1628 3933 (19.)
1649 3879 1739 3918 er-

150 3952 378 4016 raverit,
411 3961 669 4008 exaratus
714 3964 798 4007 est
839 3953 974 4022 (15).
1023 3952 1250 4007 Constat
1285 3955 1738 4022 quateruiouibus

147 4041 364 4109 viginti,
389 4058 620 4111 quorum
667 4051 850 4097 tamen
901 4044 1170 4098 secundus
1201 4043 1424 4110 excidit,
1471 4044 1656 4099 addito
1685 4047 1737 4098 in

150 4133 254 4185 ﬁne
305 4134 636 4197 duernione;
700 4135 910 4202 primus
959 4135 1248 4204 quaternio
1293 4125 1738 4208 inserta'pagina

151 4221 362 4276 tabulas
395 4223 811 4292 cliroaologicas
862 4223 989 4277 inde
1031 4239 1060 4276 a
1090 4224 1309 4279 Christo
1364 4235 1491 4280 nato
1541 4227 1609 4280 ad
1645 4243 1735 4279 an.

150 4313 288 4367 1175
321 4329 493 4384 usque
533 4314 794 4383 subjectis
835 4316 1076 4370 numeris
1120 4332 1386 4370 annorum
1438 4317 1738 4374 1176-1218

148 4403 394 4470 exhibet;
415 4405 712 4476 quaternio
726 4407 1001 4464 secundus
1014 4406 1326 4475 deperditus
1344 4407 1555 4461 initium
1576 4408 1738 4462 chro-

1842 3229 2041 3286 tionem
2072 3227 2264 3298 injicit.

1912 3321 2121 3389 Quibus
2145 3319 2404 3376 subsidiis
2432 3319 2671 3389 adjutus,
2707 3317 2762 3373 in
2804 3324 2954 3372 textu
2985 3312 3322 3371 restituendo
3351 3311 3428 3364 ita

1840 3430 2160 3486 progressus
2188 3429 2330 3477 sum,
2364 3424 2421 3468 ut
2445 3414 2604 3468 annis
2655 3409 2968 3466 1051-1066
2999 3417 3053 3463 et
3081 3404 3218 3462 1080
3246 3404 3429 3460 lectio-

1843 3517 1963 3559 nem
1995 3503 2263 3573 praccipue
2309 3503 2722 3570 Sangallensem
2770 3499 3155 3568 exprimerem,
3186 3510 3254 3551 ex
3289 3492 3426 3547 Ber-

1842 3595 2004 3650 noldo
2035 3594 2276 3649 derivata
2303 3593 2520 3649 cursivo
2559 3593 2879 3648 charactere
2905 3587 3102 3644 excudi
3151 3598 3427 3648 curarem,

1851 3687 1904 3740 in
1946 3685 2068 3739 Vita
2096 3693 2280 3740 autem
2303 3683 2622 3742 llerimanni
2649 3693 2704 3737 et
2735 3683 2786 3736 in
2812 3690 2966 3750 parte
2992 3677 3189 3747 Opetis
3215 3676 3429 3742 reliqua

1841 3775 2001 3830 annis
2028 3775 2238 3829 scilicet
2278 3773 2606 3838 1067-1079,
2657 3780 2864 3827 textum
2910 3783 3014 3838 ope
3064 3767 3270 3823 codicis
3310 3764 3428 3818 Mu-

1842 3866 2015 3920 rensis
2046 3864 2428 3928 emendarem;
2461 3862 2609 3933 quod
2658 3878 2762 3916 non
2814 3860 2932 3915 sine
2963 3860 3143 3913 fructu
3169 3855 3423 3912 clIectum

1842 3954 2073 4008 lectores
2100 3951 2255 4008 lacilc
2284 3951 2738 4006 animadverteut.

1910 4042 2234 4097 Bcrtholdus
2253 4056 2318 4094 ex
2350 4040 2635 4110 ipsiusmct
2659 4039 2844 4093 verbis
2867 4039 3204 4092 Alamannus
3230 4035 3344 4105 (17)
3365 4041 3422 4089 et

1841 4134 2142 4188 dimceseos
2195 4131 2631 4186 Constantiensis
2683 4130 2856 4184 incola
2910 4128 3021 4199 (18)
3078 4127 3422 4198 agnoscitur;

1839 4232 2000 4276 mtate
2048 4220 2364 4276 llerimanni
2410 4219 2524 4275 fere
2571 4219 2793 4288 azqualis
2837 4218 2975 4289 (-19),
3022 4217 3091 4272 ab
3138 4232 3203 4271 eo
3237 4214 3424 4283 Augia:

1839 4315 2081 4377 edoctus,
2115 4322 2236 4381 post
2260 4312 2466 4367 obitum
2520 4312 2680 4368 amici
2721 4313 2898 4366 locum
2926 4309 3046 4379 ejus
3075 4309 3186 4378 (20)
3227 4309 3279 4361 in
3327 4307 3426 4360 do-

1844 4406 2032 4460 eeudis
2060 4405 2406 4458 scholasticis
2451 4417 2680 4458 ornasse
2732 4403 2969 4466 videtur,
2998 4401 3188 4456 doctor
3217 4397 3427 4454 scilicet

1665 4516 1898 4575 NOTAE.

215 4607 291 4672 (7)
324 4609 577 4672 Archiv.,
608 4608 670 4670 ll,
699 4624 750 4677 p.
778 4609 904 4662 461.

1839 4607 2310 4691 Continuatiouem
2339 4605 2631 4691 Reginonis
2678 4617 2848 4673 usque
2877 4603 3064 4691 aclan.
3092 4601 3196 4657 939
3222 4601 3424 4691 exseri:

217 4671 293 4746 (8)
328 4678 383 4732 1n
413 4671 993 4752 (έεῃιιςιιιίᾖβειοινιινι.
1014 4676 1057 4743 l,
1087 4692 1141 4748 p.
1169 4675 1437 4740 26-1-9366,
1475 4687 1729 4748 excerpta
1765 4694 1810 4752 ο
1839 4688 2009 4752 plant,
2065 4677 2116 4730 in
2147 4676 2371 4752 vocibus
2419 4671 2824 4752 Capriniontem
2853 4673 3136 4752 obsidione
3169 4671 3425 4752 relinquit

146 4761 408 4801 annorum
443 4748 744 4804 1076-1079
766 4748 952 4803 dedit;
1229 4789 1235 4795 .

218 4819 293 4885 (9)
322 4818 512 4889 Antiq.
545 4819 730 4889 italize.
766 4828 803 4871 ι.
843 4817 929 4889 ιιι.
961 4833 1014 4889 ρ.
1051 4819 1175 4874 955.

215 4889 328 4954 (ιο)
362 4888 424 4941 T.
454 4889 493 4951 ι,
524 4888 803 4958 [133.550,
833 4888 958 4942 ssi.

213 4958 557 5028 (ill-{iuditu
587 4967 828 5022 errante,
849 4975 902 5014 e.
929 4975 978 5028 ς.
1001 4959 1128 5012 εωιο
1149 4959 1267 5016 loco
1293 4961 1425 5014 χείρ.

215 5027 328 5094 (1:1)
355 5027 626 5082 Litteram
656 5045 683 5081 c
707 5038 759 5082 et
799 5047 832 5096 p
861 5027 979 5083 loco
1008 5037 1027 5081 t
1060 5037 1113 5081 et
1159 5031 1187 5082 b
1242 5043 1626 5095 nonnunquam
1680 5029 1731 5083 in

147 5097 643 5163 vocibusjusticia,
690 5099 910 5161 vicium,
943 5098 1206 5166 precium,
1240 5099 1556 5160 inimicicia,
1593 5099 1733 5152 mili-

147 5169 253 5232 cia,
285 5168 678 5226 blandiciosus.
723 5169 975 5228 nuncius,
1012 5167 1453 5228 Worlnaciensis,
1486 5168 1730 5236 pigricia,

152 5242 259 5308 tum
305 5238 576 5305 optinere,
607 5239 968 5304 Optenebrare
1009 5250 1258 5308 usurpat;
1311 5237 1653 5293 Siruoaiacus
1679 5249 1733 5293 et

153 5304 502 5352 Summriat-us
523 5308 732 5354 scribit-

1837 4739 2038 4806 scriba.
2069 4755 2123 4800 et
2151 4747 2326 4816 spatio
2354 4739 2545 4798 novem
2578 4745 2840 4797 linearum
2874 4741 3062 4795 relicto
3087 4755 3288 4795 annum
3316 4739 3423 4793 910

1839 4831 1901 4870 ex
1928 4816 2257 4869 l‘lerimanno
2283 4816 2393 4867 dat.
3415 4841 3418 4843 λ

1909 4887 2021 4953 (15)
2051 4885 2124 4938 ita
2150 4884 2316 4953 editio
2338 4883 2593 4953 princeps
2624 4898 2715 4936 an.
2747 4879 2917 4953 1529‘,
2949 4878 3008 4953 in
3028 4876 3422 4953 posterioribus

1844 4947 2011 5008 verba
2032 4970 2098 5008 ex
2130 4947 2394 5009 Bernoldo
2439 4954 2508 5005 ad
2534 4947 2769 5007 claustra
2817 4949 3010 5017 inferni
3047 4947 3423 5003 descenderunt

1842 5025 2019 5079 addita
2048 5025 2314 5079 leguntur.

1914 5041 2019 5077 ιιιιιι
2048 5041 2314 5094 teguntur.

1912 5095 2023 5165 (16)
2051 5109 2182 5165 ας.
2218 5104 2362 5165 anno
2395 5089 2554 5156 1056,
2586 5099 2791 5147 tenetur
2825 5086 3010 5151 habet,
3049 5086 3140 5140 ubi
3187 5083 3345 5138 codd.
3392 5084 3419 5136 1

1841 5174 1892 5218 et
1922 5160 1957 5216 ‘2
1987 5160 2261 5217 tenebatur
2293 5160 2494 5228 legunt.
2937 5202 2947 5210 .
3161 5189 3164 5192 ~
3423 5216 3425 5218 η

1911 5234 2022 5298 (17)
2049 5233 2377 5301 Alamannos
2408 5244 2498 5282 an.
2529 5230 2666 5286 1075
2691 5235 2951 5301 nostrates
2977 5233 3155 5301 vocat.
3243 5290 3273 5301 γ’
3337 5231 3340 5233 “
3381 5290 3392 5301 ο

1914 5295 2024 5360 (18)
2053 5303 2155 5356 Au.
2215 5298 2374 5360 1069,
2425 5311 2618 5354 nostra:
2657 5296 2941 5360 cathedris,
2990 5295 3424 5351 Constantiensis
