3938 5380
463 258 563 312 ΞΜ
1337 254 1731 311 BERTHOLDI
1769 253 2206 312 PRESBYTERI
2245 254 2829 312 CONSTANTIENSIS
3623 226 3728 302 352

534 375 874 432 Eberhardus
940 375 1265 431 Treverensis
1320 376 1740 446 archiepiscopus
1792 376 1879 456 17.
1909 374 2032 429 Kal.
2065 378 2113 438 Λ
2212 375 2306 430 llis
2342 375 2685 445 temporibus
2735 373 2850 445 (54)
2900 372 3120 444 quidam
3173 367 3423 426 monachi
3471 365 3544 421 de
3593 363 3729 416 valle

466 464 600 521 Maii
625 466 841 521 sabbato
868 474 1048 521 sancto
1076 463 1143 496 “‘
1172 462 1415 530 Pasclue,
1446 465 1712 534 completis
1735 482 1768 519 a
1795 481 1850 519 se
1873 465 2037 533 ipsius

464 555 570 608 diei
598 556 776 626 officiis
796 595 812 621 ,
842 555 968 624 ipsis
999 553 1412 608 sacerdotalibus
1441 556 1754 609 vestimentis
1790 555 2040 620 indutus,

465 647 709 717 requievit
748 649 803 700 in
832 663 977 716 pace.
1029 645 1129 700 Cui
1164 645 1514 703 Cltounradus
1549 647 1873 703 Coloniensis
1909 665 2045 717 prte-

465 739 668 809 positus
686 778 702 803 ,
733 737 925 791 electus
954 754 985 790 a
1018 753 1163 807 rege,
1194 738 1467 793 succedere
1493 738 1667 793 debuit
1692 756 1710 804 ;
1738 748 1816 793 set
1845 756 1877 793 a
1904 739 2042 793 clero

463 836 516 879 et
552 826 747 882 civibus
784 825 1175 880 Trevirensibus
1212 822 1472 896 refutatus
1506 838 1604 882 est.
1649 826 1798 882 Unde
1832 830 2045 899 quidam

466 933 633 971 comes
663 916 726 971 de
749 917 936 971 militia
962 916 1272 981 Trevirensi,
1295 919 1502 974 nomine
1528 919 1895 986 Theodericus,
1920 937 2047 974 eun-

463 1007 580 1060 dem
615 1007 992 1061 Cliounradum
1023 1007 1276 1062 Trevirim
1306 1010 1597 1063 tendentem
1626 1010 2044 1079 comprehendit,

464 1108 511 1153 et
542 1101 634 1152 diu
658 1099 753 1153 sub
781 1099 1020 1153 custodia
1047 1111 1370 1155 maceratum
1393 1111 1622 1171 quatuor
1647 1100 1901 1155 militibus
1929 1117 2050 1155 ene-

464 1190 694 1242 candum
739 1190 1017 1244 commisit.
1066 1188 1171 1256 Qui
1212 1190 1337 1243 dum
1381 1207 1498 1244 eum
1542 1203 1621 1246 ter
1656 1208 1748 1259 per
1784 1192 2049 1262 quoddam

465 1279 793 1348 prtecipitum
816 1281 1147 1350 dejecissent,
1170 1291 1215 1334 et
1239 1281 1397 1335 nichil
1412 1282 1509 1335 sibi
1532 1283 1632 1335 nisi
1655 1283 1923 1336 brachium
1944 1281 2054 1335 col-

466 1369 631 1423 lid'ere
663 1381 907 1439 possent,
938 1388 1074 1425 unus
1102 1389 1167 1426 ea:
1194 1373 1302 1426 illis
1326 1373 1627 1441 paenitentia
1655 1373 1873 1438 ductus,
1903 1370 1967 1424 ab
1991 1386 2050 1424 eo

468 1464 673 1516 ueniam
695 1448 1012 1532 impetravit.
1044 1462 1192 1518 Alius
1216 1474 1388 1518 autem
1414 1463 1589 1518 volens
1618 1480 1735 1517 eum
1766 1461 2050 1527 decollare,

473 1551 754 1605 maxillam
795 1553 908 1621 ejus
957 1563 1161 1606 tantunt
1199 1554 1445 1607 abscidit.
1491 1552 1558 1608 Et
1588 1553 1663 1608 sic
1691 1554 1798 1623 ipse
1829 1552 1935 1606 Deo
1965 1552 2050 1605 di-

471 1658 605 1710 gnus
650 1653 855 1713 martyr
897 1646 965 1698 ad
1006 1644 1288 1699 Dominum
1319 1646 1582 1714 migravit.
1614 1644 1811 1697 Passus
1839 1652 1912 1697 est
1946 1641 2052 1694 Ka-

2140 480 2263 535 quaa
2304 473 2530 519 vocatur
2570 464 2838 521 Umbrosa
2863 504 2876 527 ,
2930 463 2983 518 in
3032 460 3345 516 Florentino
3386 457 3728 527 episcopatu,

2142 558 2453 626 episcopum
2481 570 2637 610 suum
2671 557 2740 611 ob
2770 554 3149 625 Symoniacam
3199 550 3433 607 heresim
3478 547 3734 617 recipere

2143 648 2453 713 noluerunt,
2502 655 2559 701 et
2613 647 2819 702 clerum
2868 645 3234 716 populumque
3288 644 3340 696 in
3393 648 3611 695 tantum
3668 637 3734 691 ab

2143 753 2209 794 eo
2245 747 2590 804 averterunt,
2632 747 2692 793 ut
2744 737 2891 792 nullo
2951 738 3112 792 modo
3158 735 3395 799 oﬁicium
3454 732 3615 797 illius,
3654 744 3737 783 re-

2144 830 2322 900 cipere
2351 829 2719 900 dignarentur.
2751 828 2851 894 Qui
2883 837 2939 882 et
2978 833 3323 883 sacramenta
3349 863 3364 889 ,
3412 837 3538 892 quae
3573 819 3645 873 ab
3671 833 3735 874 eo

2147 922 2296 976 etab
2340 922 2592 976 omnibus
2625 918 2970 990 Symoniacis
3008 926 3065 973 et
3114 916 3360 972 uxoratis
3407 910 3737 983 presbiteris

2148 1011 2574 1075 conﬁcerentur,
2609 1011 2756 1064 nulla
2802 1010 3024 1071 omnino
3052 1024 3173 1064 esse
3215 1017 3269 1064 et
3298 1004 3481 1076 sperni
3515 1004 3738 1068 debere,

2149 1105 2370 1175 scriptis
2419 1104 2744 1173 quibusdam
2775 1102 2987 1173 publice
3014 1099 3296 1171 protestati
3333 1108 3491 1164 sunt;
3534 1104 3592 1151 et
3620 1094 3741 1149 inde

2152 1196 2387 1251 maxima
2443 1192 2713 1249 dissensio
2770 1202 2825 1248 et
2883 1194 3140 1248 scismata
3201 1199 3389 1246 exorta
3436 1195 3606 1249 sunt,
3638 1200 3741 1239 non

2151 1288 2325 1344 solum
2354 1288 2406 1341 in
2434 1287 2541 1341 hoc
2570 1294 2653 1341 set
2675 1295 2730 1340 et
2757 1286 2810 1340 in
2836 1284 2959 1340 aliis
2987 1285 3133 1340 circa
3157 1282 3429 1351 contiguis
3454 1280 3617 1334 locis.

2223 1377 2530 1432 Alexander
2554 1384 2735 1430 autem
2769 1391 2930 1445 papa,
2961 1376 3062 1428 hac
3092 1373 3272 1427 audita
3316 1386 3480 1424 causa
3520 1378 3581 1423 et
3619 1381 3745 1436 qne-

2148 1468 2353 1533 tstione,
2386 1474 2442 1521 et
2488 1466 2805 1535 episcopum
2857 1474 2913 1519 et
2959 1463 3255 1518 monachos
3306 1460 3541 1515 Romam
3584 1459 3653 1512 ad
3693 1471 3747 1511 se

2154 1558 2390 1624 vocavit,
2419 1566 2478 1611 ut
2505 1557 2556 1611 in
2601 1557 2847 1611 Romana
2893 1555 3099 1626 synodo
3143 1553 3411 1609 sententia
3461 1565 3636 1619 super
3665 1548 3747 1603 his

2156 1636 2382 1704 tenenda
2414 1646 2678 1702 catholice
2704 1645 3049 1701 dilliniretur.
3071 1646 3211 1715 Ergo
3235 1658 3299 1699 ea
3332 1642 3440 1696 illic
3470 1638 3750 1695 sententia

471 1732 640 1786 tendis
681 1730 815 1785 Jun.
848 1749 988 1786 anno
1029 1733 1097 1765 ¹¹⁸
1139 1734 1203 1787 ab
1240 1734 1605 1787 incarnatione
1652 1732 1864 1784 Domini
1894 1729 2054 1793 1066,
2088 1740 2131 1798 Β
2159 1737 2426 1808 episcopis
2458 1738 2525 1768 ¹¹²
2551 1731 3018 1806 expostulantibus
3069 1735 3296 1790 diﬁinita
3340 1741 3446 1797 est,
3477 1741 3543 1785 ut
3570 1730 3753 1799 judice

476 1822 626 1892 regni
662 1838 780 1876 vero
823 1820 1043 1876 Henrici
1075 1824 1208 1893 regis
1237 1822 1331 1886 lO,
1363 1822 1595 1892 sepultus
1626 1821 1767 1891 apud
1800 1821 1864 1852 “"
1893 1820 2057 1873 abba-

473 1913 602 1963 tiam
630 1910 835 1965 nomine
862 1911 931 1942 ¹²⁸
962 1910 1229 1980 Dolcjam.
1262 1910 1389 1965 Tres
1418 1921 1593 1965 autem
1624 1911 1847 1977 milites,
1875 1910 2057 1963 mortis

472 1999 618 2054 illius
648 2010 886 2055 auctores
926 2001 1083 2071 digna
1121 2002 1250 2055 ultio
1284 2002 1617 2072 postmodum
1657 2001 1932 2055 subsecuta
1959 2011 2052 2054 est.

475 2091 621 2148 Nam
648 2098 784 2146 unus
811 2091 992 2147 eorum
1023 2104 1292 2162 acceptant
1323 2095 1495 2147 cibum
1527 2076 1799 2162 deglutire
1825 2108 1929 2145 non
1971 2108 2061 2145 va-

474 2184 586 2238 lens
608 2225 624 2250 ,
653 2183 746 2237 alii
772 2183 879 2237 duo
909 2200 1099 2237 manus
1126 2200 1252 2236 suas
1278 2182 1569 2236 lacerantes
1612 2182 1679 2213 ¹¹⁹
1717 2181 1792 2235 sic
1828 2182 2061 2250 exspirao

472 2284 691 2340 rerum,
718 2273 785 2327 ad
811 2271 1045 2327 claustra
1074 2272 1267 2340 inferni
1296 2272 1690 2326 descenderunt.
1718 2270 1920 2324 Praeter
1948 2270 2063 2323 lucc

476 2367 627 2437 plura
661 2369 924 2423 miracula
955 2368 1023 2422 ad
1055 2366 1406 2436 sepulchrum
1439 2366 1584 2421 facta
1616 2375 1783 2433 sunt,
1813 2382 1912 2437 per
1939 2379 2060 2434 qua:

478 2461 546 2492 “°
580 2461 900 2533 martyrium
934 2461 1077 2516 illius
1104 2461 1475 2514 venerandum
1503 2460 1785 2529 probatur.
1834 2456 1940 2512 Uto
1968 2471 2062 2512 ca-

476 2556 703 2611 nonicos
747 2553 1089 2609 Trevirensis
1134 2560 1260 2622 post
1298 2548 1738 2605 interfectionem
1789 2547 1935 2602 illius
1977 2561 2069 2601 ar-

475 2648 854 2717 chiepiscopus
879 2628 1085 2701 electus
1118 2661 1148 2698 a
1181 2644 1331 2700 clero
1364 2642 1735 2697 constituitur.

548 2734 774 2791 Comette
810 2746 930 2790 sunt
958 2735 1080 2790 visa:
1108 2735 1164 2790 in
1191 2734 1386 2789 octavis
1413 2731 1657 2799 Pascitur,
1680 2731 1735 2785 id
1776 2741 1850 2786 est
1877 2731 1911 2787 9
1937 2728 2066 2784 Kal.

480 2825 644 2893 Maii,
687 2837 734 2881 et
779 2843 872 2896 per
910 2828 1021 2880 dies
1056 2826 1125 2880 30
1174 2828 1516 2881 duraverunt.
1570 2821 1787 2891 Nuptia:
1830 2819 2070 2874 Heinrici

478 2916 615 2986 regis
669 2915 813 2986 apud
864 2914 1196 2978 Triburiam,
1242 2914 1379 2968 Item
1432 2921 1633 2966 cometa
1685 2912 1796 2964 visa
1839 2919 1936 2964 est.
1969 2908 2071 2963 His

479 3007 797 3076 temporibus
846 3004 1156 3059 uenerabilis
1205 3003 1397 3057 Petrus
1442 3001 1693 3055 Damiani
1720 3016 1785 3054 ea:
1821 3000 2070 3053 heremita

2158 1828 2379 1883 ﬂamma
2412 1827 2574 1896 ignis,
2606 1828 2809 1881 veritas
2843 1835 3047 1881 sancta:
3067 1824 3326 1880 accelesize
3356 1821 3637 1893 patefacta
3675 1820 3752 1874 in-

2157 1917 2418 1971 noluerit.
2450 1915 2604 1982 Quod
2643 1918 2712 1971 ab
2759 1925 2988 1985 utraque
3029 1924 3184 1985 parte
3207 1913 3441 1968 ﬂendum
3468 1913 3609 1966 dum
3642 1905 3754 1962 lau-

2158 2005 2400 2070 daretur,
2437 2019 2577 2058 unus
2619 2004 2838 2073 quidam
2867 2006 2934 2059 de
2974 2002 3256 2057 monachis
3285 2015 3405 2056 sese
3433 2000 3583 2077 idem
3608 1995 3754 2066 judi-

2161 2097 2301 2151 cium
2340 2098 2450 2151 Deo
2496 2103 2637 2149 teste
2683 2103 2739 2149 et
2772 2095 3074 2149 discretore
3123 2109 3234 2148 sum
3268 2090 3491 2160 iustitiae
3535 2090 3753 2145 subitu-

2160 2201 2279 2241 rum
2308 2185 2585 2255 professus
2612 2194 2716 2240 est.
2742 2185 2810 2241 Et
2836 2200 2900 2239 eo
2925 2193 3127 2239 statuto
3158 2199 3189 2237 a
3227 2192 3362 2253 papa
3386 2181 3755 2254 promulgata,

2161 2276 2518 2341 Florentiam,
2551 2284 2610 2329 ut
2641 2275 2753 2331 illic
2778 2276 2830 2329 in
2865 2275 3154 2346 praesentia
3185 2274 3317 2330 cleri
3344 2283 3398 2329 et
3420 2271 3613 2343 populi
3644 2283 3759 2340 per-

2163 2369 2441 2432 liceretur,
2471 2366 2703 2436 regressi
2738 2374 2888 2421 sunt.

2235 2461 2477 2530 Denique
2506 2475 2610 2514 non
2653 2459 2870 2514 modico
2908 2457 3108 2513 ibidem
3135 2455 3281 2511 facto
3326 2453 3585 2517 concilio,
3624 2450 3756 2519 ignis

2164 2551 2536 2621 ﬂammigeros
2568 2550 2687 2621 plus
2721 2565 2882 2623 gnam
2913 2549 2980 2603 ad
3026 2556 3290 2603 staturam
3336 2545 3579 2599 hominis
3626 2542 3756 2595 altus

2168 2653 2223 2699 et
2274 2642 2559 2698 duodecim
2608 2642 2804 2710 pedum
2856 2638 3192 2709 longitudine
3246 2644 3584 2705 protractus,
3637 2633 3756 2686 duo«

2168 2749 2399 2803 rumque
2423 2733 2619 2802 pedum
2653 2729 2948 2784 interstitio
2978 2744 3007 2781 a
3053 2742 3112 2781 se
3140 2726 3381 2793 distans,
3418 2738 3485 2776 ex
3514 2720 3758 2775 aridissi-

2170 2826 2273 2880 mis
2312 2825 2471 2891 lignis
2497 2823 2550 2876 in
2579 2821 2721 2875 atrio
2740 2818 2999 2874 aecclesiae
3029 2814 3425 2871 studiosissime
3457 2812 3754 2867 succende-

2170 2917 2351 2972 hatur.
2384 2914 2555 2980 Quem
2586 2926 2709 2983 cum
2752 2909 3041 2977 episcopus
3068 2906 3263 2960 Petrus
3285 2902 3645 2958 Florentinus
3664 2941 3677 2965 ,
3705 2906 3755 2951 ut

2173 3020 2232 3060 se
2258 3015 2495 3072 suosque
2530 3014 2815 3070 compares
2854 2999 2921 3053 de
2959 2996 3247 3072 praeposita
3295 2992 3450 3061 culpa
3481 3001 3541 3046 ct
3591 2991 3758 3045 inten-

480 3084 1079 3164 cardinalis’episcopus
1120 3093 1287 3147 multa
1314 3092 1645 3160 conscripsit,
1672 3101 1719 3145 et
1750 3091 2076 3145 incontinen-
2102 3078 2143 3135 Ο
2177 3099 2323 3153 tione
2372 3095 2650 3150 innoxium
2697 3105 2825 3155 esse.
2867 3097 3219 3159 expurgaret,
3260 3085 3467 3157 ingredi
3523 3082 3756 3138 medium

481 3188 609 3237 tiam
661 3176 997 3237 sacerdotum
1021 3182 1149 3237 satis
1180 3179 1568 3234 rationabiliter
1609 3180 1666 3232 in
1715 3177 1924 3247 scriptis
1963 3176 2073 3230 suis

482 3272 793 3341 confutavit,
827 3271 1097 3326 ordinatos
1121 3280 1294 3325 autem
1312 3287 1345 3323 a
1369 3268 1723 3339 Symoniacis,
1739 3277 1792 3321 ut
1808 3252 2076 3333 aiunt,ni-

483 3363 646 3414 mium
674 3364 952 3414 clementer
974 3361 1236 3414 tractavit.

555 3451 711 3521 Hugo
738 3451 1092 3505 Bizantiensis
1138 3450 1599 3519 archiepiscopus,
1653 3448 1747 3503 vir,
1790 3446 2077 3516 religiosus

484 3539 659 3595 ﬁdelis
687 3548 743 3596 et
781 3540 1019 3609 prudens
1067 3540 1280 3594 Domini
1310 3554 1524 3605 servus,
1566 3539 1825 3609 gaudium
1864 3538 2077 3592 Domini

485 3631 568 3685 sui
615 3645 778 3700 super
804 3630 972 3683 multa
1001 3630 1415 3685 constituendus
1444 3628 1679 3683 feliciter
1710 3627 1953 3682 intravit.
1979 3625 2078 3680 Cui

487 3721 752 3775 successit
776 3738 809 3773 a
839 3720 1100 3789 fratribus
1124 3720 1374 3774 canonice
1401 3718 1593 3773 electus
1623 3718 1859 3786 ejusdem
1892 3700 2078 3770 (eccle—

404 3819 421 3828 "
487 3814 581 3867 sia:
608 3814 913 3867 canonicus.

1154 3898 1418 3955 MLXVII.

521 4000 526 4005 ’
562 4011 853 4070 licini-iens
897 4029 992 4069 rex
1027 4014 1265 4068 natalem
1303 4010 1515 4067 Domini
1555 4011 1731 4080 Sptrre
1756 4006 2079 4073 celebravit,

498 4103 704 4160 Pascha
738 4117 942 4161 autem.
965 4147 978 4158 .
998 4145 1011 4158 .
1035 4144 1049 4159 .
1072 4147 1084 4159 .
1127 4106 1216 4156 ¹²¹.

567 4196 802 4273 δααςυηὶα
830 4197 966 4252 civili
991 4198 1194 4250 laborat
1224 4195 1522 4257 discordia,
1557 4192 1901 4246 Burclzardus
1942 4189 2081 4243 Ilal-
2116 4198 2117 4201 ‘

460 4278 463 4281 ’
494 4275 823 4344 berstetensis
853 4291 1124 4357 episcopus
1152 4295 1350 4355 gentem
1375 4283 1710 4337 Leuticorum
1734 4281 1960 4335 viriliter
1986 4280 2084 4333 de-

494 4389 736 4432 vastavit.

2176 3203 2283 3243 non
2317 3186 2561 3249 auderet,
2593 3183 2894 3238 monachus
2921 3180 3008 3234 ille
3041 3172 3333 3249 pnedictus
3366 3175 3479 3247 (55)
3510 3170 3756 3229 commu-

2177 3276 2354 3331 nicata
2380 3272 2582 3329 Christi
2609 3269 2960 3333 eucharistia,
3007 3269 3083 3322 ita
3116 3274 3339 3336 paratus
3372 3263 3529 3318 sicuti
3563 3260 3754 3314 ibidem

2178 3367 2373 3422 missas
2426 3365 2587 3429 fecit,
2636 3362 2795 3416 nudis
2837 3359 3065 3430 pedibus
3123 3364 3450 3425 acceptaque
3500 3364 3669 3407 cruce
3708 3347 3753 3399 in

2179 3457 2427 3513 manibus
2464 3456 2563 3510 sub
2612 3449 2991 3509 sacramentali
3023 3450 3127 3503 hac
3174 3447 3269 3501 Dei
3311 3443 3539 3513 justitize
3591 3448 3646 3517 et
3676 3451 3754 3491 ve-

2180 3548 2358 3622 ritatis
2390 3546 2601 3600 ratione
2630 3544 2698 3575 ³⁸³
2721 3539 3166 3611 comprobanda,
3210 3537 3264 3590 in
3292 3532 3568 3589 audientia
3600 3528 3755 3583 totius

2179 3619 2435 3692 :ecclesiaa
2458 3636 2510 3688 in
2533 3633 2749 3689 Christo
2774 3631 2853 3685 sic
2881 3636 3211 3700 protestatus
3231 3632 3335 3689 est,
3351 3622 3493 3693 quod
3513 3619 3751 3674 videlicet

2180 3726 2375 3781 Petrus
2423 3724 2543 3789 ille,
2596 3722 2690 3792 qui
2741 3718 3089 3774 Florentinus
3124 3716 3414 3784 episcopus
3449 3711 3630 3765 dictus
3670 3705 3750 3767 sit,

2184 3815 2508 3887 Symoniace
2539 3813 2914 3882 episcopatum
2965 3806 3236 3862 obtineret
3279 3801 3414 3873 (56),
3443 3807 3499 3854 et
3531 3812 3650 3887 qua:
3692 3792 3753 3887 ab

2183 3882 2301 3977 ipso
2331 3912 2387 3960 et
2435 3902 2636 3957 ceteris
2671 3898 3013 3971 Symoniacis
3055 3903 3110 3950 et
3148 3890 3394 3947 uxoratis
3444 3882 3753 3977 presbiteris

2183 3970 2586 4051 conﬁcerentur
2629 3970 3012 4053 sacramenta;
3059 3984 3206 4040 nullo
3241 3983 3400 4037 modo
3424 3995 3455 4033 a
3484 3970 3760 4032 catholicis

2186 4082 2495 4153 recipienda
2552 4087 2758 4135 essent.
2817 4078 2885 4133 Et
2928 4091 2995 4131 eo
3035 4084 3193 4144 pacto
3239 4071 3478 4126 medium
3540 4066 3754 4120 ﬂammis

2188 4171 2571 4245 pedetemptim
2621 4168 2954 4240 ingrediens,
2987 4156 3192 4235 absque
3225 4162 3372 4217 omni
3421 4160 3639 4213 laesione
3683 4166 3752 4204 ar-

2188 4266 2335 4323 doris
2361 4276 2417 4320 et
2449 4263 2680 4318 incendii
2712 4262 2763 4315 in
2791 4260 3011 4315 nomine
3045 4256 3254 4311 Domini
3281 4254 3514 4308 feliciter
3550 4250 3615 4282 ι’*
3641 4258 3752 4315 per-

2189 4359 2501 4414 ambulavit.
2546 4356 2642 4411 Set
2668 4355 2851 4410 omnis
2881 4353 3054 4422 plebs,
3100 4349 3317 4403 utvidit
3355 4345 3614 4413 judicium
3642 4340 3748 4396 hoc,

570 4467 879 4522 Eia/tardus
925 4466 1187 4537 Spirensis
1229 4465 1500 4535 episcopus
1542 4464 1593 4515 in
1623 4463 1805 4516 itinere
1844 4458 2081 4513 Romano
2114 4428 2163 4488 Ι)
2191 4452 2301 4505 Deo
2328 4431 2529 4518 gratias
2553 4454 2608 4500 et
2636 4444 2824 4499 laudes
2871 4456 3108 4512 superno
3128 4438 3276 4508 justo
3304 4435 3480 4492 Iudici
3506 4425 3749 4488 unanimi-

496 4558 621 4611 obiit
658 4566 716 4612 et
769 4557 947 4613 Siena:
988 4556 1229 4627 sepultus
1264 4563 1373 4618 est,
1415 4553 1502 4607 cui
1545 4551 1763 4621 quidam
1802 4547 2082 4603 Heinricus

498 4651 782 4704 successit.

2191 4553 2277 4598 ter
2296 4539 2586 4597 referebat.

2264 4633 2457 4687 Petrus
2481 4643 2612 4684 vero
2648 4626 2863 4682 tandem
2893 4625 3123 4680 Romam
3148 4636 3177 4675 a
3217 4622 3415 4676 domno
3445 4631 3580 4688 papa
3609 4610 3746 4665 advo-

1808 4753 2046 4812 V’ARIIE
2085 4746 2494 4808 LECTIONES.

574 4856 642 4888 “'
669 4863 872 4910 sancta
901 4856 977 4909 l‘.
1075 4855 1143 4887 “'
1173 4866 1316 4908 anno
1344 4883 1413 4893 —
1437 4851 1579 4921 regis
1632 4851 1719 4905 10.
1757 4850 1941 4904 desunt
1970 4848 2025 4901 5.

501 4995 734 5052 fideliter
761 4996 817 5051 2.

2105 4846 2169 4876 ιιτ

574 4856 642 4888 ⁸⁸⁸
669 4863 872 4910 sancta:
901 4856 977 4909 l'.
1075 4855 1143 4887 “‘
1173 4866 1316 4908 anno
1344 4883 1413 4893 —
1437 4851 1579 4921 regis
1632 4851 1719 4905 10.
1757 4850 1941 4904 desunt
1970 4848 2025 4901 5.
2105 4846 2169 4876 ¹¹τ
2204 4842 2269 4896 ad
2315 4841 2368 4895 '5.
2462 4841 2530 4869 ¹¹¹¹
2560 4841 2832 4916 quandam
2864 4841 2886 4888 ἓ

500 4926 692 4996 desinit
722 4926 774 4980 5.
858 4926 925 4959 ⁸³⁸
952 4941 1111 4996 quam
1137 4925 1195 4979 2.
1274 4924 1341 4955 ¹²¹
1366 4922 1676 4991 Ratisponze
1719 4921 2066 4990 supplendum
2095 4916 2318 4969 videtur.
2354 4907 2476 4962 Uss.
2555 4907 2622 4937 η’
2653 4919 2784 4975 IpSIS
2829 4905 2886 4958 2.

2462 4837 2530 4869 m
2560 4834 2832 4904 (Ιηδηάοῐη
2863 4833 2918 4888 3.
2996 4833 3063 4904 ‘f’
3098 4831 3180 4883 hic
3218 4829 3273 4882 in
3309 4810 3746 4904 medicusentenii."

2966 4902 3034 4934 ¹¹³
3062 4881 3287 4956 ron—iane
3328 4898 3402 4950 Γ.
3480 4892 3548 4925 ⁸⁸⁵
3586 4890 3652 4941 ita
3688 4881 3747 4932 Γ·

2025 5073 2256 5131 NOTAE.

569 5181 684 5253 (Si)
725 5181 992 5236 Baronius
1042 5178 1331 5253 caeteriun
1367 5174 1566 5253 passim
1769 5172 1844 5253 ad
1872 5178 2080 5253 annum

502 5240 642 5308 1οἱἰὸ
667 5240 1006 5308 referuntJn
1024 5250 1128 5305 alia
1159 5240 1336 5303 tamen
1365 5240 1480 5300 abit
1510 5240 2082 5307 Mabillonius(.Annal.

502 5323 706 5378 Bened.
734 5333 773 5377 t.
796 5320 864 5380 ν.
883 5323 979 5380 0.1
1003 5317 1250 5380 sqq.)ubi
1277 5332 1344 5370 ex
1376 5330 1510 5369 nise.
1539 5313 1725 5367 codice
1750 5312 2090 5366 bibliotheca:

2193 5165 2379 5220 Idibus
2414 5160 2693 5216 Februarii
2712 5200 2724 5223 ,
2757 5157 2891 5227 feria
2919 5164 3111 5227 quarta
3140 5151 3324 5227 primam
3362 5131 3746 5227 Itebdomatla’j':

2198 5202 2732 5302 .Quilrdiwgesimain
2757 5202 3101 5281 'mondsterio
3137 5202 3201 5275 de
3254 5219 3487 5287 Septimo
3509 5254 3523 5280 ,
3559 5223 3642 5266 seu
3678 5202 3749 5256 die

2199 5299 2268 5359 l5
2284 5299 2604 5380 ςψιῖιξξηίίἰ.Δ
2637 5299 2763 5380 Uss_.

3104 5369 3269 5380 -.Α-Α-
3326 5349 3711 5380 --η-Αηεῖηαιηε
3736 5376 3746 5380 -
