3938 5380
156 292 256 351 353

1269 279 1609 335 ANNALES.
1650 310 1719 319 -—
1751 279 1861 333 AN.
1904 276 2229 334 10674070.

3286 268 3388 323 55$

161 412 327 465 catus,
354 408 409 454 et
447 412 547 468 pro
579 396 784 452 heresis
826 361 1098 464 praedictae
1143 398 1296 443 reatu
1336 390 1495 458 hujus
1518 390 1709 459 judicii
1738 397 1784 452 Λ
1815 397 1896 443 tra
1927 389 2032 455 fas,
2061 398 2255 444 nostra:
2296 387 2567 442 cathedra:
2604 384 2955 441 inthronizari
2994 382 3392 453 percupientis-

162 497 468 560 argumento
507 485 804 548 convictus,
832 481 1038 552 virgam
1083 487 1138 531 et
1184 477 1403 532 anulum
1441 478 1720 548 episcOpa-

161 582 256 636 lem
280 578 576 650 apostolico
603 570 1133 631 confusus‘reddidit
1153 609 1169 635 ,
1204 569 1391 639 sicque
1433 570 1716 639 dignitate,

160 684 256 739 qua
291 669 493 739 injuste
522 674 605 722 est
641 664 984 726 sublimatus,
1017 660 1245 715 recessit
1280 658 1426 727 juste
1452 661 1714 730 privatus.

158 744 494 827 Aliquamdiu
545 766 726 811 tamen
782 766 867 807 res
930 749 1173 806 ecclesias
1222 748 1364 803 illius
1416 763 1519 819 cpe
1568 748 1720 802 ducis

159 849 397 906 Gotifridi
433 848 671 912 invasit,
722 859 952 915 sperans
1003 857 1061 897 se
1096 840 1496 910 quomodolibet
1532 840 1586 893 in
1629 853 1721 892 ca-

161 942 396 996 thedram
441 956 595 995 suam
636 926 803 1010 posse
858 934 1092 992 restitui.
1145 932 1371 987 Demum
1426 947 1557 986 vero
1596 945 1719 985 cum

158 1032 252 1087 hac
306 1047 403 1101 spe
459 1030 860 1093 frustraretur,
917 1029 1243 1082 rennncians
1294 1025 1546 1082 omnibus
1600 1038 1721 1093 quae

159 1120 425 1189 possidere
464 1120 771 1181 videbatur,
817 1119 884 1171 ad
915 1118 1327 1171 conversionem
1358 1115 1527 1181 venit,
1573 1122 1628 1168 et
1665 1115 1718 1167 in

160 1212 483 1266 manasterio
510 1211 773 1279 Pomposa
808 1208 922 1276 jam
970 1224 1029 1263 se
1065 1209 1387 1263 monachum
1426 1206 1555 1261 fecit
1584 1207 1717 1275 (57).

160 1297 472 1353 Nortrnanni
525 1297 749 1352 Romam
804 1297 1050 1350 invadere
1098 1296 1370 1350 voluerunt
1424 1294 1717 1359 hostiliter,

158 1399 232 1444 set
259 1405 288 1444 a
314 1390 451 1446 duce
482 1388 757 1446 Gotifrido
801 1387 883 1442 eis
922 1388 1309 1443 iuterminante
1348 1396 1719 1443 cessaverunt.

794 1474 1073 1529 MLXVIII.

218 1567 501 1623 Heinricus
541 1580 639 1621 rex
675 1564 909 1621 natalem
956 1566 1165 1620 Domini
1210 1566 1445 1621 Coloniae
1482 1566 1722 1622 celebra-

158 1658 245 1724 vit,
287 1658 498 1713 Pascha
546 1668 808 1716 autem.,.
854 1656 955 1710 Hic
988 1658 1350 1713 adolescentia:
1388 1674 1499 1712 suae
1544 1675 1721 1713 errore

1823 481 1957 535 sime
1996 481 2295 535 industrius
2343 479 2476 535 satis
2520 478 2812 539 nitebatur,
2847 484 2904 531 et
2950 475 3119 530 totius
3160 472 3290 528 cleri
3334 482 3392 528 et

1822 571 1999 641 populi
2048 572 2364 626 canonicam
2423 569 2662 637 Sigifridi
2722 568 2843 640 (59)
2895 567 3079 622 fratris
3133 567 3385 629 illorum,

1824 660 1953 729 regii
1999 675 2213 730 quoque
2253 646 2536 730 capellani,
2561 674 2721 729 quem
2750 657 2849 713 sibi
2889 657 3187 726 episcopari
3229 669 3391 726 expe-

1824 751 2079 816 tiverant,
2107 750 2430 806 electionem
2458 748 2709 804 frustrari
2737 746 3080 810 omnifariam
3110 747 3177 778 ¹²⁹
3203 746 3390 801 molie-

1820 840 1999 894 batur.
3214 844 3217 849 ’

1891 931 2189 988 Gotifridus
2216 934 2326 987 dua:
2351 933 2461 1004 (60)
2492 933 2626 987 inter
2648 933 2906 988 seculares
2934 934 3391 1004 prwstantissimus

1821 1031 1871 1078 et
1899 1024 1951 1077 in
1987 1025 2343 1078 recordatione
2390 1034 2718 1093 peccatorum
2766 1038 2979 1095 suorum
3031 1024 3100 1077 ad
3143 1014 3394 1092 compun-

1823 1112 2043 1165 ctionem
2067 1112 2406 1167 lacrimarum
2437 1113 2742 1183 facillimus,
2773 1115 2827 1167 in
2864 1101 3161 1183 erbgatione
3203 1112 3393 1166 eterna-

1822 1203 2057 1256 sinarum
2088 1204 2444 1274 largissimus,
2480 1213 2589 1258 tam
2624 1221 2690 1260 ex
2743 1214 2855 1259 toto
2894 1204 3053 1258 rebus
3090 1213 3145 1259 et
3178 1206 3393 1261 thesau—

1823 1292 1900 1348 ris
1956 1293 2068 1349 suis
2118 1295 2169 1348 in
2220 1311 2483 1365 pauperes
2537 1305 2593 1351 et
2646 1294 2919 1350 accclesias
2961 1288 3285 1362 dispensatis
3334 1304 3394 1347 ut

1823 1382 1993 1436 ferme
2033 1385 2207 1438 nudus
2238 1387 2392 1439 nudae
2432 1386 2611 1465 crucis
2640 1385 2852 1454 bajulus
2891 1385 3174 1447 resideret,
3202 1394 3256 1436 et
3284 1393 3391 1436 tam

1823 1474 2060 1543 perfecta
2113 1485 2167 1530 et
2216 1476 2652 1532 lacrimosissima
2705 1477 3024 1546 prenitentia
3069 1474 3293 1529 alterm
3324 1490 3393 1530 ex

1822 1566 1995 1620 altero
2036 1565 2260 1621 effectus
2282 1608 2297 1633 ,
2327 1578 2386 1621 ut
2418 1570 2543 1623 hinc
2573 1571 2638 1623 ad
2665 1567 3067 1638 supercmlestis
3098 1568 3395 1636 municipa-

1825 1664 1935 1709 tum
1963 1656 2127 1710 curia:
2170 1657 2401 1713 feliciter
2442 1659 2590 1714 illum
2623 1660 2919 1728 emigrasse
2963 1659 3043 1715 fas
3085 1676 3192 1716 non
3223 1661 3296 1716 sit
3327 1659 3393 1691 ¹⁸¹

156 1751 409 1814 seductus,
439 1749 689 1820 legitima:
711 1746 946 1816 conjugis
994 1748 1125 1800 adeo
1148 1731 1495 1813 obliviscitur,
1525 1759 1574 1803 et
1614 1759 1717 1801 tam
1752 1750 1795 1809 Β
1823 1746 2087 1813 dubitare,
2132 1749 2185 1803 in
2215 1749 2357 1806 illius
2386 1767 2574 1831 manus
2608 1752 2797 1822 spiritu
2844 1768 2943 1808 suo
2994 1754 3392 1819 commendato,

160 1841 384 1910 nefandis
398 1839 708 1893 criminibus
723 1838 986 1892 involutus
1009 1854 1120 1891 esse
1147 1840 1472 1907 di/fumatur,
1490 1851 1544 1892 ut
1563 1842 1720 1893 etiam

157 1930 396 2003 principes
430 1930 549 1998 ejus
583 1945 703 1983 eum
733 1945 890 1998 regno
926 1929 1133 1997 priuare
1179 1930 1514 1983 molirentur.
1561 1928 1721 1983 Totus

158 2017 234 2071 ille
264 2035 432 2073 annus
461 2018 717 2088 pluvialis
746 2020 835 2073 ¹¹⁸.

526 2111 535 2118 ’
806 2110 1051 2165 MLXIX.

218 2199 331 2255 Pax
366 2210 419 2255 et
464 2202 824 2256 reconciliatio
879 2205 933 2256 in
963 2203 1156 2272 populo
1201 2206 1255 2258 in
1295 2204 1463 2257 natali
1510 2202 1722 2258 Domini

158 2292 281 2357 apud
310 2288 537 2351 Gestare
568 2294 736 2362 regali
760 2294 933 2348 edicto
965 2295 1061 2348 sub
1095 2306 1425 2349 sacramento
1449 2305 1572 2349 sunt
1601 2311 1722 2349 conc

156 2373 380 2444 ﬁrmata.

217 2469 497 2527 Heinricus
536 2490 632 2528 rea:
676 2484 876 2545 gentem
902 2474 1235 2530 Leuticorum
1266 2476 1520 2531 devastat.

219 2560 354 2617 Dedo
380 2566 625 2619 marchio
654 2566 953 2621 Saxonicus
987 2569 1095 2637 regi
1131 2567 1363 2633 rebellat,
1388 2578 1462 2622 set
1489 2577 1722 2638 postmo-

156 2653 268 2708 dum
291 2668 511 2711 coactus
538 2660 612 2711 ad
645 2659 958 2713 deditionem
989 2659 1141 2713 venit.

155 2776 160 2781 .
219 2743 725 2812 Undalricusabbas
753 2748 1032 2816 Augiensis
1054 2748 1181 2801 obiit
1200 2787 1215 2812 ,
1255 2765 1351 2816 pro
1374 2765 1476 2818 quo
1503 2751 1721 2820 quidam
1770 2792 1775 2797 .

160 2829 532 2905 Heginwardus
562 2836 631 2891 de
658 2836 1023 2892 Hiltinisheim
1050 2838 1219 2893 abbas
1244 2838 1587 2908 Symoniace,
1616 2841 1723 2894 fra-

159 2926 312 2982 tribus
340 2928 754 2992 rebellantibus,
789 2945 818 2983 a
851 2944 977 2999 rege
1002 2931 1094 2984 vix
1121 2928 1484 2985 substituitur.

215 3016 512 3074 Rumaldus
541 3020 978 3077 Constantiensis
1020 3021 1088 3052 ¹¹⁸
1129 3021 1444 3090 episcopus,
1475 3022 1594 3091 pius
1621 3023 1717 3076 ad-

157 3108 355 3162 modum
382 3118 438 3164 et
465 3109 760 3175 humanus,
792 3111 883 3180 qui
910 3119 965 3164 et
1008 3111 1202 3166 domus
1231 3112 1573 3180 episcopalis,
1600 3128 1720 3182 qua:

156 3210 242 3251 suo
270 3208 511 3270 tempore
542 3202 775 3267 corruit,
806 3210 1154 3271 recuperator
1198 3202 1587 3259 solertissimus
1611 3245 1625 3269 ,
1666 3213 1722 3260 et

156 3287 513 3345 ecclesiastici
548 3292 1100 3361 thesauri'ampliator
1129 3301 1184 3349 et
1202 3294 1449 3362 provisor
1473 3296 1721 3351 attentis-

157 3377 330 3444 simus,
368 3379 537 3448 hujus
570 3381 755 3436 mundi
786 3381 1118 3438 umbraticas
1140 3385 1398 3438 deserens
1434 3384 1717 3450 vanitates,

158 3463 382 3521 ultimum
401 3469 549 3523 diem
579 3469 634 3523 2.
664 3468 801 3524 Non.
828 3470 1151 3527 Novembris
1174 3472 1410 3528 feliciter
1430 3473 1716 3538 clauserat,

155 3560 203 3605 et
227 3554 277 3607 in
305 3558 495 3611 eadem
536 3559 700 3614 domo
743 3575 907 3629 quam
935 3572 1255 3617 construere
1281 3563 1392 3630 jam
1420 3563 1719 3634 inceperat,

153 3641 371 3702 ofﬁciose
398 3648 650 3717 sepultus
679 3659 778 3704 est.
810 3651 887 3705 Ea
914 3661 1236 3723 tempestate
1270 3653 1593 3724 Symoniaca
1622 3655 1719 3709 he-

148 3733 275 3787 resis
304 3750 409 3790 non
442 3744 504 3790 ut
544 3738 673 3792 olim
730 3739 1085 3806 clandestina,
1135 3743 1265 3811 quin
1296 3742 1476 3812 potius
1506 3742 1720 3811 publica

156 3829 204 3874 et
254 3822 587 3907 inreverenti
648 3828 933 3896 majestate
986 3830 1224 3899 undique
1278 3832 1620 3886 nostratibus
1666 3844 1722 3887 et

155 3909 338 3981 absque
380 3929 743 3983 personarum
784 3919 1099 3988 acceptione
1129 3918 1350 3975 efferata
1375 3921 1729 3997 principalia:

157 4009 251 4067 tur,
292 4012 347 4057 et
391 4004 763 4060 columbinam
814 4016 1017 4063 sancta:
1061 4010 1254 4064 matris
1303 4009 1563 4064 aacclesia:
1602 4010 1721 4079 pul-

154 4090 501 4151 chritudinem
538 4097 864 4165 purulentia:
908 4114 1019 4154 suae
1066 4101 1332 4170 contagiis
1363 4116 1525 4170 quam
1559 4101 1721 4156 mise-

156 4181 381 4238 rabiliter
413 4186 843 4255 conftndaverat,
872 4205 992 4258 qua:
1018 4190 1249 4259 denique
1280 4193 1549 4260 quendam
1582 4193 1719 4247 Kar-

154 4266 445 4327 lomannum
469 4274 585 4345 (58)
603 4316 618 4340 ,
642 4274 1221 4345 Parthenopolitanum
1245 4280 1564 4334 canonicum
1589 4280 1721 4335 Har-

1822 1837 1977 1906 cujus
2004 1841 2191 1911 gratia:
2219 1842 2600 1897 devotissimus
2631 1844 2947 1913 suspirmit,
2987 1846 3302 1899 ccelest'tbus
3328 1860 3396 1900 ex

1824 1939 1935 1984 toto
1970 1946 2264 2001 suspensus
2297 1936 2632 2005 gratulanter
2680 1938 2996 2007 exspiravit.
3028 1938 3128 1993 llic
3152 1997 3155 2000 g
3178 1939 3397 1994 demum

1821 2021 1963 2089 apud
1988 2022 2450 2091 Viridunutn,-ubi
2478 2027 2639 2081 etiam
2669 2027 2952 2083 defunctus
2982 2038 3083 2090 est,
3109 2029 3142 2084 9
3170 2029 3393 2085 Kalend.

1820 2109 2045 2166 Januar.
2076 2113 2284 2169 idoneis
2310 2117 2534 2171 omnino
2557 2118 2802 2186 exequiis
2831 2119 3155 2186 tumulatus,
3194 2121 3249 2173 in
3270 2136 3397 2189 pace

1824 2205 2136 2274 requiescat.

2495 2296 2708 2352 MLXX.

1910 2380 2026 2436 Rex
2076 2383 2313 2438 natalem
2367 2385 2580 2441 Domini
2612 2388 2921 2461 .Frisingia:
2973 2393 3122 2463 egit,
3167 2394 3398 2465 indeque

1823 2473 2071 2540 partibus
2118 2474 2223 2529 illis
2266 2480 2614 2545 pertransitis
2656 2482 2707 2533 in
2762 2484 3139 2551 purificatione
3192 2502 3397 2543 sancta:

1824 2562 2004 2617 Maria:
2055 2564 2354 2634 Augustam
2410 2571 2656 2636 pervenit
2706 2571 2792 2624 ¹³².
2839 2572 2968 2629 llluc
3015 2590 3143 2645 ergo
3200 2577 3397 2635 fratres

1823 2650 2266 2710 Constanticnscs
2300 2671 2398 2725 pro
2428 2672 2527 2712 suo
2570 2660 2742 2715 electo
2770 2676 2869 2731 per
2910 2666 3051 2734 regis
3081 2666 3393 2738 suffragium

1822 2743 2154 2809 acceptando
2184 2761 2306 2799 cum
2338 2749 2606 2813 venirent,
2638 2752 2894 2819 przedicto
2918 2755 3295 2825 Symmoniaco
3325 2757 3395 2791 “'

1821 2829 1915 2883 illo
1964 2831 2163 2887 vellent
2214 2836 2420 2891 nollent
2478 2851 2743 2908 urgente,
2799 2845 2943 2914 regis
2980 2849 3396 2908 comminatoria

1822 2918 2225 2989 satis’jussione
2272 2922 2383 2994 pro
2409 2942 2474 2982 eo
2520 2929 2625 2984 illis
2655 2934 3053 3004 superinposita
3094 2939 3276 2997 tristes
3301 2944 3397 2999 do-

1822 3026 1969 3065 mum
2012 3013 2347 3071 remeabant.
2381 3017 2474 3074 Sic
2508 3020 2598 3075 ille
2639 3024 3090 3104 anathematicus
3117 3034 3396 3104 episcopa-

1822 3099 1924 3154 lem
1980 3103 2291 3159 cathedram
2350 3110 2605 3177 pervicax
2667 3112 2885 3168 invasor
2951 3099 3397 3180 sibiinfelici-tcr

1823 3194 2123 3260 usurpavit.
2152 3193 2262 3250 Nec
2293 3212 2465 3264 mora,
2501 3215 2625 3257 mox
2654 3202 2719 3255 ad
2750 3204 2892 3272 quod
2930 3209 3077 3261 venit
3104 3198 3239 3279 cpus
3278 3222 3399 3267 stu-

1818 3281 2126 3338 diosissime
2175 3286 2601 3353 administravit,
2645 3293 2852 3348 scilicet
2899 3305 2957 3350 ut
2996 3296 3397 3356 deterius’ven-

1818 3373 1972 3427 deret
2013 3377 2154 3443 quod
2210 3377 2350 3431 male
2394 3383 2751 3449 comparavit,
2793 3392 2847 3439 et
2900 3398 2959 3440 ut
3001 3387 3294 3457 furaretur,
3342 3400 3397 3448 et

1820 3474 2080 3519 mactaret
2124 3483 2253 3523 oves
2314 3469 2521 3526 alienas
2559 3482 2614 3551 ct
2671 3476 2948 3543 perderet.
3009 3477 3149 3534 Vasa
3197 3497 3395 3551 sacra,

1818 3558 2137 3611 vestimenta
2162 3560 2421 3628 missalia,
2456 3550 2665 3618 tabulas
2698 3566 2884 3624 altaris
2915 3580 3140 3641 argento
3167 3588 3395 3646 cooper-

1820 3654 1903 3702 tas
1932 3646 2131 3704 furtive
2161 3652 2526 3722 dilaminavit;
2560 3672 2771 3724 aurum,
2800 3676 3063 3731 gemmas,
3091 3674 3145 3718 et
3176 3681 3396 3724 omnem

1818 3737 2242 3793 (ecclesiasticum
2286 3744 2591 3799 thesaurum
2646 3748 2700 3801 in
2751 3768 2873 3804 suos
2916 3758 3231 3824 suorumque
3270 3775 3395 3813 usus
3490 3804 3494 3808 Α

1819 3837 1993 3895 utpote
2065 3830 2155 3898 fur
2216 3834 2513 3903 sacrilegus
2590 3852 3017 3909 praesurnptuose
3076 3836 3395 3913 disperserat

1818 3916 2008 3985 (Beas.
2057 3934 2109 3972 a.
2160 3921 2336 3991 iO'il).
2372 3924 2483 3980 Hoc
2530 3942 2559 3979 a
2598 3927 2859 3984 fratribus
2903 3932 3212 3990 Alexandro
3242 3952 3396 4008 papae

1816 4023 1915 4077 per
1942 4008 2150 4064 litteras
2179 4026 2245 4066 ex
2286 4021 2404 4069 toto
2449 4017 2734 4085 querelose
2783 4020 3051 4087 intimato,
3096 4028 3393 4093 apostolica

1819 4099 2147 4155 anetoritate
2200 4102 2481 4159 interdixit
2524 4107 2624 4172 eis,
2663 4122 2731 4162 ne
2765 4110 2986 4166 omnino
3034 4118 3394 4172 communica-

1819 4182 1941 4242 rent
1966 4190 2051 4254 ei;
2087 4192 2357 4262 simulque
2388 4197 2796 4267 archiepiscopo
2839 4199 3150 4268 Mogontino
3198 4203 3394 4261 litteris

1819 4278 2000 4334 missis
2027 4283 2301 4350 praecepit,
2331 4285 2432 4337 nisi
2463 4300 2523 4340 se
2567 4288 2745 4342 heresi
2775 4291 3030 4358 praedicta
3064 4292 3394 4364 expurga‘ret

140 4357 546 4430 .cispurgensem
601 4373 782 4419 autem
827 4366 1199 4436 praepositum,
1235 4383 1339 4421 non
1382 4383 1478 4436 per
1519 4371 1716 4425 ostium
1747 4395 1793 4455 ο
1819 4371 2109 4435 canonice,
2142 4372 2285 4441 quod
2316 4389 2654 4447 nequaquam
2702 4380 3010 4448 episcopum
3044 4357 3168 4435 eum
3204 4357 3396 4438 conse-

154 4457 225 4501 set
249 4449 486 4517 aliunde,
518 4469 617 4522 per
659 4458 949 4510 maceriam
982 4456 1211 4528 scilicet,
1240 4455 1423 4511 caulas
1450 4456 1715 4512 Constan-

155 4536 324 4593 tiensis
371 4542 682 4608 cathedrae,
718 4543 814 4612 ipsi
868 4546 981 4616 regi
1023 4545 1249 4615 ejusque
1281 4547 1347 4578 ¹²⁷
1391 4548 1714 4603 consiliariis
1770 4540 1777 4545 ’

155 4622 267 4679 data
290 4637 342 4681 et
369 4629 644 4698 promissa
678 4646 787 4686 non
820 4634 1033 4689 modica
1060 4636 1324 4706 sacrilega
1358 4638 1585 4705 pecunia
1617 4652 1715 4691 nec

158 4716 570 4793 nonlbeneficiis
612 4721 1043 4790 recclesiasticis,
1095 4726 1303 4780 intrare
1332 4734 1582 4796 coegerat
1624 4726 1711 4779 ιη.

157 4799 224 4855 lla
251 4814 460 4875 emptor
482 4807 579 4861 ille
608 4808 947 4867 miserrimus
970 4814 1283 4882 gehennalis
1310 4816 1564 4880 miseriae,
1590 4830 1715 4870 con-

1819 4469 2017 4516 craret.
2064 4461 2160 4515 Set
2210 4464 2324 4531 ipse
2368 4467 2510 4536 regis
2557 4476 2612 4520 et
2655 4470 3118 4523 commercialium
3172 4487 3393 4527 suorum

1820 4564 1938 4604 sese
1963 4552 2243 4619 promissis
2272 4563 2328 4609 et
2366 4556 2687 4612 auctoritate
2715 4558 3185 4631 qualitercumque
3212 4562 3397 4616 defen-

1820 4640 2012 4705 dendo,
2050 4658 2269 4698 causam
2319 4661 2472 4700 suam
2526 4648 2593 4701 ad
2643 4664 2813 4718 usque
2850 4651 3149 4706 secundum
3197 4668 3396 4707 annum

1819 4729 2130 4797 protelavit.
2693 4748 2697 4755 ”
2850 4734 2853 4745 ’

1912 4815 2145 4871 Francia
2197 4820 2335 4875 civili
2386 4821 2589 4876 laborat
2645 4824 2928 4879 discordia.
2992 4856 3067 4867 —
3127 4827 3253 4883 Otto
3296 4827 3403 4878 dua:

1439 4905 1669 4962 VARIAE
1702 4904 1993 4962 LECTION
2001 4907 2105 4961 ES.
3149 4932 3153 4937 ·
3336 4922 3337 4925 ‘

219 4982 650 5071 {fﬂyernltems
674 4991 941 5071 secundus
970 4994 1218 5071 abbess.
1252 4998 1412 5071 Blasii
1447 4998 1586 5071 obiit
1606 5000 1722 5053 add:

1897 5000 1987 5071 Γ.
2066 5001 2134 5032 ¹²⁶
2155 5001 2395 5056 XXXVI.
2425 5005 2575 5058 addit
2604 5009 2678 5064 1⁵.
2713 5007 2780 5038 ¹²⁷
2816 5003 3062 5071 ejusdem
3088 5011 3145 5063 ‘2.
3228 5004 3293 5035 ⁸³⁸
3323 5017 3409 5055 CO-

160 5055 837 5149 ἓξὲξ-Μξὶίζξῐξρξίξθνξᾶ
862 5062 917 5119 2.
995 5064 1061 5149 ξξθ
1100 5068 1269 5149 altera
1298 5069 1421 5149 2.“.
1443 5067 1509 5099 ¹³¹
1556 5068 1694 5149 liti-2.
1796 5066 1862 5097 ιη
1894 5067 2200 5149 Dielmartts
2235 5055 2396 5127 Curie
2442 5055 2733 5149 episcopus
2777 5055 3412 5135 obiitv,“cui-IlleuriCus

158 5126 439 5182 monachus
466 5128 760 5195 Augiensis
786 5134 1047 5188 successit
1071 5138 1216 5192 addit
1242 5137 1318 5190 1ο.
1354 5136 1444 5187 ⁸⁸³.
1477 5139 1731 5204 praedicta
1765 5138 2086 5204 sytuoniana
2124 5140 2177 5192 2.

1640 5222 1877 5284 ΝΟΤΛΕ.

354 5299 728 5380 Qgheliﬂltal.
749 5318 889 5359 sacr.
925 5313 1052 5380 tom.
1083 5308 1168 5374 Ill,
1197 5326 1322 5380 pag.
1357 5311 1445 5365 73.
1477 5310 1598 5367 Uss.

1827 5312 1974 5367 tricis
2019 5312 2229 5365 Tuscia:
2277 5309 2697 5372 marchionissaa
2722 5309 2972 5369 maritus,
3006 5315 3077 5366 ad
3123 5322 3282 5380 quem
3310 5318 3419 5380 Le};
