3938 5380
478 315 586 371 3:55
1384 292 1766 355 Ill-.ll'flitlLDl
1809 289 2240 349 nassonem
2282 289 2869 349 CONSTANTIENSIS
3664 292 3759 349 εδδ

499 418 763 488 ltajoaria:
815 415 1139 487 proditionis
1187 413 1240 467 in
1295 427 1475 484 regem
1510 425 1634 466 reus
1678 426 1709 464 a
1759 405 2081 478 quibusdam
2118 410 2161 461 Α
2646 408 2652 416 '
2841 401 3105 457 MLXXII.

495 511 877 576 accusabatur,
906 518 957 566 ct
989 519 1043 562 ut
1074 520 1132 563 se
1172 505 1350 560 duello
1406 511 1730 574 expurgare!
1762 501 1911 556 locus
1958 497 2007 551 ei
2047 512 2075 550 a
2202 572 2205 575 _
2254 493 2361 550 Rea
2404 495 2584 551 natale
2623 495 2835 550 Domini
2868 534 2884 551 .
2914 533 2931 550 .
2959 535 2977 553 .
3014 534 3031 549 .
3071 534 3083 550 .
3115 533 3131 550 .
3163 533 3178 545 .
3215 534 3231 550 .
3260 495 3327 527 ¹³⁶
3382 504 3438 552 et
3477 513 3606 566 pene
3657 498 3762 554 sine

496 617 623 674 rege
644 601 895 657 dabatur.
920 598 1073 667 Quod
1107 598 1233 652 dum
1271 596 1449 652 facere
1472 596 1656 660 nollet,
1685 594 1811 649 hinc
1832 589 2077 647 occasio—

497 708 619 748 nem
649 689 941 746 rebellandi
990 687 1251 758 suscepit,
1282 698 1330 741 et
1371 702 1494 743 eum
1539 700 1605 741 eo
1652 683 1812 740 simul
1853 682 2079 752 Magnus

497 781 643 849 ﬁlius
666 779 870 835 Ottonis
890 779 1039 832 ducis
1064 776 1313 832 Saxonica
1337 774 1698 847 aquilonialis.
1727 772 1813 828 Set
1832 788 1924 826 rea:
1948 786 2083 837 prte-

497 872 696 924 dictum
727 868 964 923 Ottonem
992 883 1113 921 cum
1138 866 1365 938 legitime
1389 868 1460 921 ad
1486 863 1905 934 satisfactionem
1932 877 2085 915 voca-

499 970 583 1012 tus
610 958 764 1013 nollet
788 959 984 1015 uenire.
1012 956 1209 1010 ducatu
1233 964 1279 1010 et
1304 956 1519 1012 eteteris
1540 952 1821 1010 beneﬁciis
1846 950 2083 1019 privarit.

497 1078 571 1090 —-
602 1048 905 1104 Dietmarus
936 1047 1115 1104 Curite
1159 1047 1446 1119 episcopus
1478 1047 1633 1111 obiit,
1683 1046 1768 1101 cui
1802 1043 2088 1100 Heiuricus

501 1140 803 1196 monachus
828 1138 1116 1210 Augicnsis
1138 1140 1421 1195 successit.
1443 1169 1512 1179 —
1532 1136 1587 1192 Μ
1592 1138 1926 1208 eginwardus
1947 1133 2090 1200 regis

501 1238 817 1287 exacturam
843 1237 899 1284 et
921 1237 1188 1299 praecepta
1214 1238 1268 1284 et
1294 1230 1515 1285 servitia
1543 1229 1652 1300 pati
1677 1226 1890 1290 nolens,
1912 1235 2091 1296 sponte

503 1322 818 1391 Augiensent
870 1319 1138 1374 abbatiam
1184 1320 1407 1376 dimisit.
1434 1351 1504 1361 —
1534 1318 1753 1392 Hiemps
1802 1329 2011 1373 ventosa
2044 1328 2091 1371 et

504 1410 775 1482 pluvialis.

1183 1499 1424 1556 MLXXI.

579 1592 695 1649 Rex
741 1593 975 1649 natalem
1018 1593 1230 1648 Domini
1264 1634 1277 1647 .
1313 1633 1327 1647 .
1363 1634 1377 1647 .
1412 1633 1425 1647 .
1463 1593 1532 1625 "‘
1558 1592 1688 1663 egit.
1732 1591 1973 1662 —Welf
1989 1591 2098 1645 dua:

509 1686 780 1755 Bajoaria:
804 1685 1051 1757 efﬁcitur.
1099 1714 1170 1725 —
1221 1683 1501 1739 lleinricus
1531 1701 1622 1738 rea:
1651 1683 1845 1737 multas
1875 1683 2097 1736 insidias

2182 572 2484 655 di/ﬁcultate
2506 585 2756 640 bellorum
2790 585 2888 640 sibi
2916 584 3223 640 rebellantes
3247 588 3531 656 superavit.
3574 582 3761 641 Petrus

2187 676 2437 730 Damiani
2462 676 2564 745 pia:
2590 678 2858 732 memoria:
2882 676 3172 731 eardinalis
3198 677 3493 747 episcopus,
3513 677 3636 748 jam
3670 680 3761 732 du-

2189 768 2315 822 dum
2346 772 2542 822 mundo
2594 769 2906 838 cruciﬁxus,
2934 769 2967 823 7
3014 767 3139 823 Kal.
3201 768 3368 823 Mart.
3393 768 3505 840 (65)
3532 768 3764 840 migravit

2190 863 2259 917 ad
2305 861 2611 917 Dominum.
2667 861 2766 917 Cui
2812 863 3035 917 domnus
3088 861 3349 916 Ceraldus
3398 860 3765 917 Cluniacensi:

2189 957 2500 1018 monachus,
2523 954 2744 1009 scientia
2770 955 3156 1023 scripturarum
3186 952 3407 1021 insignis
3449 962 3499 1007 et
3539 951 3765 1005 moribus

2190 1046 2562 1115 pra'decessori
2585 1062 2680 1100 suo
2720 1062 2824 1101 non
2865 1046 3057 1113 impar,
3106 1046 3160 1098 in
3184 1044 3545 1113 episcopatum
3573 1059 3769 1097 succes-

2189 1138 2275 1191 sit.
2312 1138 2655 1205 Adalbertus}
2684 1136 2980 1192 Bremensis
3023 1137 3445 1206 archiepiscopus
3485 1133 3638 1190 obiit.
3674 1132 3767 1189 Cui

2196 1230 2475 1285 Liemarus
2495 1230 2765 1284 successit.

2265 1321 2377 1376 Rea:
2424 1320 2593 1376 multa
2619 1320 2721 1376 sibi
2746 1318 3100 1374 munitissima
3129 1316 3346 1372 castella
3393 1315 3688 1372 construxit
3722 1316 3771 1370 in

2195 1413 2430 1484 partibus
2456 1413 2706 1469 Saxonia:
2730 1422 2781 1467 et
2827 1411 3149 1481 Tboringite,
3184 1421 3231 1465 et
3260 1411 3442 1481 plures
3468 1410 3576 1465 sibi
3604 1409 3772 1463 muni-

2198 1506 2366 1560 tiones
2394 1505 2589 1575 injuste
2617 1504 2907 1575 usurpavit,
2940 1503 3083 1558 unde
3116 1502 3403 1558 multorum
3428 1504 3647 1558 animos
3669 1514 3774 1556 con-

2200 1607 2283 1649 tra
2310 1613 2365 1650 se
2388 1597 2653 1650 excitavit.

2276 1684 2375 1742 His
2401 1684 2567 1739 etiam
2598 1682 2792 1739 diebus
2817 1680 3234 1739 Mediolanensis
3253 1680 3497 1738 ecclesia
3529 1681 3777 1752 episcopo

511 1794 542 1832 a
563 1753 872 1831 Saxonibus
894 1793 1100 1844 passus,
1139 1776 1358 1829 viriliter
1381 1784 1559 1829 omnes
1591 1775 1852 1829 transivit.
1877 1804 1937 1814 ——
1974 1773 2098 1827 Otto
2130 1753 2176 1814 Β
2208 1777 2501 1833 decedente
2555 1775 2886 1845 aliquamdiu
2934 1784 3115 1829 vacat.
3164 1773 3262 1829 Cui
3295 1773 3513 1844 quidam
3552 1772 3779 1828 maxime

511 1869 619 1932 iam
656 1868 854 1921 dudum
882 1869 991 1922 dua:
1019 1867 1308 1936 Bajoaritv,
1337 1883 1457 1921 cum
1498 1867 1655 1920 sociis
1699 1867 1809 1920 suis
1852 1867 1906 1920 in
1931 1875 2101 1930 pente-

512 1969 653 2012 coste
676 1959 782 2027 regi
806 1958 876 2011 ad
902 1958 1219 2011 deditionem
1249 1958 1402 2011 renit.
1426 1955 1932 2020 —Karlomaunus,
1959 1954 2099 2009 Cou-

513 2046 831 2102 stantieusis
853 2045 941 2100 ille
961 2045 1263 2115 appositus,
1279 2062 1342 2099 ea:
1362 2056 1617 2116 pra'cepto
1638 2044 1930 2097 Alexandri
1949 2058 2101 2112 papa:

515 2136 694 2191 habito
712 2135 1036 2206 Mogontiaci
1074 2136 1298 2189 concilio
1331 2134 1443 2207 (6t)
1478 2150 1506 2189 a
1544 2134 1821 2189 canonicis
1843 2132 2105 2188 Constan-

518 2227 780 2282 tiensibus
798 2235 1114 2280 constanter
1133 2226 1203 2280 ob
1220 2224 1532 2293 praedictam
1560 2223 1796 2279 heresim
1825 2230 1880 2277 et
1912 2231 1990 2277 tot
2017 2237 2103 2276 sa-

516 2317 1104 2388 criiegio-perpetrata,
1140 2329 1234 2386 per
1271 2315 1643 2370 accusatorias
1663 2314 1873 2369 litteras
1893 2312 2105 2383 objecta

521 2409 620 2475 illi,
643 2408 977 2478 synodaliter
1017 2407 1321 2470 convictus,
1353 2415 1539 2476 utpote
1567 2406 1658 2475 qui
1692 2416 1883 2461 contra
1911 2414 2107 2459 accole-

518 2496 752 2553 siastica:
779 2496 978 2567 regula:
993 2495 1330 2565 disciplinam
1358 2496 1535 2566 egisse
1556 2510 1756 2567 negare
1778 2510 1882 2551 non
1909 2494 2106 2564 potuit,

521 2584 825 2641 :ccelesiam
849 2584 1057 2640 scilicet
1070 2599 1171 2653 per
1183 2584 1425 2654 precium
1439 2585 1689 2654 adeptus,
1708 2585 1772 2639 de
1793 2584 2106 2653 sede,quam

524 2675 836 2745 symoniace
859 2675 1077 2741 invasrt,
1096 2674 1355 2731 confusus
1376 2673 1762 2744 abjieiebatur;
1795 2691 1900 2729 non
1926 2683 2106 2729 tamen

524 2770 765 2840 publica,
792 2779 851 2824 ut
871 2779 1167 2835 oporteret,
1193 2769 1547 2838 depositione.
1577 2768 1686 2823 Rex
1711 2769 1910 2837 quippe
1933 2782 2108 2836 quan-

529 2876 642 2919 tum
666 2863 902 2918 maxime
930 2870 1161 2932 poterat,
1191 2860 1293 2929 ipsi
1316 2858 1561 2925 favebat;
1592 2860 1676 2914 cui
1709 2860 1869 2913 etiam
1900 2859 2109 2928 virgam

524 2956 885 3027 episcopalem
916 2969 1026 3011 non
1062 2970 1117 3008 ιη
1142 2954 1373 3008 concilio
1399 2951 1666 3022 synodali,
1698 2961 1782 3006 set
1813 2952 1866 3005 in
1894 2963 2111 3006 camera

525 3062 646 3111 sua,
678 3049 856 3102 adhuc
873 3048 1037 3102 corde
1066 3045 1319 3099 indurato
1341 3043 1560 3099 rebellis
1598 3052 1655 3097 et
1687 3042 1887 3097 invitus
1932 3041 2110 3096 reddi-

529 3141 703 3193 derat.
733 3138 801 3192 Et
827 3152 873 3193 ςι
905 3131 1213 3203 huiusmodi
1250 3131 1519 3190 sententia
1555 3134 1790 3189 nondum
1819 3147 2110 3188 consecra-

532 3235 645 3280 tum
666 3235 945 3295 exspectat
969 3234 1025 3280 et
1067 3225 1384 3279 damnatum
1415 3222 1503 3290 ⁸³⁸,
1534 3223 1664 3294 quid
1691 3222 1797 3278 erit
1838 3221 1906 3277 de
1927 3234 2119 3277 conse-

541 3315 743 3370 cratis"
764 3324 813 3368 et
841 3330 886 3369 St
918 3315 1020 3369 hoc
1052 3315 1120 3369 de
1154 3314 1442 3384 episcopis,
1474 3312 1605 3383 quid
1645 3313 1738 3367 ﬁet
1765 3311 1831 3366 de
1863 3310 2124 3379 presbite-

532 3405 646 3460 ris?
664 3404 804 3459 Ecce
823 3412 1201 3474 argumentum
1218 3403 1569 3473 depositionis
1583 3418 1614 3457 a
1631 3402 1824 3472 majori
1838 3403 1905 3457 ad
1924 3401 2122 3457 minus.

534 3495 602 3550 Et
627 3510 750 3549 cum
781 3502 929 3562 Juxta
963 3501 1230 3561 praecepta
1256 3502 1567 3547 sanctorum
1594 3490 1820 3545 Patrum
1855 3489 1986 3544 nulli
2015 3489 2126 3545 cle-

537 3585 776 3641 ricorum
807 3582 887 3639 fas
912 3584 983 3638 sit
1010 3583 1263 3654 ignorare
1283 3591 1488 3638 statuta
1525 3597 1819 3646 canonum,
1848 3582 1916 3635 de
1943 3579 2126 3634 multis

541 3694 707 3731 uimm
758 3679 862 3732 hoc
912 3677 1076 3732 breve
1105 3691 1173 3731 ex
1222 3676 1456 3732 decretis
1486 3676 1661 3731 sancti
1721 3673 1925 3729 Nicolai
1974 3687 2130 3743 papa:

543 3768 845 3838 eapullum
917 3782 1196 3823 memoriae
1259 3782 1364 3823 nou
1425 3769 1604 3839 pigeat
1682 3766 2126 3823 commendare:

546 3879 566 3913 ο
604 3861 945 3930 Qun-umque
971 3857 1233 3931 presbiter
1259 3872 1356 3927 per
1375 3857 1615 3928 precium
1644 3857 1945 3914 accelesium
1970 3852 2132 3908 fuerit

546 3953 797 4020 adeptus,
822 3949 1153 4005 omnimodis
1180 3948 1499 4018 deponatur,
1526 3949 1782 4020 quoniam
1809 3956 1997 4003 contra
2027 3955 2133 3998 :ec.

546 4050 867 4099 etesiasttete
891 4040 1087 4111 regulze
1117 4040 1459 4110 disciplinam
1488 4039 1795 4096 dinoscitur
1815 4040 2009 4109 egisse.
2029 4042 2131 4110 Qui

460 4118 468 4128 ’
550 4145 730 4188 autem
762 4132 924 4186 alium
955 4131 1319 4199 presbiterum
1349 4130 1593 4197 legitime
1617 4130 1684 4184 ad
1723 4129 2023 4185 :ecclesiam
2045 4147 2135 4186 or-

553 4225 798 4279 dinatum
847 4238 943 4292 per
991 4221 1273 4290 pecuniam
1307 4227 1598 4289 espulerit.
1633 4236 1862 4290 eamque
1903 4225 2006 4281 sibi
2047 4235 2129 4279 ta-

553 4314 673 4368 liter
700 4313 1088 4374 vendicaverit,
1112 4310 1254 4381 quod
1275 4311 1463 4366 vitium
1491 4310 1629 4365 male
1649 4310 1899 4365 diffusum
1923 4330 2134 4371 summo

2206 1867 2330 1925 data
2360 1866 2621 1938 peccunia
2668 1866 2779 1936 regi
2833 1875 2890 1920 et
2935 1865 3052 1921 suis
3097 1864 3447 1930 consiliariis,
3502 1862 3779 1920 suuessit.

2205 1958 2377 2026 Quem
2436 1973 2467 2012 a
2522 1970 2660 2026 papa
2722 1954 3253 2011 excommunicatum
3307 1969 3404 2011 rex
3458 1967 3783 2010 consecrare

2206 2049 2483 2121 praecepit.
2508 2048 2698 2104 Clerus
2722 2056 2903 2103 autem
2921 2047 3086 2103 alium
3114 2047 3219 2102 sibi
3246 2047 3498 2103 idoneum
3525 2045 3780 2117 elegerat.

2206 2141 2298 2209 qui
2326 2140 2393 2171 ¹³⁷
2433 2139 2502 2193 ab
2541 2139 2633 2194 illo
2659 2147 2919 2195 coactura
2958 2137 3318 2208 jurisjurandi
3364 2136 3631 2208 expulsus
3664 2135 3786 2193 dici-

2210 2239 2299 2286 tur
2330 2230 2467 2303 (tu).

2864 2315 3151 2372 MLXXlll.

2283 2416 2398 2470 Rex
2428 2412 2607 2469 natale
2650 2410 2863 2467 Domini
2895 2450 2909 2464 .
2941 2447 2957 2464 .
2992 2448 3009 2463 .
3038 2447 3053 2463 .
3079 2418 3139 2464 .·.
3170 2448 3186 2463 .
3217 2447 3233 2463 .
3260 2407 3328 2442 ¹⁸⁸
3363 2405 3668 2478 Roudolfus
3690 2406 3786 2461 dus

2212 2504 2556 2567 Alemannite,
2605 2511 2654 2556 et
2698 2499 3015 2555 Bertlroldus
3046 2499 3156 2553 dua:
3180 2497 3540 2563 Carantauite,
3573 2508 3624 2552 et
3660 2494 3785 2564 Well

2213 2595 2324 2648 dux
2348 2593 2619 2663 Bajoaria:
2639 2610 2671 2646 a
2694 2609 2810 2662 rege
2830 2592 3204 2654 discesserunt,
3225 2591 3350 2660 quia
3375 2590 3499 2644 aliis
3526 2589 3785 2645 subintro-

2212 2686 2454 2741 euntibus
2476 2683 2816 2749 consiliariis,
2838 2696 2993 2736 suum
3030 2680 3311 2734 consilium
3336 2680 3479 2748 apud
3501 2695 3679 2751 regem
3699 2694 3785 2734 non

2215 2778 2387 2833 valere
2410 2784 2807 2844 perspexerant.

2292 2866 2638 2921 Theodericus
2669 2880 2838 2919 comes
2863 2863 3166 2933 poenitentia
3194 2863 3384 2918 ductus
3432 2879 3533 2932 pro
3562 2864 3784 2934 facinore

2213 2956 2352 3027 quod
2373 2957 2428 3009 in
2449 2955 2657 3009 beatum
2687 2954 3064 3008 Cltounradum
3100 2952 3497 3009 Trevirensibus
3521 2955 3787 3025 prtesuleu

2218 3048 2523 3116 deputatum
2569 3044 2850 3111 commisit,
2887 3044 3003 3099 licet
3026 3044 3194 3098 multa
3241 3043 3477 3115 pericula
3516 3046 3786 3107 obstarent,

2224 3138 2429 3193 ardenti
2456 3147 2630 3191 tamen
2654 3136 2759 3205 ﬁde
2796 3153 2918 3191 cum
2943 3135 3125 3190 multis
3166 3135 3287 3190 aliis
3313 3135 3617 3192 Jerusalem
3658 3135 3789 3205 cepit

2222 3228 2321 3282 ire.
2366 3226 2472 3293 Qui
2516 3243 2636 3282 cum
2675 3226 2951 3282 Laodicia:
2991 3243 3138 3282 mare
3176 3226 3384 3298 nauigio
3413 3230 3687 3298 coepissent
3724 3229 3792 3280 itt-

2227 3328 2393 3383 trare,
2423 3318 2599 3373 subita
2622 3328 2926 3388 tempestate
2957 3318 3317 3385 circumventi,
3347 3319 3632 3389 statimque
3670 3318 3791 3373 obre-
3887 3328 3897 3345 '

2228 3408 2446 3463 nebrata
2473 3409 2539 3441 ⁸³⁸
2564 3409 2650 3463 die
2679 3426 2782 3480 quo
2824 3409 2959 3464 irent
2984 3409 3191 3473 incerti,
3221 3419 3346 3479 post
3365 3410 3711 3481 quatriduum
3736 3407 3790 3441 “‘

2229 3494 2463 3568 procella
2511 3512 2728 3569 semper
2769 3498 2959 3554 eodem
2991 3506 3141 3553 motu
3171 3499 3353 3553 navim
3387 3506 3791 3570 eonquassante.

2231 3602 2393 3644 nocte
2422 3587 2612 3644 cmlesti
2643 3590 2840 3644 lumine
2868 3590 2935 3645 ad
2963 3604 3024 3645 se
3056 3590 3416 3646 descendente
3441 3592 3636 3660 stepius
3660 3589 3791 3646 alti-

2233 3680 2497 3735 larantur.
2525 3679 2724 3734 Deinde
2755 3696 2859 3734 non
2886 3680 3003 3749 jam
3028 3690 3244 3735 mortem
3277 3681 3335 3735 in
3360 3682 3609 3751 periculis
3630 3683 3793 3736 timeu-

2235 3783 2333 3834 tes,
2358 3784 2432 3827 set
2458 3774 2617 3828 vitam
2648 3783 2901 3827 (sternam
2929 3774 3381 3845 prameditantes,
3396 3775 3619 3828 marinis
3641 3771 3793 3843 ﬂucti-

2237 3862 2333 3916 bus
2403 3879 2437 3916 a
2501 3872 2834 3932 peccatorum
2908 3863 3177 3917 emundati
3232 3862 3508 3928 sordibus,
3562 3864 3630 3919 15
3686 3857 3792 3915 Kal.

2238 3951 2423 4006 Martii
2469 3953 2850 4021 naufragantes
2880 3951 2945 3987 ¹⁴¹
2996 3952 3347 4020 migrauerunt
3398 3953 3469 4005 ad
3512 3951 3792 4009 Dominum,

2240 4042 2586 4097 Theodericus
2627 4057 2820 4106 comes,
2871 4040 3184 4106 Wilderold,
3228 4040 3582 4107 Marchward,
3623 4051 3793 4096 etcum

2238 4130 2341 4185 illis
2374 4143 2600 4185 numero
2636 4129 2759 4183 H3.
3530 4118 3535 4124 ’

2313 4222 2674 4277 llerimannus
2702 4223 2960 4285 mare/tio,
3007 4221 3151 4291 [ilius
3188 4223 3336 4278 ducis
3371 4220 3659 4284 Bertlioldi,
3688 4217 3793 4272 σάου

2241 4318 2436 4371 lescens
2462 4316 2635 4370 adhuc
2656 4315 2723 4369 ad
2764 4312 3112 4382 evangelicum
3134 4313 3248 4383 jam
3287 4315 3513 4368 tendens
3539 4308 3793 4382 perfectio-

558 4403 737 4457 studio
762 4402 1159 4456 emendandum
1189 4409 1293 4456 est.
1329 4420 1348 4453 ι
1381 4401 1509 4456 Otto
1537 4399 1880 4459 Goslarensis
1911 4407 2130 4461 canoni-
2164 4441 2213 4499 υ
2241 4419 2382 4462 nem.
2411 4420 2535 4458 cum
2559 4403 2670 4471 (63)
2694 4418 2857 4457 uxore
2878 4413 2925 4455 et
2958 4402 3071 4470 [ilio
3094 4403 3266 4465 unico.
3296 4403 3670 4470 omnibusgw
3686 4411 3792 4463 pos-

554 4504 652 4545 cus
674 4491 1038 4544 Karlomanno
1069 4505 1099 4544 a
1126 4505 1253 4560 rege
1279 4491 1643 4546 substituitur.

630 4583 859 4644 Quidam
912 4578 1241 4650 Roupertus,
1299 4581 1466 4635 abbas
1494 4578 1968 4652 Babinbergeusis,
2020 4586 2133 4637 Au-

558 4671 798 4741 giensetr.
841 4671 1112 4724 abbatiam
1140 4671 1266 4725 dato
1294 4670 1404 4741 regi
1435 4670 1607 4739 multo
1645 4685 1780 4726 auro
1811 4671 2137 4742 Symoniace

561 4760 813 4823 intravit;
857 4760 950 4830 qui
995 4761 1335 4831 postmodum
1384 4760 1875 4818 anathematizatus
1913 4764 2139 4833 expelli-

565 4858 654 4905 tur
690 4849 827 4917 (6‘2).

2240 4497 2443 4550 sederat
2468 4494 2683 4559 relictis,
2705 4493 2905 4548 Christi
2936 4502 3154 4549 secutor
3186 4507 3365 4557 verus,
3387 4502 3441 4547 et
3465 4491 3639 4547 nudus
3662 4484 3794 4542 nuda:

2242 4588 2421 4642 crucis
2448 4586 2679 4655 bajulus,
2713 4584 2954 4639 Cluniaci
3001 4600 3185 4640 revera
3232 4584 3524 4639 monachus
3560 4578 3784 4636 ellicitur.

2244 4678 2319 4733 lbi
2351 4678 2464 4732 solo
2495 4679 2595 4733 hoc
2627 4691 2736 4731 uno
2779 4691 2970 4746 parum
3020 4675 3142 4744 plus
3184 4690 3328 4730 anno
3366 4673 3682 4747 regulariter
3701 4683 3795 4721 0m-

2247 4771 2376 4823 uiuo
2403 4780 2780 4832 conversatus,
2813 4768 2844 4819 7
2875 4764 3105 4821 Kalend.
3147 4765 3280 4820 Maii
3309 4764 3542 4821 feliciter
3583 4755 3789 4831 migravit

2246 4862 2316 4913 ad
2344 4859 2662 4924 Dominum;
2691 4858 2900 4914 crebris
2943 4857 3337 4913 revelationum
3367 4855 3608 4912 oraculis
3638 4853 3697 4884 “’
3713 4860 3793 4918 pro

1889 4945 2119 5003 VARle
2158 4948 2563 5006 LECTIONES.

635 5033 996 5108 “‘_G_oslaria‘.
1021 5035 1201 5108 inserit
1227 5033 1376 5103 Uss._,
1406 5034 1547 5106 quod
1565 5045 1753 5108 tamen
1776 5035 1830 5087 in
1859 5037 1919 5108 Al‘
1949 5053 2098 5108 a'que
2119 5058 2182 5095 ac
2209 5041 2263 5096 in
2289 5039 2341 5095 9..
2369 5039 2531 5093 deest.

2611 5036 2678 5069 ⁸³⁸
2715 5036 2953 5091 damnat‘
2975 5037 3032 5091 2.
3111 5036 3178 5069 ’³⁸
3203 5035 3518 5090 Wormatia!
3543 5021 3792 5088 celebravit

563 5106 739 5178 inserit
764 5104 884 5160 Uss.
917 5122 982 5178 ea:
1019 5106 1347 5178 conjectura,
1362 5094 1529 5178 quam
1559 5105 1613 5157 in
1659 5107 1732 5178 l_
1760 5117 1806 5178 et
1843 5106 1898 5158 ’2.
1930 5094 2086 5178 des'it.
2164 5094 2315 5166 imbre.
2349 5139 2418 5149 --
2447 5124 2567 5178 qua:
2597 5107 2651 5161 2.
2730 5107 2797 5138 ⁸³⁸
2820 5107 3138 5178 Babenberg
3183 5105 3480 5178 celebravit
3516 5103 3652 5158 addit
3694 5094 3788 5150 Uss.

562 5175 702 5229 deest
738 5184 791 5229 tu
816 5179 887 5230 l'.
917 5176 973 5228 2.
1054 5174 1120 5206 ¹³⁶
1147 5185 1262 5245 opt.
1307 5174 1389 5229 2.’
1447 5174 1514 5205 *³ο
1542 5174 1904 5243 tptatlriduum
1932 5176 1989 5231 2.

2068 5179 2133 5209 tu
2171 5179 2385 5234 Nec-rel.
2412 5178 2686 5244 Bernoldi,

2094 5267 2303 5323 NOTAE
2316 5308 2330 5321 .

2765 5178 2830 5208 ’δ’
2853 5175 3134 5233 miraculis
3177 5175 3232 5229 2.
