  <div class='ocr_page' id='page_1' title='image "/cluster/home/n/w/nwhite01/storage/ocr_20150623/147/hvd.32044010574002/184.png"; bbox 0 0 3938 5380; ppageno 0'>
   <div class='ocr_carea' id='block_1_1' title="bbox 155 234 244 288">
    <p class='ocr_par' dir='ltr' id='par_1_1' title="bbox 155 234 244 288">
     <span class='ocr_line' id='line_1_1' title="bbox 155 234 244 288; baseline -0.022 -1"><span class='ocrx_word' id='word_1_1' title='bbox 155 234 244 288; x_wconf 77' lang='lat'><strong><em>357</em></strong></span> 
     </span>
    </p>
   </div>
   <div class='ocr_carea' id='block_1_2' title="bbox 1288 221 2244 278">
    <p class='ocr_par' dir='ltr' id='par_1_2' title="bbox 1288 221 2244 278">
     <span class='ocr_line' id='line_1_2' title="bbox 1288 221 2244 278; baseline 0.001 -2"><span class='ocrx_word' id='word_1_2' title='bbox 1288 223 1623 277; x_wconf 75' lang='lat' dir='ltr'><strong><em>ANNALES.</em></strong></span> <span class='ocrx_word' id='word_1_3' title='bbox 1663 251 1732 261; x_wconf 91' lang='lat'><strong><em>—</em></strong></span> <span class='ocrx_word' id='word_1_4' title='bbox 1768 222 1881 276; x_wconf 79' lang='lat' dir='ltr'><strong><em>AN.</em></strong></span> <span class='ocrx_word' id='word_1_5' title='bbox 1918 221 2244 278; x_wconf 59' lang='grc'><strong><em>10714074.</em></strong></span> 
     </span>
    </p>
   </div>
   <div class='ocr_carea' id='block_1_3' title="bbox 3268 225 3371 283">
    <p class='ocr_par' dir='ltr' id='par_1_3' title="bbox 3268 225 3371 283">
     <span class='ocr_line' id='line_1_3' title="bbox 3268 225 3371 283; baseline 0.029 -3"><span class='ocrx_word' id='word_1_6' title='bbox 3268 225 3371 283; x_wconf 74' lang='grc'><strong><em>558</em></strong></span> 
     </span>
    </p>
   </div>
   <div class='ocr_carea' id='block_1_4' title="bbox 154 334 3372 414">
    <p class='ocr_par' dir='ltr' id='par_1_4' title="bbox 154 334 3372 414">
     <span class='ocr_line' id='line_1_4' title="bbox 154 334 3372 414; baseline -0.001 -11"><span class='ocrx_word' id='word_1_7' title='bbox 154 347 355 403; x_wconf 75' lang='lat' dir='ltr'><strong><em>occultis</em></strong></span> <span class='ocrx_word' id='word_1_8' title='bbox 382 353 433 401; x_wconf 86' lang='lat' dir='ltr'><strong><em>et</em></strong></span> <span class='ocrx_word' id='word_1_9' title='bbox 463 341 814 414; x_wconf 85' lang='lat' dir='ltr'><strong><em>neglegentiis</em></strong></span> <span class='ocrx_word' id='word_1_10' title='bbox 839 340 952 395; x_wconf 89' lang='lat' dir='ltr'><strong><em>suis</em></strong></span> <span class='ocrx_word' id='word_1_11' title='bbox 980 339 1237 394; x_wconf 70' lang='lat' dir='ltr'><strong><em>monitor‘</em></strong></span> <span class='ocrx_word' id='word_1_12' title='bbox 1259 337 1437 391; x_wconf 88' lang='lat' dir='ltr'><strong><em>adhuc</em></strong></span> <span class='ocrx_word' id='word_1_13' title='bbox 1467 336 1694 390; x_wconf 77' lang='lat' dir='ltr'><strong>fratrum</strong></span> <span class='ocrx_word' id='word_1_14' title='bbox 1724 336 1770 396; x_wconf 76' lang='grc' dir='ltr'><strong>Δ</strong></span> <span class='ocrx_word' id='word_1_15' title='bbox 1796 334 2089 405; x_wconf 76' lang='lat' dir='ltr'><strong><em>iurandum</em></strong></span> <span class='ocrx_word' id='word_1_16' title='bbox 2121 338 2261 409; x_wconf 85' lang='lat' dir='ltr'><strong><em>regis</em></strong></span> <span class='ocrx_word' id='word_1_17' title='bbox 2289 352 2395 408; x_wconf 88' lang='lat' dir='ltr'><strong><em>quo</em></strong></span> <span class='ocrx_word' id='word_1_18' title='bbox 2426 352 2483 394; x_wconf 84' lang='lat' dir='ltr'><strong><em>se</em></strong></span> <span class='ocrx_word' id='word_1_19' title='bbox 2506 351 2807 410; x_wconf 76' lang='lat' dir='ltr'><strong><em>expurgare</em></strong></span> <span class='ocrx_word' id='word_1_20' title='bbox 2835 335 3007 393; x_wconf 88' lang='lat' dir='ltr'><strong><em>voluit</em></strong></span> <span class='ocrx_word' id='word_1_21' title='bbox 3046 336 3372 409; x_wconf 88' lang='lat' dir='ltr'><strong><em>refutarent,</em></strong></span> 
     </span>
    </p>
   </div>
   <div class='ocr_carea' id='block_1_5' title="bbox 156 439 1301 493">
    <p class='ocr_par' dir='ltr' id='par_1_5' title="bbox 156 439 1301 493">
     <span class='ocr_line' id='line_1_5' title="bbox 156 439 1301 493; baseline -0.003 0"><span class='ocrx_word' id='word_1_22' title='bbox 156 439 410 493; x_wconf 69' lang='lat' dir='ltr'><strong><em>exsistens.</em></strong></span> <span class='ocrx_word' id='word_1_23' title='bbox 1295 484 1301 490; x_wconf 92' lang='lat'><strong><em>.</em></strong></span> 
     </span>
    </p>
   </div>
   <div class='ocr_carea' id='block_1_6' title="bbox 216 519 1697 594">
    <p class='ocr_par' dir='ltr' id='par_1_6' title="bbox 216 519 1697 594">
     <span class='ocr_line' id='line_1_6' title="bbox 216 519 1697 594; baseline -0.007 -13"><span class='ocrx_word' id='word_1_24' title='bbox 216 527 380 583; x_wconf 65' lang='lat' dir='ltr'><strong><em>Roma</em></strong></span> <span class='ocrx_word' id='word_1_25' title='bbox 399 524 697 580; x_wconf 72' lang='lat' dir='ltr'><strong><em>Alexander</em></strong></span> <span class='ocrx_word' id='word_1_26' title='bbox 720 540 857 594; x_wconf 87' lang='lat' dir='ltr'><strong><em>papa</em></strong></span> <span class='ocrx_word' id='word_1_27' title='bbox 884 522 1123 577; x_wconf 87' lang='lat' dir='ltr'><strong><em>decessit.</em></strong></span> <span class='ocrx_word' id='word_1_28' title='bbox 1164 519 1271 575; x_wconf 87' lang='lat' dir='ltr'><strong><em>Pro</em></strong></span> <span class='ocrx_word' id='word_1_29' title='bbox 1293 537 1395 592; x_wconf 86' lang='lat' dir='ltr'><strong><em>quo</em></strong></span> <span class='ocrx_word' id='word_1_30' title='bbox 1426 520 1697 576; x_wconf 79' lang='lat' dir='ltr'><strong><em>venerabi-</em></strong></span> 
     </span>
    </p>
   </div>
   <div class='ocr_carea' id='block_1_7' title="bbox 154 612 1697 675">
    <p class='ocr_par' dir='ltr' id='par_1_7' title="bbox 154 612 1697 675">
     <span class='ocr_line' id='line_1_7' title="bbox 154 612 1697 675; baseline -0.005 -2"><span class='ocrx_word' id='word_1_31' title='bbox 154 621 205 673; x_wconf 84' lang='lat' dir='ltr'><strong><em>lis</em></strong></span> <span class='ocrx_word' id='word_1_32' title='bbox 252 618 621 671; x_wconf 80' lang='lat' dir='ltr'><strong><em>Hiltebrandus</em></strong></span> <span class='ocrx_word' id='word_1_33' title='bbox 671 616 926 671; x_wconf 68' lang='lat' dir='ltr'><strong><em>Romanae</em></strong></span> <span class='ocrx_word' id='word_1_34' title='bbox 981 612 1229 670; x_wconf 69' lang='lat' dir='ltr'><strong><em>a’cclesia:</em></strong></span> <span class='ocrx_word' id='word_1_35' title='bbox 1272 612 1697 675; x_wconf 72' lang='lat' dir='ltr'><strong><em>archidiaconus,</em></strong></span> 
     </span>
    </p>
   </div>
   <div class='ocr_carea' id='block_1_8' title="bbox 157 701 1699 776">
    <p class='ocr_par' dir='ltr' id='par_1_8' title="bbox 157 701 1699 776">
     <span class='ocr_line' id='line_1_8' title="bbox 157 701 1699 776; baseline -0.004 -17"><span class='ocrx_word' id='word_1_36' title='bbox 157 710 221 761; x_wconf 82' lang='lat' dir='ltr'><strong><em>vir</em></strong></span> <span class='ocrx_word' id='word_1_37' title='bbox 244 708 491 776; x_wconf 85' lang='lat' dir='ltr'><strong><em>prudens,</em></strong></span> <span class='ocrx_word' id='word_1_38' title='bbox 512 706 729 760; x_wconf 82' lang='lat' dir='ltr'><strong><em>sobrius</em></strong></span> <span class='ocrx_word' id='word_1_39' title='bbox 749 714 1024 768; x_wconf 86' lang='lat' dir='ltr'><strong><em>etcastus,</em></strong></span> <span class='ocrx_word' id='word_1_40' title='bbox 1046 701 1308 757; x_wconf 88' lang='lat' dir='ltr'><strong><em>communi</em></strong></span> <span class='ocrx_word' id='word_1_41' title='bbox 1328 703 1561 756; x_wconf 87' lang='lat' dir='ltr'><strong><em>omnium</em></strong></span> <span class='ocrx_word' id='word_1_42' title='bbox 1575 716 1699 753; x_wconf 89' lang='lat' dir='ltr'><strong><em>con-</em></strong></span> 
     </span>
    </p>
   </div>
   <div class='ocr_carea' id='block_1_9' title="bbox 156 791 1700 867">
    <p class='ocr_par' dir='ltr' id='par_1_9' title="bbox 156 791 1700 867">
     <span class='ocr_line' id='line_1_9' title="bbox 156 791 1700 867; baseline -0.006 -14"><span class='ocrx_word' id='word_1_43' title='bbox 156 800 256 853; x_wconf 87' lang='lat' dir='ltr'><strong><em>silio</em></strong></span> <span class='ocrx_word' id='word_1_44' title='bbox 273 798 530 867; x_wconf 69' lang='lat' dir='ltr'><strong><em>expetitur</em></strong></span> <span class='ocrx_word' id='word_1_45' title='bbox 565 813 704 866; x_wconf 82' lang='lat' dir='ltr'><strong><em>papa</em></strong></span> <span class='ocrx_word' id='word_1_46' title='bbox 734 792 1147 850; x_wconf 88' lang='lat' dir='ltr'><strong><em>constituendus.</em></strong></span> <span class='ocrx_word' id='word_1_47' title='bbox 1188 791 1304 858; x_wconf 79' lang='lat' dir='ltr'><strong><em>Quo</em></strong></span> <span class='ocrx_word' id='word_1_48' title='bbox 1350 792 1554 859; x_wconf 88' lang='lat' dir='ltr'><strong><em>audito,</em></strong></span> <span class='ocrx_word' id='word_1_49' title='bbox 1584 803 1700 845; x_wconf 87' lang='lat' dir='ltr'><strong><em>sese</em></strong></span> 
     </span>
    </p>
   </div>
   <div class='ocr_carea' id='block_1_10' title="bbox 156 882 1699 958">
    <p class='ocr_par' dir='ltr' id='par_1_10' title="bbox 156 882 1699 958">
     <span class='ocr_line' id='line_1_10' title="bbox 156 882 1699 958; baseline -0.003 -18"><span class='ocrx_word' id='word_1_50' title='bbox 156 890 360 958; x_wconf 83' lang='lat' dir='ltr'><strong><em>inparem</em></strong></span> <span class='ocrx_word' id='word_1_51' title='bbox 383 895 529 940; x_wconf 87' lang='lat' dir='ltr'><strong><em>tanta</em></strong></span> <span class='ocrx_word' id='word_1_52' title='bbox 557 886 745 939; x_wconf 80' lang='lat' dir='ltr'><strong><em>honori</em></strong></span> <span class='ocrx_word' id='word_1_53' title='bbox 785 885 945 938; x_wconf 89' lang='lat' dir='ltr'><strong><em>immo</em></strong></span> <span class='ocrx_word' id='word_1_54' title='bbox 986 899 1129 937; x_wconf 73' lang='lat' dir='ltr'><strong><em>oneri</em></strong></span> <span class='ocrx_word' id='word_1_55' title='bbox 1166 893 1431 951; x_wconf 76' lang='lat' dir='ltr'><strong><em>reputans,</em></strong></span> <span class='ocrx_word' id='word_1_56' title='bbox 1457 882 1699 936; x_wconf 72' lang='lat' dir='ltr'><strong><em>inducias</em></strong></span> 
     </span>
    </p>
   </div>
   <div class='ocr_carea' id='block_1_11' title="bbox 157 972 1699 1047">
    <p class='ocr_par' dir='ltr' id='par_1_11' title="bbox 157 972 1699 1047">
     <span class='ocr_line' id='line_1_11' title="bbox 157 972 1699 1047; baseline -0.003 -16"><span class='ocrx_word' id='word_1_57' title='bbox 157 977 470 1047; x_wconf 75' lang='lat' dir='ltr'><strong><em>respondendi</em></strong></span> <span class='ocrx_word' id='word_1_58' title='bbox 523 977 613 1030; x_wconf 96' lang='lat' dir='ltr'><strong><em>vix</em></strong></span> <span class='ocrx_word' id='word_1_59' title='bbox 657 975 967 1044; x_wconf 88' lang='lat' dir='ltr'><strong><em>imploravit</em></strong></span> <span class='ocrx_word' id='word_1_60' title='bbox 997 973 1095 1039; x_wconf 77' lang='lat'><strong><em>“&#39;;</em></strong></span> <span class='ocrx_word' id='word_1_61' title='bbox 1130 983 1178 1029; x_wconf 90' lang='lat' dir='ltr'><strong><em>et</em></strong></span> <span class='ocrx_word' id='word_1_62' title='bbox 1201 975 1277 1028; x_wconf 88' lang='lat' dir='ltr'><strong><em>sic</em></strong></span> <span class='ocrx_word' id='word_1_63' title='bbox 1317 975 1446 1043; x_wconf 84' lang='lat' dir='ltr'><strong><em>fuga</em></strong></span> <span class='ocrx_word' id='word_1_64' title='bbox 1492 972 1699 1043; x_wconf 89' lang='lat' dir='ltr'><strong><em>elapsus</em></strong></span> 
     </span>
    </p>
   </div>
   <div class='ocr_carea' id='block_1_12' title="bbox 156 1061 1697 1135">
    <p class='ocr_par' dir='ltr' id='par_1_12' title="bbox 156 1061 1697 1135">
     <span class='ocr_line' id='line_1_12' title="bbox 156 1061 1697 1135; baseline -0.003 -16"><span class='ocrx_word' id='word_1_65' title='bbox 156 1067 322 1135; x_wconf 76' lang='lat' dir='ltr'><strong><em>aliquot</em></strong></span> <span class='ocrx_word' id='word_1_66' title='bbox 342 1067 450 1119; x_wconf 89' lang='lat' dir='ltr'><strong><em>dies</em></strong></span> <span class='ocrx_word' id='word_1_67' title='bbox 471 1066 542 1118; x_wconf 84' lang='lat' dir='ltr'><strong><em>ad</em></strong></span> <span class='ocrx_word' id='word_1_68' title='bbox 586 1062 807 1118; x_wconf 83' lang='lat' dir='ltr'><strong><em>Vincula</em></strong></span> <span class='ocrx_word' id='word_1_69' title='bbox 831 1064 1003 1117; x_wconf 87' lang='lat' dir='ltr'><strong><em>sancti</em></strong></span> <span class='ocrx_word' id='word_1_70' title='bbox 1033 1061 1181 1118; x_wconf 80' lang='lat' dir='ltr'><strong><em>Petri</em></strong></span> <span class='ocrx_word' id='word_1_71' title='bbox 1207 1063 1498 1118; x_wconf 87' lang='lat' dir='ltr'><strong><em>occultatus</em></strong></span> <span class='ocrx_word' id='word_1_72' title='bbox 1524 1061 1697 1116; x_wconf 79' lang='lat' dir='ltr'><strong><em>latuit.</em></strong></span> 
     </span>
    </p>
   </div>
   <div class='ocr_carea' id='block_1_13' title="bbox 159 1155 1703 1224">
    <p class='ocr_par' dir='ltr' id='par_1_13' title="bbox 159 1155 1703 1224">
     <span class='ocr_line' id='line_1_13' title="bbox 159 1155 1703 1224; baseline -0.003 -14"><span class='ocrx_word' id='word_1_73' title='bbox 159 1156 357 1210; x_wconf 82' lang='lat' dir='ltr'><strong><em>Tandem</em></strong></span> <span class='ocrx_word' id='word_1_74' title='bbox 387 1157 472 1210; x_wconf 77' lang='lat' dir='ltr'><strong><em>cia:</em></strong></span> <span class='ocrx_word' id='word_1_75' title='bbox 490 1156 734 1209; x_wconf 78' lang='lat' dir='ltr'><strong><em>inuentus</em></strong></span> <span class='ocrx_word' id='word_1_76' title='bbox 764 1162 811 1208; x_wconf 88' lang='lat' dir='ltr'><strong><em>et</em></strong></span> <span class='ocrx_word' id='word_1_77' title='bbox 853 1155 923 1208; x_wconf 89' lang='lat' dir='ltr'><strong><em>ad</em></strong></span> <span class='ocrx_word' id='word_1_78' title='bbox 944 1155 1288 1224; x_wconf 69' lang='lat' dir='ltr'><strong><em>apostolicam</em></strong></span> <span class='ocrx_word' id='word_1_79' title='bbox 1316 1155 1488 1209; x_wconf 76' lang='lat' dir='ltr'><strong><em>sedem</em></strong></span> <span class='ocrx_word' id='word_1_80' title='bbox 1517 1155 1565 1209; x_wconf 84' lang='lat' dir='ltr'><strong><em>ri</em></strong></span> <span class='ocrx_word' id='word_1_81' title='bbox 1588 1171 1703 1224; x_wconf 88' lang='lat' dir='ltr'><strong><em>per-</em></strong></span> 
     </span>
    </p>
   </div>
   <div class='ocr_carea' id='block_1_14' title="bbox 155 1242 1700 1318">
    <p class='ocr_par' dir='ltr' id='par_1_14' title="bbox 155 1242 1700 1318">
     <span class='ocr_line' id='line_1_14' title="bbox 155 1242 1700 1318; baseline -0.001 -20"><span class='ocrx_word' id='word_1_82' title='bbox 155 1246 498 1315; x_wconf 81' lang='lat' dir='ltr'><strong><em>ductus,.papa</em></strong></span> <span class='ocrx_word' id='word_1_83' title='bbox 541 1244 700 1299; x_wconf 61' lang='lat'><strong><em>£58“</em></strong></span> <span class='ocrx_word' id='word_1_84' title='bbox 731 1246 798 1276; x_wconf 76' lang='lat'><strong><em>&#39;“</em></strong></span> <span class='ocrx_word' id='word_1_85' title='bbox 838 1245 1140 1311; x_wconf 79' lang='lat' dir='ltr'><strong><em>ordinatur,</em></strong></span> <span class='ocrx_word' id='word_1_86' title='bbox 1182 1254 1232 1318; x_wconf 81' lang='lat' dir='ltr'><strong><em>et</em></strong></span> <span class='ocrx_word' id='word_1_87' title='bbox 1273 1242 1555 1316; x_wconf 79' lang='lat' dir='ltr'><strong><em>Gregorius</em></strong></span> <span class='ocrx_word' id='word_1_88' title='bbox 1590 1243 1700 1298; x_wconf 72' lang='lat' dir='ltr'><strong><em>Vl!</em></strong></span> 
     </span>
    </p>
   </div>
   <div class='ocr_carea' id='block_1_15' title="bbox 155 1332 1703 1405">
    <p class='ocr_par' dir='ltr' id='par_1_15' title="bbox 155 1332 1703 1405">
     <span class='ocr_line' id='line_1_15' title="bbox 155 1332 1703 1405; baseline 0.002 -17"><span class='ocrx_word' id='word_1_89' title='bbox 155 1336 435 1405; x_wconf 73' lang='lat' dir='ltr'><strong><em>appellatur.</em></strong></span> <span class='ocrx_word' id='word_1_90' title='bbox 465 1332 636 1405; x_wconf 84' lang='lat' dir='ltr'><strong><em>Cujus</em></strong></span> <span class='ocrx_word' id='word_1_91' title='bbox 657 1337 940 1404; x_wconf 78' lang='lat' dir='ltr'><strong><em>prudentia</em></strong></span> <span class='ocrx_word' id='word_1_92' title='bbox 983 1353 1085 1391; x_wconf 88' lang='lat' dir='ltr'><strong><em>non</em></strong></span> <span class='ocrx_word' id='word_1_93' title='bbox 1112 1337 1282 1391; x_wconf 85' lang='lat' dir='ltr'><strong><em>solum</em></strong></span> <span class='ocrx_word' id='word_1_94' title='bbox 1312 1339 1367 1391; x_wconf 87' lang='lat' dir='ltr'><strong><em>in</em></strong></span> <span class='ocrx_word' id='word_1_95' title='bbox 1415 1336 1597 1401; x_wconf 88' lang='lat' dir='ltr'><strong><em>Italia,</em></strong></span> <span class='ocrx_word' id='word_1_96' title='bbox 1626 1346 1703 1391; x_wconf 87' lang='lat' dir='ltr'><strong><em>set</em></strong></span> 
     </span>
    </p>
   </div>
   <div class='ocr_carea' id='block_1_16' title="bbox 154 1425 1699 1497">
    <p class='ocr_par' dir='ltr' id='par_1_16' title="bbox 154 1425 1699 1497">
     <span class='ocr_line' id='line_1_16' title="bbox 154 1425 1699 1497; baseline 0.002 -19"><span class='ocrx_word' id='word_1_97' title='bbox 154 1428 288 1478; x_wconf 84' lang='lat' dir='ltr'><strong><em>etiam</em></strong></span> <span class='ocrx_word' id='word_1_98' title='bbox 313 1428 363 1479; x_wconf 87' lang='lat' dir='ltr'><strong><em>in</em></strong></span> <span class='ocrx_word' id='word_1_99' title='bbox 392 1425 433 1479; x_wconf 85' lang='grc' dir='ltr'><em>Τ</em></span> <span class='ocrx_word' id='word_1_100' title='bbox 434 1425 721 1481; x_wconf 80' lang='lat' dir='ltr'><strong><em>heutonicis</em></strong></span> <span class='ocrx_word' id='word_1_101' title='bbox 760 1428 999 1496; x_wconf 84' lang='lat' dir='ltr'><strong><em>partibus</em></strong></span> <span class='ocrx_word' id='word_1_102' title='bbox 1031 1428 1293 1497; x_wconf 78' lang='lat' dir='ltr'><strong><em>refrenata</em></strong></span> <span class='ocrx_word' id='word_1_103' title='bbox 1330 1438 1407 1483; x_wconf 79' lang='lat' dir='ltr'><strong><em>rst</em></strong></span> <span class='ocrx_word' id='word_1_104' title='bbox 1451 1430 1699 1483; x_wconf 78' lang='lat' dir='ltr'><strong><em>sacerdo-</em></strong></span> 
     </span>
    </p>
   </div>
   <div class='ocr_carea' id='block_1_17' title="bbox 154 1510 1701 1589">
    <p class='ocr_par' dir='ltr' id='par_1_17' title="bbox 154 1510 1701 1589">
     <span class='ocr_line' id='line_1_17' title="bbox 154 1510 1701 1589; baseline 0.004 -21"><span class='ocrx_word' id='word_1_105' title='bbox 154 1527 251 1569; x_wconf 84' lang='lat' dir='ltr'><strong><em>tum</em></strong></span> <span class='ocrx_word' id='word_1_106' title='bbox 274 1518 670 1583; x_wconf 84' lang='lat' dir='ltr'><strong><em>incontinentia;</em></strong></span> <span class='ocrx_word' id='word_1_107' title='bbox 721 1517 917 1572; x_wconf 85' lang='lat' dir='ltr'><strong><em>scilicet</em></strong></span> <span class='ocrx_word' id='word_1_108' title='bbox 966 1519 1107 1588; x_wconf 81' lang='lat' dir='ltr'><strong><em>quod</em></strong></span> <span class='ocrx_word' id='word_1_109' title='bbox 1153 1520 1563 1583; x_wconf 74' lang='lat' dir='ltr'><strong><em>prmdecessorcs</em></strong></span> <span class='ocrx_word' id='word_1_110' title='bbox 1588 1510 1701 1589; x_wconf 72' lang='lat' dir='ltr'><strong><em>ejus</em></strong></span> 
     </span>
    </p>
   </div>
   <div class='ocr_carea' id='block_1_18' title="bbox 153 1605 1703 1678">
    <p class='ocr_par' dir='ltr' id='par_1_18' title="bbox 153 1605 1703 1678">
     <span class='ocr_line' id='line_1_18' title="bbox 153 1605 1703 1678; baseline 0.006 -21"><span class='ocrx_word' id='word_1_111' title='bbox 153 1607 202 1658; x_wconf 87' lang='lat' dir='ltr'><strong><em>in</em></strong></span> <span class='ocrx_word' id='word_1_112' title='bbox 232 1605 377 1661; x_wconf 82' lang='lat' dir='ltr'><strong><em>Italia</em></strong></span> <span class='ocrx_word' id='word_1_113' title='bbox 399 1607 808 1678; x_wconf 78' lang='lat' dir='ltr'><strong><em>prohibuerunt,</em></strong></span> <span class='ocrx_word' id='word_1_114' title='bbox 844 1609 943 1664; x_wconf 80' lang='lat' dir='ltr'><strong><em>ltoc</em></strong></span> <span class='ocrx_word' id='word_1_115' title='bbox 968 1610 1151 1678; x_wconf 86' lang='lat' dir='ltr'><strong><em>ipsein</em></strong></span> <span class='ocrx_word' id='word_1_116' title='bbox 1192 1610 1314 1666; x_wconf 87' lang='lat' dir='ltr'><strong><em>aliis</em></strong></span> <span class='ocrx_word' id='word_1_117' title='bbox 1339 1609 1591 1666; x_wconf 68' lang='lat' dir='ltr'><strong><em>Ecclesia:</em></strong></span> <span class='ocrx_word' id='word_1_118' title='bbox 1615 1629 1703 1666; x_wconf 89' lang='lat' dir='ltr'><strong><em>ca-</em></strong></span> 
     </span>
    </p>
   </div>
   <div class='ocr_carea' id='block_1_19' title="bbox 152 1695 1569 1771">
    <p class='ocr_par' dir='ltr' id='par_1_19' title="bbox 152 1695 1569 1771">
     <span class='ocr_line' id='line_1_19' title="bbox 152 1695 1569 1771; baseline 0.005 -24"><span class='ocrx_word' id='word_1_119' title='bbox 152 1695 336 1752; x_wconf 65' lang='lat' dir='ltr'><strong><em>tholicae</em></strong></span> <span class='ocrx_word' id='word_1_120' title='bbox 359 1697 601 1767; x_wconf 89' lang='lat' dir='ltr'><strong><em>partibus</em></strong></span> <span class='ocrx_word' id='word_1_121' title='bbox 628 1700 898 1768; x_wconf 84' lang='lat' dir='ltr'><strong><em>prohibere</em></strong></span> <span class='ocrx_word' id='word_1_122' title='bbox 922 1700 1195 1757; x_wconf 86' lang='lat' dir='ltr'><strong><em>studiosus</em></strong></span> <span class='ocrx_word' id='word_1_123' title='bbox 1215 1704 1569 1771; x_wconf 74' lang='lat' dir='ltr'><strong><em>attemptasit.</em></strong></span> 
     </span>
    </p>
   </div>
   <div class='ocr_carea' id='block_1_20' title="bbox 214 1786 1700 1861">
    <p class='ocr_par' dir='ltr' id='par_1_20' title="bbox 214 1786 1700 1861">
     <span class='ocr_line' id='line_1_20' title="bbox 214 1786 1700 1861; baseline 0.003 -21"><span class='ocrx_word' id='word_1_124' title='bbox 214 1786 333 1841; x_wconf 84' lang='lat' dir='ltr'><strong><em>Tota</em></strong></span> <span class='ocrx_word' id='word_1_125' title='bbox 362 1786 644 1858; x_wconf 79' lang='lat' dir='ltr'><strong><em>Tltoringia</em></strong></span> <span class='ocrx_word' id='word_1_126' title='bbox 672 1799 721 1844; x_wconf 88' lang='lat' dir='ltr'><strong><em>et</em></strong></span> <span class='ocrx_word' id='word_1_127' title='bbox 751 1787 987 1845; x_wconf 70' lang='lat' dir='ltr'><strong><em>Saxonia</em></strong></span> <span class='ocrx_word' id='word_1_128' title='bbox 1018 1792 1127 1861; x_wconf 86' lang='lat' dir='ltr'><strong><em>regi</em></strong></span> <span class='ocrx_word' id='word_1_129' title='bbox 1154 1790 1403 1846; x_wconf 78' lang='lat' dir='ltr'><strong><em>Heinrico</em></strong></span> <span class='ocrx_word' id='word_1_130' title='bbox 1449 1791 1700 1846; x_wconf 83' lang='lat' dir='ltr'><strong><em>rebellant</em></strong></span> 
     </span>
    </p>
   </div>
   <div class='ocr_carea' id='block_1_21' title="bbox 155 1879 1698 1950">
    <p class='ocr_par' dir='ltr' id='par_1_21' title="bbox 155 1879 1698 1950">
     <span class='ocr_line' id='line_1_21' title="bbox 155 1879 1698 1950; baseline 0.004 -21"><span class='ocrx_word' id='word_1_131' title='bbox 155 1885 339 1946; x_wconf 74' lang='lat' dir='ltr'><strong><em>propter</em></strong></span> <span class='ocrx_word' id='word_1_132' title='bbox 358 1879 634 1947; x_wconf 79' lang='lat' dir='ltr'><strong><em>prtedictas</em></strong></span> <span class='ocrx_word' id='word_1_133' title='bbox 662 1879 972 1933; x_wconf 82' lang='lat' dir='ltr'><strong><em>munitiones</em></strong></span> <span class='ocrx_word' id='word_1_134' title='bbox 996 1889 1044 1934; x_wconf 88' lang='lat' dir='ltr'><strong><em>et</em></strong></span> <span class='ocrx_word' id='word_1_135' title='bbox 1076 1882 1184 1934; x_wconf 89' lang='lat' dir='ltr'><strong><em>alia</em></strong></span> <span class='ocrx_word' id='word_1_136' title='bbox 1221 1880 1409 1947; x_wconf 86' lang='lat' dir='ltr'><strong><em>multa,</em></strong></span> <span class='ocrx_word' id='word_1_137' title='bbox 1430 1897 1546 1950; x_wconf 66' lang='lat' dir='ltr'><strong><em>qua:</em></strong></span> <span class='ocrx_word' id='word_1_138' title='bbox 1573 1897 1698 1935; x_wconf 90' lang='lat' dir='ltr'><strong><em>con-</em></strong></span> 
     </span>
    </p>
   </div>
   <div class='ocr_carea' id='block_1_22' title="bbox 156 1966 1703 2041">
    <p class='ocr_par' dir='ltr' id='par_1_22' title="bbox 156 1966 1703 2041">
     <span class='ocr_line' id='line_1_22' title="bbox 156 1966 1703 2041; baseline 0.006 -26"><span class='ocrx_word' id='word_1_139' title='bbox 156 1976 223 2019; x_wconf 85' lang='lat' dir='ltr'><strong><em>tra</em></strong></span> <span class='ocrx_word' id='word_1_140' title='bbox 249 1966 550 2021; x_wconf 68' lang='lat' dir='ltr'><strong><em>voluntatem</em></strong></span> <span class='ocrx_word' id='word_1_141' title='bbox 587 1967 821 2038; x_wconf 81' lang='lat' dir='ltr'><strong><em>ejusdem</em></strong></span> <span class='ocrx_word' id='word_1_142' title='bbox 866 1970 1044 2039; x_wconf 80' lang='lat' dir='ltr'><strong><em>pepuli</em></strong></span> <span class='ocrx_word' id='word_1_143' title='bbox 1074 1987 1166 2025; x_wconf 79' lang='lat' dir='ltr'><strong><em>rea:</em></strong></span> <span class='ocrx_word' id='word_1_144' title='bbox 1204 1972 1260 2026; x_wconf 86' lang='lat' dir='ltr'><strong><em>in</em></strong></span> <span class='ocrx_word' id='word_1_145' title='bbox 1284 1987 1464 2026; x_wconf 90' lang='lat' dir='ltr'><strong><em>eorum</em></strong></span> <span class='ocrx_word' id='word_1_146' title='bbox 1496 1973 1703 2041; x_wconf 82' lang='lat' dir='ltr'><strong><em>regione</em></strong></span> 
     </span>
    </p>
   </div>
   <div class='ocr_carea' id='block_1_23' title="bbox 154 2057 1702 2132">
    <p class='ocr_par' dir='ltr' id='par_1_23' title="bbox 154 2057 1702 2132">
     <span class='ocr_line' id='line_1_23' title="bbox 154 2057 1702 2132; baseline 0.005 -23"><span class='ocrx_word' id='word_1_147' title='bbox 154 2057 419 2115; x_wconf 75' lang='lat' dir='ltr'><strong><em>insolenter</em></strong></span> <span class='ocrx_word' id='word_1_148' title='bbox 448 2058 644 2127; x_wconf 83' lang='lat' dir='ltr'><strong><em>fecerat</em></strong></span> <span class='ocrx_word' id='word_1_149' title='bbox 682 2069 739 2115; x_wconf 91' lang='lat' dir='ltr'><strong><em>et</em></strong></span> <span class='ocrx_word' id='word_1_150' title='bbox 768 2061 1081 2126; x_wconf 85' lang='lat' dir='ltr'><strong><em>inconsulte,</em></strong></span> <span class='ocrx_word' id='word_1_151' title='bbox 1115 2071 1171 2117; x_wconf 90' lang='lat' dir='ltr'><strong><em>et</em></strong></span> <span class='ocrx_word' id='word_1_152' title='bbox 1208 2077 1328 2132; x_wconf 70' lang='lat' dir='ltr'><strong><em>qua:</em></strong></span> <span class='ocrx_word' id='word_1_153' title='bbox 1376 2062 1476 2132; x_wconf 88' lang='lat' dir='ltr'><strong><em>ipsi</em></strong></span> <span class='ocrx_word' id='word_1_154' title='bbox 1502 2064 1702 2117; x_wconf 83' lang='lat' dir='ltr'><strong><em>diutius</em></strong></span> 
     </span>
    </p>
   </div>
   <div class='ocr_carea' id='block_1_24' title="bbox 155 2146 1702 2219">
    <p class='ocr_par' dir='ltr' id='par_1_24' title="bbox 155 2146 1702 2219">
     <span class='ocr_line' id='line_1_24' title="bbox 155 2146 1702 2219; baseline 0.005 -22"><span class='ocrx_word' id='word_1_155' title='bbox 155 2146 502 2214; x_wconf 79' lang='lat' dir='ltr'><strong><em>:equanituiter</em></strong></span> <span class='ocrx_word' id='word_1_156' title='bbox 532 2147 643 2216; x_wconf 88' lang='lat' dir='ltr'><strong><em>pati</em></strong></span> <span class='ocrx_word' id='word_1_157' title='bbox 671 2158 727 2203; x_wconf 86' lang='lat' dir='ltr'><strong><em>et</em></strong></span> <span class='ocrx_word' id='word_1_158' title='bbox 754 2150 1021 2209; x_wconf 84' lang='lat' dir='ltr'><strong><em>sustinere</em></strong></span> <span class='ocrx_word' id='word_1_159' title='bbox 1048 2165 1152 2205; x_wconf 91' lang='lat' dir='ltr'><strong><em>non</em></strong></span> <span class='ocrx_word' id='word_1_160' title='bbox 1181 2158 1450 2219; x_wconf 82' lang='lat' dir='ltr'><strong><em>poterant.</em></strong></span> <span class='ocrx_word' id='word_1_161' title='bbox 1475 2151 1541 2206; x_wconf 88' lang='lat' dir='ltr'><strong><em>Et</em></strong></span> <span class='ocrx_word' id='word_1_162' title='bbox 1560 2150 1702 2205; x_wconf 82' lang='lat' dir='ltr'><strong><em>facta</em></strong></span> 
     </span>
    </p>
   </div>
   <div class='ocr_carea' id='block_1_25' title="bbox 154 2236 1702 2313">
    <p class='ocr_par' dir='ltr' id='par_1_25' title="bbox 154 2236 1702 2313">
     <span class='ocr_line' id='line_1_25' title="bbox 154 2236 1702 2313; baseline 0.006 -25"><span class='ocrx_word' id='word_1_163' title='bbox 154 2236 501 2305; x_wconf 85' lang='lat' dir='ltr'><strong><em>oonjuratione</em></strong></span> <span class='ocrx_word' id='word_1_164' title='bbox 546 2253 668 2294; x_wconf 88' lang='lat' dir='ltr'><strong><em>cum</em></strong></span> <span class='ocrx_word' id='word_1_165' title='bbox 706 2254 899 2310; x_wconf 86' lang='lat' dir='ltr'><strong><em>magna</em></strong></span> <span class='ocrx_word' id='word_1_166' title='bbox 948 2241 1292 2297; x_wconf 84' lang='lat' dir='ltr'><strong><em>multitudine</em></strong></span> <span class='ocrx_word' id='word_1_167' title='bbox 1319 2259 1387 2297; x_wconf 86' lang='lat' dir='ltr'><strong><em>ex</em></strong></span> <span class='ocrx_word' id='word_1_168' title='bbox 1425 2244 1702 2313; x_wconf 88' lang='lat' dir='ltr'><strong><em>inopinato</em></strong></span> 
     </span>
    </p>
   </div>
   <div class='ocr_carea' id='block_1_26' title="bbox 154 2327 1702 2400">
    <p class='ocr_par' dir='ltr' id='par_1_26' title="bbox 154 2327 1702 2400">
     <span class='ocr_line' id='line_1_26' title="bbox 154 2327 1702 2400; baseline 0.007 -24"><span class='ocrx_word' id='word_1_169' title='bbox 154 2337 260 2378; x_wconf 86' lang='lat' dir='ltr'><strong><em>eum</em></strong></span> <span class='ocrx_word' id='word_1_170' title='bbox 285 2327 673 2399; x_wconf 77' lang='lat' dir='ltr'><strong><em>constringere,</em></strong></span> <span class='ocrx_word' id='word_1_171' title='bbox 702 2329 769 2384; x_wconf 89' lang='lat' dir='ltr'><strong><em>ad</em></strong></span> <span class='ocrx_word' id='word_1_172' title='bbox 793 2343 930 2400; x_wconf 88' lang='lat' dir='ltr'><strong><em>quos</em></strong></span> <span class='ocrx_word' id='word_1_173' title='bbox 960 2330 1068 2386; x_wconf 80' lang='lat' dir='ltr'><strong><em>illis</em></strong></span> <span class='ocrx_word' id='word_1_174' title='bbox 1091 2340 1208 2386; x_wconf 87' lang='lat' dir='ltr'><strong><em>erat</em></strong></span> <span class='ocrx_word' id='word_1_175' title='bbox 1239 2333 1471 2395; x_wconf 90' lang='lat' dir='ltr'><strong><em>animus,</em></strong></span> <span class='ocrx_word' id='word_1_176' title='bbox 1496 2333 1702 2388; x_wconf 85' lang='lat' dir='ltr'><strong><em>delibe-</em></strong></span> 
     </span>
    </p>
   </div>
   <div class='ocr_carea' id='block_1_27' title="bbox 154 2419 1703 2491">
    <p class='ocr_par' dir='ltr' id='par_1_27' title="bbox 154 2419 1703 2491">
     <span class='ocr_line' id='line_1_27' title="bbox 154 2419 1703 2491; baseline 0.004 -20"><span class='ocrx_word' id='word_1_177' title='bbox 154 2419 347 2475; x_wconf 84' lang='lat' dir='ltr'><strong><em>rabant.</em></strong></span> <span class='ocrx_word' id='word_1_178' title='bbox 382 2420 500 2491; x_wconf 85' lang='lat' dir='ltr'><strong><em>Ipse</em></strong></span> <span class='ocrx_word' id='word_1_179' title='bbox 537 2430 719 2477; x_wconf 88' lang='lat' dir='ltr'><strong><em>autem</em></strong></span> <span class='ocrx_word' id='word_1_180' title='bbox 765 2429 1042 2490; x_wconf 90' lang='lat' dir='ltr'><strong><em>comperto</em></strong></span> <span class='ocrx_word' id='word_1_181' title='bbox 1070 2420 1283 2475; x_wconf 85' lang='lat' dir='ltr'><strong><em>illorum</em></strong></span> <span class='ocrx_word' id='word_1_182' title='bbox 1323 2422 1567 2486; x_wconf 88' lang='lat' dir='ltr'><strong><em>consilio,</em></strong></span> <span class='ocrx_word' id='word_1_183' title='bbox 1617 2439 1703 2478; x_wconf 87' lang='lat' dir='ltr'><strong><em>as-</em></strong></span> 
     </span>
    </p>
   </div>
   <div class='ocr_carea' id='block_1_28' title="bbox 153 2512 1703 2583">
    <p class='ocr_par' dir='ltr' id='par_1_28' title="bbox 153 2512 1703 2583">
     <span class='ocr_line' id='line_1_28' title="bbox 153 2512 1703 2583; baseline 0.002 -20"><span class='ocrx_word' id='word_1_184' title='bbox 153 2523 344 2581; x_wconf 83' lang='lat' dir='ltr'><strong><em>sumpto</em></strong></span> <span class='ocrx_word' id='word_1_185' title='bbox 393 2512 715 2570; x_wconf 87' lang='lat' dir='ltr'><strong><em>festinanter</em></strong></span> <span class='ocrx_word' id='word_1_186' title='bbox 760 2513 1017 2568; x_wconf 84' lang='lat' dir='ltr'><strong><em>thesauro</em></strong></span> <span class='ocrx_word' id='word_1_187' title='bbox 1066 2527 1184 2577; x_wconf 89' lang='lat' dir='ltr'><strong><em>suo,</em></strong></span> <span class='ocrx_word' id='word_1_188' title='bbox 1238 2521 1400 2582; x_wconf 89' lang='lat' dir='ltr'><strong><em>prout</em></strong></span> <span class='ocrx_word' id='word_1_189' title='bbox 1441 2515 1703 2583; x_wconf 86' lang='lat' dir='ltr'><strong><em>temporis</em></strong></span> 
     </span>
    </p>
   </div>
   <div class='ocr_carea' id='block_1_29' title="bbox 154 2602 1704 2672">
    <p class='ocr_par' dir='ltr' id='par_1_29' title="bbox 154 2602 1704 2672">
     <span class='ocr_line' id='line_1_29' title="bbox 154 2602 1704 2672; baseline 0.003 -20"><span class='ocrx_word' id='word_1_190' title='bbox 154 2602 391 2659; x_wconf 83' lang='lat' dir='ltr'><strong><em>articulus</em></strong></span> <span class='ocrx_word' id='word_1_191' title='bbox 409 2612 775 2667; x_wconf 83' lang='lat' dir='ltr'><strong><em>concesserat,</em></strong></span> <span class='ocrx_word' id='word_1_192' title='bbox 809 2604 898 2657; x_wconf 91' lang='lat' dir='ltr'><strong><em>vix</em></strong></span> <span class='ocrx_word' id='word_1_193' title='bbox 931 2602 999 2657; x_wconf 90' lang='lat' dir='ltr'><strong><em>ab</em></strong></span> <span class='ocrx_word' id='word_1_194' title='bbox 1035 2603 1117 2657; x_wconf 88' lang='lat' dir='ltr'><strong><em>eis</em></strong></span> <span class='ocrx_word' id='word_1_195' title='bbox 1162 2617 1282 2657; x_wconf 90' lang='lat' dir='ltr'><strong><em>cum</em></strong></span> <span class='ocrx_word' id='word_1_196' title='bbox 1313 2604 1501 2672; x_wconf 87' lang='lat' dir='ltr'><strong><em>paucis</em></strong></span> <span class='ocrx_word' id='word_1_197' title='bbox 1541 2602 1704 2657; x_wconf 79' lang='lat' dir='ltr'><strong><em>Wor-</em></strong></span> 
     </span>
    </p>
   </div>
   <div class='ocr_carea' id='block_1_30' title="bbox 154 2691 1699 2759">
    <p class='ocr_par' dir='ltr' id='par_1_30' title="bbox 154 2691 1699 2759">
     <span class='ocr_line' id='line_1_30' title="bbox 154 2691 1699 2759; baseline 0.003 -17"><span class='ocrx_word' id='word_1_198' title='bbox 154 2692 349 2746; x_wconf 85' lang='lat' dir='ltr'><strong><em>matiam</em></strong></span> <span class='ocrx_word' id='word_1_199' title='bbox 375 2702 569 2758; x_wconf 67' lang='lat' dir='ltr'><strong><em>evasut,</em></strong></span> <span class='ocrx_word' id='word_1_200' title='bbox 595 2702 733 2748; x_wconf 80' lang='lat' dir='ltr'><strong><em>eteo</em></strong></span> <span class='ocrx_word' id='word_1_201' title='bbox 760 2692 1000 2748; x_wconf 90' lang='lat' dir='ltr'><strong><em>locorum</em></strong></span> <span class='ocrx_word' id='word_1_202' title='bbox 1031 2691 1363 2759; x_wconf 70' lang='lat' dir='ltr'><strong><em>aliquamdiu:</em></strong></span> <span class='ocrx_word' id='word_1_203' title='bbox 1389 2701 1517 2746; x_wconf 89' lang='lat' dir='ltr'><strong><em>tunc</em></strong></span> <span class='ocrx_word' id='word_1_204' title='bbox 1546 2691 1699 2746; x_wconf 89' lang='lat' dir='ltr'><strong><em>inﬁr-</em></strong></span> 
     </span>
    </p>
   </div>
   <div class='ocr_carea' id='block_1_31' title="bbox 152 2779 1704 2853">
    <p class='ocr_par' dir='ltr' id='par_1_31' title="bbox 152 2779 1704 2853">
     <span class='ocr_line' id='line_1_31' title="bbox 152 2779 1704 2853; baseline 0.001 -20"><span class='ocrx_word' id='word_1_205' title='bbox 152 2782 397 2837; x_wconf 86' lang='lat' dir='ltr'><strong><em>mabatur.</em></strong></span> <span class='ocrx_word' id='word_1_206' title='bbox 430 2783 636 2838; x_wconf 86' lang='lat' dir='ltr'><strong><em>Dehinc</em></strong></span> <span class='ocrx_word' id='word_1_207' title='bbox 664 2782 923 2853; x_wconf 87' lang='lat' dir='ltr'><strong><em>disposita</em></strong></span> <span class='ocrx_word' id='word_1_208' title='bbox 956 2798 1050 2837; x_wconf 87' lang='lat' dir='ltr'><strong><em>rex</em></strong></span> <span class='ocrx_word' id='word_1_209' title='bbox 1077 2782 1420 2851; x_wconf 77' lang='lat' dir='ltr'><strong><em>expeditione</em></strong></span> <span class='ocrx_word' id='word_1_210' title='bbox 1450 2781 1503 2837; x_wconf 91' lang='lat' dir='ltr'><strong><em>in</em></strong></span> <span class='ocrx_word' id='word_1_211' title='bbox 1524 2779 1704 2837; x_wconf 80' lang='lat' dir='ltr'><strong><em>Saxo-</em></strong></span> 
     </span>
    </p>
   </div>
   <div class='ocr_carea' id='block_1_32' title="bbox 153 2869 1702 2942">
    <p class='ocr_par' dir='ltr' id='par_1_32' title="bbox 153 2869 1702 2942">
     <span class='ocr_line' id='line_1_32' title="bbox 153 2869 1702 2942; baseline 0.004 -21"><span class='ocrx_word' id='word_1_212' title='bbox 153 2869 300 2938; x_wconf 83' lang='lat' dir='ltr'><strong><em>niam,</em></strong></span> <span class='ocrx_word' id='word_1_213' title='bbox 343 2874 737 2942; x_wconf 75' lang='lat' dir='ltr'><strong><em>praevenientes</em></strong></span> <span class='ocrx_word' id='word_1_214' title='bbox 792 2887 917 2928; x_wconf 89' lang='lat' dir='ltr'><strong><em>eum</em></strong></span> <span class='ocrx_word' id='word_1_215' title='bbox 963 2871 1228 2936; x_wconf 85' lang='lat' dir='ltr'><strong><em>Saxones,</em></strong></span> <span class='ocrx_word' id='word_1_216' title='bbox 1280 2872 1702 2927; x_wconf 79' lang='lat' dir='ltr'><strong><em>satisfactionem</em></strong></span> 
     </span>
    </p>
   </div>
   <div class='ocr_carea' id='block_1_33' title="bbox 152 2959 1699 3033">
    <p class='ocr_par' dir='ltr' id='par_1_33' title="bbox 152 2959 1699 3033">
     <span class='ocr_line' id='line_1_33' title="bbox 152 2959 1699 3033; baseline 0.003 -22"><span class='ocrx_word' id='word_1_217' title='bbox 152 2959 236 3024; x_wconf 90' lang='lat' dir='ltr'><strong><em>illi,</em></strong></span> <span class='ocrx_word' id='word_1_218' title='bbox 263 2963 309 3018; x_wconf 88' lang='lat' dir='ltr'><strong><em>si</em></strong></span> <span class='ocrx_word' id='word_1_219' title='bbox 352 2963 595 3033; x_wconf 85' lang='lat' dir='ltr'><strong><em>justitias</em></strong></span> <span class='ocrx_word' id='word_1_220' title='bbox 637 2961 901 3032; x_wconf 87' lang='lat' dir='ltr'><strong><em>majorum</em></strong></span> <span class='ocrx_word' id='word_1_221' title='bbox 951 2977 1172 3018; x_wconf 89' lang='lat' dir='ltr'><strong><em>suorum</em></strong></span> <span class='ocrx_word' id='word_1_222' title='bbox 1216 2962 1321 3017; x_wconf 89' lang='lat' dir='ltr'><strong><em>illis</em></strong></span> <span class='ocrx_word' id='word_1_223' title='bbox 1360 2962 1699 3028; x_wconf 88' lang='lat' dir='ltr'><strong><em>concederet,</em></strong></span> 
     </span>
    </p>
   </div>
   <div class='ocr_carea' id='block_1_34' title="bbox 152 3052 1703 3125">
    <p class='ocr_par' dir='ltr' id='par_1_34' title="bbox 152 3052 1703 3125">
     <span class='ocr_line' id='line_1_34' title="bbox 152 3052 1703 3125; baseline 0.004 -21"><span class='ocrx_word' id='word_1_224' title='bbox 152 3052 447 3110; x_wconf 80' lang='lat' dir='ltr'><strong><em>unanimiter</em></strong></span> <span class='ocrx_word' id='word_1_225' title='bbox 479 3056 889 3125; x_wconf 85' lang='lat' dir='ltr'><strong><em>promittebant.</em></strong></span> <span class='ocrx_word' id='word_1_226' title='bbox 919 3054 986 3109; x_wconf 85' lang='lat' dir='ltr'><strong><em>Et</em></strong></span> <span class='ocrx_word' id='word_1_227' title='bbox 1016 3053 1158 3109; x_wconf 83' lang='lat' dir='ltr'><strong><em>facto</em></strong></span> <span class='ocrx_word' id='word_1_228' title='bbox 1186 3069 1285 3122; x_wconf 89' lang='lat' dir='ltr'><strong><em>pro</em></strong></span> <span class='ocrx_word' id='word_1_229' title='bbox 1312 3054 1414 3109; x_wconf 88' lang='lat' dir='ltr'><strong><em>hac</em></strong></span> <span class='ocrx_word' id='word_1_230' title='bbox 1453 3055 1703 3124; x_wconf 86' lang='lat' dir='ltr'><strong><em>pactione</em></strong></span> 
     </span>
    </p>
   </div>
   <div class='ocr_carea' id='block_1_35' title="bbox 152 3140 1705 3216">
    <p class='ocr_par' dir='ltr' id='par_1_35' title="bbox 152 3140 1705 3216">
     <span class='ocr_line' id='line_1_35' title="bbox 152 3140 1705 3216; baseline 0.003 -23"><span class='ocrx_word' id='word_1_231' title='bbox 152 3140 400 3216; x_wconf 84' lang='lat' dir='ltr'><strong><em>llerbipoli</em></strong></span> <span class='ocrx_word' id='word_1_232' title='bbox 424 3146 716 3216; x_wconf 85' lang='lat' dir='ltr'><strong><em>colloquio.</em></strong></span> <span class='ocrx_word' id='word_1_233' title='bbox 746 3145 913 3201; x_wconf 83' lang='lat' dir='ltr'><strong><em>nichil</em></strong></span> <span class='ocrx_word' id='word_1_234' title='bbox 950 3144 1059 3199; x_wconf 88' lang='lat' dir='ltr'><strong><em>illic</em></strong></span> <span class='ocrx_word' id='word_1_235' title='bbox 1088 3144 1233 3198; x_wconf 89' lang='lat' dir='ltr'><strong><em>aliud</em></strong></span> <span class='ocrx_word' id='word_1_236' title='bbox 1262 3153 1385 3215; x_wconf 87' lang='lat' dir='ltr'><strong><em>post</em></strong></span> <span class='ocrx_word' id='word_1_237' title='bbox 1413 3146 1611 3200; x_wconf 88' lang='lat' dir='ltr'><strong><em>multas</em></strong></span> <span class='ocrx_word' id='word_1_238' title='bbox 1640 3144 1705 3200; x_wconf 88' lang='lat' dir='ltr'><strong><em>il-</em></strong></span> 
     </span>
    </p>
   </div>
   <div class='ocr_carea' id='block_1_36' title="bbox 150 3225 1715 3305">
    <p class='ocr_par' dir='ltr' id='par_1_36' title="bbox 150 3225 1715 3305">
     <span class='ocr_line' id='line_1_36' title="bbox 150 3225 1715 3305; baseline 0.003 -19"><span class='ocrx_word' id='word_1_239' title='bbox 150 3231 306 3288; x_wconf 83' lang='lat' dir='ltr'><strong><em>lorum</em></strong></span> <span class='ocrx_word' id='word_1_240' title='bbox 333 3244 390 3291; x_wconf 88' lang='lat' dir='ltr'><strong><em>et</em></strong></span> <span class='ocrx_word' id='word_1_241' title='bbox 415 3235 786 3291; x_wconf 85' lang='lat' dir='ltr'><strong><em>intolerabiles</em></strong></span> <span class='ocrx_word' id='word_1_242' title='bbox 812 3235 1089 3305; x_wconf 66' lang='lat' dir='ltr'><strong><em>iniustitiae</em></strong></span> <span class='ocrx_word' id='word_1_243' title='bbox 1132 3250 1292 3304; x_wconf 88' lang='lat' dir='ltr'><strong><em>quam</em></strong></span> <span class='ocrx_word' id='word_1_244' title='bbox 1320 3225 1715 3292; x_wconf 63' lang='lat' dir='ltr'><strong><em>sustinuissent</em></strong></span> 
     </span>
    </p>
   </div>
   <div class='ocr_carea' id='block_1_37' title="bbox 148 3324 1706 3398">
    <p class='ocr_par' dir='ltr' id='par_1_37' title="bbox 148 3324 1706 3398">
     <span class='ocr_line' id='line_1_37' title="bbox 148 3324 1706 3398; baseline 0.001 -19"><span class='ocrx_word' id='word_1_245' title='bbox 148 3325 393 3393; x_wconf 58' lang='lat' dir='ltr'><strong><em>querelas</em></strong></span> <span class='ocrx_word' id='word_1_246' title='bbox 432 3333 613 3381; x_wconf 87' lang='lat' dir='ltr'><strong><em>actum</em></strong></span> <span class='ocrx_word' id='word_1_247' title='bbox 643 3333 748 3390; x_wconf 88' lang='lat' dir='ltr'><strong><em>est,</em></strong></span> <span class='ocrx_word' id='word_1_248' title='bbox 793 3325 899 3380; x_wconf 88' lang='lat' dir='ltr'><strong><em>nisi</em></strong></span> <span class='ocrx_word' id='word_1_249' title='bbox 924 3326 1067 3395; x_wconf 88' lang='lat' dir='ltr'><strong><em>quod</em></strong></span> <span class='ocrx_word' id='word_1_250' title='bbox 1095 3324 1449 3396; x_wconf 88' lang='lat' dir='ltr'><strong><em>dedignanter</em></strong></span> <span class='ocrx_word' id='word_1_251' title='bbox 1469 3327 1580 3398; x_wconf 84' lang='lat' dir='ltr'><strong><em>regi</em></strong></span> <span class='ocrx_word' id='word_1_252' title='bbox 1610 3326 1706 3380; x_wconf 82' lang='lat' dir='ltr'><strong><em>fal-</em></strong></span> 
     </span>
    </p>
   </div>
   <div class='ocr_carea' id='block_1_38' title="bbox 146 3413 1705 3472">
    <p class='ocr_par' dir='ltr' id='par_1_38' title="bbox 146 3413 1705 3472">
     <span class='ocr_line' id='line_1_38' title="bbox 146 3413 1705 3472; baseline 0.003 -4"><span class='ocrx_word' id='word_1_253' title='bbox 146 3430 247 3469; x_wconf 86' lang='lat' dir='ltr'><strong><em>sam</em></strong></span> <span class='ocrx_word' id='word_1_254' title='bbox 273 3416 448 3471; x_wconf 88' lang='lat' dir='ltr'><strong><em>denuo</em></strong></span> <span class='ocrx_word' id='word_1_255' title='bbox 478 3414 908 3471; x_wconf 82' lang='lat' dir='ltr'><strong><em>satisfactionem</em></strong></span> <span class='ocrx_word' id='word_1_256' title='bbox 939 3415 993 3469; x_wconf 91' lang='lat' dir='ltr'><strong><em>in</em></strong></span> <span class='ocrx_word' id='word_1_257' title='bbox 1016 3413 1184 3469; x_wconf 89' lang='lat' dir='ltr'><strong><em>natali</em></strong></span> <span class='ocrx_word' id='word_1_258' title='bbox 1208 3415 1417 3470; x_wconf 89' lang='lat' dir='ltr'><strong><em>Domini</em></strong></span> <span class='ocrx_word' id='word_1_259' title='bbox 1447 3431 1507 3472; x_wconf 88' lang='lat' dir='ltr'><strong><em>se</em></strong></span> <span class='ocrx_word' id='word_1_260' title='bbox 1533 3416 1705 3472; x_wconf 79' lang='lat' dir='ltr'><strong><em>factu-</em></strong></span> 
     </span>
    </p>
   </div>
   <div class='ocr_carea' id='block_1_39' title="bbox 145 3505 1708 3578">
    <p class='ocr_par' dir='ltr' id='par_1_39' title="bbox 145 3505 1708 3578">
     <span class='ocr_line' id='line_1_39' title="bbox 145 3505 1708 3578; baseline 0 -17"><span class='ocrx_word' id='word_1_261' title='bbox 145 3520 226 3561; x_wconf 86' lang='lat' dir='ltr'><strong><em>ros</em></strong></span> <span class='ocrx_word' id='word_1_262' title='bbox 258 3505 411 3575; x_wconf 82' lang='lat' dir='ltr'><strong><em>juxta</em></strong></span> <span class='ocrx_word' id='word_1_263' title='bbox 460 3506 802 3578; x_wconf 89' lang='lat' dir='ltr'><strong><em>quorundam</em></strong></span> <span class='ocrx_word' id='word_1_264' title='bbox 853 3505 1230 3576; x_wconf 86' lang='lat' dir='ltr'><strong><em>episcoporum</em></strong></span> <span class='ocrx_word' id='word_1_265' title='bbox 1260 3514 1316 3561; x_wconf 88' lang='lat' dir='ltr'><strong><em>et</em></strong></span> <span class='ocrx_word' id='word_1_266' title='bbox 1347 3506 1543 3562; x_wconf 90' lang='lat' dir='ltr'><strong><em>dueum</em></strong></span> <span class='ocrx_word' id='word_1_267' title='bbox 1569 3522 1708 3575; x_wconf 82' lang='lat' dir='ltr'><strong><em>prae-</em></strong></span> 
     </span>
    </p>
   </div>
   <div class='ocr_carea' id='block_1_40' title="bbox 145 3596 1703 3667">
    <p class='ocr_par' dir='ltr' id='par_1_40' title="bbox 145 3596 1703 3667">
     <span class='ocr_line' id='line_1_40' title="bbox 145 3596 1703 3667; baseline 0.001 -17"><span class='ocrx_word' id='word_1_268' title='bbox 145 3597 394 3653; x_wconf 84' lang='lat' dir='ltr'><strong><em>dictorum</em></strong></span> <span class='ocrx_word' id='word_1_269' title='bbox 438 3597 729 3654; x_wconf 87' lang='lat' dir='ltr'><strong><em>consilium</em></strong></span> <span class='ocrx_word' id='word_1_270' title='bbox 775 3596 1149 3652; x_wconf 83' lang='lat' dir='ltr'><strong><em>condixerant.</em></strong></span> <span class='ocrx_word' id='word_1_271' title='bbox 1202 3596 1296 3651; x_wconf 84' lang='lat' dir='ltr'><strong><em>llis</em></strong></span> <span class='ocrx_word' id='word_1_272' title='bbox 1340 3597 1416 3651; x_wconf 88' lang='lat' dir='ltr'><strong><em>ita</em></strong></span> <span class='ocrx_word' id='word_1_273' title='bbox 1444 3598 1703 3667; x_wconf 89' lang='lat' dir='ltr'><strong><em>peractis,</em></strong></span> 
     </span>
    </p>
   </div>
   <div class='ocr_carea' id='block_1_41' title="bbox 147 3687 1703 3759">
    <p class='ocr_par' dir='ltr' id='par_1_41' title="bbox 147 3687 1703 3759">
     <span class='ocr_line' id='line_1_41' title="bbox 147 3687 1703 3759; baseline 0.002 -19"><span class='ocrx_word' id='word_1_274' title='bbox 147 3701 270 3742; x_wconf 88' lang='lat' dir='ltr'><strong><em>unus</em></strong></span> <span class='ocrx_word' id='word_1_275' title='bbox 292 3689 515 3759; x_wconf 87' lang='lat' dir='ltr'><strong><em>quidam</em></strong></span> <span class='ocrx_word' id='word_1_276' title='bbox 553 3691 621 3744; x_wconf 89' lang='lat' dir='ltr'><strong><em>de</em></strong></span> <span class='ocrx_word' id='word_1_277' title='bbox 661 3688 986 3743; x_wconf 88' lang='lat' dir='ltr'><strong><em>consiliariis</em></strong></span> <span class='ocrx_word' id='word_1_278' title='bbox 1025 3687 1168 3758; x_wconf 87' lang='lat' dir='ltr'><strong><em>regis</em></strong></span> <span class='ocrx_word' id='word_1_279' title='bbox 1194 3687 1475 3743; x_wconf 82' lang='lat' dir='ltr'><strong><em>discedens</em></strong></span> <span class='ocrx_word' id='word_1_280' title='bbox 1517 3688 1587 3743; x_wconf 88' lang='lat' dir='ltr'><strong><em>ab</em></strong></span> <span class='ocrx_word' id='word_1_281' title='bbox 1617 3702 1703 3755; x_wconf 90' lang='lat' dir='ltr'><strong><em>eo,</em></strong></span> 
     </span>
    </p>
   </div>
   <div class='ocr_carea' id='block_1_42' title="bbox 144 3778 1703 3850">
    <p class='ocr_par' dir='ltr' id='par_1_42' title="bbox 144 3778 1703 3850">
     <span class='ocr_line' id='line_1_42' title="bbox 144 3778 1703 3850; baseline 0.001 -18"><span class='ocrx_word' id='word_1_282' title='bbox 144 3778 418 3844; x_wconf 85' lang='lat' dir='ltr'><strong><em>publicavit</em></strong></span> <span class='ocrx_word' id='word_1_283' title='bbox 469 3788 524 3833; x_wconf 90' lang='lat' dir='ltr'><strong><em>et</em></strong></span> <span class='ocrx_word' id='word_1_284' title='bbox 559 3780 837 3834; x_wconf 76' lang='lat' dir='ltr'><strong><em>accusavit</em></strong></span> <span class='ocrx_word' id='word_1_285' title='bbox 865 3793 991 3834; x_wconf 90' lang='lat' dir='ltr'><strong><em>eum</em></strong></span> <span class='ocrx_word' id='word_1_286' title='bbox 1020 3779 1161 3850; x_wconf 92' lang='lat' dir='ltr'><strong><em>apud</em></strong></span> <span class='ocrx_word' id='word_1_287' title='bbox 1202 3779 1367 3835; x_wconf 88' lang='lat' dir='ltr'><strong><em>duces</em></strong></span> <span class='ocrx_word' id='word_1_288' title='bbox 1398 3779 1703 3848; x_wconf 82' lang='lat' dir='ltr'><strong><em>praedictos,</em></strong></span> 
     </span>
    </p>
   </div>
   <div class='ocr_carea' id='block_1_43' title="bbox 145 3870 1709 3937">
    <p class='ocr_par' dir='ltr' id='par_1_43' title="bbox 145 3870 1709 3937">
     <span class='ocr_line' id='line_1_43' title="bbox 145 3870 1709 3937; baseline 0.001 -15"><span class='ocrx_word' id='word_1_289' title='bbox 145 3872 273 3937; x_wconf 87' lang='lat' dir='ltr'><strong><em>quod</em></strong></span> <span class='ocrx_word' id='word_1_290' title='bbox 301 3886 427 3926; x_wconf 90' lang='lat' dir='ltr'><strong><em>cum</em></strong></span> <span class='ocrx_word' id='word_1_291' title='bbox 461 3886 526 3926; x_wconf 84' lang='lat' dir='ltr'><strong><em>eo</em></strong></span> <span class='ocrx_word' id='word_1_292' title='bbox 559 3871 769 3926; x_wconf 83' lang='lat' dir='ltr'><strong><em>scilicet</em></strong></span> <span class='ocrx_word' id='word_1_293' title='bbox 791 3879 848 3926; x_wconf 88' lang='lat' dir='ltr'><strong><em>et</em></strong></span> <span class='ocrx_word' id='word_1_294' title='bbox 889 3885 1012 3925; x_wconf 89' lang='lat' dir='ltr'><strong><em>cum</em></strong></span> <span class='ocrx_word' id='word_1_295' title='bbox 1041 3870 1162 3925; x_wconf 89' lang='lat' dir='ltr'><strong><em>aliis</em></strong></span> <span class='ocrx_word' id='word_1_296' title='bbox 1204 3870 1317 3926; x_wconf 86' lang='lat' dir='ltr'><strong><em>suis</em></strong></span> <span class='ocrx_word' id='word_1_297' title='bbox 1346 3871 1550 3925; x_wconf 87' lang='lat' dir='ltr'><strong><em>intimis</em></strong></span> <span class='ocrx_word' id='word_1_298' title='bbox 1577 3885 1709 3925; x_wconf 88' lang='lat' dir='ltr'><strong><em>con-</em></strong></span> 
     </span>
    </p>
   </div>
   <div class='ocr_carea' id='block_1_44' title="bbox 147 3959 1705 4032">
    <p class='ocr_par' dir='ltr' id='par_1_44' title="bbox 147 3959 1705 4032">
     <span class='ocr_line' id='line_1_44' title="bbox 147 3959 1705 4032; baseline 0.003 -21"><span class='ocrx_word' id='word_1_299' title='bbox 147 3959 307 4015; x_wconf 87' lang='lat' dir='ltr'><strong><em>silium</em></strong></span> <span class='ocrx_word' id='word_1_300' title='bbox 330 3962 446 4031; x_wconf 68' lang='lat' dir='ltr'><strong><em>iam</em></strong></span> <span class='ocrx_word' id='word_1_301' title='bbox 495 3961 698 4017; x_wconf 82' lang='lat' dir='ltr'><strong><em>factum</em></strong></span> <span class='ocrx_word' id='word_1_302' title='bbox 746 3960 989 4027; x_wconf 86' lang='lat' dir='ltr'><strong><em>haberet,</em></strong></span> <span class='ocrx_word' id='word_1_303' title='bbox 1022 3961 1164 4031; x_wconf 89' lang='lat' dir='ltr'><strong><em>quod</em></strong></span> <span class='ocrx_word' id='word_1_304' title='bbox 1193 3975 1381 4017; x_wconf 89' lang='lat' dir='ltr'><strong><em>omnes</em></strong></span> <span class='ocrx_word' id='word_1_305' title='bbox 1407 3961 1705 4032; x_wconf 86' lang='lat' dir='ltr'><strong><em>quomodo-</em></strong></span> 
     </span>
    </p>
   </div>
   <div class='ocr_carea' id='block_1_45' title="bbox 146 4051 1710 4120">
    <p class='ocr_par' dir='ltr' id='par_1_45' title="bbox 146 4051 1710 4120">
     <span class='ocr_line' id='line_1_45' title="bbox 146 4051 1710 4120; baseline 0.001 -18"><span class='ocrx_word' id='word_1_306' title='bbox 146 4064 358 4120; x_wconf 86' lang='lat' dir='ltr'><strong><em>cumque</em></strong></span> <span class='ocrx_word' id='word_1_307' title='bbox 406 4051 774 4115; x_wconf 88' lang='lat' dir='ltr'><strong><em>interﬁceret;</em></strong></span> <span class='ocrx_word' id='word_1_308' title='bbox 822 4062 879 4106; x_wconf 88' lang='lat' dir='ltr'><strong><em>et</em></strong></span> <span class='ocrx_word' id='word_1_309' title='bbox 929 4065 988 4105; x_wconf 90' lang='lat' dir='ltr'><strong><em>se</em></strong></span> <span class='ocrx_word' id='word_1_310' title='bbox 1033 4051 1212 4119; x_wconf 85' lang='lat' dir='ltr'><strong><em>ipsum</em></strong></span> <span class='ocrx_word' id='word_1_311' title='bbox 1270 4051 1596 4107; x_wconf 87' lang='lat' dir='ltr'><strong><em>destinatum</em></strong></span> <span class='ocrx_word' id='word_1_312' title='bbox 1653 4058 1710 4105; x_wconf 87' lang='lat' dir='ltr'><strong><em>et</em></strong></span> 
     </span>
    </p>
   </div>
   <div class='ocr_carea' id='block_1_46' title="bbox 147 4140 1704 4219">
    <p class='ocr_par' dir='ltr' id='par_1_46' title="bbox 147 4140 1704 4219">
     <span class='ocr_line' id='line_1_46' title="bbox 147 4140 1704 4219; baseline 0.002 -25"><span class='ocrx_word' id='word_1_313' title='bbox 147 4141 376 4219; x_wconf 62' lang='lat' dir='ltr'><strong><em>maximis</em></strong></span> <span class='ocrx_word' id='word_1_314' title='bbox 406 4142 654 4213; x_wconf 81' lang='lat' dir='ltr'><strong><em>praemiis</em></strong></span> <span class='ocrx_word' id='word_1_315' title='bbox 687 4149 935 4195; x_wconf 90' lang='lat' dir='ltr'><strong><em>coactum</em></strong></span> <span class='ocrx_word' id='word_1_316' title='bbox 961 4155 1083 4195; x_wconf 89' lang='lat' dir='ltr'><strong><em>esse</em></strong></span> <span class='ocrx_word' id='word_1_317' title='bbox 1102 4140 1157 4195; x_wconf 93' lang='lat' dir='ltr'><strong><em>in</em></strong></span> <span class='ocrx_word' id='word_1_318' title='bbox 1186 4141 1239 4195; x_wconf 89' lang='lat' dir='ltr'><strong><em>id</em></strong></span> <span class='ocrx_word' id='word_1_319' title='bbox 1268 4140 1446 4211; x_wconf 88' lang='lat' dir='ltr'><strong><em>ipsum</em></strong></span> <span class='ocrx_word' id='word_1_320' title='bbox 1470 4142 1704 4204; x_wconf 90' lang='lat' dir='ltr'><strong><em>facinus,</em></strong></span> 
     </span>
    </p>
   </div>
   <div class='ocr_carea' id='block_1_47' title="bbox 147 4212 1709 4302">
    <p class='ocr_par' dir='ltr' id='par_1_47' title="bbox 147 4212 1709 4302">
     <span class='ocr_line' id='line_1_47' title="bbox 147 4212 1709 4302; baseline 0.002 -20"><span class='ocrx_word' id='word_1_321' title='bbox 147 4212 303 4298; x_wconf 66' lang='lat' dir='ltr'><strong><em>palam</em></strong></span> <span class='ocrx_word' id='word_1_322' title='bbox 332 4212 669 4302; x_wconf 74' lang='lat' dir='ltr'><strong><em>protestatus</em></strong></span> <span class='ocrx_word' id='word_1_323' title='bbox 693 4238 799 4286; x_wconf 86' lang='lat' dir='ltr'><strong><em>est.</em></strong></span> <span class='ocrx_word' id='word_1_324' title='bbox 823 4229 977 4285; x_wconf 89' lang='lat' dir='ltr'><strong><em>Unde</em></strong></span> <span class='ocrx_word' id='word_1_325' title='bbox 1000 4231 1235 4285; x_wconf 86' lang='lat' dir='ltr'><strong><em>maxima</em></strong></span> <span class='ocrx_word' id='word_1_326' title='bbox 1265 4232 1537 4287; x_wconf 88' lang='lat' dir='ltr'><strong><em>discordia</em></strong></span> <span class='ocrx_word' id='word_1_327' title='bbox 1566 4232 1709 4286; x_wconf 91' lang='lat' dir='ltr'><strong><em>inter</em></strong></span> 
     </span>
    </p>
   </div>
   <div class='ocr_carea' id='block_1_48' title="bbox 149 4320 1705 4393">
    <p class='ocr_par' dir='ltr' id='par_1_48' title="bbox 149 4320 1705 4393">
     <span class='ocr_line' id='line_1_48' title="bbox 149 4320 1705 4393; baseline -0.001 -16"><span class='ocrx_word' id='word_1_328' title='bbox 149 4336 309 4392; x_wconf 76' lang='lat' dir='ltr'><strong><em>regem</em></strong></span> <span class='ocrx_word' id='word_1_329' title='bbox 336 4334 392 4382; x_wconf 86' lang='lat' dir='ltr'><strong><em>et</em></strong></span> <span class='ocrx_word' id='word_1_330' title='bbox 420 4322 701 4393; x_wconf 80' lang='lat' dir='ltr'><strong><em>principes</em></strong></span> <span class='ocrx_word' id='word_1_331' title='bbox 721 4320 911 4376; x_wconf 81' lang='lat' dir='ltr'><strong><em>eﬁecta</em></strong></span> <span class='ocrx_word' id='word_1_332' title='bbox 942 4321 1116 4386; x_wconf 87' lang='lat' dir='ltr'><strong><em>est,in</em></strong></span> <span class='ocrx_word' id='word_1_333' title='bbox 1150 4329 1355 4376; x_wconf 88' lang='lat' dir='ltr'><strong><em>tantum</em></strong></span> <span class='ocrx_word' id='word_1_334' title='bbox 1388 4332 1446 4375; x_wconf 90' lang='lat' dir='ltr'><strong><em>ut</em></strong></span> <span class='ocrx_word' id='word_1_335' title='bbox 1477 4322 1591 4390; x_wconf 89' lang='lat' dir='ltr'><strong><em>ipse</em></strong></span> <span class='ocrx_word' id='word_1_336' title='bbox 1616 4324 1705 4376; x_wconf 84' lang='lat' dir='ltr'><strong><em>vix</em></strong></span> 
     </span>
    </p>
   </div>
   <div class='ocr_carea' id='block_1_49' title="bbox 146 4410 1707 4483">
    <p class='ocr_par' dir='ltr' id='par_1_49' title="bbox 146 4410 1707 4483">
     <span class='ocr_line' id='line_1_49' title="bbox 146 4410 1707 4483; baseline 0.003 -19"><span class='ocrx_word' id='word_1_337' title='bbox 146 4414 379 4468; x_wconf 77' lang='lat' dir='ltr'><strong><em>eraderet</em></strong></span> <span class='ocrx_word' id='word_1_338' title='bbox 405 4413 635 4469; x_wconf 87' lang='lat' dir='ltr'><strong><em>insidias</em></strong></span> <span class='ocrx_word' id='word_1_339' title='bbox 653 4427 867 4478; x_wconf 87' lang='lat' dir='ltr'><strong><em>eorum,</em></strong></span> <span class='ocrx_word' id='word_1_340' title='bbox 888 4410 1246 4467; x_wconf 88' lang='lat' dir='ltr'><strong><em>Wormatiam</em></strong></span> <span class='ocrx_word' id='word_1_341' title='bbox 1275 4412 1474 4466; x_wconf 84' lang='lat' dir='ltr'><strong><em>civium</em></strong></span> <span class='ocrx_word' id='word_1_342' title='bbox 1497 4428 1597 4483; x_wconf 84' lang='lat' dir='ltr'><strong><em>ope</em></strong></span> <span class='ocrx_word' id='word_1_343' title='bbox 1624 4414 1707 4468; x_wconf 62' lang='lat' dir='ltr'><strong><em>inv</em></strong></span> 
     </span>
    </p>
   </div>
   <div class='ocr_carea' id='block_1_50' title="bbox 146 4500 1705 4571">
    <p class='ocr_par' dir='ltr' id='par_1_50' title="bbox 146 4500 1705 4571">
     <span class='ocr_line' id='line_1_50' title="bbox 146 4500 1705 4571; baseline 0.001 -14"><span class='ocrx_word' id='word_1_344' title='bbox 146 4516 365 4569; x_wconf 70' lang='lat' dir='ltr'><strong><em>gressus.</em></strong></span> <span class='ocrx_word' id='word_1_345' title='bbox 386 4502 468 4559; x_wconf 82' lang='lat' dir='ltr'><strong><em>lbi</em></strong></span> <span class='ocrx_word' id='word_1_346' title='bbox 499 4501 881 4571; x_wconf 81' lang='lat' dir='ltr'><strong><em>undecumque</em></strong></span> <span class='ocrx_word' id='word_1_347' title='bbox 920 4500 1161 4556; x_wconf 87' lang='lat' dir='ltr'><strong><em>collectis</em></strong></span> <span class='ocrx_word' id='word_1_348' title='bbox 1208 4501 1579 4557; x_wconf 88' lang='lat' dir='ltr'><strong><em>auxiliantium</em></strong></span> <span class='ocrx_word' id='word_1_349' title='bbox 1612 4519 1705 4558; x_wconf 89' lang='lat' dir='ltr'><strong><em>co-</em></strong></span> 
     </span>
    </p>
   </div>
   <div class='ocr_carea' id='block_1_51' title="bbox 148 4590 1708 4662">
    <p class='ocr_par' dir='ltr' id='par_1_51' title="bbox 148 4590 1708 4662">
     <span class='ocr_line' id='line_1_51' title="bbox 148 4590 1708 4662; baseline 0.001 -19"><span class='ocrx_word' id='word_1_350' title='bbox 148 4593 254 4659; x_wconf 85' lang='lat' dir='ltr'><strong><em>piis,</em></strong></span> <span class='ocrx_word' id='word_1_351' title='bbox 294 4593 651 4662; x_wconf 81' lang='lat' dir='ltr'><strong><em>exspectabat</em></strong></span> <span class='ocrx_word' id='word_1_352' title='bbox 699 4591 841 4646; x_wconf 88' lang='lat' dir='ltr'><strong><em>diem</em></strong></span> <span class='ocrx_word' id='word_1_353' title='bbox 884 4591 938 4645; x_wconf 90' lang='lat' dir='ltr'><strong><em>in</em></strong></span> <span class='ocrx_word' id='word_1_354' title='bbox 969 4605 1075 4660; x_wconf 87' lang='lat' dir='ltr'><strong><em>quo</em></strong></span> <span class='ocrx_word' id='word_1_355' title='bbox 1103 4605 1163 4645; x_wconf 90' lang='lat' dir='ltr'><strong><em>se</em></strong></span> <span class='ocrx_word' id='word_1_356' title='bbox 1190 4590 1366 4645; x_wconf 90' lang='lat' dir='ltr'><strong><em>duello</em></strong></span> <span class='ocrx_word' id='word_1_357' title='bbox 1398 4592 1464 4645; x_wconf 91' lang='lat' dir='ltr'><strong><em>de</em></strong></span> <span class='ocrx_word' id='word_1_358' title='bbox 1493 4592 1708 4647; x_wconf 87' lang='lat' dir='ltr'><strong><em>incusa-</em></strong></span> 
     </span>
    </p>
   </div>
   <div class='ocr_carea' id='block_1_52' title="bbox 152 4680 1762 4762">
    <p class='ocr_par' dir='ltr' id='par_1_52' title="bbox 152 4680 1762 4762">
     <span class='ocr_line' id='line_1_52' title="bbox 152 4680 1762 4762; baseline 0.003 -30"><span class='ocrx_word' id='word_1_359' title='bbox 152 4680 277 4737; x_wconf 78' lang='lat' dir='ltr'><strong><em>.ione</em></strong></span> <span class='ocrx_word' id='word_1_360' title='bbox 300 4684 547 4754; x_wconf 67' lang='lat' dir='ltr'><strong><em>praedicti</em></strong></span> <span class='ocrx_word' id='word_1_361' title='bbox 575 4682 837 4737; x_wconf 85' lang='lat' dir='ltr'><strong><em>facinoris</em></strong></span> <span class='ocrx_word' id='word_1_362' title='bbox 869 4688 1212 4752; x_wconf 86' lang='lat' dir='ltr'><strong><em>expurgaret.</em></strong></span> <span class='ocrx_word' id='word_1_363' title='bbox 1247 4681 1463 4736; x_wconf 85' lang='lat' dir='ltr'><strong><em>Statnto</em></strong></span> <span class='ocrx_word' id='word_1_364' title='bbox 1488 4683 1703 4737; x_wconf 87' lang='lat' dir='ltr'><strong><em>demum</em></strong></span> <span class='ocrx_word' id='word_1_365' title='bbox 1752 4753 1762 4762; x_wconf 31' lang='grc' dir='ltr'>ι</span> 
     </span>
    </p>
   </div>
   <div class='ocr_carea' id='block_1_53' title="bbox 149 4772 1708 4844">
    <p class='ocr_par' dir='ltr' id='par_1_53' title="bbox 149 4772 1708 4844">
     <span class='ocr_line' id='line_1_53' title="bbox 149 4772 1708 4844; baseline 0.003 -20"><span class='ocrx_word' id='word_1_366' title='bbox 149 4772 223 4827; x_wconf 86' lang='lat' dir='ltr'><strong><em>die</em></strong></span> <span class='ocrx_word' id='word_1_367' title='bbox 241 4776 585 4839; x_wconf 77' lang='lat' dir='ltr'><strong><em>adveniente,</em></strong></span> <span class='ocrx_word' id='word_1_368' title='bbox 640 4774 694 4827; x_wconf 91' lang='lat' dir='ltr'><strong><em>in</em></strong></span> <span class='ocrx_word' id='word_1_369' title='bbox 729 4787 838 4841; x_wconf 90' lang='lat' dir='ltr'><strong><em>quo</em></strong></span> <span class='ocrx_word' id='word_1_370' title='bbox 874 4787 932 4827; x_wconf 87' lang='lat' dir='ltr'><strong><em>se</em></strong></span> <span class='ocrx_word' id='word_1_371' title='bbox 960 4787 1142 4827; x_wconf 92' lang='lat' dir='ltr'><strong><em>coram</em></strong></span> <span class='ocrx_word' id='word_1_372' title='bbox 1190 4774 1341 4842; x_wconf 81' lang='lat' dir='ltr'><strong><em>regni</em></strong></span> <span class='ocrx_word' id='word_1_373' title='bbox 1374 4774 1708 4844; x_wconf 86' lang='lat' dir='ltr'><strong><em>principibus</em></strong></span> 
     </span>
    </p>
   </div>
   <div class='ocr_carea' id='block_1_54' title="bbox 151 4860 1707 4935">
    <p class='ocr_par' dir='ltr' id='par_1_54' title="bbox 151 4860 1707 4935">
     <span class='ocr_line' id='line_1_54' title="bbox 151 4860 1707 4935; baseline 0.002 -21"><span class='ocrx_word' id='word_1_374' title='bbox 151 4872 580 4935; x_wconf 85' lang='lat' dir='ltr'><strong><em>aulexpurgaret</em></strong></span> <span class='ocrx_word' id='word_1_375' title='bbox 608 4870 706 4916; x_wconf 87' lang='lat' dir='ltr'><strong><em>aut</em></strong></span> <span class='ocrx_word' id='word_1_376' title='bbox 745 4876 909 4929; x_wconf 81' lang='lat' dir='ltr'><strong><em>regno</em></strong></span> <span class='ocrx_word' id='word_1_377' title='bbox 953 4860 1262 4931; x_wconf 87' lang='lat' dir='ltr'><strong><em>pelleretur,</em></strong></span> <span class='ocrx_word' id='word_1_378' title='bbox 1314 4864 1429 4931; x_wconf 91' lang='lat' dir='ltr'><strong><em>ipse</em></strong></span> <span class='ocrx_word' id='word_1_379' title='bbox 1464 4865 1707 4929; x_wconf 86' lang='lat' dir='ltr'><strong><em>proditor</em></strong></span> 
     </span>
    </p>
   </div>
   <div class='ocr_carea' id='block_1_55' title="bbox 152 4953 1707 5027">
    <p class='ocr_par' dir='ltr' id='par_1_55' title="bbox 152 4953 1707 5027">
     <span class='ocr_line' id='line_1_55' title="bbox 152 4953 1707 5027; baseline 0.003 -22"><span class='ocrx_word' id='word_1_380' title='bbox 152 4953 293 5021; x_wconf 90' lang='lat' dir='ltr'><strong><em>illius,</em></strong></span> <span class='ocrx_word' id='word_1_381' title='bbox 326 4959 420 5027; x_wconf 89' lang='lat' dir='ltr'><strong><em>qui</em></strong></span> <span class='ocrx_word' id='word_1_382' title='bbox 448 4953 748 5027; x_wconf 88' lang='lat' dir='ltr'><strong><em>perduellis</em></strong></span> <span class='ocrx_word' id='word_1_383' title='bbox 770 4954 823 5007; x_wconf 92' lang='lat' dir='ltr'><strong><em>in</em></strong></span> <span class='ocrx_word' id='word_1_384' title='bbox 849 4968 971 5008; x_wconf 89' lang='lat' dir='ltr'><strong><em>eum</em></strong></span> <span class='ocrx_word' id='word_1_385' title='bbox 1002 4953 1302 5017; x_wconf 88' lang='lat' dir='ltr'><strong><em>exstiterat,</em></strong></span> <span class='ocrx_word' id='word_1_386' title='bbox 1327 4954 1505 5009; x_wconf 84' lang='lat' dir='ltr'><strong><em>subita</em></strong></span> <span class='ocrx_word' id='word_1_387' title='bbox 1535 4966 1707 5009; x_wconf 83' lang='lat' dir='ltr'><strong><em>morte</em></strong></span> 
     </span>
    </p>
   </div>
   <div class='ocr_carea' id='block_1_56' title="bbox 153 5042 1705 5115">
    <p class='ocr_par' dir='ltr' id='par_1_56' title="bbox 153 5042 1705 5115">
     <span class='ocr_line' id='line_1_56' title="bbox 153 5042 1705 5115; baseline 0.001 -18"><span class='ocrx_word' id='word_1_388' title='bbox 153 5043 369 5114; x_wconf 85' lang='lat' dir='ltr'><strong><em>obierat;</em></strong></span> <span class='ocrx_word' id='word_1_389' title='bbox 396 5057 452 5102; x_wconf 87' lang='lat' dir='ltr'><strong><em>et</em></strong></span> <span class='ocrx_word' id='word_1_390' title='bbox 476 5047 557 5101; x_wconf 89' lang='lat' dir='ltr'><strong><em>sic</em></strong></span> <span class='ocrx_word' id='word_1_391' title='bbox 579 5042 901 5100; x_wconf 86' lang='lat' dir='ltr'><strong><em>intentionis</em></strong></span> <span class='ocrx_word' id='word_1_392' title='bbox 926 5044 1195 5112; x_wconf 68' lang='lat' dir='ltr'><strong><em>praedictae</em></strong></span> <span class='ocrx_word' id='word_1_393' title='bbox 1220 5057 1403 5111; x_wconf 89' lang='lat' dir='ltr'><strong><em>causa,</em></strong></span> <span class='ocrx_word' id='word_1_394' title='bbox 1436 5042 1564 5098; x_wconf 90' lang='lat' dir='ltr'><strong><em>dum</em></strong></span> <span class='ocrx_word' id='word_1_395' title='bbox 1588 5046 1705 5115; x_wconf 88' lang='lat' dir='ltr'><strong><em>jus-</em></strong></span> 
     </span>
    </p>
   </div>
   <div class='ocr_carea' id='block_1_57' title="bbox 1800 428 3375 503">
    <p class='ocr_par' dir='ltr' id='par_1_57' title="bbox 1800 428 3375 503">
     <span class='ocr_line' id='line_1_57' title="bbox 1800 428 3375 503; baseline 0.005 -23"><span class='ocrx_word' id='word_1_396' title='bbox 1800 428 1986 493; x_wconf 87' lang='lat' dir='ltr'><strong><em>dilata,</em></strong></span> <span class='ocrx_word' id='word_1_397' title='bbox 2021 431 2135 499; x_wconf 85' lang='lat' dir='ltr'><strong><em>ipse</em></strong></span> <span class='ocrx_word' id='word_1_398' title='bbox 2182 428 2483 486; x_wconf 80' lang='lat' dir='ltr'><strong><em>récollectis</em></strong></span> <span class='ocrx_word' id='word_1_399' title='bbox 2522 430 2757 501; x_wconf 85' lang='lat' dir='ltr'><strong><em>undique</em></strong></span> <span class='ocrx_word' id='word_1_400' title='bbox 2800 444 3173 501; x_wconf 84' lang='lat' dir='ltr'><strong><em>quoscumque</em></strong></span> <span class='ocrx_word' id='word_1_401' title='bbox 3197 434 3375 503; x_wconf 84' lang='lat' dir='ltr'><strong><em>potuit</em></strong></span> 
     </span>
    </p>
   </div>
   <div class='ocr_carea' id='block_1_58' title="bbox 1798 517 3374 591">
    <p class='ocr_par' dir='ltr' id='par_1_58' title="bbox 1798 517 3374 591">
     <span class='ocr_line' id='line_1_58' title="bbox 1798 517 3374 591; baseline 0.007 -21"><span class='ocrx_word' id='word_1_402' title='bbox 1798 517 2025 573; x_wconf 88' lang='lat' dir='ltr'><strong><em>militum</em></strong></span> <span class='ocrx_word' id='word_1_403' title='bbox 2051 528 2106 573; x_wconf 89' lang='lat' dir='ltr'><strong><em>et</em></strong></span> <span class='ocrx_word' id='word_1_404' title='bbox 2152 519 2386 575; x_wconf 85' lang='lat' dir='ltr'><strong><em>ﬁdelium</em></strong></span> <span class='ocrx_word' id='word_1_405' title='bbox 2433 536 2653 575; x_wconf 89' lang='lat' dir='ltr'><strong><em>suorum</em></strong></span> <span class='ocrx_word' id='word_1_406' title='bbox 2708 522 2918 586; x_wconf 87' lang='lat' dir='ltr'><strong><em>cuneis,</em></strong></span> <span class='ocrx_word' id='word_1_407' title='bbox 2970 521 3134 591; x_wconf 59' lang='lat' dir='ltr'><strong><em>carpit</em></strong></span> <span class='ocrx_word' id='word_1_408' title='bbox 3175 522 3230 578; x_wconf 89' lang='lat' dir='ltr'><strong><em>in</em></strong></span> <span class='ocrx_word' id='word_1_409' title='bbox 3258 523 3374 581; x_wconf 78' lang='lat' dir='ltr'><strong><em>dies</em></strong></span> 
     </span>
    </p>
   </div>
   <div class='ocr_carea' id='block_1_59' title="bbox 1798 609 3265 679">
    <p class='ocr_par' dir='ltr' id='par_1_59' title="bbox 1798 609 3265 679">
     <span class='ocr_line' id='line_1_59' title="bbox 1798 609 3265 679; baseline 0.006 -17"><span class='ocrx_word' id='word_1_410' title='bbox 1798 609 2187 679; x_wconf 82' lang='lat' dir='ltr'><strong><em>parvipendere</em></strong></span> <span class='ocrx_word' id='word_1_411' title='bbox 2217 610 2530 668; x_wconf 87' lang='lat' dir='ltr'><strong><em>inimicitias</em></strong></span> <span class='ocrx_word' id='word_1_412' title='bbox 2552 613 2986 669; x_wconf 82' lang='lat' dir='ltr'><strong><em>adversariorum</em></strong></span> <span class='ocrx_word' id='word_1_413' title='bbox 3022 627 3265 672; x_wconf 89' lang='lat' dir='ltr'><strong><em>suorum.</em></strong></span> 
     </span>
    </p>
   </div>
   <div class='ocr_carea' id='block_1_60' title="bbox 1869 700 3378 776">
    <p class='ocr_par' dir='ltr' id='par_1_60' title="bbox 1869 700 3378 776">
     <span class='ocr_line' id='line_1_60' title="bbox 1869 700 3378 776; baseline 0.007 -22"><span class='ocrx_word' id='word_1_414' title='bbox 1869 700 2168 771; x_wconf 78' lang='lat' dir='ltr'><strong><em>Ruotperto</em></strong></span> <span class='ocrx_word' id='word_1_415' title='bbox 2206 700 2319 768; x_wconf 87' lang='lat' dir='ltr'><strong><em>jam</em></strong></span> <span class='ocrx_word' id='word_1_416' title='bbox 2366 714 2422 758; x_wconf 91' lang='lat' dir='ltr'><strong><em>et</em></strong></span> <span class='ocrx_word' id='word_1_417' title='bbox 2450 719 2477 757; x_wconf 91' lang='lat' dir='ltr'><strong><em>a</em></strong></span> <span class='ocrx_word' id='word_1_418' title='bbox 2521 720 2656 776; x_wconf 89' lang='lat' dir='ltr'><strong><em>papa</em></strong></span> <span class='ocrx_word' id='word_1_419' title='bbox 2706 706 3194 773; x_wconf 84' lang='lat' dir='ltr'><strong><em>anathematizato,</em></strong></span> <span class='ocrx_word' id='word_1_420' title='bbox 3243 715 3298 763; x_wconf 90' lang='lat' dir='ltr'><strong><em>et</em></strong></span> <span class='ocrx_word' id='word_1_421' title='bbox 3347 724 3378 763; x_wconf 90' lang='lat' dir='ltr'><strong><em>a</em></strong></span> 
     </span>
    </p>
   </div>
   <div class='ocr_carea' id='block_1_61' title="bbox 1798 792 3379 872">
    <p class='ocr_par' dir='ltr' id='par_1_61' title="bbox 1798 792 3379 872">
     <span class='ocr_line' id='line_1_61' title="bbox 1798 792 3379 872; baseline 0.007 -28"><span class='ocrx_word' id='word_1_422' title='bbox 1798 806 1924 861; x_wconf 74' lang='lat' dir='ltr'><strong><em>rege</em></strong></span> <span class='ocrx_word' id='word_1_423' title='bbox 1967 792 2170 862; x_wconf 87' lang='lat' dir='ltr'><strong><em>pariter</em></strong></span> <span class='ocrx_word' id='word_1_424' title='bbox 2198 794 2532 865; x_wconf 80' lang='lat' dir='ltr'><strong><em>propulsata,</em></strong></span> <span class='ocrx_word' id='word_1_425' title='bbox 2575 798 2771 869; x_wconf 90' lang='lat' dir='ltr'><strong><em>quippe</em></strong></span> <span class='ocrx_word' id='word_1_426' title='bbox 2822 808 2881 854; x_wconf 92' lang='lat' dir='ltr'><strong><em>ut</em></strong></span> <span class='ocrx_word' id='word_1_427' title='bbox 2912 800 3061 870; x_wconf 87' lang='lat' dir='ltr'><strong><em>juste</em></strong></span> <span class='ocrx_word' id='word_1_428' title='bbox 3111 799 3379 872; x_wconf 82' lang='lat' dir='ltr'><strong><em>sacrilego</em></strong></span> 
     </span>
    </p>
   </div>
   <div class='ocr_carea' id='block_1_62' title="bbox 1800 880 3377 959">
    <p class='ocr_par' dir='ltr' id='par_1_62' title="bbox 1800 880 3377 959">
     <span class='ocr_line' id='line_1_62' title="bbox 1800 880 3377 959; baseline 0.006 -24"><span class='ocrx_word' id='word_1_429' title='bbox 1800 880 2052 952; x_wconf 80' lang='lat' dir='ltr'><strong><em>Symonis</em></strong></span> <span class='ocrx_word' id='word_1_430' title='bbox 2097 882 2392 955; x_wconf 84' lang='lat' dir='ltr'><strong><em>discipulo,</em></strong></span> <span class='ocrx_word' id='word_1_431' title='bbox 2436 888 2647 941; x_wconf 85' lang='lat' dir='ltr'><strong><em>tandem</em></strong></span> <span class='ocrx_word' id='word_1_432' title='bbox 2679 887 3062 959; x_wconf 84' lang='lat' dir='ltr'><strong><em>Eggeliardus,</em></strong></span> <span class='ocrx_word' id='word_1_433' title='bbox 3120 906 3264 946; x_wconf 88' lang='lat' dir='ltr'><strong><em>unus</em></strong></span> <span class='ocrx_word' id='word_1_434' title='bbox 3311 906 3377 944; x_wconf 89' lang='lat' dir='ltr'><strong><em>ex</em></strong></span> 
     </span>
    </p>
   </div>
   <div class='ocr_carea' id='block_1_63' title="bbox 1798 972 3381 1046">
    <p class='ocr_par' dir='ltr' id='par_1_63' title="bbox 1798 972 3381 1046">
     <span class='ocr_line' id='line_1_63' title="bbox 1798 972 3381 1046; baseline 0.006 -21"><span class='ocrx_word' id='word_1_435' title='bbox 1798 972 2157 1043; x_wconf 83' lang='lat' dir='ltr'><strong><em>Augiensibus</em></strong></span> <span class='ocrx_word' id='word_1_436' title='bbox 2190 975 2447 1033; x_wconf 79' lang='lat' dir='ltr'><strong><em>fratribus</em></strong></span> <span class='ocrx_word' id='word_1_437' title='bbox 2475 988 2528 1033; x_wconf 91' lang='lat' dir='ltr'><strong><em>ct</em></strong></span> <span class='ocrx_word' id='word_1_438' title='bbox 2555 979 2624 1033; x_wconf 89' lang='lat' dir='ltr'><strong><em>ab</em></strong></span> <span class='ocrx_word' id='word_1_439' title='bbox 2672 979 2776 1033; x_wconf 90' lang='lat' dir='ltr'><strong><em>illis</em></strong></span> <span class='ocrx_word' id='word_1_440' title='bbox 2818 979 3039 1046; x_wconf 86' lang='lat' dir='ltr'><strong><em>electus,</em></strong></span> <span class='ocrx_word' id='word_1_441' title='bbox 3080 983 3241 1036; x_wconf 83' lang='lat' dir='ltr'><strong><em>abbas</em></strong></span> <span class='ocrx_word' id='word_1_442' title='bbox 3273 982 3381 1035; x_wconf 79' lang='lat' dir='ltr'><strong><em>Au-</em></strong></span> 
     </span>
    </p>
   </div>
   <div class='ocr_carea' id='block_1_64' title="bbox 1798 1060 3381 1135">
    <p class='ocr_par' dir='ltr' id='par_1_64' title="bbox 1798 1060 3381 1135">
     <span class='ocr_line' id='line_1_64' title="bbox 1798 1060 3381 1135; baseline 0.005 -25"><span class='ocrx_word' id='word_1_443' title='bbox 1798 1060 1988 1129; x_wconf 86' lang='lat' dir='ltr'><strong><em>giensis</em></strong></span> <span class='ocrx_word' id='word_1_444' title='bbox 2013 1061 2254 1130; x_wconf 77' lang='lat' dir='ltr'><strong><em>e/ﬁcitur,</em></strong></span> <span class='ocrx_word' id='word_1_445' title='bbox 2282 1071 2330 1116; x_wconf 90' lang='lat' dir='ltr'><strong><em>et</em></strong></span> <span class='ocrx_word' id='word_1_446' title='bbox 2369 1061 2524 1129; x_wconf 82' lang='lat' dir='ltr'><strong><em>juxta</em></strong></span> <span class='ocrx_word' id='word_1_447' title='bbox 2552 1062 2958 1135; x_wconf 81' lang='lat' dir='ltr'><strong><em>privilegiorum</em></strong></span> <span class='ocrx_word' id='word_1_448' title='bbox 3003 1080 3222 1120; x_wconf 89' lang='lat' dir='ltr'><strong><em>suorum</em></strong></span> <span class='ocrx_word' id='word_1_449' title='bbox 3272 1074 3381 1118; x_wconf 75' lang='lat' dir='ltr'><strong><em>sta-</em></strong></span> 
     </span>
    </p>
   </div>
   <div class='ocr_carea' id='block_1_65' title="bbox 1803 1152 3381 1232">
    <p class='ocr_par' dir='ltr' id='par_1_65' title="bbox 1803 1152 3381 1232">
     <span class='ocr_line' id='line_1_65' title="bbox 1803 1152 3381 1232; baseline 0.005 -29"><span class='ocrx_word' id='word_1_450' title='bbox 1803 1158 1914 1203; x_wconf 89' lang='lat' dir='ltr'><strong><em>tuta</em></strong></span> <span class='ocrx_word' id='word_1_451' title='bbox 1961 1168 1993 1204; x_wconf 90' lang='lat' dir='ltr'><strong><em>a</em></strong></span> <span class='ocrx_word' id='word_1_452' title='bbox 2024 1153 2274 1232; x_wconf 78' lang='lat' dir='ltr'><strong><em>prtedicto</em></strong></span> <span class='ocrx_word' id='word_1_453' title='bbox 2307 1170 2445 1223; x_wconf 87' lang='lat' dir='ltr'><strong><em>papa</em></strong></span> <span class='ocrx_word' id='word_1_454' title='bbox 2488 1161 2612 1224; x_wconf 89' lang='lat' dir='ltr'><strong><em>post</em></strong></span> <span class='ocrx_word' id='word_1_455' title='bbox 2654 1152 2862 1210; x_wconf 86' lang='lat' dir='ltr'><strong><em>Pascha</em></strong></span> <span class='ocrx_word' id='word_1_456' title='bbox 2902 1153 3083 1209; x_wconf 72' lang='lat' dir='ltr'><strong><em>Romae</em></strong></span> <span class='ocrx_word' id='word_1_457' title='bbox 3107 1172 3381 1211; x_wconf 88' lang='lat' dir='ltr'><strong><em>consecra-</em></strong></span> 
     </span>
    </p>
   </div>
   <div class='ocr_carea' id='block_1_66' title="bbox 1801 1241 3380 1317">
    <p class='ocr_par' dir='ltr' id='par_1_66' title="bbox 1801 1241 3380 1317">
     <span class='ocr_line' id='line_1_66' title="bbox 1801 1241 3380 1317; baseline 0.004 -22"><span class='ocrx_word' id='word_1_458' title='bbox 1801 1251 1886 1295; x_wconf 86' lang='lat' dir='ltr'><strong><em>tur</em></strong></span> <span class='ocrx_word' id='word_1_459' title='bbox 1908 1241 2039 1314; x_wconf 80' lang='lat'><strong><em>(66).</em></strong></span> <span class='ocrx_word' id='word_1_460' title='bbox 2085 1243 2416 1314; x_wconf 83' lang='lat' dir='ltr'><strong><em>Ruotpertus</em></strong></span> <span class='ocrx_word' id='word_1_461' title='bbox 2443 1256 2621 1299; x_wconf 90' lang='lat' dir='ltr'><strong><em>autem</em></strong></span> <span class='ocrx_word' id='word_1_462' title='bbox 2652 1245 2793 1317; x_wconf 89' lang='lat' dir='ltr'><strong><em>apud</em></strong></span> <span class='ocrx_word' id='word_1_463' title='bbox 2829 1242 3182 1316; x_wconf 84' lang='lat' dir='ltr'><strong><em>Gengiubach</em></strong></span> <span class='ocrx_word' id='word_1_464' title='bbox 3211 1247 3380 1301; x_wconf 85' lang='lat' dir='ltr'><strong><em>abbas</em></strong></span> 
     </span>
    </p>
   </div>
   <div class='ocr_carea' id='block_1_67' title="bbox 1800 1331 3381 1406">
    <p class='ocr_par' dir='ltr' id='par_1_67' title="bbox 1800 1331 3381 1406">
     <span class='ocr_line' id='line_1_67' title="bbox 1800 1331 3381 1406; baseline 0.004 -20"><span class='ocrx_word' id='word_1_465' title='bbox 1800 1331 2020 1387; x_wconf 78' lang='lat' dir='ltr'><strong><em>eﬁ‘ectus</em></strong></span> <span class='ocrx_word' id='word_1_466' title='bbox 2043 1333 2177 1405; x_wconf 79' lang='grc'>(67),</span> <span class='ocrx_word' id='word_1_467' title='bbox 2216 1336 2285 1389; x_wconf 90' lang='lat' dir='ltr'><strong><em>ob</em></strong></span> <span class='ocrx_word' id='word_1_468' title='bbox 2312 1336 2631 1390; x_wconf 88' lang='lat' dir='ltr'><strong><em>beneﬁcium</em></strong></span> <span class='ocrx_word' id='word_1_469' title='bbox 2655 1337 2926 1406; x_wconf 89' lang='lat' dir='ltr'><strong><em>quoddam</em></strong></span> <span class='ocrx_word' id='word_1_470' title='bbox 2953 1337 3095 1406; x_wconf 91' lang='lat' dir='ltr'><strong><em>quod</em></strong></span> <span class='ocrx_word' id='word_1_471' title='bbox 3120 1337 3381 1393; x_wconf 67' lang='lat' dir='ltr'><strong><em>(ecclesia:</em></strong></span> 
     </span>
    </p>
   </div>
   <div class='ocr_carea' id='block_1_68' title="bbox 1804 1427 3378 1486">
    <p class='ocr_par' dir='ltr' id='par_1_68' title="bbox 1804 1427 3378 1486">
     <span class='ocr_line' id='line_1_68' title="bbox 1804 1427 3378 1486; baseline 0.004 -7"><span class='ocrx_word' id='word_1_472' title='bbox 1804 1427 2051 1481; x_wconf 86' lang='lat' dir='ltr'><strong><em>ministro</em></strong></span> <span class='ocrx_word' id='word_1_473' title='bbox 2079 1428 2291 1483; x_wconf 83' lang='lat' dir='ltr'><strong><em>cuidam</em></strong></span> <span class='ocrx_word' id='word_1_474' title='bbox 2323 1428 2538 1484; x_wconf 90' lang='lat' dir='ltr'><strong><em>auferre</em></strong></span> <span class='ocrx_word' id='word_1_475' title='bbox 2559 1429 2727 1485; x_wconf 89' lang='lat' dir='ltr'><strong><em>voluit</em></strong></span> <span class='ocrx_word' id='word_1_476' title='bbox 2750 1430 2818 1485; x_wconf 89' lang='lat' dir='ltr'><strong><em>ab</em></strong></span> <span class='ocrx_word' id='word_1_477' title='bbox 2846 1429 3033 1486; x_wconf 85' lang='lat' dir='ltr'><strong><em>eodem</em></strong></span> <span class='ocrx_word' id='word_1_478' title='bbox 3056 1428 3378 1485; x_wconf 84' lang='lat' dir='ltr'><strong><em>interfectus</em></strong></span> 
     </span>
    </p>
   </div>
   <div class='ocr_carea' id='block_1_69' title="bbox 1802 1517 2045 1588">
    <p class='ocr_par' dir='ltr' id='par_1_69' title="bbox 1802 1517 2045 1588">
     <span class='ocr_line' id='line_1_69' title="bbox 1802 1517 2045 1588; baseline 0 -17"><span class='ocrx_word' id='word_1_479' title='bbox 1802 1528 1885 1572; x_wconf 91' lang='lat' dir='ltr'><strong><em>est</em></strong></span> <span class='ocrx_word' id='word_1_480' title='bbox 1913 1517 2045 1588; x_wconf 65' lang='lat' dir='ltr'><strong><em>(b8).</em></strong></span> 
     </span>
    </p>
   </div>
   <div class='ocr_carea' id='block_1_70' title="bbox 2442 1606 2732 1664">
    <p class='ocr_par' dir='ltr' id='par_1_70' title="bbox 2442 1606 2732 1664">
     <span class='ocr_line' id='line_1_70' title="bbox 2442 1606 2732 1664; baseline 0.003 -1"><span class='ocrx_word' id='word_1_481' title='bbox 2442 1606 2732 1664; x_wconf 76' lang='lat' dir='ltr'><strong><em>MLXXIV.</em></strong></span> 
     </span>
    </p>
   </div>
   <div class='ocr_carea' id='block_1_71' title="bbox 1729 1681 3383 1771">
    <p class='ocr_par' dir='ltr' id='par_1_71' title="bbox 1729 1681 3383 1771">
     <span class='ocr_line' id='line_1_71' title="bbox 1729 1681 3383 1771; baseline 0.002 -18"><span class='ocrx_word' id='word_1_482' title='bbox 1729 1681 1774 1740; x_wconf 74' lang='grc' dir='ltr'><strong>Β</strong></span> <span class='ocrx_word' id='word_1_483' title='bbox 1874 1696 1919 1751; x_wconf 87' lang='lat' dir='ltr'><strong><em>ll</em></strong></span> <span class='ocrx_word' id='word_1_484' title='bbox 1956 1697 2157 1752; x_wconf 82' lang='lat' dir='ltr'><strong><em>inricns</em></strong></span> <span class='ocrx_word' id='word_1_485' title='bbox 2178 1713 2271 1753; x_wconf 89' lang='lat' dir='ltr'><strong><em>rex</em></strong></span> <span class='ocrx_word' id='word_1_486' title='bbox 2307 1700 2539 1753; x_wconf 87' lang='lat' dir='ltr'><strong><em>natalem</em></strong></span> <span class='ocrx_word' id='word_1_487' title='bbox 2570 1700 2803 1765; x_wconf 90' lang='lat' dir='ltr'><strong><em>Domini,</em></strong></span> <span class='ocrx_word' id='word_1_488' title='bbox 2834 1701 3081 1771; x_wconf 84' lang='lat' dir='ltr'><strong><em>quamvis</em></strong></span> <span class='ocrx_word' id='word_1_489' title='bbox 3128 1701 3180 1757; x_wconf 92' lang='lat' dir='ltr'><strong><em>in</em></strong></span> <span class='ocrx_word' id='word_1_490' title='bbox 3212 1702 3383 1757; x_wconf 85' lang='lat' dir='ltr'><strong><em>maxi-</em></strong></span> 
     </span>
    </p>
   </div>
   <div class='ocr_carea' id='block_1_72' title="bbox 1804 1789 3377 1862">
    <p class='ocr_par' dir='ltr' id='par_1_72' title="bbox 1804 1789 3377 1862">
     <span class='ocr_line' id='line_1_72' title="bbox 1804 1789 3377 1862; baseline 0.003 -19"><span class='ocrx_word' id='word_1_491' title='bbox 1804 1791 1906 1844; x_wconf 90' lang='lat' dir='ltr'><strong><em>mis</em></strong></span> <span class='ocrx_word' id='word_1_492' title='bbox 1952 1789 2206 1858; x_wconf 82' lang='lat' dir='ltr'><strong><em>periculis</em></strong></span> <span class='ocrx_word' id='word_1_493' title='bbox 2252 1797 2307 1844; x_wconf 87' lang='lat' dir='ltr'><strong><em>et</em></strong></span> <span class='ocrx_word' id='word_1_494' title='bbox 2353 1792 2645 1862; x_wconf 87' lang='lat' dir='ltr'><strong><em>angustiis,</em></strong></span> <span class='ocrx_word' id='word_1_495' title='bbox 2690 1792 3006 1848; x_wconf 79' lang='lat' dir='ltr'><strong><em>Wormatize</em></strong></span> <span class='ocrx_word' id='word_1_496' title='bbox 3063 1793 3377 1849; x_wconf 87' lang='lat' dir='ltr'><strong><em>celebravit.</em></strong></span> 
     </span>
    </p>
   </div>
   <div class='ocr_carea' id='block_1_73' title="bbox 1806 1878 3379 1955">
    <p class='ocr_par' dir='ltr' id='par_1_73' title="bbox 1806 1878 3379 1955">
     <span class='ocr_line' id='line_1_73' title="bbox 1806 1878 3379 1955; baseline 0.004 -23"><span class='ocrx_word' id='word_1_497' title='bbox 1806 1878 2007 1933; x_wconf 89' lang='lat' dir='ltr'><strong><em>Dehinc</em></strong></span> <span class='ocrx_word' id='word_1_498' title='bbox 2053 1878 2279 1935; x_wconf 84' lang='lat' dir='ltr'><strong><em>collecto</em></strong></span> <span class='ocrx_word' id='word_1_499' title='bbox 2344 1882 2584 1952; x_wconf 88' lang='lat' dir='ltr'><strong><em>undique</em></strong></span> <span class='ocrx_word' id='word_1_500' title='bbox 2631 1898 3098 1953; x_wconf 85' lang='lat' dir='ltr'><strong><em>quorumcumque</em></strong></span> <span class='ocrx_word' id='word_1_501' title='bbox 3160 1892 3379 1955; x_wconf 84' lang='lat' dir='ltr'><strong><em>poterat</em></strong></span> 
     </span>
    </p>
   </div>
   <div class='ocr_carea' id='block_1_74' title="bbox 1804 1970 3384 2039">
    <p class='ocr_par' dir='ltr' id='par_1_74' title="bbox 1804 1970 3384 2039">
     <span class='ocr_line' id='line_1_74' title="bbox 1804 1970 3384 2039; baseline 0.003 -16"><span class='ocrx_word' id='word_1_502' title='bbox 1804 1970 2026 2036; x_wconf 87' lang='lat' dir='ltr'><strong><em>auxilio,</em></strong></span> <span class='ocrx_word' id='word_1_503' title='bbox 2054 1971 2107 2025; x_wconf 91' lang='lat' dir='ltr'><strong><em>in</em></strong></span> <span class='ocrx_word' id='word_1_504' title='bbox 2138 1970 2511 2039; x_wconf 87' lang='lat' dir='ltr'><strong><em>puriﬁcatione</em></strong></span> <span class='ocrx_word' id='word_1_505' title='bbox 2532 1981 2735 2027; x_wconf 82' lang='lat' dir='ltr'><strong><em>sanctae</em></strong></span> <span class='ocrx_word' id='word_1_506' title='bbox 2762 1972 2945 2028; x_wconf 70' lang='lat' dir='ltr'><strong><em>Maria:</em></strong></span> <span class='ocrx_word' id='word_1_507' title='bbox 2980 1972 3223 2027; x_wconf 82' lang='lat' dir='ltr'><strong><em>Saxones</em></strong></span> <span class='ocrx_word' id='word_1_508' title='bbox 3248 1972 3384 2027; x_wconf 85' lang='lat' dir='ltr'><strong><em>adiit</em></strong></span> 
     </span>
    </p>
   </div>
   <div class='ocr_carea' id='block_1_75' title="bbox 1803 2059 3382 2130">
    <p class='ocr_par' dir='ltr' id='par_1_75' title="bbox 1803 2059 3382 2130">
     <span class='ocr_line' id='line_1_75' title="bbox 1803 2059 3382 2130; baseline 0.001 -17"><span class='ocrx_word' id='word_1_509' title='bbox 1803 2059 1870 2114; x_wconf 90' lang='lat' dir='ltr'><strong><em>de</em></strong></span> <span class='ocrx_word' id='word_1_510' title='bbox 1901 2071 2135 2130; x_wconf 91' lang='lat' dir='ltr'><strong><em>repente.</em></strong></span> <span class='ocrx_word' id='word_1_511' title='bbox 2167 2060 2267 2127; x_wconf 83' lang='lat' dir='ltr'><strong><em>Qui</em></strong></span> <span class='ocrx_word' id='word_1_512' title='bbox 2295 2061 2401 2115; x_wconf 88' lang='lat' dir='ltr'><strong><em>vim</em></strong></span> <span class='ocrx_word' id='word_1_513' title='bbox 2429 2061 2551 2116; x_wconf 91' lang='lat' dir='ltr'><strong><em>belli</em></strong></span> <span class='ocrx_word' id='word_1_514' title='bbox 2583 2069 2904 2126; x_wconf 77' lang='lat' dir='ltr'><strong><em>metuentes,</em></strong></span> <span class='ocrx_word' id='word_1_515' title='bbox 2938 2063 3005 2117; x_wconf 88' lang='lat' dir='ltr'><strong><em>ad</em></strong></span> <span class='ocrx_word' id='word_1_516' title='bbox 3050 2062 3382 2117; x_wconf 89' lang='lat' dir='ltr'><strong><em>deditionem</em></strong></span> 
     </span>
    </p>
   </div>
   <div class='ocr_carea' id='block_1_76' title="bbox 1803 2150 3380 2222">
    <p class='ocr_par' dir='ltr' id='par_1_76' title="bbox 1803 2150 3380 2222">
     <span class='ocr_line' id='line_1_76' title="bbox 1803 2150 3380 2222; baseline -0.001 -15"><span class='ocrx_word' id='word_1_517' title='bbox 1803 2167 1870 2207; x_wconf 90' lang='lat' dir='ltr'><strong><em>eo</em></strong></span> <span class='ocrx_word' id='word_1_518' title='bbox 1892 2161 2051 2222; x_wconf 89' lang='lat' dir='ltr'><strong><em>pacto</em></strong></span> <span class='ocrx_word' id='word_1_519' title='bbox 2077 2159 2366 2216; x_wconf 85' lang='lat' dir='ltr'><strong><em>venerunt,</em></strong></span> <span class='ocrx_word' id='word_1_520' title='bbox 2413 2160 2472 2204; x_wconf 86' lang='lat' dir='ltr'><strong><em>ut</em></strong></span> <span class='ocrx_word' id='word_1_521' title='bbox 2511 2153 2828 2206; x_wconf 88' lang='lat' dir='ltr'><strong><em>munitiones</em></strong></span> <span class='ocrx_word' id='word_1_522' title='bbox 2851 2152 3118 2221; x_wconf 70' lang='lat' dir='ltr'><strong><em>pra-dictis</em></strong></span> <span class='ocrx_word' id='word_1_523' title='bbox 3142 2150 3380 2206; x_wconf 82' lang='lat' dir='ltr'><strong><em>destrue-</em></strong></span> 
     </span>
    </p>
   </div>
   <div class='ocr_carea' id='block_1_77' title="bbox 1803 2243 3381 2314">
    <p class='ocr_par' dir='ltr' id='par_1_77' title="bbox 1803 2243 3381 2314">
     <span class='ocr_line' id='line_1_77' title="bbox 1803 2243 3381 2314; baseline 0.001 -19"><span class='ocrx_word' id='word_1_524' title='bbox 1803 2254 2006 2308; x_wconf 79' lang='lat' dir='ltr'><strong><em>rcntur,</em></strong></span> <span class='ocrx_word' id='word_1_525' title='bbox 2052 2254 2263 2312; x_wconf 84' lang='lat' dir='ltr'><strong><em>propter</em></strong></span> <span class='ocrx_word' id='word_1_526' title='bbox 2284 2258 2417 2312; x_wconf 81' lang='lat' dir='ltr'><strong><em>quas</em></strong></span> <span class='ocrx_word' id='word_1_527' title='bbox 2457 2243 2645 2296; x_wconf 81' lang='lat' dir='ltr'><strong><em>seditio</em></strong></span> <span class='ocrx_word' id='word_1_528' title='bbox 2671 2253 2789 2297; x_wconf 89' lang='lat' dir='ltr'><strong><em>orta</em></strong></span> <span class='ocrx_word' id='word_1_529' title='bbox 2829 2252 2940 2309; x_wconf 88' lang='lat' dir='ltr'><strong><em>est;</em></strong></span> <span class='ocrx_word' id='word_1_530' title='bbox 2967 2243 3106 2314; x_wconf 90' lang='lat' dir='ltr'><strong><em>quod</em></strong></span> <span class='ocrx_word' id='word_1_531' title='bbox 3140 2244 3381 2313; x_wconf 80' lang='lat' dir='ltr'><strong><em>deinceps</em></strong></span> 
     </span>
    </p>
   </div>
   <div class='ocr_carea' id='block_1_78' title="bbox 1802 2329 3382 2402">
    <p class='ocr_par' dir='ltr' id='par_1_78' title="bbox 1802 2329 3382 2402">
     <span class='ocr_line' id='line_1_78' title="bbox 1802 2329 3382 2402; baseline 0.001 -17"><span class='ocrx_word' id='word_1_532' title='bbox 1802 2341 2069 2401; x_wconf 89' lang='lat' dir='ltr'><strong><em>peractum</em></strong></span> <span class='ocrx_word' id='word_1_533' title='bbox 2110 2339 2210 2384; x_wconf 84' lang='lat' dir='ltr'><strong><em>est.</em></strong></span> <span class='ocrx_word' id='word_1_534' title='bbox 2253 2329 2347 2386; x_wconf 88' lang='lat' dir='ltr'><strong><em>Sic</em></strong></span> <span class='ocrx_word' id='word_1_535' title='bbox 2393 2331 2709 2387; x_wconf 86' lang='lat' dir='ltr'><strong><em>absentibus</em></strong></span> <span class='ocrx_word' id='word_1_536' title='bbox 2749 2332 2976 2388; x_wconf 87' lang='lat' dir='ltr'><strong><em>ducibus</em></strong></span> <span class='ocrx_word' id='word_1_537' title='bbox 3009 2332 3284 2402; x_wconf 56' lang='lat' dir='ltr'><strong><em>praedictis</em></strong></span> <span class='ocrx_word' id='word_1_538' title='bbox 3325 2340 3382 2387; x_wconf 89' lang='lat' dir='ltr'><strong><em>et</em></strong></span> 
     </span>
    </p>
   </div>
   <div class='ocr_carea' id='block_1_79' title="bbox 1805 2421 3384 2492">
    <p class='ocr_par' dir='ltr' id='par_1_79' title="bbox 1805 2421 3384 2492">
     <span class='ocr_line' id='line_1_79' title="bbox 1805 2421 3384 2492; baseline 0.003 -15"><span class='ocrx_word' id='word_1_539' title='bbox 1805 2421 2013 2477; x_wconf 58' lang='lat' dir='ltr'><strong><em>exteris</em></strong></span> <span class='ocrx_word' id='word_1_540' title='bbox 2033 2421 2182 2489; x_wconf 81' lang='lat' dir='ltr'><strong><em>regni</em></strong></span> <span class='ocrx_word' id='word_1_541' title='bbox 2213 2421 2551 2492; x_wconf 87' lang='lat' dir='ltr'><strong><em>primatibus,</em></strong></span> <span class='ocrx_word' id='word_1_542' title='bbox 2570 2424 2949 2481; x_wconf 89' lang='lat' dir='ltr'><strong><em>reconciliatus</em></strong></span> <span class='ocrx_word' id='word_1_543' title='bbox 2967 2434 3051 2481; x_wconf 90' lang='lat' dir='ltr'><strong><em>est</em></strong></span> <span class='ocrx_word' id='word_1_544' title='bbox 3088 2440 3180 2481; x_wconf 81' lang='lat' dir='ltr'><strong><em>rex</em></strong></span> <span class='ocrx_word' id='word_1_545' title='bbox 3208 2426 3384 2481; x_wconf 64' lang='lat' dir='ltr'><strong><em>Saxo-</em></strong></span> 
     </span>
    </p>
   </div>
   <div class='ocr_carea' id='block_1_80' title="bbox 1804 2512 3379 2586">
    <p class='ocr_par' dir='ltr' id='par_1_80' title="bbox 1804 2512 3379 2586">
     <span class='ocr_line' id='line_1_80' title="bbox 1804 2512 3379 2586; baseline 0.002 -20"><span class='ocrx_word' id='word_1_546' title='bbox 1804 2512 1962 2567; x_wconf 88' lang='lat' dir='ltr'><strong><em>nibus</em></strong></span> <span class='ocrx_word' id='word_1_547' title='bbox 2007 2512 2361 2577; x_wconf 83' lang='lat' dir='ltr'><strong><em>simulatorie,</em></strong></span> <span class='ocrx_word' id='word_1_548' title='bbox 2389 2522 2445 2567; x_wconf 90' lang='lat' dir='ltr'><strong><em>et</em></strong></span> <span class='ocrx_word' id='word_1_549' title='bbox 2492 2528 2615 2568; x_wconf 90' lang='lat' dir='ltr'><strong><em>cum</em></strong></span> <span class='ocrx_word' id='word_1_550' title='bbox 2667 2514 2746 2571; x_wconf 88' lang='lat' dir='ltr'><strong><em>eis</em></strong></span> <span class='ocrx_word' id='word_1_551' title='bbox 2768 2514 2836 2569; x_wconf 91' lang='lat' dir='ltr'><strong><em>ad</em></strong></span> <span class='ocrx_word' id='word_1_552' title='bbox 2864 2530 3036 2586; x_wconf 90' lang='lat' dir='ltr'><strong><em>usque</em></strong></span> <span class='ocrx_word' id='word_1_553' title='bbox 3076 2515 3379 2571; x_wconf 84' lang='lat' dir='ltr'><strong><em>Goslariam</em></strong></span> 
     </span>
    </p>
   </div>
   <div class='ocr_carea' id='block_1_81' title="bbox 1804 2603 3381 2672">
    <p class='ocr_par' dir='ltr' id='par_1_81' title="bbox 1804 2603 3381 2672">
     <span class='ocr_line' id='line_1_81' title="bbox 1804 2603 3381 2672; baseline 0.002 -16"><span class='ocrx_word' id='word_1_554' title='bbox 1804 2603 2068 2672; x_wconf 84' lang='lat' dir='ltr'><strong><em>pervenit,</em></strong></span> <span class='ocrx_word' id='word_1_555' title='bbox 2089 2618 2195 2656; x_wconf 88' lang='lat' dir='ltr'><strong><em>non</em></strong></span> <span class='ocrx_word' id='word_1_556' title='bbox 2230 2603 2453 2657; x_wconf 89' lang='lat' dir='ltr'><strong><em>multum</em></strong></span> <span class='ocrx_word' id='word_1_557' title='bbox 2482 2611 2662 2658; x_wconf 89' lang='lat' dir='ltr'><strong><em>tamen</em></strong></span> <span class='ocrx_word' id='word_1_558' title='bbox 2689 2604 2968 2659; x_wconf 89' lang='lat' dir='ltr'><strong><em>conﬁdens</em></strong></span> <span class='ocrx_word' id='word_1_559' title='bbox 2998 2606 3048 2659; x_wconf 90' lang='lat' dir='ltr'><strong><em>in</em></strong></span> <span class='ocrx_word' id='word_1_560' title='bbox 3079 2606 3202 2661; x_wconf 91' lang='lat' dir='ltr'><strong><em>illis.</em></strong></span> <span class='ocrx_word' id='word_1_561' title='bbox 3232 2605 3381 2659; x_wconf 78' lang='lat' dir='ltr'><strong><em>[lou-</em></strong></span> 
     </span>
    </p>
   </div>
   <div class='ocr_carea' id='block_1_82' title="bbox 1805 2691 3356 2765">
    <p class='ocr_par' dir='ltr' id='par_1_82' title="bbox 1805 2691 3356 2765">
     <span class='ocr_line' id='line_1_82' title="bbox 1805 2691 3356 2765; baseline 0.003 -20"><span class='ocrx_word' id='word_1_562' title='bbox 1805 2692 1983 2762; x_wconf 78' lang='lat' dir='ltr'><strong><em>dolfus</em></strong></span> <span class='ocrx_word' id='word_1_563' title='bbox 2006 2691 2119 2746; x_wconf 74' lang='lat' dir='ltr'><strong><em>dux</em></strong></span> <span class='ocrx_word' id='word_1_564' title='bbox 2141 2701 2188 2745; x_wconf 89' lang='lat' dir='ltr'><strong><em>et</em></strong></span> <span class='ocrx_word' id='word_1_565' title='bbox 2216 2693 2392 2747; x_wconf 72' lang='lat' dir='ltr'><strong><em>sceleri</em></strong></span> <span class='ocrx_word' id='word_1_566' title='bbox 2446 2692 2676 2748; x_wconf 85' lang='lat' dir='ltr'><strong><em>rebelles</em></strong></span> <span class='ocrx_word' id='word_1_567' title='bbox 2706 2694 3114 2748; x_wconf 78' lang='lat' dir='ltr'><strong><em>reconciliantur</em></strong></span> <span class='ocrx_word' id='word_1_568' title='bbox 3138 2696 3266 2765; x_wconf 88' lang='lat' dir='ltr'><strong><em>regi.</em></strong></span> <span class='ocrx_word' id='word_1_569' title='bbox 3333 2720 3356 2735; x_wconf 77' lang='grc' dir='ltr'><strong><em>ο</em></strong></span> 
     </span>
    </p>
   </div>
   <div class='ocr_carea' id='block_1_83' title="bbox 1874 2766 3382 2856">
    <p class='ocr_par' dir='ltr' id='par_1_83' title="bbox 1874 2766 3382 2856">
     <span class='ocr_line' id='line_1_83' title="bbox 1874 2766 3382 2856; baseline 0.003 -19"><span class='ocrx_word' id='word_1_570' title='bbox 1874 2766 1931 2838; x_wconf 81' lang='lat' dir='ltr'><strong><em>in</em></strong></span> <span class='ocrx_word' id='word_1_571' title='bbox 1979 2784 2083 2838; x_wconf 89' lang='lat' dir='ltr'><strong><em>hac</em></strong></span> <span class='ocrx_word' id='word_1_572' title='bbox 2126 2783 2534 2854; x_wconf 87' lang='lat' dir='ltr'><strong><em>quadragesima</em></strong></span> <span class='ocrx_word' id='word_1_573' title='bbox 2566 2783 2881 2853; x_wconf 84' lang='lat' dir='ltr'><strong><em>imperatrix</em></strong></span> <span class='ocrx_word' id='word_1_574' title='bbox 2906 2783 2977 2817; x_wconf 73' lang='grc'><strong><em>³⁸⁸</em></strong></span> <span class='ocrx_word' id='word_1_575' title='bbox 3002 2791 3057 2839; x_wconf 90' lang='lat' dir='ltr'><strong><em>et</em></strong></span> <span class='ocrx_word' id='word_1_576' title='bbox 3108 2784 3216 2841; x_wconf 90' lang='lat' dir='ltr'><strong><em>duo</em></strong></span> <span class='ocrx_word' id='word_1_577' title='bbox 3261 2785 3382 2856; x_wconf 80' lang='lat' dir='ltr'><strong><em>epi-</em></strong></span> 
     </span>
    </p>
   </div>
   <div class='ocr_carea' id='block_1_84' title="bbox 1806 2873 3379 2943">
    <p class='ocr_par' dir='ltr' id='par_1_84' title="bbox 1806 2873 3379 2943">
     <span class='ocr_line' id='line_1_84' title="bbox 1806 2873 3379 2943; baseline 0.001 -14"><span class='ocrx_word' id='word_1_578' title='bbox 1806 2874 1953 2942; x_wconf 88' lang='lat' dir='ltr'><strong><em>scopi</em></strong></span> <span class='ocrx_word' id='word_1_579' title='bbox 2002 2873 2140 2927; x_wconf 85' lang='lat' dir='ltr'><strong><em>sedis</em></strong></span> <span class='ocrx_word' id='word_1_580' title='bbox 2187 2873 2489 2942; x_wconf 77' lang='lat' dir='ltr'><strong><em>apostalica:</em></strong></span> <span class='ocrx_word' id='word_1_581' title='bbox 2540 2875 2697 2943; x_wconf 84' lang='lat' dir='ltr'><strong><em>legati</em></strong></span> <span class='ocrx_word' id='word_1_582' title='bbox 2746 2889 2870 2929; x_wconf 87' lang='lat' dir='ltr'><strong><em>cum</em></strong></span> <span class='ocrx_word' id='word_1_583' title='bbox 2917 2888 2979 2928; x_wconf 88' lang='lat' dir='ltr'><strong><em>ea</em></strong></span> <span class='ocrx_word' id='word_1_584' title='bbox 3019 2875 3085 2929; x_wconf 87' lang='lat' dir='ltr'><strong><em>de</em></strong></span> <span class='ocrx_word' id='word_1_585' title='bbox 3113 2875 3282 2930; x_wconf 79' lang='lat' dir='ltr'><strong><em>Roma</em></strong></span> <span class='ocrx_word' id='word_1_586' title='bbox 3311 2876 3379 2930; x_wconf 84' lang='lat' dir='ltr'><strong><em>ad</em></strong></span> 
     </span>
    </p>
   </div>
   <div class='ocr_carea' id='block_1_85' title="bbox 1808 2962 3385 3034">
    <p class='ocr_par' dir='ltr' id='par_1_85' title="bbox 1808 2962 3385 3034">
     <span class='ocr_line' id='line_1_85' title="bbox 1808 2962 3385 3034; baseline 0 -15"><span class='ocrx_word' id='word_1_587' title='bbox 1808 2964 2126 3019; x_wconf 73' lang='lat' dir='ltr'><strong><em>l’horzheim</em></strong></span> <span class='ocrx_word' id='word_1_588' title='bbox 2149 2964 2205 3018; x_wconf 90' lang='lat' dir='ltr'><strong><em>in</em></strong></span> <span class='ocrx_word' id='word_1_589' title='bbox 2234 2962 2598 3018; x_wconf 79' lang='lat' dir='ltr'><strong><em>Alemanniam</em></strong></span> <span class='ocrx_word' id='word_1_590' title='bbox 2619 2964 2688 3017; x_wconf 89' lang='lat' dir='ltr'><strong><em>ad</em></strong></span> <span class='ocrx_word' id='word_1_591' title='bbox 2712 2979 2877 3034; x_wconf 84' lang='lat' dir='ltr'><strong><em>regem</em></strong></span> <span class='ocrx_word' id='word_1_592' title='bbox 2900 2980 3079 3019; x_wconf 81' lang='lat' dir='ltr'><strong><em>venere</em></strong></span> <span class='ocrx_word' id='word_1_593' title='bbox 3103 2980 3197 3033; x_wconf 87' lang='lat' dir='ltr'><strong><em>pro</em></strong></span> <span class='ocrx_word' id='word_1_594' title='bbox 3220 2966 3385 3034; x_wconf 89' lang='lat' dir='ltr'><strong><em>ipsius</em></strong></span> 
     </span>
    </p>
   </div>
   <div class='ocr_carea' id='block_1_86' title="bbox 1806 3051 3384 3126">
    <p class='ocr_par' dir='ltr' id='par_1_86' title="bbox 1806 3051 3384 3126">
     <span class='ocr_line' id='line_1_86' title="bbox 1806 3051 3384 3126; baseline -0.001 -17"><span class='ocrx_word' id='word_1_595' title='bbox 1806 3060 1939 3126; x_wconf 80' lang='lat' dir='ltr'><strong><em>regis</em></strong></span> <span class='ocrx_word' id='word_1_596' title='bbox 1965 3053 2195 3109; x_wconf 88' lang='lat' dir='ltr'><strong><em>tnoribus</em></strong></span> <span class='ocrx_word' id='word_1_597' title='bbox 2241 3054 2583 3122; x_wconf 84' lang='lat' dir='ltr'><strong><em>corrigendis.</em></strong></span> <span class='ocrx_word' id='word_1_598' title='bbox 2623 3051 2739 3108; x_wconf 82' lang='lat' dir='ltr'><strong><em>Rex</em></strong></span> <span class='ocrx_word' id='word_1_599' title='bbox 2798 3052 2999 3109; x_wconf 86' lang='lat' dir='ltr'><strong><em>Pascha</em></strong></span> <span class='ocrx_word' id='word_1_600' title='bbox 3025 3054 3164 3123; x_wconf 89' lang='lat' dir='ltr'><strong><em>apud</em></strong></span> <span class='ocrx_word' id='word_1_601' title='bbox 3193 3052 3384 3108; x_wconf 69' lang='lat' dir='ltr'><strong><em>[labin-</em></strong></span> 
     </span>
    </p>
   </div>
   <div class='ocr_carea' id='block_1_87' title="bbox 1803 3144 3384 3219">
    <p class='ocr_par' dir='ltr' id='par_1_87' title="bbox 1803 3144 3384 3219">
     <span class='ocr_line' id='line_1_87' title="bbox 1803 3144 3384 3219; baseline 0 -18"><span class='ocrx_word' id='word_1_602' title='bbox 1803 3148 1935 3219; x_wconf 89' lang='lat' dir='ltr'><strong><em>berg</em></strong></span> <span class='ocrx_word' id='word_1_603' title='bbox 1963 3146 2091 3216; x_wconf 88' lang='lat' dir='ltr'><strong><em>egit.</em></strong></span> <span class='ocrx_word' id='word_1_604' title='bbox 2117 3144 2244 3200; x_wconf 85' lang='lat' dir='ltr'><strong><em>Inde</em></strong></span> <span class='ocrx_word' id='word_1_605' title='bbox 2288 3146 2355 3201; x_wconf 87' lang='lat' dir='ltr'><strong><em>ad</em></strong></span> <span class='ocrx_word' id='word_1_606' title='bbox 2385 3144 2723 3216; x_wconf 83' lang='lat' dir='ltr'><strong><em>Nuorinbcrg</em></strong></span> <span class='ocrx_word' id='word_1_607' title='bbox 2748 3146 2816 3200; x_wconf 88' lang='lat' dir='ltr'><strong><em>ad</em></strong></span> <span class='ocrx_word' id='word_1_608' title='bbox 2851 3154 3078 3200; x_wconf 89' lang='lat' dir='ltr'><strong><em>matrem</em></strong></span> <span class='ocrx_word' id='word_1_609' title='bbox 3105 3153 3160 3201; x_wconf 90' lang='lat' dir='ltr'><strong><em>et</em></strong></span> <span class='ocrx_word' id='word_1_610' title='bbox 3188 3146 3254 3200; x_wconf 89' lang='lat' dir='ltr'><strong><em>ad</em></strong></span> <span class='ocrx_word' id='word_1_611' title='bbox 3280 3160 3384 3201; x_wconf 75' lang='lat' dir='ltr'><strong><em>ca:-</em></strong></span> 
     </span>
    </p>
   </div>
   <div class='ocr_carea' id='block_1_88' title="bbox 1805 3233 3384 3305">
    <p class='ocr_par' dir='ltr' id='par_1_88' title="bbox 1805 3233 3384 3305">
     <span class='ocr_line' id='line_1_88' title="bbox 1805 3233 3384 3305; baseline -0.003 -13"><span class='ocrx_word' id='word_1_612' title='bbox 1805 3247 1949 3292; x_wconf 92' lang='lat' dir='ltr'><strong><em>teros</em></strong></span> <span class='ocrx_word' id='word_1_613' title='bbox 1982 3235 2289 3305; x_wconf 76' lang='lat' dir='ltr'><strong><em>apostolica:</em></strong></span> <span class='ocrx_word' id='word_1_614' title='bbox 2334 3234 2481 3291; x_wconf 79' lang='lat' dir='ltr'><strong><em>sedis</em></strong></span> <span class='ocrx_word' id='word_1_615' title='bbox 2529 3234 2735 3305; x_wconf 78' lang='lat' dir='ltr'><strong><em>legatos</em></strong></span> <span class='ocrx_word' id='word_1_616' title='bbox 2759 3233 3109 3303; x_wconf 77' lang='lat' dir='ltr'><strong><em>perveniens,</em></strong></span> <span class='ocrx_word' id='word_1_617' title='bbox 3149 3248 3299 3290; x_wconf 88' lang='lat' dir='ltr'><strong><em>reum</em></strong></span> <span class='ocrx_word' id='word_1_618' title='bbox 3326 3235 3384 3288; x_wconf 85' lang='lat' dir='ltr'><strong><em>in</em></strong></span> 
     </span>
    </p>
   </div>
   <div class='ocr_carea' id='block_1_89' title="bbox 1802 3325 3384 3396">
    <p class='ocr_par' dir='ltr' id='par_1_89' title="bbox 1802 3325 3384 3396">
     <span class='ocr_line' id='line_1_89' title="bbox 1802 3325 3384 3396; baseline -0.001 -14"><span class='ocrx_word' id='word_1_619' title='bbox 1802 3343 1982 3382; x_wconf 89' lang='lat' dir='ltr'><strong><em>eorum</em></strong></span> <span class='ocrx_word' id='word_1_620' title='bbox 2009 3342 2196 3381; x_wconf 86' lang='lat' dir='ltr'><strong><em>manus</em></strong></span> <span class='ocrx_word' id='word_1_621' title='bbox 2223 3342 2301 3391; x_wconf 88' lang='lat' dir='ltr'><strong><em>se,</em></strong></span> <span class='ocrx_word' id='word_1_622' title='bbox 2327 3325 2684 3395; x_wconf 64' lang='lat' dir='ltr'><strong><em>praesentibus</em></strong></span> <span class='ocrx_word' id='word_1_623' title='bbox 2706 3325 2973 3396; x_wconf 80' lang='lat' dir='ltr'><strong><em>episcopis</em></strong></span> <span class='ocrx_word' id='word_1_624' title='bbox 3002 3325 3307 3394; x_wconf 79' lang='lat' dir='ltr'><strong><em>Mogontino</em></strong></span> <span class='ocrx_word' id='word_1_625' title='bbox 3327 3333 3384 3380; x_wconf 89' lang='lat' dir='ltr'><strong><em>et</em></strong></span> 
     </span>
    </p>
   </div>
   <div class='ocr_carea' id='block_1_90' title="bbox 1802 3414 3384 3483">
    <p class='ocr_par' dir='ltr' id='par_1_90' title="bbox 1802 3414 3384 3483">
     <span class='ocr_line' id='line_1_90' title="bbox 1802 3414 3384 3483; baseline -0.002 -12"><span class='ocrx_word' id='word_1_626' title='bbox 1802 3415 2081 3472; x_wconf 87' lang='lat' dir='ltr'><strong><em>Bremensi</em></strong></span> <span class='ocrx_word' id='word_1_627' title='bbox 2131 3429 2255 3470; x_wconf 88' lang='lat' dir='ltr'><strong><em>cum</em></strong></span> <span class='ocrx_word' id='word_1_628' title='bbox 2295 3414 2418 3470; x_wconf 85' lang='lat' dir='ltr'><strong><em>aliis</em></strong></span> <span class='ocrx_word' id='word_1_629' title='bbox 2473 3414 2680 3481; x_wconf 85' lang='lat' dir='ltr'><strong><em>multis,</em></strong></span> <span class='ocrx_word' id='word_1_630' title='bbox 2719 3416 2816 3468; x_wconf 85' lang='lat' dir='ltr'><strong><em>sub</em></strong></span> <span class='ocrx_word' id='word_1_631' title='bbox 2846 3414 3182 3469; x_wconf 87' lang='lat' dir='ltr'><strong><em>correctionis</em></strong></span> <span class='ocrx_word' id='word_1_632' title='bbox 3227 3429 3384 3483; x_wconf 85' lang='lat' dir='ltr'><strong><em>span-</em></strong></span> 
     </span>
    </p>
   </div>
   <div class='ocr_carea' id='block_1_91' title="bbox 1803 3507 3381 3579">
    <p class='ocr_par' dir='ltr' id='par_1_91' title="bbox 1803 3507 3381 3579">
     <span class='ocr_line' id='line_1_91' title="bbox 1803 3507 3381 3579; baseline -0.001 -15"><span class='ocrx_word' id='word_1_633' title='bbox 1803 3511 1949 3564; x_wconf 86' lang='lat' dir='ltr'><strong><em>sione</em></strong></span> <span class='ocrx_word' id='word_1_634' title='bbox 1970 3507 2247 3571; x_wconf 87' lang='lat' dir='ltr'><strong><em>commisit,</em></strong></span> <span class='ocrx_word' id='word_1_635' title='bbox 2287 3523 2542 3578; x_wconf 76' lang='lat' dir='ltr'><strong><em>suumque</em></strong></span> <span class='ocrx_word' id='word_1_636' title='bbox 2566 3508 2822 3563; x_wconf 73' lang='lat' dir='ltr'><strong><em>auxilium</em></strong></span> <span class='ocrx_word' id='word_1_637' title='bbox 2870 3509 3063 3563; x_wconf 91' lang='lat' dir='ltr'><strong><em>domno</em></strong></span> <span class='ocrx_word' id='word_1_638' title='bbox 3097 3510 3381 3579; x_wconf 86' lang='lat' dir='ltr'><strong><em>apostolico</em></strong></span> 
     </span>
    </p>
   </div>
   <div class='ocr_carea' id='block_1_92' title="bbox 1804 3595 3383 3668">
    <p class='ocr_par' dir='ltr' id='par_1_92' title="bbox 1804 3595 3383 3668">
     <span class='ocr_line' id='line_1_92' title="bbox 1804 3595 3383 3668; baseline -0.001 -16"><span class='ocrx_word' id='word_1_639' title='bbox 1804 3599 1874 3652; x_wconf 85' lang='lat' dir='ltr'><strong><em>ad</em></strong></span> <span class='ocrx_word' id='word_1_640' title='bbox 1906 3596 2235 3665; x_wconf 84' lang='lat' dir='ltr'><strong><em>deponendos</em></strong></span> <span class='ocrx_word' id='word_1_641' title='bbox 2272 3595 2610 3667; x_wconf 85' lang='lat' dir='ltr'><strong><em>Symoniacos</em></strong></span> <span class='ocrx_word' id='word_1_642' title='bbox 2635 3598 2933 3667; x_wconf 83' lang='lat' dir='ltr'><strong><em>ﬁrmissime</em></strong></span> <span class='ocrx_word' id='word_1_643' title='bbox 2961 3598 3219 3668; x_wconf 83' lang='lat' dir='ltr'><strong><em>promisit.</em></strong></span> <span class='ocrx_word' id='word_1_644' title='bbox 3271 3598 3383 3665; x_wconf 87' lang='lat' dir='ltr'><strong><em>Ipsi</em></strong></span> 
     </span>
    </p>
   </div>
   <div class='ocr_carea' id='block_1_93' title="bbox 1803 3684 3382 3756">
    <p class='ocr_par' dir='ltr' id='par_1_93' title="bbox 1803 3684 3382 3756">
     <span class='ocr_line' id='line_1_93' title="bbox 1803 3684 3382 3756; baseline -0.001 -15"><span class='ocrx_word' id='word_1_645' title='bbox 1803 3688 1959 3742; x_wconf 89' lang='lat' dir='ltr'><strong><em>etiam</em></strong></span> <span class='ocrx_word' id='word_1_646' title='bbox 1985 3686 2119 3754; x_wconf 85' lang='lat' dir='ltr'><strong><em>regis</em></strong></span> <span class='ocrx_word' id='word_1_647' title='bbox 2147 3684 2436 3740; x_wconf 86' lang='lat' dir='ltr'><strong><em>consiliarii</em></strong></span> <span class='ocrx_word' id='word_1_648' title='bbox 2480 3703 2655 3741; x_wconf 89' lang='lat' dir='ltr'><strong><em>omnes</em></strong></span> <span class='ocrx_word' id='word_1_649' title='bbox 2678 3702 2759 3741; x_wconf 86' lang='lat' dir='ltr'><strong><em>res</em></strong></span> <span class='ocrx_word' id='word_1_650' title='bbox 2800 3686 3156 3741; x_wconf 71' lang='lat' dir='ltr'><strong><em>(ecclesiarum</em></strong></span> <span class='ocrx_word' id='word_1_651' title='bbox 3189 3687 3382 3756; x_wconf 86' lang='lat' dir='ltr'><strong><em>injuste</em></strong></span> 
     </span>
    </p>
   </div>
   <div class='ocr_carea' id='block_1_94' title="bbox 1805 3775 3382 3849">
    <p class='ocr_par' dir='ltr' id='par_1_94' title="bbox 1805 3775 3382 3849">
     <span class='ocr_line' id='line_1_94' title="bbox 1805 3775 3382 3849; baseline 0.001 -19"><span class='ocrx_word' id='word_1_652' title='bbox 1805 3778 2089 3847; x_wconf 83' lang='lat' dir='ltr'><strong><em>acquisitas</em></strong></span> <span class='ocrx_word' id='word_1_653' title='bbox 2114 3793 2169 3830; x_wconf 88' lang='lat' dir='ltr'><strong><em>se</em></strong></span> <span class='ocrx_word' id='word_1_654' title='bbox 2197 3775 2492 3831; x_wconf 88' lang='lat' dir='ltr'><strong><em>reddituros</em></strong></span> <span class='ocrx_word' id='word_1_655' title='bbox 2529 3794 2705 3831; x_wconf 89' lang='lat' dir='ltr'><strong><em>coram</em></strong></span> <span class='ocrx_word' id='word_1_656' title='bbox 2742 3778 2936 3832; x_wconf 83' lang='lat' dir='ltr'><strong><em>eisdem</em></strong></span> <span class='ocrx_word' id='word_1_657' title='bbox 2963 3779 3145 3849; x_wconf 85' lang='lat' dir='ltr'><strong><em>legatis</em></strong></span> <span class='ocrx_word' id='word_1_658' title='bbox 3167 3780 3262 3833; x_wconf 85' lang='lat' dir='ltr'><strong><em>sub</em></strong></span> <span class='ocrx_word' id='word_1_659' title='bbox 3289 3796 3382 3831; x_wconf 88' lang='lat' dir='ltr'><strong><em>sa-</em></strong></span> 
     </span>
    </p>
   </div>
   <div class='ocr_carea' id='block_1_95' title="bbox 1805 3868 3381 3939">
    <p class='ocr_par' dir='ltr' id='par_1_95' title="bbox 1805 3868 3381 3939">
     <span class='ocr_line' id='line_1_95' title="bbox 1805 3868 3381 3939; baseline 0.001 -18"><span class='ocrx_word' id='word_1_660' title='bbox 1805 3877 2069 3923; x_wconf 88' lang='lat' dir='ltr'><strong><em>cratnento</em></strong></span> <span class='ocrx_word' id='word_1_661' title='bbox 2114 3868 2427 3938; x_wconf 84' lang='lat' dir='ltr'><strong><em>promisere,</em></strong></span> <span class='ocrx_word' id='word_1_662' title='bbox 2478 3870 2666 3939; x_wconf 88' lang='lat' dir='ltr'><strong><em>quippe</em></strong></span> <span class='ocrx_word' id='word_1_663' title='bbox 2710 3869 2801 3939; x_wconf 86' lang='lat' dir='ltr'><strong><em>qui</em></strong></span> <span class='ocrx_word' id='word_1_664' title='bbox 2838 3885 2928 3923; x_wconf 89' lang='lat' dir='ltr'><strong><em>eas</em></strong></span> <span class='ocrx_word' id='word_1_665' title='bbox 2978 3887 3010 3922; x_wconf 94' lang='lat' dir='ltr'><strong><em>a</em></strong></span> <span class='ocrx_word' id='word_1_666' title='bbox 3050 3868 3381 3938; x_wconf 79' lang='lat' dir='ltr'><strong><em>ngoniacis</em></strong></span> 
     </span>
    </p>
   </div>
   <div class='ocr_carea' id='block_1_96' title="bbox 1806 3959 3383 4029">
    <p class='ocr_par' dir='ltr' id='par_1_96' title="bbox 1806 3959 3383 4029">
     <span class='ocr_line' id='line_1_96' title="bbox 1806 3959 3383 4029; baseline -0.001 -16"><span class='ocrx_word' id='word_1_667' title='bbox 1806 3969 2060 4023; x_wconf 87' lang='lat' dir='ltr'><strong><em>emerunt,</em></strong></span> <span class='ocrx_word' id='word_1_668' title='bbox 2092 3959 2308 4014; x_wconf 84' lang='lat' dir='ltr'><strong><em>consilio</em></strong></span> <span class='ocrx_word' id='word_1_669' title='bbox 2334 3975 2431 4013; x_wconf 86' lang='lat' dir='ltr'><strong><em>suo</em></strong></span> <span class='ocrx_word' id='word_1_670' title='bbox 2458 3960 2701 4029; x_wconf 83' lang='lat' dir='ltr'><strong><em>indignos</em></strong></span> <span class='ocrx_word' id='word_1_671' title='bbox 2726 3960 2932 4013; x_wconf 85' lang='lat' dir='ltr'><strong><em>eosdem</em></strong></span> <span class='ocrx_word' id='word_1_672' title='bbox 2959 3959 3028 4012; x_wconf 88' lang='lat' dir='ltr'><strong><em>ad</em></strong></span> <span class='ocrx_word' id='word_1_673' title='bbox 3053 3960 3383 4013; x_wconf 58' lang='lat' dir='ltr'><strong><em>a’cclesiam’i-</em></strong></span> 
     </span>
    </p>
   </div>
   <div class='ocr_carea' id='block_1_97' title="bbox 1806 4050 3376 4123">
    <p class='ocr_par' dir='ltr' id='par_1_97' title="bbox 1806 4050 3376 4123">
     <span class='ocr_line' id='line_1_97' title="bbox 1806 4050 3376 4123; baseline -0.002 -17"><span class='ocrx_word' id='word_1_674' title='bbox 1806 4070 1924 4106; x_wconf 89' lang='lat' dir='ltr'><strong><em>cum</em></strong></span> <span class='ocrx_word' id='word_1_675' title='bbox 1955 4054 2199 4106; x_wconf 83' lang='lat' dir='ltr'><strong><em>honorem</em></strong></span> <span class='ocrx_word' id='word_1_676' title='bbox 2230 4052 2551 4123; x_wconf 78' lang='lat' dir='ltr'><strong><em>adjuvando.</em></strong></span> <span class='ocrx_word' id='word_1_677' title='bbox 2594 4050 2696 4106; x_wconf 82' lang='lat' dir='ltr'><strong><em>His</em></strong></span> <span class='ocrx_word' id='word_1_678' title='bbox 2724 4053 2797 4104; x_wconf 88' lang='lat' dir='ltr'><strong><em>ita</em></strong></span> <span class='ocrx_word' id='word_1_679' title='bbox 2823 4052 3114 4119; x_wconf 78' lang='lat' dir='ltr'><strong><em>dispositis,</em></strong></span> <span class='ocrx_word' id='word_1_680' title='bbox 3144 4050 3376 4119; x_wconf 86' lang='lat' dir='ltr'><strong><em>impera-</em></strong></span> 
     </span>
    </p>
   </div>
   <div class='ocr_carea' id='block_1_98' title="bbox 1812 4142 2993 4214">
    <p class='ocr_par' dir='ltr' id='par_1_98' title="bbox 1812 4142 2993 4214">
     <span class='ocr_line' id='line_1_98' title="bbox 1812 4142 2993 4214; baseline -0.001 -17"><span class='ocrx_word' id='word_1_681' title='bbox 1812 4144 1922 4198; x_wconf 84' lang='lat' dir='ltr'><strong><em>trix</em></strong></span> <span class='ocrx_word' id='word_1_682' title='bbox 1949 4151 2003 4198; x_wconf 88' lang='lat' dir='ltr'><strong><em>et</em></strong></span> <span class='ocrx_word' id='word_1_683' title='bbox 2034 4143 2191 4214; x_wconf 85' lang='lat' dir='ltr'><strong><em>legati</em></strong></span> <span class='ocrx_word' id='word_1_684' title='bbox 2218 4142 2517 4214; x_wconf 68' lang='lat' dir='ltr'><strong><em>apostolicis</em></strong></span> <span class='ocrx_word' id='word_1_685' title='bbox 2543 4143 2680 4197; x_wconf 87' lang='lat' dir='ltr'><strong><em>sedis</em></strong></span> <span class='ocrx_word' id='word_1_686' title='bbox 2710 4143 2993 4198; x_wconf 86' lang='lat' dir='ltr'><strong><em>redierunt.</em></strong></span> 
     </span>
    </p>
   </div>
   <div class='ocr_carea' id='block_1_99' title="bbox 1878 4230 3381 4302">
    <p class='ocr_par' dir='ltr' id='par_1_99' title="bbox 1878 4230 3381 4302">
     <span class='ocr_line' id='line_1_99' title="bbox 1878 4230 3381 4302; baseline -0.003 -15"><span class='ocrx_word' id='word_1_687' title='bbox 1878 4233 1956 4287; x_wconf 84' lang='lat' dir='ltr'><strong><em>Ea</em></strong></span> <span class='ocrx_word' id='word_1_688' title='bbox 1994 4242 2185 4288; x_wconf 67' lang='lat' dir='ltr'><strong><em>testate</em></strong></span> <span class='ocrx_word' id='word_1_689' title='bbox 2211 4248 2303 4288; x_wconf 83' lang='lat' dir='ltr'><strong><em>rex</em></strong></span> <span class='ocrx_word' id='word_1_690' title='bbox 2337 4231 2733 4301; x_wconf 81' lang='lat' dir='ltr'><strong><em>expeditionem</em></strong></span> <span class='ocrx_word' id='word_1_691' title='bbox 2782 4232 2837 4287; x_wconf 91' lang='lat' dir='ltr'><strong><em>in</em></strong></span> <span class='ocrx_word' id='word_1_692' title='bbox 2886 4230 3181 4302; x_wconf 89' lang='lat' dir='ltr'><strong><em>Ungariam</em></strong></span> <span class='ocrx_word' id='word_1_693' title='bbox 3215 4231 3381 4284; x_wconf 82' lang='lat' dir='ltr'><strong><em>movit</em></strong></span> 
     </span>
    </p>
   </div>
   <div class='ocr_carea' id='block_1_100' title="bbox 1810 4316 3387 4392">
    <p class='ocr_par' dir='ltr' id='par_1_100' title="bbox 1810 4316 3387 4392">
     <span class='ocr_line' id='line_1_100' title="bbox 1810 4316 3387 4392; baseline -0.001 -19"><span class='ocrx_word' id='word_1_694' title='bbox 1810 4336 1908 4392; x_wconf 85' lang='lat' dir='ltr'><strong><em>pro</em></strong></span> <span class='ocrx_word' id='word_1_695' title='bbox 1930 4322 2234 4392; x_wconf 85' lang='lat' dir='ltr'><strong><em>adjuvando</em></strong></span> <span class='ocrx_word' id='word_1_696' title='bbox 2260 4334 2387 4392; x_wconf 88' lang='lat' dir='ltr'><strong><em>rege</em></strong></span> <span class='ocrx_word' id='word_1_697' title='bbox 2429 4321 2735 4383; x_wconf 88' lang='lat' dir='ltr'><strong><em>Salomone,</em></strong></span> <span class='ocrx_word' id='word_1_698' title='bbox 2789 4320 2880 4389; x_wconf 88' lang='lat' dir='ltr'><strong><em>qui</em></strong></span> <span class='ocrx_word' id='word_1_699' title='bbox 2931 4322 3095 4375; x_wconf 87' lang='lat' dir='ltr'><strong><em>etiam</em></strong></span> <span class='ocrx_word' id='word_1_700' title='bbox 3142 4318 3211 4372; x_wconf 92' lang='lat' dir='ltr'><strong><em>ob</em></strong></span> <span class='ocrx_word' id='word_1_701' title='bbox 3239 4316 3387 4389; x_wconf 79' lang='lat' dir='ltr'><strong><em>ﬂagi-</em></strong></span> 
     </span>
    </p>
   </div>
   <div class='ocr_carea' id='block_1_101' title="bbox 1814 4412 3385 4482">
    <p class='ocr_par' dir='ltr' id='par_1_101' title="bbox 1814 4412 3385 4482">
     <span class='ocr_line' id='line_1_101' title="bbox 1814 4412 3385 4482; baseline -0.001 -14"><span class='ocrx_word' id='word_1_702' title='bbox 1814 4423 2006 4468; x_wconf 90' lang='lat' dir='ltr'><strong><em>t.orum</em></strong></span> <span class='ocrx_word' id='word_1_703' title='bbox 2037 4428 2255 4469; x_wconf 90' lang='lat' dir='ltr'><strong><em>suorum</em></strong></span> <span class='ocrx_word' id='word_1_704' title='bbox 2295 4413 2638 4468; x_wconf 88' lang='lat' dir='ltr'><strong><em>insolentiam</em></strong></span> <span class='ocrx_word' id='word_1_705' title='bbox 2653 4423 2707 4469; x_wconf 89' lang='lat' dir='ltr'><strong><em>et</em></strong></span> <span class='ocrx_word' id='word_1_706' title='bbox 2729 4412 3115 4482; x_wconf 81' lang='lat' dir='ltr'><strong><em>turpitudinem</em></strong></span> <span class='ocrx_word' id='word_1_707' title='bbox 3138 4425 3168 4465; x_wconf 89' lang='lat' dir='ltr'><strong><em>a</em></strong></span> <span class='ocrx_word' id='word_1_708' title='bbox 3187 4421 3385 4481; x_wconf 87' lang='lat' dir='ltr'><strong><em>patrno</em></strong></span> 
     </span>
    </p>
   </div>
   <div class='ocr_carea' id='block_1_102' title="bbox 1813 4502 3386 4574">
    <p class='ocr_par' dir='ltr' id='par_1_102' title="bbox 1813 4502 3386 4574">
     <span class='ocr_line' id='line_1_102' title="bbox 1813 4502 3386 4574; baseline -0.003 -15"><span class='ocrx_word' id='word_1_709' title='bbox 1813 4520 1911 4560; x_wconf 87' lang='lat' dir='ltr'><strong><em>suo</em></strong></span> <span class='ocrx_word' id='word_1_710' title='bbox 1939 4515 1994 4559; x_wconf 87' lang='lat' dir='ltr'><strong><em>et</em></strong></span> <span class='ocrx_word' id='word_1_711' title='bbox 2023 4504 2236 4560; x_wconf 71' lang='lat' dir='ltr'><strong><em>caneris</em></strong></span> <span class='ocrx_word' id='word_1_712' title='bbox 2279 4504 2430 4574; x_wconf 84' lang='lat' dir='ltr'><strong><em>regni</em></strong></span> <span class='ocrx_word' id='word_1_713' title='bbox 2464 4505 2780 4559; x_wconf 87' lang='lat' dir='ltr'><strong><em>melioribus</em></strong></span> <span class='ocrx_word' id='word_1_714' title='bbox 2834 4504 3087 4572; x_wconf 86' lang='lat' dir='ltr'><strong><em>depulsus</em></strong></span> <span class='ocrx_word' id='word_1_715' title='bbox 3108 4511 3191 4558; x_wconf 89' lang='lat' dir='ltr'><strong><em>est</em></strong></span> <span class='ocrx_word' id='word_1_716' title='bbox 3209 4502 3386 4573; x_wconf 81' lang='lat' dir='ltr'><strong><em>digni-</em></strong></span> 
     </span>
    </p>
   </div>
   <div class='ocr_carea' id='block_1_103' title="bbox 1813 4592 3385 4663">
    <p class='ocr_par' dir='ltr' id='par_1_103' title="bbox 1813 4592 3385 4663">
     <span class='ocr_line' id='line_1_103' title="bbox 1813 4592 3385 4663; baseline -0.001 -16"><span class='ocrx_word' id='word_1_717' title='bbox 1813 4605 1922 4647; x_wconf 86' lang='lat' dir='ltr'><strong><em>tate</em></strong></span> <span class='ocrx_word' id='word_1_718' title='bbox 1955 4593 2502 4663; x_wconf 76' lang='lat' dir='ltr'><strong><em>sita,&#39;parvipendens</em></strong></span> <span class='ocrx_word' id='word_1_719' title='bbox 2534 4604 2591 4649; x_wconf 91' lang='lat' dir='ltr'><strong><em>et</em></strong></span> <span class='ocrx_word' id='word_1_720' title='bbox 2620 4594 2735 4663; x_wconf 86' lang='lat' dir='ltr'><strong><em>ipse</em></strong></span> <span class='ocrx_word' id='word_1_721' title='bbox 2756 4592 2977 4648; x_wconf 85' lang='lat' dir='ltr'><strong><em>consilia</em></strong></span> <span class='ocrx_word' id='word_1_722' title='bbox 3004 4593 3241 4647; x_wconf 88' lang='lat' dir='ltr'><strong><em>illorum.</em></strong></span> <span class='ocrx_word' id='word_1_723' title='bbox 3277 4592 3385 4648; x_wconf 86' lang='lat' dir='ltr'><strong><em>Sed</em></strong></span> 
     </span>
    </p>
   </div>
   <div class='ocr_carea' id='block_1_104' title="bbox 1812 4684 3384 4749">
    <p class='ocr_par' dir='ltr' id='par_1_104' title="bbox 1812 4684 3384 4749">
     <span class='ocr_line' id='line_1_104' title="bbox 1812 4684 3384 4749; baseline -0.001 -10"><span class='ocrx_word' id='word_1_724' title='bbox 1812 4702 1907 4740; x_wconf 85' lang='lat' dir='ltr'><strong><em>rex</em></strong></span> <span class='ocrx_word' id='word_1_725' title='bbox 1948 4687 2016 4740; x_wconf 88' lang='lat' dir='ltr'><strong><em>ibi</em></strong></span> <span class='ocrx_word' id='word_1_726' title='bbox 2052 4685 2218 4739; x_wconf 89' lang='lat' dir='ltr'><strong><em>nichil</em></strong></span> <span class='ocrx_word' id='word_1_727' title='bbox 2246 4686 2311 4739; x_wconf 88' lang='lat' dir='ltr'><strong><em>ad</em></strong></span> <span class='ocrx_word' id='word_1_728' title='bbox 2339 4693 2519 4739; x_wconf 87' lang='lat' dir='ltr'><strong><em>votum</em></strong></span> <span class='ocrx_word' id='word_1_729' title='bbox 2576 4699 2749 4739; x_wconf 11' lang='lat' dir='ltr'><strong><em>suum.</em></strong></span> <span class='ocrx_word' id='word_1_730' title='bbox 2785 4684 3000 4749; x_wconf 85' lang='lat' dir='ltr'><strong><em>efﬁcax,</em></strong></span> <span class='ocrx_word' id='word_1_731' title='bbox 3055 4684 3264 4739; x_wconf 86' lang='lat' dir='ltr'><strong><em>scilicet</em></strong></span> <span class='ocrx_word' id='word_1_732' title='bbox 3318 4685 3384 4738; x_wconf 88' lang='lat' dir='ltr'><strong><em>ad</em></strong></span> 
     </span>
    </p>
   </div>
   <div class='ocr_carea' id='block_1_105' title="bbox 1815 4772 3384 4841">
    <p class='ocr_par' dir='ltr' id='par_1_105' title="bbox 1815 4772 3384 4841">
     <span class='ocr_line' id='line_1_105' title="bbox 1815 4772 3384 4841; baseline -0.001 -12"><span class='ocrx_word' id='word_1_733' title='bbox 1815 4773 2209 4829; x_wconf 77' lang='lat' dir='ltr'><strong><em>resﬁtuendum</em></strong></span> <span class='ocrx_word' id='word_1_734' title='bbox 2262 4774 2623 4836; x_wconf 87' lang='lat' dir='ltr'><strong><em>Salomonem,</em></strong></span> <span class='ocrx_word' id='word_1_735' title='bbox 2675 4772 2887 4827; x_wconf 84' lang='lat' dir='ltr'><strong><em>eﬁicere</em></strong></span> <span class='ocrx_word' id='word_1_736' title='bbox 2919 4773 3238 4841; x_wconf 76' lang='lat' dir='ltr'><strong><em>przevalens,</em></strong></span> <span class='ocrx_word' id='word_1_737' title='bbox 3298 4790 3384 4827; x_wconf 90' lang='lat' dir='ltr'><strong><em>re-</em></strong></span> 
     </span>
    </p>
   </div>
   <div class='ocr_carea' id='block_1_106' title="bbox 1811 4862 3389 4931">
    <p class='ocr_par' dir='ltr' id='par_1_106' title="bbox 1811 4862 3389 4931">
     <span class='ocr_line' id='line_1_106' title="bbox 1811 4862 3389 4931; baseline -0.002 -13"><span class='ocrx_word' id='word_1_738' title='bbox 1811 4873 1965 4931; x_wconf 85' lang='lat' dir='ltr'><strong><em>cepta</em></strong></span> <span class='ocrx_word' id='word_1_739' title='bbox 1989 4865 2206 4919; x_wconf 89' lang='lat' dir='ltr'><strong><em>demum</em></strong></span> <span class='ocrx_word' id='word_1_740' title='bbox 2231 4877 2416 4917; x_wconf 87' lang='lat' dir='ltr'><strong><em>sorore</em></strong></span> <span class='ocrx_word' id='word_1_741' title='bbox 2454 4876 2548 4914; x_wconf 90' lang='lat' dir='ltr'><strong><em>sua</em></strong></span> <span class='ocrx_word' id='word_1_742' title='bbox 2595 4863 2783 4930; x_wconf 85' lang='lat' dir='ltr'><strong><em>regina</em></strong></span> <span class='ocrx_word' id='word_1_743' title='bbox 2812 4862 3051 4919; x_wconf 77' lang='lat' dir='ltr'><strong><em>Jutlitha.</em></strong></span> <span class='ocrx_word' id='word_1_744' title='bbox 3080 4876 3252 4917; x_wconf 84' lang='lat' dir='ltr'><strong><em>uxore</em></strong></span> <span class='ocrx_word' id='word_1_745' title='bbox 3289 4862 3389 4916; x_wconf 85' lang='lat' dir='ltr'><strong><em>Sa-</em></strong></span> 
     </span>
    </p>
   </div>
   <div class='ocr_carea' id='block_1_107' title="bbox 1813 4950 3382 5022">
    <p class='ocr_par' dir='ltr' id='par_1_107' title="bbox 1813 4950 3382 5022">
     <span class='ocr_line' id='line_1_107' title="bbox 1813 4950 3382 5022; baseline -0.001 -15"><span class='ocrx_word' id='word_1_746' title='bbox 1813 4954 2064 5017; x_wconf 85' lang='lat' dir='ltr'><strong><em>lomonis,</em></strong></span> <span class='ocrx_word' id='word_1_747' title='bbox 2130 4967 2239 5005; x_wconf 91' lang='lat' dir='ltr'><strong><em>non</em></strong></span> <span class='ocrx_word' id='word_1_748' title='bbox 2290 4953 2432 5005; x_wconf 89' lang='lat' dir='ltr'><strong><em>bono</em></strong></span> <span class='ocrx_word' id='word_1_749' title='bbox 2470 4950 2651 5005; x_wconf 88' lang='lat' dir='ltr'><strong><em>omine</em></strong></span> <span class='ocrx_word' id='word_1_750' title='bbox 2685 4953 2771 5015; x_wconf 66' lang='lat' dir='ltr'><strong><em>m,</em></strong></span> <span class='ocrx_word' id='word_1_751' title='bbox 2814 4968 2922 5022; x_wconf 89' lang='lat' dir='ltr'><strong><em>quo</em></strong></span> <span class='ocrx_word' id='word_1_752' title='bbox 2969 4967 3223 5021; x_wconf 84' lang='lat' dir='ltr'><strong><em>egressus</em></strong></span> <span class='ocrx_word' id='word_1_753' title='bbox 3274 4960 3382 5015; x_wconf 87' lang='lat' dir='ltr'><strong><em>est,</em></strong></span> 
     </span>
    </p>
   </div>
   <div class='ocr_carea' id='block_1_108' title="bbox 1811 5033 3387 5111">
    <p class='ocr_par' dir='ltr' id='par_1_108' title="bbox 1811 5033 3387 5111">
     <span class='ocr_line' id='line_1_108' title="bbox 1811 5033 3387 5111; baseline -0.001 -14"><span class='ocrx_word' id='word_1_754' title='bbox 1811 5044 2027 5097; x_wconf 87' lang='lat' dir='ltr'><strong><em>domum</em></strong></span> <span class='ocrx_word' id='word_1_755' title='bbox 2083 5040 2442 5095; x_wconf 83' lang='lat' dir='ltr'><strong><em>Wortnatiam</em></strong></span> <span class='ocrx_word' id='word_1_756' title='bbox 2520 5044 2832 5097; x_wconf 83' lang='lat' dir='ltr'><strong><em>revertitur.</em></strong></span> <span class='ocrx_word' id='word_1_757' title='bbox 2887 5043 3015 5111; x_wconf 74' lang='lat' dir='ltr'><strong><em>Regi</em></strong></span> <span class='ocrx_word' id='word_1_758' title='bbox 3045 5033 3211 5098; x_wconf 64' lang='lat' dir='ltr'><strong><em>&#39;l‘tlius</em></strong></span> <span class='ocrx_word' id='word_1_759' title='bbox 3276 5044 3387 5111; x_wconf 79' lang='lat'><strong>(69)</strong></span> 
     </span>
    </p>
   </div>
   <div class='ocr_carea' id='block_1_109' title="bbox 1443 5149 2109 5212">
    <p class='ocr_par' dir='ltr' id='par_1_109' title="bbox 1443 5149 2109 5212">
     <span class='ocr_line' id='line_1_109' title="bbox 1443 5149 2109 5212; baseline -0.008 -5"><span class='ocrx_word' id='word_1_760' title='bbox 1443 5154 1672 5212; x_wconf 70' lang='lat' dir='ltr'><strong><em>VARI/13</em></strong></span> <span class='ocrx_word' id='word_1_761' title='bbox 1702 5149 2109 5211; x_wconf 78' lang='lat' dir='ltr'><strong><em>LECTIONES.</em></strong></span> 
     </span>
    </p>
   </div>
   <div class='ocr_carea' id='block_1_110' title="bbox 208 5243 878 5302">
    <p class='ocr_par' dir='ltr' id='par_1_110' title="bbox 208 5243 878 5302">
     <span class='ocr_line' id='line_1_110' title="bbox 208 5243 878 5302; baseline -0.006 -1"><span class='ocrx_word' id='word_1_762' title='bbox 208 5249 268 5279; x_wconf 75' lang='grc'><strong><em>¹⁵³</em></strong></span> <span class='ocrx_word' id='word_1_763' title='bbox 293 5250 363 5302; x_wconf 87' lang='lat' dir='ltr'><strong><em>al.</em></strong></span> <span class='ocrx_word' id='word_1_764' title='bbox 413 5244 736 5302; x_wconf 72' lang='lat' dir='ltr'><strong><em>impetravit</em></strong></span> <span class='ocrx_word' id='word_1_765' title='bbox 761 5243 878 5299; x_wconf 87' lang='lat' dir='ltr'><strong><em>Uss.</em></strong></span> 
     </span>
    </p>
   </div>
   <div class='ocr_carea' id='block_1_111' title="bbox 148 5313 1248 5380">
    <p class='ocr_par' dir='ltr' id='par_1_111' title="bbox 148 5313 1248 5380">
     <span class='ocr_line' id='line_1_111' title="bbox 148 5313 1248 5380; baseline -0.003 -10"><span class='ocrx_word' id='word_1_766' title='bbox 148 5314 296 5380; x_wconf 78' lang='lat' dir='ltr'><strong><em>glossa</em></strong></span> <span class='ocrx_word' id='word_1_767' title='bbox 323 5335 442 5373; x_wconf 73' lang='lat' dir='ltr'><strong><em>scrc.</em></strong></span> <span class='ocrx_word' id='word_1_768' title='bbox 468 5313 557 5371; x_wconf 78' lang='lat' dir='ltr'><strong><em>XI</em></strong></span> <span class='ocrx_word' id='word_1_769' title='bbox 572 5313 642 5370; x_wconf 78' lang='grc' dir='ltr'><strong><em>γ.</em></strong></span> <span class='ocrx_word' id='word_1_770' title='bbox 674 5314 730 5368; x_wconf 69' lang='grc'><strong>2.</strong></span> <span class='ocrx_word' id='word_1_771' title='bbox 827 5314 892 5346; x_wconf 76' lang='grc'><strong><em>¹⁸⁶</em></strong></span> <span class='ocrx_word' id='word_1_772' title='bbox 942 5313 1158 5370; x_wconf 85' lang='lat' dir='ltr'><strong><em>homine</em></strong></span> <span class='ocrx_word' id='word_1_773' title='bbox 1192 5314 1248 5368; x_wconf 75' lang='lat'><strong><em>2.</em></strong></span> 
     </span>
    </p>
   </div>
   <div class='ocr_carea' id='block_1_112' title="bbox 978 5239 2367 5320">
    <p class='ocr_par' dir='ltr' id='par_1_112' title="bbox 978 5239 2367 5320">
     <span class='ocr_line' id='line_1_112' title="bbox 978 5239 2367 5320; baseline 0.009 -23"><span class='ocrx_word' id='word_1_774' title='bbox 978 5244 1045 5278; x_wconf 69' lang='grc'><strong><em>’⁸⁸</em></strong></span> <span class='ocrx_word' id='word_1_775' title='bbox 1072 5245 1355 5320; x_wconf 67' lang='lat' dir='ltr'><strong><em>l59._Ann.</em></strong></span> <span class='ocrx_word' id='word_1_776' title='bbox 1383 5246 1696 5320; x_wconf 82' lang='lat' dir='ltr'><strong><em>Engelberg.</em></strong></span> <span class='ocrx_word' id='word_1_777' title='bbox 1725 5257 1773 5302; x_wconf 86' lang='lat' dir='ltr'><strong><em>ct</em></strong></span> <span class='ocrx_word' id='word_1_778' title='bbox 1801 5254 2066 5298; x_wconf 68' lang='lat' dir='ltr'><strong><em>corrector</em></strong></span> <span class='ocrx_word' id='word_1_779' title='bbox 2092 5239 2367 5298; x_wconf 71' lang='grc' dir='ltr'><strong><em>Βετηοίάί·</em></strong></span> 
     </span>
    </p>
   </div>
   <div class='ocr_carea' id='block_1_113' title="bbox 2455 5231 3389 5316">
    <p class='ocr_par' dir='ltr' id='par_1_113' title="bbox 2455 5231 3389 5316">
     <span class='ocr_line' id='line_1_113' title="bbox 2455 5231 3389 5316; baseline -0.002 -18"><span class='ocrx_word' id='word_1_780' title='bbox 2455 5243 2522 5276; x_wconf 63' lang='grc'><strong><em>¹⁵⁸</em></strong></span> <span class='ocrx_word' id='word_1_781' title='bbox 2557 5254 2733 5302; x_wconf 87' lang='lat' dir='ltr'><strong><em>mater</em></strong></span> <span class='ocrx_word' id='word_1_782' title='bbox 2752 5245 2912 5316; x_wconf 87' lang='lat' dir='ltr'><strong><em>hujus</em></strong></span> <span class='ocrx_word' id='word_1_783' title='bbox 2941 5243 3007 5308; x_wconf 82' lang='grc' dir='ltr'><strong><em>Η,</em></strong></span> <span class='ocrx_word' id='word_1_784' title='bbox 3040 5231 3389 5313; x_wconf 58' lang='lat' dir='ltr'><strong><em>imperatoris</em></strong></span> 
     </span>
    </p>
   </div>
  </div>
