3938 5380
552 294 671 351 ’559

1425 287 1816 346 BERTIIOLDI
1854 286 2301 344 PRESBYTER!
2330 284 2922 346 CONSTANTIENSIS

3730 296 3820 354 560

568 407 829 465 nascitur.
870 402 1184 459 Autumnali
1237 408 1484 472 tempore
1532 402 1710 457 denuo
1770 409 2021 470 repetens
2045 398 2145 452 Ba-
2172 403 2222 460 Α
2250 412 2351 454 nec
2368 397 2593 455 decimis
2617 402 2716 470 uti,
2747 403 2851 459 nisi
2874 412 3152 460 canonica:
3186 404 3593 466 constitutionis
3616 425 3821 481 norma,

564 495 816 567 ioariam,
865 502 919 549 et
969 495 1023 548 in
1078 492 1185 547 illis
1237 490 1483 562 partibus
1526 490 1857 561 aliquamdiu
1884 497 2148 552 moratus,

570 586 694 642 inde
723 601 821 656 per
842 586 1142 657 Augustam
1190 592 1247 638 et
1274 584 1501 654 Augiam
1554 581 1909 649 Argentinam
1938 579 2153 636 devenit

571 678 871 732 civitatem.
958 662 965 667 “

1229 762 1497 818 MLXXV.

644 858 753 911 Rea:
782 855 1009 910 natalem
1035 854 1249 910 Domini
1286 855 1431 926 apud
1468 854 1855 925 Ar’genturcum
1889 865 1995 906 non
2027 864 2152 921 par-

570 948 655 1003 vis
677 947 997 1016 optimatum
1030 961 1251 1001 suorum
1280 946 1545 1017 gloriosus
1581 944 1752 1015 copiis
1780 943 2024 999 ofﬁciose
2066 956 2153 997 ce-

574 1038 819 1103 lebravit,
844 1048 898 1093 et
926 1038 1123 1092 ibidem
1152 1038 1251 1092 sub
1283 1037 1502 1091 nomine
1522 1035 1804 1106 propalato
1829 1032 2158 1111 Pannonicas

573 1130 726 1198 quasi
780 1138 902 1198 post
957 1127 1163 1182 Pascha
1222 1143 1348 1181 mox
1386 1126 1743 1182 .reiteranda‘a
1811 1125 2157 1193 expeditionis

575 1219 867 1272 Suxoniam
916 1233 1038 1271 cum
1082 1217 1326 1272 exercitu
1361 1233 1426 1272 ex
1482 1216 1777 1286 improviso
1807 1215 2040 1270 adeundi
2076 1230 2160 1269 ar-

575 1308 805 1361 tiﬁciosa
830 1306 1163 1375 iamiamque
1211 1306 1511 1361 industrius
1552 1305 1857 1360 intentione
1885 1319 2008 1359 cum
2044 1305 2159 1360 suis

574 1398 822 1453 ﬁdelibus
875 1398 1232 1459 moliebatur;
1289 1398 1369 1453 sic
1421 1399 1801 1467 undecumque
1863 1396 2160 1466 prudenter

574 1480 842 1543 conducto
875 1503 981 1543 non
1011 1488 1224 1543 modico
1268 1488 1521 1543 militaris
1567 1496 1862 1558 apparatus
1905 1486 2156 1558 collegio,

2253 488 2448 558 aliquis
2491 500 2802 559 praesumat.
2855 490 2965 548 Nec
2998 493 3071 548 illi
3121 495 3283 565 qui;in
3336 496 3563 553 crimine
3598 497 3820 557 fornica-

2254 577 2416 632 tionis
2442 578 2649 649 jacent,
2695 580 2891 636 missas
2940 582 3238 648 celebrare,
3298 594 3393 639 aut
3425 588 3821 644 secundumin-

2253 666 2483 725 feriores
2508 670 2731 726 ordines
2762 672 3075 728 ministram
3124 673 3285 729 altari
3332 675 3585 731 debeant.
3628 676 3819 734 Statuit

2254 761 2442 828 etiam,
2479 771 2540 817 ut
2570 762 2616 818 si
2657 764 2944 832 praenotati
3003 773 3403 835 contemptores
3434 765 3640 822 fuerint
3675 767 3823 839 ipsius

2254 851 2422 906 immo
2485 862 2798 908 sanctorum
2831 854 3053 909 Patrum
3111 855 3582 922 constitutionum,
3612 859 3822 929 populus

2256 941 2406 999 nullo
2433 945 2593 999 modo
2620 959 2806 999 eorum
2836 942 3091 1009 officium,
3121 947 3628 1015 utpoteamembris
3654 949 3823 1005 accele-

2256 1030 2351 1086 sia:
2378 1031 2827 1097 abalienatorum,
2859 1034 3116 1102 recipiat;
3150 1043 3210 1087 ut
3244 1035 3336 1103 qui
3373 1050 3473 1104 pro
3526 1036 3721 1092 timore
3744 1037 3821 1093 Dei

2257 1131 2312 1177 et
2349 1122 2513 1177 ofﬁcii
2572 1124 2837 1194 dignitate
2902 1126 3100 1196 corrigi
3164 1127 3455 1192 noluerint,
3514 1130 3821 1183 verecundia

2258 1213 2443 1268 sznculi
2477 1222 2531 1266 et
2561 1214 2931 1285 objurgatione
2968 1215 3150 1285 populi
3178 1217 3524 1285 resipiscam.
3554 1217 3822 1273 Obmdien-

2262 1303 2406 1359 tibus
2432 1314 2615 1360 autem
2644 1315 2698 1360 et
2735 1319 2833 1374 pro
2855 1320 3042 1361 errore
3083 1321 3182 1361 suo
3212 1322 3400 1362 revera
3453 1308 3824 1378 paenitentibus

2260 1395 2554 1465 apostolica
2588 1397 3004 1451 mansuetudine
3034 1405 3089 1450 et
3110 1398 3478 1452 auctoritatca
3496 1406 3726 1469 peccato
3744 1411 3824 1451 suo

2259 1486 2452 1542 solutis
2481 1487 2911 1542 misericorditer
2946 1486 3271 1554 indulserat;
3324 1488 3403 1543 sic
3462 1489 3823 1543 induratorum

576 1589 728 1633 tanto
751 1594 877 1632 suas
906 1577 1121 1634 facilius
1144 1578 1314 1633 ultum
1341 1580 1421 1635 ire
1461 1594 1621 1649 posse
1649 1592 1874 1648 sperans
1905 1578 2154 1647 injurias,
2254 1578 2619 1649 iustusiudex
2642 1589 2698 1633 et
2723 1578 2943 1648 ligator,
2975 1585 3035 1631 ut
3057 1593 3185 1633 vere
3230 1578 3617 1647 pmnitentium
3666 1579 3826 1633 remis-

575 1676 776 1737 quanto
797 1668 1121 1722 adversariis
1141 1669 1252 1725 suis
1284 1670 1743 1741 inopinatiusjam
1776 1677 1921 1725 totus
1942 1684 2011 1725 ex
2043 1678 2159 1725 toto

576 1759 816 1813 animum
852 1759 1182 1814 intenderat.

650 1849 902 1919 Synodus
968 1849 1153 1906 Romae
1215 1852 1646 1922 quadragesimae
1697 1853 1889 1909 diebus
1932 1865 1963 1905 a
2017 1865 2156 1922 papa

576 1936 840 2008 Gregorio
892 1954 1106 1994 summo
1161 1950 1358 1995 conatu
1401 1941 1704 2011 colligitur,
1763 1943 1833 1998 ob
1886 1942 2160 1997 sedandas

576 2032 985 2101 quomodolibet
1016 2040 1097 2087 tot
1122 2033 1240 2087 sine
1270 2048 1498 2088 numero
1522 2043 1726 2089 sancta:
1747 2034 1938 2089 matris
1966 2033 2159 2089 mccle-

577 2124 673 2178 sia:
724 2122 1101 2177 scandalorum
1157 2124 2048 2199 praesumptuosasiinmanitates,
2104 2132 2163 2179 et

578 2202 995 2283 aliquantulum,
1020 2228 1157 2282 quas
1182 2214 1517 2269 modernitas
1546 2224 1729 2269 nostra
1744 2216 1965 2270 omnino
1992 2215 2163 2271 ferme

580 2302 854 2359 dedicerat
900 2312 956 2358 ct
1003 2303 1384 2369 annulaverat,
1430 2305 1873 2360 rememoranilas
1900 2306 2161 2360 observa-

577 2394 718 2451 biles
737 2394 1136 2465 canonicasque
1159 2403 1473 2449 sanctorum
1487 2394 1709 2449 Patrum
1726 2395 2161 2451 constitutiones.

579 2484 791 2555 Quippe
844 2485 936 2553 qui
970 2493 1160 2539 contra
1189 2499 1341 2553 spem
1389 2484 1443 2538 in
1480 2499 1690 2539 summe
1719 2484 1878 2541 fortis
1914 2487 2166 2557 agricolae

579 2575 921 2630 auxiliatoris
948 2590 1100 2645 spem
1119 2590 1224 2628 non
1247 2566 1440 2644 parum
1476 2574 1733 2638 conﬁsus,
1765 2590 1955 2645 agrum
1980 2576 2165 2631 Domi-

582 2665 785 2729 nicum,
844 2665 1096 2735 quamvis
1131 2664 1301 2720 multo
1326 2663 1441 2733 iam
1482 2679 1550 2719 ex
1600 2673 1844 2734 tempore
1890 2665 2167 2722 incuriosa

580 2750 1044 2828 prtedecessorum
1102 2772 1323 2813 suorum
1365 2757 1586 2829 pigritia
1645 2756 1887 2813 dumosis
1939 2758 2168 2811 nimium

583 2852 997 2924 usurpationum
1055 2851 1408 2907 abusionibus
1467 2850 1768 2920 asperrime
1818 2850 1955 2905 satis
2008 2848 2168 2904 fruti-
2210 2843 2221 2859 τ

484 3016 487 3021 ι
584 2953 819 3007 cantem,
878 2958 981 2997 nec
1020 2957 1128 2997 non
1183 2951 1472 2997 veternosa
1528 2940 1740 2995 fructus
1791 2940 2168 3023 aacclesiastici

583 3020 821 3101 eiulabili
862 3031 1167 3086 obsolentia
1223 3030 1565 3085 luxurianter
1605 3045 1829 3100 prorsus
1875 3020 2169 3085 silvescen-

2265 1685 2357 1724 sor
2385 1670 2506 1740 pius
2532 1680 2587 1724 et
2613 1669 2819 1724 solutor
2863 1669 3129 1724 catholica
3179 1669 3283 1724 ﬁde
3329 1669 3705 1724 indubitanter
3730 1682 3827 1723 cre-

2189 1746 2489 1813 Bdendus.
2542 1758 2621 1814 lbi
2668 1759 2832 1813 etiam
2885 1760 3028 1829 regis
3080 1760 3423 1816 consiliarios
3481 1762 3553 1816 ob
3608 1760 3826 1815 heresim

2265 1847 2669 1919 Symoniacam,
2692 1849 3147 1918 parvipendeutes
3170 1850 3314 1919 quod
3345 1850 3537 1921 legatis
3562 1850 3733 1919 ipsius
3750 1863 3829 1917 per

2264 1948 2667 2005 sacramentum
2722 1938 3124 2007 promiserant,
3175 1939 3370 1994 iterum
3421 1938 3829 1994 anathematiza-

2268 2029 2344 2081 vit
2364 2027 2499 2096 (7i).
2527 2029 2674 2094 Quos
2698 2028 2770 2081 ob
2792 2027 2846 2082 id
2876 2042 2969 2081 rex
2993 2028 3301 2097 indignatus
3322 2029 3544 2084 minime
3570 2028 3827 2083 devitavit.

2266 2116 2325 2171 lu
2373 2119 2562 2171 eadem
2617 2118 2827 2187 synodo
2865 2116 3013 2185 iusta
3042 2133 3309 2189 canonum
3337 2126 3538 2187 statuta
3584 2117 3831 2173 sententia

2266 2207 2619 2277 depositionis
2650 2207 2811 2263 simul
2831 2220 2885 2263 et
2915 2210 3494 2275 excommunicationis
3517 2209 3593 2241 “3
3619 2211 3673 2262 in
3700 2207 3831 2262 llein—

2269 2298 2441 2352 ricum
2471 2296 2852 2352 Nemetensem
2897 2299 3211 2367 episcopum
3265 2299 3389 2353 data
3440 2308 3526 2353 est
3576 2296 3713 2370 (72).
3751 2295 3831 2363 Qui

2269 2405 2369 2461 pro
2390 2388 2714 2461 Symoniaca
2744 2390 2919 2446 heresi
2936 2389 3050 2458 iam
3067 2390 3158 2444 diu
3180 2391 3318 2461 apud
3338 2390 3645 2445 Romanam
3673 2389 3830 2443 sedem

2270 2482 2533 2538 canonice
2559 2483 2789 2547 delatus,
2820 2483 2969 2536 etab
3000 2497 3219 2538 causam
3243 2498 3395 2537 suam
3432 2479 3829 2535 examinandam

2272 2573 2404 2628 illud
2430 2581 2676 2637 vocatus,
2697 2573 2886 2649 venire
2906 2582 3199 2626 contumax
3224 2571 3545 2641 dedignatus
3568 2580 3681 2626 est.
3706 2569 3829 2623 Nunc

2275 2672 2455 2717 autem
2518 2662 2716 2715 mirum
2758 2662 2813 2716 in
2840 2662 3059 2716 modum
3106 2663 3294 2717 eadem
3343 2663 3429 2716 die
3473 2672 3532 2717 et
3574 2663 3707 2717 hora
3743 2673 3825 2728 qua

2275 2757 2460 2811 Romae
2482 2755 2814 2827 iudicialiter
2841 2753 3118 2821 depositus
3148 2738 3320 2822 gradu
3360 2762 3416 2806 et
3452 2752 3761 2823 episcopatu
3781 2759 3825 2804 et

2273 2848 2647 2906 excommunis
2695 2844 2872 2900 factus
2919 2852 3022 2909 est,
3055 2848 3184 2898 tunc
3223 2843 3337 2913 ipse
3373 2842 3551 2914 Spirze
3583 2856 3826 2901 moresve

2276 2940 2530 2996 deliciose
2553 2945 2873 3006 procuratus
2896 2934 3022 2989 dum
3052 2949 3083 2987 a
3105 2948 3288 2989 mensa
3317 2935 3576 3005 resurgit,
3602 2950 3723 2989 mox
3745 2943 3826 2985 tam

2264 3023 2593 3084 'acutissimo
2630 3024 2836 3080 doloris
2857 3024 3065 3093 spiculo
3097 3032 3283 3092 guttur
3317 3023 3434 3092 eius
3458 3023 3697 3079 letaliter
3720 3035 3828 3093 prie.

586 3130 696 3174 tem
724 3120 813 3184 Μ,
840 3119 956 3189 ipse
993 3130 1173 3176 tamen
1203 3119 1532 3175 authenticis
1557 3118 1840 3174 catholica:
1864 3128 1921 3173 et
1950 3130 2171 3189 aposto-

2277 3115 2511 3178 focatur,
2543 3128 2610 3168 ne
2636 3112 2832 3168 dehinc
2884 3112 2986 3167 nisi
3018 3127 3244 3182 perraro
3299 3113 3523 3185 verbum
3564 3113 3829 3176 saltem,ct

584 3211 703 3265 licze
758 3210 1251 3265 animadversionis
1302 3210 1588 3265 securibus
1644 3211 1753 3265 rite
1828 3214 2175 3281 attemptavit

587 3313 923 3368 expurgare;
955 3299 1110 3368 cuius
1148 3297 1335 3368 spinas
1368 3298 1595 3354 tribulos
1633 3308 1690 3355 et
1724 3299 1936 3354 zizania
1967 3302 2177 3369 praede-

588 3390 900 3446 cessoribus
922 3390 1067 3445 illius
1113 3390 1429 3446 facillimum
1487 3391 1600 3460 iam
1626 3398 1740 3445 tum
1793 3406 1893 3447 suo
1930 3400 2175 3463 tempore

590 3479 769 3549 fuerat
808 3495 931 3535 cum
963 3480 1098 3536 false
1131 3481 1457 3552 disciplinali
1481 3484 1684 3538 sensim
1739 3484 2036 3549 demetere,
2063 3495 2176 3541 tum

590 3570 811 3635 sarculo
832 3571 1116 3647 doctrinali
1164 3573 1426 3629 radicitus
1458 3574 1724 3631 exsarire.
1778 3575 1921 3644 Ergo
1962 3576 2178 3646 regulas

591 3671 907 3741 sanctorum
964 3661 1183 3716 Patrum
1244 3663 1585 3719 authenticas
1622 3678 1719 3736 per
1767 3664 2180 3741 singulaonunc

592 3738 1026 3820 usque‘concilia
1056 3752 1161 3808 rite
1190 3753 1511 3810 constitutas
1535 3755 1816 3826 proprium
1841 3738 2013 3812 robur
2032 3757 2177 3812 obti-

594 3856 746 3915 nere,
776 3850 887 3896 toto
914 3842 1106 3919 sancto
1134 3844 1364 3899 concilio
1401 3844 1685 3915 iudicante
1708 3854 1763 3900 et
1793 3846 2175 3911 concordante,

596 3933 891 4002 apostolica
918 3932 1247 4010 auctoritate
1278 3934 1590 3991 ﬁrmissime
1617 3935 1884 4003 decrevit;
1910 3946 1966 3991 et
1989 3937 2034 3994 si
2059 3938 2182 4007 quis

530 4010 537 4017 ’
594 4025 682 4088 liis
728 4033 1021 4079 contumax
1065 4025 1328 4097 refragari
1374 4024 1802 4096 prtesumpserit,
1842 4044 1873 4083 a
1920 4029 2182 4085 membris

596 4114 855 4170 aacclesias
886 4116 1108 4172 omnino
1130 4117 1343 4174 alienus
1381 4120 1475 4173 sit.
1514 4118 1723 4172 Dehinc
1756 4127 1956 4188 przeter
1979 4130 2180 4176 caetera

595 4204 746 4258 iuxta
782 4203 896 4274 (70)
921 4207 1300 4261 auctoritatem
1333 4216 1644 4264 sanctorum
1663 4208 1881 4264 Patrum
1909 4209 1963 4265 in
1991 4212 2180 4267 eadem

622 4297 802 4367 ynodo
830 4297 1154 4351 sententiam
1185 4298 1356 4361 dedit,
1388 4308 1447 4352 ut
1472 4300 1524 4354 hi
1556 4300 1646 4369 qui
1678 4315 1775 4369 per
1800 4299 2180 4372 Symoniacam

634 4384 854 4449 cresim,
880 4385 983 4439 hoc
1029 4396 1113 4439 εει
1139 4386 1449 4441 interventu
1478 4390 1670 4458 precii,
1708 4389 1777 4444 ad
1822 4390 2057 4461 aliquem
2093 4406 2180 4448 sa-

601 4490 815 4530 crorum
842 4474 1091 4529 ordinum
1136 4476 1361 4546 gradum
1387 4477 1470 4532 vel
1497 4477 1733 4534 ofﬁcium
1761 4482 1996 4549 promoti
2027 4491 2176 4545 sunt,

601 4563 803 4617 nullum
822 4563 875 4617 in
892 4572 1078 4617 sancta
1105 4564 1349 4620 aecclesia
1376 4566 1603 4624 ulterius
1632 4569 1973 4626 ministrandi
2000 4571 2179 4627 locum

599 4658 864 4721 habeant;
896 4655 971 4711 illi
1004 4672 1239 4727 quoque,
1266 4659 1359 4727 qui
1407 4660 1686 4715 mcclesias
1730 4661 1951 4716 dationc
1986 4676 2185 4732 pecca-

603 4749 703 4801 ni.e
748 4749 994 4803 obtinent
1018 4750 1098 4803 vel
1124 4751 1488 4818 obtinuerint,
1532 4752 1755 4807 omnino
1784 4767 1880 4809 eas
1908 4755 2183 4810 amittant.

603 4837 712 4896 Nec
756 4840 1009 4911 deinceps
1037 4841 1193 4897 alicui
1222 4844 1458 4899 vendere
1504 4857 1596 4899 eas
1654 4852 1749 4898 aut
1781 4856 1967 4900 emere
1999 4844 2165 4901 liceat

2274 3207 2378 3267 hoc
2398 3205 2466 3259 ad
2484 3220 2655 3274 usque
2676 3218 2833 3258 mane
2861 3203 2969 3259 diei
2991 3204 3266 3273 sequentis
3305 3203 3392 3257 vix
3416 3203 3671 3273 proferre
3707 3201 3828 3259 suni-

2274 3306 2571 3368 ceret,post
2593 3298 2870 3354 meridiem
2894 3307 3069 3353 morte
3092 3298 3430 3354 amarissima
3452 3299 3521 3353 ab
3543 3281 3828 3368 episcopatu

2276 3391 2437 3447 simul
2466 3400 2522 3447 et
2548 3392 2657 3446 vita
2688 3390 2991 3462 periculose
3051 3390 3187 3446 satis
3233 3390 3585 3461 deponendus
3632 3390 3831 3461 (73);at

2277 3483 2332 3538 in
2359 3483 2465 3539 hoc
2485 3483 2749 3539 miraculo
2768 3497 2833 3538 ea
2862 3484 3041 3545 virtus,
3058 3484 3345 3539 verborum
3368 3482 3459 3541 Dei
3485 3493 3546 3537 ut
3569 3493 3628 3538 et
3659 3482 3830 3538 verita

2279 3576 2727 3646 comprobaretur
2777 3592 2790 3630 :
2852 3576 3203 3647 Quacumque
3248 3575 3630 3647 ralligavert'tt's
3705 3586 3832 3642 super

2279 3674 2497 3731 terram,
2544 3667 2711 3736 ligata
2767 3677 2919 3721 erunt
2950 3677 2997 3721 et
3023 3670 3076 3722 in
3102 3667 3251 3723 creto.
3279 3698 3350 3709 —-
3372 3667 3644 3737 Eccejam
3678 3664 3832 3735 evasi-

2278 3741 2439 3812 natus
2467 3756 2613 3812 Petri
2637 3757 3027 3827 gladinsiudex
3059 3757 3329 3814 fraudium
3375 3758 3768 3814 scientissimus
3787 3761 3831 3807 et

2279 3847 2333 3901 in
2364 3848 2707 3903 adversarios
2735 3848 2939 3904 zelotes
2966 3847 3393 3915 efﬁcacissimus,
3441 3865 3549 3919 quo
3575 3849 3690 3920 ipse
3713 3850 3829 3903 Ana-

2280 3940 2424 3994 niam
2452 3950 2507 3996 et
2537 3940 2822 4011 Sapliiram
2854 3942 2922 3998 de
2950 3943 3134 4013 precio
3162 3944 3277 4012 agri
3300 3943 3620 3999 fraudantes
3658 3940 3829 4009 etSpi-

2280 4033 2408 4088 ritui
2444 4043 2636 4089 sancto
2680 4035 3004 4090 mentientes
3051 4037 3353 4092 mortaliter
3407 4038 3699 4109 attigerat,
3743 4045 3828 4102 quo

2283 4121 2571 4190 Symonem
2598 4138 2818 4194 quoque
2847 4125 3255 4181 heresiarcham
3309 4128 3376 4182 de
3406 4126 3498 4181 illo
3527 4142 3629 4182 suo
3657 4120 3829 4181 ctelesu'

2283 4227 2514 4268 ascensu
2562 4214 2629 4269 ad
2659 4228 2832 4283 usque
2882 4223 3058 4270 terras
3084 4216 3136 4269 in
3175 4223 3408 4286 quatuor
3437 4217 3636 4271 frustra
3661 4215 3721 4248 ιδ’
3742 4213 3828 4265 dis-

2283 4306 2638 4374 cerpendum,
2674 4313 2729 4360 et
2790 4306 2988 4361 dehinc
3032 4305 3101 4360 ad
3149 4320 3321 4375 usque
3347 4307 3552 4362 inferos
3601 4311 3828 4378 perpetuo

2284 4396 2650 4451 damnandum
2675 4394 2967 4465 deiecerat,
2995 4412 3139 4452 nunc
3176 4404 3233 4451 et
3278 4412 3495 4467 semper
3520 4401 3590 4453 ab
3612 4397 3827 4452 omnibus

2287 4483 2627 4553 Symoniacis
2656 4492 2809 4540 tanto
2855 4485 3140 4541 sollicitius
3187 4487 3461 4550 timeatur,
3508 4496 3704 4556 quanto
3742 4496 3825 4538 non

2290 4585 2374 4628 est
2423 4574 2759 4631 defensionis
2793 4575 3014 4646 clypeus
3063 4584 3262 4645 praeter
3299 4576 3672 4645 paenitentiam
3730 4586 3826 4643 per-

2291 4662 2508 4729 fectam,
2539 4676 2776 4734 quotam
2801 4666 2993 4736 longus
3041 4666 3392 4735 penetrabilis
3444 4676 3501 4722 et
3541 4661 3825 4722 inevitabilis

2295 4754 2491 4809 vindex
2519 4769 2747 4823 usquam
2772 4765 3167 4825 praecaveatur.

2364 4843 2646 4898 Praedictis
2684 4851 2865 4899 autem
2912 4854 2969 4900 et
3018 4846 3271 4904 omnibus
3325 4847 3513 4906 ferme
3558 4845 3823 4919 apostolica

1891 5005 2123 5059 VARIA‘I
2161 5007 2560 5064 LECTIONES.

680 5120 742 5150 “*7
768 5120 1041 5174 invenerat
1091 5119 1269 5172 inserit
1295 5117 1417 5172 L'ss.
1455 5117 1775 5178 silvcscente
1810 5118 1865 5170 2.

704 5366 789 5380 -Αλ
852 5365 874 5380 ν
959 5375 971 5380 -
1167 5373 1203 5380 ..
1250 5364 1283 5380 ·.
1329 5369 1421 5380 .____
1609 5359 1781 5380 _.-____l_‘

1956 5119 2023 5149 “"
2066 5122 2555 5178 excommunicatio
2602 5124 2656 5177 2.
2707 5122 2830 5178 Uss.

2146 5247 2377 5306 NOTAE.

2920 5126 2985 5159 m
3034 5126 3237 5181 frustra
3282 5125 3341 5180 Ξ.

2814 5335 2923 5365 δικ

2365 5366 2466 5380 ι-ιι
2515 5366 2551 5380 Α
2705 5367 2747 5380 ἰ
2987 5366 3038 5380 Ι.
3194 5376 3202 5380 .
3253 5367 3346 5380 φνεν
3489 5366 3576 5380 ll-
