3938 5380
130 204 235 259 361

1381 199 1719 256 ANNALES.
1749 227 1819 241 —
1850 196 1961 254 AN.
1997 200 2157 255 1075.

3303 197 3414 260 563

130 317 292 375 sedis
315 314 537 372 statutis
560 315 613 370 in
651 315 894 372 diversas
948 313 1226 369 accelesias
1252 323 1347 368 aut
1375 327 1473 384 per
1523 314 1731 369 litteras
1758 319 1806 378 Α
1834 323 2008 369 verat.
2045 313 2290 368 Saxones
2319 322 2499 369 autem
2540 313 2659 370 viso
2704 313 2770 370 de
2816 320 3039 384 repente
3062 311 3298 368 hostium
3331 327 3412 367 tn-

131 419 228 465 aut
252 425 352 480 per
381 409 635 463 mandata
671 406 1049 477 promulgatis,
1074 420 1214 476 pene
1236 406 1491 461 omnibus
1522 407 1731 460 resisti-

131 511 256 566 tur;
291 510 345 556 et
375 501 500 554 inde
524 500 818 554 maximum
849 499 1032 553 odium
1067 499 1119 552 in
1165 498 1420 552 domuum
1473 499 1735 567 apostoli-

131 608 265 648 cum
296 601 348 647 et
410 593 466 646 iu
508 605 809 660 perpaucos
857 604 952 643 eos
1000 589 1095 658 qui
1152 589 1496 644 consentiunt
1545 588 1618 651 ei,
1676 598 1731 642 et

129 685 377 739 maxima
436 684 690 738 scismata
753 683 1218 752 circumquaque,
1285 692 1368 735 set
1414 683 1646 736 maxime
1697 699 1726 736 a

129 776 374 838 clericis,
405 774 642 828 excitata
689 780 836 825 sunt.
883 771 951 824 Et
1006 770 1132 840 quia
1186 786 1361 825 causa:
1411 786 1727 825 communes

129 874 282 928 sunt,
313 865 575 933 pi‘ICCt'pll
605 864 835 918 domnus
861 877 998 933 papa
1047 863 1116 916 ob
1151 877 1245 917 eas
1293 863 1558 916 canonice
1590 861 1728 916 diﬂi-

129 957 364 1010 aicndas
419 954 753 1025 Mogonciaci
801 953 1108 1008 universale
1149 953 1263 1007 fieri
1298 953 1585 1008 concilium
1610 953 1722 1024 (74)

130 1047 286 1112 Quod
319 1044 436 1113 jam
471 1047 909 1115 arcbiepiseopus
944 1047 1057 1099 suis
1106 1044 1466 1116 sull'raganeis
1500 1046 1565 1100 l6
1598 1046 1718 1100 lx'al.

129 1138 287 1207 Sept.
318 1137 720 1192 observandum
772 1138 1026 1191 innotuit.
1073 1137 1174 1203 Qui
1224 1139 1290 1169 “°
1315 1137 1428 1204 jam
1485 1148 1611 1193 tunc
1643 1139 1722 1192 iu-

126 1230 522 1282 oboadientiam
577 1229 1038 1297 praemeditantes,
1065 1238 1378 1298 contempto
1418 1229 1721 1299 apostolico

125 1329 427 1390 prmccpto,
457 1320 716 1374 infectum
740 1320 1060 1375 dimiserant
1088 1321 1176 1375 ‘5‘.

199 1410 462 1465 lleinrieo
535 1410 918 1464 miserabiliter
985 1412 1272 1467 decedenti
1310 1409 1707 1476 Outzmanuus,

127 1500 406 1570 Spirensis
435 1501 696 1555 :ecelesia:
739 1503 1060 1566 canonicos,
1110 1504 1399 1558 successit.
1430 1503 1718 1560 lleinrieus

125 1610 219 1645 rex
261 1595 459 1662 pascha
513 1596 653 1664 apud
706 1593 1054 1648 Wormatium
1120 1595 1417 1650 crlebravit.
1471 1595 1540 1649 Et
1601 1607 1716 1666 post

1833 422 1996 462 cursu
2035 408 2349 475 bellacium,
2404 410 2653 479 quamvis
2709 407 2941 479 stupidis
2984 416 3176 463 etnon
3215 405 3415 477 injuste

1833 499 2159 567 perterritis,
2190 514 2251 553 se
2278 515 2346 554 ex
2372 501 2605 555 consilio
2635 514 2853 555 armare
2885 507 2942 554 et
2985 498 3131 553 acies
3177 511 3307 551 suas
3358 495 3413 550 in

1831 603 2064 657 pugnam
2087 589 2243 658 juxta
2275 591 2491 645 solitum
2513 592 2812 662 [ordinare;
2842 605 3016 660 neque
3043 589 3194 646 locus
3235 601 3414 657 neque

1831 689 2044 751 tempus
2095 691 2351 749 restaret,
2401 693 2580 739 tamen
2613 685 2939 750 inordinate,
2989 692 3044 738 et
3086 691 3246 754 prout
3280 681 3414 735 arti-

1825 771 1984 828 culus
2036 777 2297 844 temporis
2347 785 2758 832 momentaneus
2781 776 3024 841 dederat,
3077 773 3412 829 tumultuose

1825 863 2172 920 omnifariam
2223 867 2455 936 arreptis
2479 867 2647 922 armis
2687 881 2962 937 pugnaces
2990 881 3086 922 eos
3123 863 3410 935 praestola-

1825 956 2042 1012 bantur.
2076 957 2145 1011 Et
2183 957 2262 1013 sic
2296 957 2495 1011 bellum
2545 972 2574 1010 a
2623 958 2955 1014 nostratibus
3008 957 3271 1012 audenter
3330 953 3413 1008 in-

1824 1055 2063 1116 ceptum,
2119 1047 2410 1103 durissime
2455 1049 2523 1102 ab
2559 1047 2805 1118 utrisque
2841 1047 2894 1102 in
2933 1046 3260 1101 alterutrum
3289 1058 3412 1116 per-

1825 1137 2010 1191 mixtis
2037 1137 2363 1206 aliquamdiu
2389 1139 2696 1196 duraverat.
2730 1138 2971 1195 Tandem
3003 1154 3130 1194 vero
3159 1137 3411 1194 Saxones

1821 1227 1929 1280 vim
1979 1237 2033 1284 et
2098 1229 2360 1299 impetum
2417 1231 2764 1295 bellantium,
2822 1239 3008 1299 utpote
3055 1230 3123 1284 ad
3175 1241 3409 1298 pugnam

1835 1317 2139 1374 omnimode
2169 1320 2579 1386 instructorum,
2603 1321 2807 1376 diutius
2846 1320 2986 1374 ferre
3003 1334 3106 1374 non
3137 1316 3410 1372 sufficien-

1822 1417 1926 1473 tes,
1955 1408 2135 1478 fugam
2184 1411 2452 1466 adierunt.
2501 1412 2566 1466 Et
2595 1412 2765 1468 ferme
2789 1411 2855 1466 ad
2879 1412 2984 1466 duo
3015 1409 3250 1464 miliaria
3277 1424 3404 1466 cru-

1818 1503 2016 1558 deliter
2043 1519 2139 1560 eos
2169 1503 2444 1573 fugientes
2470 1506 2701 1562 insecuti
2726 1515 2874 1572 sunt,
2907 1507 3105 1562 dehinc
3137 1502 3407 1559 auxilian-

1821 1593 1969 1647 tibus
1994 1594 2077 1649 eis
2107 1595 2177 1648 ab
2207 1605 2440 1664 utroque
2471 1595 2643 1650 latere
2682 1597 2819 1651 duce
2865 1595 3142 1652 Gotifrido
3186 1603 3241 1650 et
3271 1595 3409 1649 duce

122 1695 453 1752 ρεηιεεοειεη
488 1685 772 1738 exercitum
800 1702 1024 1740 umuero
1056 1703 1161 1740 non
1193 1688 1460 1743 modicum
1491 1689 1542 1742 in
1576 1688 1713 1742 Pau-
1749 1686 1789 1744 ll
1819 1685 2158 1741 Boemiorum
2193 1688 2328 1758 (75).
2357 1688 2419 1741 Et
2444 1690 2759 1743 ceciderunt
2785 1705 2851 1743 ex
2881 1690 2962 1744 eis
2989 1690 3054 1742 ad
3086 1697 3210 1743 octo
3239 1686 3410 1742 ferme

125 1779 321 1832 nonias
353 1779 534 1847 palam
563 1789 721 1833 antea
757 1787 1146 1848 prmparatum,
1183 1789 1308 1836 tunc
1339 1781 1392 1833 in
1424 1779 1714 1834 Saxouiam

124 1871 192 1926 de
246 1881 478 1942 repente
520 1874 796 1942 promovit.
855 1872 1102 1928 Saxones
1134 1884 1313 1928 autem
1347 1883 1401 1928 et
1455 1871 1712 1944 Thoriugi

125 1974 408 2032 cmuperto
453 1965 565 2034 jam
624 1965 823 2018 dudum
877 1966 978 2019 hoc
1022 1966 1318 2020 invasiouis
1375 1975 1483 2019 tam
1517 1965 1715 2020 dolosa:

122 2053 378 2116 cousilio,
420 2063 475 2107 ct
507 2054 606 2123 ipsi
654 2063 918 2123 quantum
957 2071 1054 2124 pro
1085 2056 1343 2124 temporis
1365 2056 1595 2110 articulo
1623 2072 1714 2125 po-

125 2154 324 2210 terant,
358 2146 500 2199 facta
529 2146 933 2214 conspiratione
975 2161 1265 2201 occurrere
1307 2147 1416 2217 regi
1444 2148 1713 2202 delibera-

123 2235 288 2298 bant;
341 2253 402 2292 ea
463 2246 642 2291 tamen
702 2240 891 2294 intenti
936 2241 1208 2308 pactione,
1263 2250 1323 2294 ut
1375 2244 1419 2294 si
1473 2241 1715 2310 quolibet

124 2328 402 2384 molimine
454 2346 577 2384 cum
634 2331 904 2400 corporali
960 2347 1056 2385 sua
1088 2332 1262 2386 salute
1297 2342 1352 2386 et
1401 2333 1714 2402 integrizate

121 2437 401 2482 concessa,
428 2432 481 2476 et
521 2432 874 2492 paternarum
928 2423 1104 2495 legunt
1136 2434 1190 2479 et
1228 2423 1564 2493 justitiarum
1590 2425 1714 2494 jure

119 2525 359 2583 retento,
386 2521 497 2590 regi
539 2529 759 2588 possent
789 2519 1131 2584 satisfacere,
1163 2522 1229 2574 ad
1253 2520 1585 2574 deditionem
1609 2521 1711 2589 ipsi

120 2625 179 2664 se
209 2611 590 2670 buzniliarent:
619 2616 700 2667 sin
735 2623 937 2677 autem,
988 2613 1165 2683 potius
1193 2628 1289 2679 pto
1339 2612 1470 2670 vita.
1495 2626 1590 2681 pro
1624 2626 1714 2680 pa-

122 2702 270 2766 tria,
341 2718 549 2772 proque
605 2704 715 2758 suis
766 2705 1018 2759 omnibus
1058 2704 1364 2758 inordinata
1417 2704 1518 2756 bac
1570 2702 1712 2772 regis

120 2793 404 2846 coactione
436 2795 726 2864 pugnando
758 2794 1080 2848 innocenter
1109 2795 1514 2854 occumberent,
1547 2808 1708 2862 quam

115 2895 178 2934 se
199 2881 352 2949 ipsos
406 2885 612 2952 absque
641 2884 798 2953 culpa
835 2883 1253 2938 intolerabiliter
1278 2883 1706 2948 diScruciainlos,

119 2986 356 3040 cumque
409 2975 520 3027 suis
573 2975 850 3037 omnibus,
918 2983 977 3028 ut
1035 2983 1192 3029 antea
1249 2974 1528 3040 solebant,
1595 2976 1707 3046 regi

1821 1777 1988 1831 milia.
2023 1778 2212 1834 Plures
2240 1790 2422 1835 autem
2455 1782 2752 1846 vulnerati,
2781 1784 2864 1836 vix
2893 1781 3234 1852 fuga-dilapsi
3259 1789 3406 1834 sunt.

1819 1867 2099 1924 Nostrates
2135 1873 2350 1926 tandem
2379 1874 2612 1928 victoria
2662 1876 2912 1944 quamvis
2966 1885 3190 1929 cruenta
3227 1875 3406 1944 potiti,

1816 1961 2014 2029 quippe
2044 1975 2106 2016 ex
2141 1963 2221 2017 eis
2265 1963 2386 2032 plus
2415 1980 2576 2033 quant
2630 1967 2777 2020 mille
2833 1966 3111 2035 quingenti
3143 1967 3208 1997 ⁸⁸³
3235 1966 3404 2020 inter-

1817 2048 1945 2103 fccti
1981 2060 2127 2110 sunt.
2159 2067 2390 2122 pervasa
2417 2054 2506 2108 illa
2536 2056 2710 2124 patria
2735 2065 2790 2109 et
2810 2056 3074 2110 incendiis
3099 2055 3406 2126 prmdisquc

1818 2156 1887 2196 ex
1915 2157 2108 2212 magna
2161 2154 2315 2214 parte
2368 2147 2675 2210 devastata,
2728 2145 2927 2201 infecta
2973 2147 3138 2201 causa
3180 2156 3235 2200 et
3283 2161 3407 2217 rege

1817 2233 2208 2302 aliquantulum
2261 2237 2496 2301 offenso,
2541 2238 2930 2307 repatriabant.
3019 2237 3148 2292 Otto
3221 2247 3405 2292 autem

1816 2323 2089 2392 quondam
2137 2327 2245 2379 dux
2295 2327 2474 2397 (75)"),
2533 2338 2588 2381 et
2639 2327 2866 2399 Magnus
2918 2328 3068 2393 dux,
3124 2338 3180 2382 et
3222 2328 3405 2383 cat-teri

1815 2413 2054 2481 majores
2080 2414 2354 2469 Saxonum
2373 2419 2551 2472 adhuc
2601 2419 2652 2471 in
2704 2421 3074 2488 pel'tlltt'llittttc
3128 2422 3318 2475 eadem
3348 2432 3405 2476 et

1817 2514 2030 2559 ratione
2077 2521 2183 2574 qua
2214 2508 2365 2575 prius
2416 2509 2630 2562 demqu
2672 2521 2795 2578 post
2848 2511 3032 2582 fugam
3085 2511 3316 2567 rebelles
3345 2521 3403 2567 et

1815 2611 2087 2666 pugnaces
2109 2598 2462 2666 pertinaciter
2482 2600 2838 2656 duraverunt.

1883 2687 2090 2744 Dehinc
2115 2690 2280 2760 igitur
2313 2692 2609 2747 autumnali
2642 2702 2883 2764 tempore
2912 2709 3007 2748 rex
3033 2693 3161 2749 item
3189 2694 3399 2764 passim

1815 2782 2102 2839 recollecto
2130 2792 2186 2838 et
2218 2784 2598 2854 undecumque
2624 2787 2864 2854 praemiis
2888 2787 3159 2842 conducto
3191 2787 3400 2841 militia:

1814 2888 1919 2928 non
1944 2888 2127 2943 parvae
2151 2883 2438 2946 apparatu,
2463 2875 2739 2930 Saxonum
2771 2877 3030 2947 reliquias
3076 2879 3400 2947 perdoman-

1811 2966 1908 3020 das
1935 2965 2148 3036 sibique
2193 2967 2265 3021 ab
2308 2965 2517 3022 libitum
2553 2982 2711 3022 suum
2741 2967 3150 3037 mancipandas,
3172 2968 3401 3023 commi-

119 3064 342 3132 suisque
371 3064 633 3118 minibus
659 3065 994 3135 diripiendos
1031 3073 1086 3120 ει
1112 3066 1502 3135 mancipandos
1527 3066 1708 3136 inpr“-
1735 3070 1782 3134 ρ
1815 3056 2028 3112 natorio
2051 3056 2217 3112 simul
2258 3066 2315 3112 et
2344 3057 2700 3127 promissorio
2721 3059 3047 3114 sermocinio
3070 3057 3399 3114 artificiosae

119 3153 312 3207 denter
357 3155 766 3210 contraderent.

185 3247 304 3302 Rex
336 3259 520 3303 autem
553 3248 658 3302 alia
713 3249 990 3304 animosus
1042 3249 1339 3304 intentione
1371 3257 1615 3313 venerat,
1643 3263 1706 3304 ea

117 3338 349 3401 scilicet,
375 3340 475 3393 nisi
507 3341 713 3408 absque
740 3341 886 3394 omni
923 3341 1232 3395 conditione
1257 3339 1562 3409 lmjusmodi
1588 3354 1708 3394 sese

118 3447 241 3485 reos
273 3433 327 3485 in
355 3431 498 3486 illius
523 3448 718 3486 manus
745 3433 1040 3497 dedissent,
1065 3433 1154 3501 qui
1183 3434 1355 3485 honor
1385 3447 1514 3487 suus
1539 3440 1704 3496 esset,

116 3524 344 3578 omnino
399 3524 828 3580 satisfactionem
877 3525 1091 3578 illorum
1119 3525 1362 3594 recipere
1394 3523 1589 3586 nollet;
1622 3523 1706 3577 sin

118 3625 322 3680 autem,
381 3615 521 3670 bello
547 3631 670 3670 cum
709 3617 790 3670 eis
829 3615 1007 3686 potius
1035 3615 1359 3679 decertaret,
1401 3630 1508 3683 quo
1539 3628 1708 3682 usque

120 3707 183 3760 ad
207 3707 424 3761 libitutn
448 3723 606 3762 suum
637 3722 760 3762 reos
785 3709 835 3761 in
866 3722 924 3762 se
956 3707 1339 3776 perduellionis
1365 3704 1708 3760 victos'subi-

118 3806 292 3867 geret.
324 3798 481 3864 Quod
537 3798 656 3868 ipsi,
707 3798 894 3869 jugnm
952 3797 1284 3853 subactiouis
1316 3812 1478 3867 grave
1521 3796 1705 3862 nimis,

121 3889 288 3942 immo
343 3890 524 3958 potius
560 3891 786 3944 omnino
831 3889 1180 3944 durissimum
1237 3889 1350 3944 fore
1394 3899 1704 3958 pensantes,

120 3980 243 4033 illud
263 3979 377 4047 jam
408 3989 594 4049 utpote
643 3981 800 4051 inpar
826 3991 882 4035 et
905 3981 1226 4052 inportabile
1248 3981 1552 4036 cervicibus
1569 3980 1703 4045 suis,

121 4087 222 4124 non
263 4087 428 4142 posse
458 4087 682 4140 prorsus
704 4072 877 4127 libero
925 4088 1024 4127 suo
1051 4073 1190 4128 collo
1229 4074 1439 4143 longius
1466 4073 1704 4136 trahere,

119 4164 342 4238 querula
375 4166 512 4217 satis
534 4164 962 4232 proclamatione
985 4164 1386 4218 detrectabant.

186 4255 301 4308 Rex
342 4256 578 4325 denique
629 4256 734 4310 hoc.
767 4270 890 4310 eum
937 4255 1050 4310 suis
1092 4265 1146 4311 et
1171 4255 1322 4323 regni
1357 4255 1706 4325 optimatibus

120 4348 346 4404 consilio
385 4348 572 4402 minus
611 4349 908 4403 salubriter
943 4349 1369 4413 communicato,
1423 4353 1570 4404 acies
1616 4365 1706 4403 ca-

1806 3149 1942 3204 satis
1983 3159 2038 3204 et
2079 3151 2402 3220 inportunus
2451 3151 2784 3221 aggreditur.
2815 3149 2972 3205 Pium
3013 3159 3070 3205 et
3109 3165 3210 3222 pro
3248 3162 3400 3206 certo

1808 3243 2015 3307 mitem,
2048 3243 2565 3309 recouciliatorium,
2591 3242 2929 3309 munificum,
2962 3251 3019 3298 et
3050 3244 3103 3298 in
3144 3251 3399 3314 paternas

1807 3349 1994 3388 eorum
2020 3331 2164 3400 leges
2185 3343 2248 3403 et,
2260 3331 2502 3402 justitias
2523 3331 2736 3388 cunctis
2762 3332 2863 3387 sibi
2892 3332 3398 3403 obtemperantibus

1802 3427 2040 3497 jndieem
2093 3435 2470 3496 rectoremque
2517 3427 2880 3496 justissimum
2926 3440 3048 3482 sese
3088 3435 3288 3480 extunc
3342 3425 3396 3478 in

1807 3533 2085 3590 posterum
2119 3520 2234 3574 fore
2265 3520 2645 3588 profitebatur,
2689 3529 2744 3573 et
2789 3520 2890 3574 sub
2934 3518 3314 3587 jurejurando,
3341 3527 3399 3570 ut

1808 3610 1980 3672 aiunt,
2021 3609 2379 3663 blanditiosus
2409 3609 2648 3662 multum
2679 3609 2808 3662 illud
2856 3609 3291 3677 protestabatur;
3350 3607 3397 3661 si

1808 3710 1993 3755 autem
2016 3717 2046 3755 e
2076 3703 2358 3756 contrario
2379 3701 2688 3769 perduelles
2717 3699 3025 3769 bujusmodi
3054 3701 3398 3756 sermonibus

1807 3808 1915 3850 non
1964 3793 2398 3862 acquiescerent,
2447 3809 2504 3848 se
2547 3793 2672 3857 illis,
2715 3795 2892 3862 quoad
2921 3793 3146 3855 viveret,
3175 3792 3394 3856 durum,

1810 3885 2233 3949 calumniosum,
2259 3883 2603 3938 omnifariam
2651 3884 2977 3952 inquietum,
3010 3890 3064 3936 et
3105 3882 3173 3936 ad
3221 3882 3395 3951 ipsam

1809 3989 1978 4044 usque
2025 3973 2320 4044 perniciem
2381 3973 2595 4029 illorum
2642 3973 2941 4034 inimicum,
2972 3980 3028 4026 et
3060 3971 3393 4040 direptorem

1809 4065 2220 4120 infestissimum
2269 4064 2658 4133 experiendum
2704 4073 2757 4116 et
2799 4061 3185 4117 sustinendum
3232 4058 3350 4114 fore
3377 4099 3394 4124 ,

1808 4158 1991 4212 minax
2019 4157 2151 4212 satis
2173 4166 2229 4212 et
2258 4157 2528 4211 terrificos
2557 4155 2910 4225 pertinaciter
2949 4153 3272 4209 intentabat.
3301 4151 3396 4207 llis

1806 4246 2190 4316 ct'bujusmodi
2238 4247 2292 4302 in
2333 4256 2619 4316 utramque
2658 4256 2867 4316 partem
2899 4261 2995 4316 per
3023 4245 3394 4314 suaviloquos,

1810 4339 2004 4404 illices,
2039 4348 2096 4394 et
2146 4347 2496 4408 corruptores
2551 4339 2918 4393 internuntios
2971 4336 3132 4390 minis
3169 4343 3224 4390 et
3266 4349 3394 4403 pro-

119 4447 353 4492 ιιι-οηιηι
388 4437 558 4492 annis
603 4437 844 4492 oniciose
880 4439 1204 4501 instructas,
1238 4441 1389 4510 prim-
1419 4440 1469 4492 i"
1499 4453 1592 4493 eos
1638 4454 1703 4492 εχ
1733 4421 1787 4482 D
1812 4432 1991 4486 missis
2030 4432 2364 4486 astutissime
2391 4431 2595 4485 viritim
2623 4431 3008 4494 disseminatis,
3047 4430 3260 4482 tandem
3287 4427 3393 4496 regi

120 4527 390 4598 inproviso
414 4530 750 4601 appetendos
774 4531 1100 4586 artilicinsus
1125 4532 1494 4585 ordinaverat.
1522 4531 1584 4584 Et
1609 4531 1707 4584 du-

119 4620 265 4674 cibus
295 4620 730 4675 Alamannorum
757 4621 823 4654 ¹³¹
853 4631 906 4676 et
937 4621 1308 4688 Bajoariorum
1355 4638 1478 4676 cum
1504 4623 1704 4678 collor-

123 4711 258 4763 tibus
289 4714 404 4766 suis
429 4713 712 4768 bellicosis
741 4714 806 4766 ad
853 4713 1081 4780 primam
1137 4713 1452 4776 coitionem,
1484 4723 1620 4768 utet
1647 4731 1708 4770 se

123 4798 383 4857 lexbabet
431 4804 792 4858 Alemaunica
836 4805 924 4866 ⁸⁸³,
974 4813 1097 4860 ante
1141 4819 1199 4858 se
1242 4815 1399 4858 caute
1450 4805 1702 4860 nimirum

125 4897 426 4959 pnt'ttlissis,
459 4899 576 4966 ipse
627 4911 688 4948 se
735 4905 879 4950 retro
909 4911 1035 4950 cum
1086 4896 1198 4949 suis
1221 4895 1568 4950 electissimis
1595 4897 1702 4952 illis

128 4979 228 5035 fore
254 4985 502 5054 prmsidio
525 4993 584 5040 et
609 4983 883 5053 adjutorio
930 4982 1224 5052 prudenter
1275 4985 1409 5039 satis
1459 4984 1700 5039 destina-

1812 4525 1977 4576 etiam
2009 4524 2077 4577 ob
2125 4532 2204 4576 tot
2236 4523 2460 4592 injurias
2484 4522 2590 4575 illis
2635 4522 2812 4576 illatas
2839 4521 2992 4590 quasi
3043 4518 3284 4572 dolozem
3320 4519 3395 4570 si-

1815 4613 2040 4667 mulanti
2071 4613 2520 4682 pmnitentialem,
2552 4612 2778 4666 nimium
2809 4609 3012 4664 creduli
3041 4618 3094 4663 et
3121 4608 3394 4663 conliden-

1814 4713 1893 4760 tes
1951 4705 2128 4759 effecti
2175 4713 2320 4764 sunt,
2379 4702 2683 4771 praesertim
2741 4718 2862 4757 cum
2915 4710 3110 4769 pra‘ter
3164 4702 3301 4760 brcc.
3336 4707 3395 4751 ut

1815 4797 1986 4864 aiunt,
2015 4795 2144 4866 ipsis
2189 4810 2255 4848 ex
2306 4804 2462 4862 parte
2493 4793 2637 4846 illius
2670 4792 3016 4846 sanctissime
3046 4791 3189 4844 clam
3215 4789 3396 4856 iurata

1813 4901 1958 4950 sunt,
2001 4887 2252 4958 inprimis
2293 4895 2551 4956 exoptata
2582 4884 2708 4938 vita:
2744 4881 3030 4942 securitas,
3061 4883 3212 4948 pacis
3241 4881 3396 4934 fidei-

1812 4999 1916 5053 que
1943 4998 2046 5035 non
2083 4980 2222 5032 ficta:
2247 4978 2428 5033 fmdus
2460 4975 2796 5040 inviolabile,
2821 4971 3159 5043 justitiarum
3194 4971 3398 5040 legum-

275 5154 277 5156 .
1382 5112 1616 5168 vannis
1652 5079 2057 5169 LEthtONES;

187 5205 384 5275 uoQuo
406 5208 461 5262 2.
500 5207 632 5262 Uss.
711 5207 774 5238 ¹³¹
805 5206 892 5259 hic
935 5221 1038 5258 non
1071 5205 1412 5275 distinguitur
1456 5201 1508 5254 in
1543 5203 1599 5258 2.
1717 5205 1783 5236 ⁸⁸³
1809 5203 1880 5254 ita
1905 5199 1962 5251 Ξ.
2183 5195 2514 5275 Notalegcnt
2547 5194 2955 5275 a.a_nia_ttiiittam
2990 5189 3042 5243 id
3093 5201 3179 5246 est
3217 5202 3402 5242 sueuo-

126 5263 383 5348 rumquod
413 5281 466 5334 in
504 5281 688 5348 prima
710 5278 825 5332 acie
855 5289 1073 5345 semper
1101 5263 1331 5330 debeant
1356 5288 1617 5346 pugnare.
1654 5275 1829 5344 glossa
1858 5285 1980 5323 δατ.
2014 5267 2062 5321 Χ
2084 5265 2180 5321 VI.
2212 5267 2266 5319 in
2290 5267 2369 5319 2..
2451 5263 2518 5293 ’³³
2549 5264 2699 5320 mille
2726 5267 2784 5319 D.
2820 5263 2878 5316 2.
