3938 5380
543 225 660 286 Ζῶ

1421 217 1809 279 BERTHOLDI
1853 211 2291 273 PRESBYTER!
2323 206 2923 266 CONSTANTIENSIS
3688 210 3768 269 δα

553 361 662 416 que
695 350 1046 416 paternarum
1077 352 1327 405 ,suarum
1381 336 1626 408 plenaria
1684 334 1930 396 libertas,
1981 330 2029 386 si
2084 326 2135 382 ci
2165 335 2213 390 Α
2241 332 2299 379 et
2336 320 2531 393 pepulo
2589 319 2943 385 reclamante,
2969 319 3054 373 vix
3087 319 3387 389 appasitus,
3416 327 3467 375 et
3505 319 3770 381 Simoniace

555 439 839 492 dumtaxat
898 435 1106 503 absque
1181 431 1329 486 omni
1403 429 1585 500 palam
1656 425 2012 489 conditione,
2080 422 2134 476 in

553 527 661 583 hoc
705 541 828 584 eum
872 521 1317 586 honorificantcs,
1363 521 1430 575 ad
1477 518 1806 573 deditionem
1847 511 2137 586 pervenire

553 635 664 675 non
694 617 1023 673 dubitarent.
1054 613 1294 684 Denique
1321 619 1443 682 post
1481 610 1787 682 hujusmodi
1809 609 2002 680 plures
2027 615 2136 660 tam

555 708 681 764 fidei
713 705 1040 776 veritatique
1063 703 1373 759 simillimas
1393 701 1780 773 promissorias
1799 698 2137 754 assertiones

538 799 719 855 ’nichil
759 797 938 852 minus
972 811 1134 866 quam
1177 795 1332 850 dolos
1359 802 1452 849 aut
1495 792 1780 862 perfidiam
1827 797 2136 861 sperantes,

539 905 713 946 suasu
743 886 1154 958 praesumptibili
1175 887 1552 958 episcoporum
1581 883 1871 953 Mogontini
1903 881 2140 937 maxime

550 991 605 1035 et
633 978 1014 1049 Augustensis,
1048 992 1149 1032 nec
1211 992 1317 1032 non
1372 977 1528 1032 ducis
1553 974 1801 1031 Gotifridi
1835 976 2140 1045 etvacaatero-

549 1086 695 1139 rum,
727 1073 817 1141 qui
857 1064 1080 1140 prorsus
1125 1070 1226 1125 nisi
1277 1084 1488 1124 summa
1539 1069 1866 1123 necessitate
1907 1068 2137 1122 coartati

539 1161 658 1217 illis
682 1162 826 1218 bello
856 1163 1225 1217 detrectarent
1252 1159 1530 1231 congredi,
1561 1149 1679 1214 sese
1703 1157 1996 1228 eomplices
2024 1157 2137 1227 regi

543 1257 702 1326 juxta
726 1255 1036 1309 condictum
1053 1253 1453 1323 promissorum
1477 1265 1543 1306 ac
1572 1248 2140 1318 deditionempariter

547 1349 919 1407 contulerant.
971 1345 1074 1413 Qui
1135 1360 1262 1400 mox
1313 1342 1640 1400 malesuadis
1689 1343 2138 1399 anriculariorum

551 1453 776 1494 suorum
808 1438 946 1493 heu!
984 1434 1276 1508 perfidiose
1319 1434 1637 1504 con5pirans
1661 1426 1936 1498 susurriis,
1969 1434 2025 1489 in
2053 1433 2138 1489 di-

539 1545 712 1585 versa
756 1529 1010 1601 praesidia
1061 1539 1117 1586 et
1181 1529 1238 1584 in
1283 1529 1611 1584 custodiat-ia
1672 1528 1794 1584 illos
1845 1526 2140 1598 disportari

543 1636 757 1693 eosque
798 1622 902 1678 fide
938 1621 1334 1692 promissorum
1364 1635 1433 1676 ex
1465 1620 1675 1689 integro
1699 1621 1998 1692 postposita
2042 1634 2139 1692 pa-

2239 418 2538 480 ordinatus,
2578 424 2663 472 set
2701 417 2755 470 in
2782 415 3028 486 proxima
3051 425 3322 486 sequente
3346 415 3581 472 Romana
3605 425 3772 491 synodo

2239 511 2308 564 ob
2339 509 2391 565 id
2418 517 2473 566 et
2496 507 2935 564 inobtedientiam
2960 507 3330 577 deponendus,
3363 509 3670 568 substitutus
3693 525 3770 569 est.

2310 601 2513 655 Eodem
2549 611 2790 670 tempore
2817 599 3043 653 aestivali
3091 599 3322 656 domnus
3371 616 3505 671 papa
3551 605 3653 674 regi
3681 619 3773 676 post

2231 700 2322 748 tot
2353 700 2662 761 contempta
2696 689 2837 744 illius
2883 690 3150 760 promissa
3214 701 3271 746 et
3308 695 3581 760 mandata,
3630 697 3770 753 adhuc

2241 781 2536 851 apostolica
2589 779 3003 834 mansuetudine
3035 780 3146 849 (77)
3177 783 3553 851 attemptando
3576 799 3771 841 commo-

2239 871 2466 926 nitorias
2487 871 2686 928 direxit
2731 869 2954 924 litteras
3003 869 3136 940 (78),
3168 873 3424 938 quatinus
3452 873 3579 940 quid
3626 884 3676 928 ct
3711 893 3761 929 cu

2239 963 2574 1036 promiserit,
2604 961 2956 1033 recogitando
2991 962 3322 1028 meminerit,
3357 978 3532 1032 neque
3559 979 3614 1018 se
3655 963 3774 1021 falsa-

2242 1057 2355 1112 rius
2383 1065 2475 1112 aut
2503 1057 2928 1113 contumeliosus
2951 1057 3004 1110 in
3039 1057 3131 1112 Dei
3161 1067 3216 1112 et
3254 1059 3564 1129 apostolica:
3587 1061 3776 1132 dignita-

2228 1147 2312 1201 tis
2367 1157 2737 1218 contemptum
2777 1157 2834 1204 et
2865 1147 3118 1217 injuriam
3159 1151 3513 1219 pertinaciter
3565 1154 3773 1222 erigeret,

2231 1253 2418 1307 neque
2450 1239 2640 1306 Deum,
2672 1240 2763 1310 qui
2799 1256 2858 1295 se
2904 1256 3016 1310 pra:
3062 1244 3274 1297 caeteris
3325 1253 3431 1297 tam
3496 1245 3774 1301 honoratum

2241 1330 2585 1397 sublimaret,
2633 1339 2927 1388 contumax
2976 1341 3031 1387 et
3069 1333 3452 1404 incorrigibilis
3497 1337 3776 1404 annullaret,

2241 1433 2324 1481 set
2353 1432 2535 1480 mente
2566 1426 2857 1497 plurimum
2881 1425 3258 1482 sollertissima
3306 1427 3359 1482 id
3389 1445 3606 1501 semper
3641 1442 3780 1488 atten-
3860 1459 3861 1462 η

2243 1516 2414 1581 deret,
2455 1515 2582 1586 quia
2621 1517 2870 1588 superbis
2897 1517 3122 1583 resistit,
3165 1518 3461 1576 humilibus
3511 1535 3678 1578 autem
3713 1527 3779 1581 dat
3860 1515 3861 1582 ξ

2242 1607 2492 1678 gratiam.
3860 1615 3861 1674 ξ

538 1716 688 1771 =riter
715 1714 998 1785 captivari,
1030 1721 1217 1784 utpote
1261 1712 1449 1768 durius
1493 1711 1708 1766 illorum
1755 1705 2140 1783 peruuettionis

2313 1697 2432 1768 Ipse
2469 1706 2648 1754 autem
2671 1696 2770 1768 pro
2797 1699 3044 1768 victoria,
3082 1718 3187 1774 qua
3215 1715 3319 1760 tam
3345 1709 3627 1778 magnifice
3671 1711 3777 1780 poti-
3860 1725 3861 1730 π

541 1803 780 1873 injurias
797 1803 966 1858 ultum
991 1803 1057 1858 iri
1082 1801 1649 1872 percupientissimus,
1666 1811 1848 1859 mente
1871 1803 2140 1874 pertinaci

553 1901 905 1964 praeceperat.
934 1892 1002 1952 Et
1037 1893 1154 1964 ipse
1180 1891 1514 1960 dehincjure
1541 1893 1775 1963 quodam
1798 1892 2142 1963 majestativo

552 1983 933 2047 possessiones
975 1981 1315 2052 quorundam
1354 1981 1570 2038 illorum
1612 1981 1914 2049 invaserat,
1943 1991 1998 2038 et
2051 1999 2142 2040 ca-

552 2075 709 2131 stella
745 2075 949 2140 omnia,
979 2089 1101 2143 quas
1147 2074 1312 2129 etiam
1358 2083 1518 2128 antea
1561 2074 1674 2145 sibi.
1714 2074 2005 2145 rapinatim
2046 2090 2144 2146 per

552 2173 722 2220 totam
766 2163 1060 2219 Saxoniam
1106 2172 1484 2241 usurpaverat,
1511 2163 1688 2219 denuo
1731 2173 1954 2219 econtra
1996 2163 2142 2221 nullo

551 2255 748 2312 saltem
775 2254 860 2309 vel
886 2253 1203 2318 musitante,
1227 2253 1494 2322 prmsidiis
1522 2253 1638 2310 suis
1664 2253 1914 2324 inpositis
1940 2253 2009 2288 ³⁵⁸
2036 2255 2141 2311 im-

551 2346 805 2420 periosus
829 2345 897 2376 ⁸⁸³
924 2354 1184 2415 regnator
1210 2354 1596 2417 occupaverat.

627 2436 1478 2510 Herimannus,Babenbergensis
1536 2439 1711 2495 dictus
1766 2440 2037 2512 episcopus
2079 2440 2140 2495 ob

553 2529 928 2602 .Smrtom'acam
958 2531 1184 2586 heresim
1216 2548 1248 2585 a
1273 2548 1412 2602 papa
1439 2531 1704 2605 Gregorio
1725 2534 1916 2589 ordine
1941 2541 1999 2588 et
2025 2533 2142 2605 epi-

554 2632 775 2691 scopatu
801 2622 1075 2692 depositus
1101 2631 1157 2678 et
1200 2623 1704 2679 excommunicatns
1743 2633 1846 2680 est.
1881 2623 1980 2691 Qui
2012 2638 2145 2681 con-

549 2713 808 2768 "ersione
835 2712 1116 2780 simulata,
1151 2713 1221 2768 ab
1251 2714 1549 2785 apostolico
1579 2729 1703 2768 mox
1736 2714 2140 2780 reconciliatus,

553 2803 946 2862 monasterium
980 2795 1428 2873 Suarzaa'petiit,
1449 2803 1557 2858 illic
1585 2818 1645 2859 se
1672 2804 1994 2859 monachum
2022 2802 2141 2859 fieri

553 2896 855 2964 arofessus.
885 2895 983 2951 Cui
1018 2912 1143 2951 mox
1175 2913 1205 2951 a
1241 2911 1366 2968 rege
1409 2896 1704 2966 Roupertus
1729 2897 1973 2966 quidam,
2005 2895 2142 2954 Gos—

555 2986 807 3042 iariensis
834 2987 1209 3057 praepositum:
1237 2995 1293 3041 et
1334 2986 1562 3041 aliarum
1599 2987 1954 3058 plurimarum
2003 3005 2145 3059 prte-

553 3078 718 3142 latus,
751 3077 922 3148 ipsius
965 3076 1351 3133 consecretalis
1377 3076 1622 3146 intimus,
1650 3092 1788 3149 pene
1817 3079 1964 3134 omni
1991 3079 2141 3135 clero

550 3178 612 3225 et
636 3169 832 3240 populo
859 3169 1120 3239 ingratus,
1146 3168 1564 3238 subponebatur,
1591 3179 1646 3225 et
1667 3185 1793 3228 mox
1821 3171 1874 3226 in
1897 3172 2142 3228 natalitio

555 3258 739 3315 sancti
788 3257 1019 3313 Andreae
1063 3272 1092 3310 a
1139 3256 1448 3328 lilogontino
1486 3259 1741 3331 episcopo
1779 3259 1934 3330 jussu
1997 3263 2142 3331 regis

554 3352 840 3408 ordinatur
869 3349 1004 3422 (76).
1038 3350 1140 3405 Per
1191 3350 1336 3405 idem
1374 3358 1589 3422 tempus
1636 3351 1814 3419 Anno,
1850 3352 2030 3409 fidelis
2079 3362 2139 3409 et

547 3447 795 3517 prudens
821 3447 1024 3502 Christi
1049 3447 1176 3503 Jesu
1215 3447 1484 3512 minister,
1508 3447 1850 3505 Coloniensis
1872 3447 2141 3519 archiepi-

546 3553 776 3607 scopus,
807 3538 900 3609 qui
931 3537 1119 3594 hilaris
1165 3538 1500 3609 multumque
1539 3538 1780 3595 liberalis
1820 3554 2002 3594 rerum
2037 3539 2142 3595 sibi

545 3630 978 3686 commissarum
1027 3630 1080 3686 in
1134 3646 1399 3702 pauperes
1444 3632 1646 3689 Christi
1697 3633 2058 3703 dispensator,
2087 3641 2145 3688 et

555 3721 931 3778 aacclesiarnm
1004 3722 1248 3792 quinque
1316 3721 1653 3778 novellarum
1717 3722 2019 3780 industrius
2091 3730 2145 3780 ct

557 3824 910 3884 sumptuosus
951 3814 1233 3870 institutor
1258 3822 1316 3870 et
1345 3814 1614 3884 provisor,
1640 3822 1929 3885 postquam
1961 3815 2142 3870 omnia

558 3920 681 3975 qua:
704 3904 905 3960 habere
926 3905 1210 3961 videbatur
1239 3904 1632 3977 temporaliter,
1657 3905 1710 3958 in
1739 3904 1963 3960 caeleste
1983 3921 2148 3977 gazo-

556 3987 848 4066 pbilatium
903 4004 1161 4066 congesta
1212 3995 1624 4060 thesaurizavit,
1678 3994 1854 4051 felicis
1906 3993 2144 4052 efficacia

561 4088 1048 4144 consummationis
1089 4095 1145 4142 et
1179 4086 1308 4157 ipse
1340 4085 1470 4141 illuc
1510 4094 1856 4155 prosecutus,
1889 4087 2146 4156 gaudium

560 4176 775 4232 Domini
801 4176 885 4230 sui
910 4189 1075 4244 super
1103 4174 1272 4229 multa
1297 4174 2145 4238 constituendus,etindeficien-

564 4267 712 4321 tibus
741 4280 1035 4334 numquam
1058 4263 1297 4335 prmmiis
1325 4264 1780 4329 remunerandus,
1803 4264 2150 4321 beatissimus

561 4371 598 4410 ο
627 4355 862 4410 utinam!
893 4354 1136 4409 intravit.
1164 4352 1265 4420 Qui
1311 4353 1451 4424 apud
1481 4353 1864 4425 Sigibergense
1884 4363 2151 4411 monaste-

566 4443 708 4498 rium
737 4442 1002 4512 sepultus,
1033 4441 1216 4496 multis
1241 4455 1430 4496 revera
1454 4441 1732 4497 miraculis
1755 4443 1887 4498 inibi
1919 4443 2149 4499 sanctis-

2244 1799 2329 1844 tus
2351 1797 2454 1855 est,
2487 1804 2594 1842 non
2641 1789 2862 1859 quidem
2894 1794 3161 1850 maximas
3195 1796 3329 1864 Deo,
3361 1800 3451 1868 qui
3485 1801 3656 1869 ipsum
3696 1801 3782 1856 vin-
3860 1853 3861 1858 η

2243 1893 2366 1934 cere
2403 1888 2459 1934 et
2491 1880 2827 1948 triumphare
2857 1882 3027 1949 dedit,
3054 1895 3257 1956 grates,
3284 1897 3342 1943 ut
3366 1900 3660 1959 oporteret,
3683 1893 3784 1947 refe-
3860 1941 3861 1948 η

2243 1971 2415 2038 rcbat,
2445 1986 2634 2027 verum
2659 1974 2863 2042 potius,
2887 1975 3120 2046 qualiter
3147 1993 3206 2032 se
3236 1980 3539 2035 secundum
3585 1996 3643 2037 se
3675 1983 3784 2036 dele-

2239 2069 2446 2117 ctatum
2483 2071 2537 2116 et
2558 2062 2916 2133 jocundatum
2946 2066 3200 2133 haberet,
3233 2076 3377 2124 totus
3399 2085 3617 2140 semper
3643 2081 3783 2126 atten-

2243 2155 2421 2212 debat.
2448 2155 2647 2212 Monita
2681 2157 2793 2228 (79)
2823 2173 2954 2216 vero
2981 2161 3293 2230 apostolicae
3323 2162 3594 2229 lenitatis,
3621 2165 3780 2234 quibus

2243 2263 2365 2304 cum
2395 2250 2708 2306 multotiens
2735 2261 2897 2307 antea
2932 2255 3232 2324 arguendo,
3261 2255 3625 2323 obsecrando,
3650 2259 3784 2312 incre-

2243 2342 2442 2410 pando,
2468 2341 2534 2395 ad
2564 2342 2994 2398 emendatiorem
3017 2344 3184 2398 vitam
3213 2347 3543 2402 adhortatus
3557 2347 3787 2416 est,qu:tsi

2243 2433 2553 2505 gratissima
2593 2433 2696 2490 sibi
2735 2434 3076 2492 simulatorie
3120 2438 3442 2508 acceptavit,
3477 2449 3722 2494 cancrum
3748 2453 3788 2492 re

2242 2535 2300 2582 ct
2343 2527 2550 2582 erroris
2579 2527 3002 2597 exaggeratione
3045 2531 3271 2584 omnino
3319 2529 3784 2584 conc'ulcavit.Ali-
3860 2565 3861 2568 η

2243 2621 2457 2690 quoties
2486 2621 2654 2674 etiam
2704 2621 2928 2676 devotas
2958 2630 3182 2677 econtra
3220 2622 3318 2692 ipsi
3371 2623 3714 2679 salutationes
3745 2631 3785 2676 et

2241 2711 2455 2766 litteras
2504 2711 2703 2766 direxit
2749 2713 3122 2769 excusatorias
3151 2712 3284 2782 (80),
3333 2714 3475 2770 satis
3525 2713 3785 2770 confitendo

2242 2819 2606 2874 conquerens,
2643 2811 2756 2858 tum
2785 2813 2944 2860 actate
2972 2805 3116 2875 quod
3140 2803 3282 2860 fluxa
3317 2817 3466 2862 esset
3516 2820 3573 2865 et
3601 2807 3783 2878 fragilis,

2243 2905 2357 2953 tum
2391 2898 2537 2966 quod
2567 2897 2636 2952 ab
2665 2897 2751 2952 his
2789 2897 2840 2951 in
2873 2912 3105 2968 quorum
3163 2898 3414 2954 manibus
3461 2903 3615 2956 curia
3659 2907 3783 2962 esset,

2244 2989 2558 3052 multotiens
2585 2989 2686 3044 sibi
2718 2990 2862 3045 male
2899 3004 3120 3045 suasum
3165 2999 3220 3046 et
3251 2990 3564 3046 consultum
3595 2994 3682 3047 sit.
3705 2989 3786 3044 Ali-

2244 3081 2456 3148 quoties
2511 3079 2676 3135 etiam
2729 3079 3005 3150 supplices
3040 3081 3154 3151 (8|)
3215 3091 3272 3135 et
3315 3081 3464 3136 omni
3524 3082 3786 3137 humilitate
3859 3111 3861 3124 ‹

2243 3171 2432 3242 plenas
2456 3173 2554 3244 ipsi
2584 3173 2782 3234 direxit
2809 3173 3038 3236 litteras,
3072 3173 3124 3228 in
3153 3173 3350 3243 quibus
3381 3189 3441 3228 se
3462 3174 3575 3229 Deo
3595 3184 3648 3230 et
3667 3173 3787 3228 beato

2244 3264 2406 3320 Petro
2437 3263 2590 3320 valde
2620 3263 2944 3335 culpabilem
2963 3273 3018 3318 et
3041 3263 3392 3319 criminosum
3424 3263 3694 3334 professus
3709 3271 3787 3324 est,

2243 3353 2470 3422 insuper
2495 3369 2685 3424 preces
2713 3353 2970 3419 offerens,
3004 3363 3064 3409 ut
3113 3353 3256 3424 quod
3303 3368 3371 3409 ex
3413 3369 3517 3408 sua
3563 3355 3706 3424 culpa
3749 3353 3787 3405 in

2243 3445 2646 3502 {ecclesiasticis
2672 3444 2855 3500 causis
2881 3453 3072 3500 contra
3100 3445 3418 3501 canonicam
3466 3444 3724 3514 justitiam
3750 3449 3789 3495 et

2243 3533 2536 3590 decretalis
2589 3545 2904 3590 sanctorum
2957 3535 3185 3590 Patrum
3237 3543 3435 3590 statuta
3475 3537 3788 3605 depravatum

2246 3623 2460 3691 fuisset,
2508 3625 2804 3696 apostolica
2855 3625 2974 3697 ejus
3015 3627 3354 3696 providentia
3403 3635 3459 3682 et
3498 3625 3789 3683 auctoritate

2239 3717 2704 3788 'corrigeretur,et
2728 3719 2780 3773 in
2803 3718 2905 3774 hoc
2932 3734 3085 3775 suam
3105 3719 3516 3786 oboedientiam,
3539 3717 3789 3775 consilium

2243 3820 2299 3866 et
2324 3808 2650 3880 adjutoriun‘.
2691 3809 2794 3864 sibi
2818 3825 2925 3865 non
2956 3810 3208 3866 defutura
3229 3808 3521 3865 efﬁcaciter
3550 3810 3788 3880 experire-

2246 3873 2538 3957 turdl‘iunc
2578 3912 2760 3958 autem
2783 3901 3090 3972 hujusmodi
3120 3903 3200 3957 sui
3249 3902 3418 3971 ipsius
3459 3910 3520 3956 et
3560 3873 3791 3956 recclesia-

2247 4009 2370 4051 rum
2420 4003 2532 4050 tam
2563 3994 2844 4066 perplures
2900 3993 3254 4050 correctionis
3291 3993 3643 4063 sponsiones,
3685 4003 3790 4060 quas

2248 4086 2544 4142 tantotiens
2586 4099 2682 4157 per
2709 4086 2916 4157 legatos
2950 4094 3006 4141 et
3033 4085 3247 4140 litteras
3285 4083 3485 4139 domno
3517 4098 3663 4154 papre
3705 4091 3788 4134 tam

2249 4174 2602 4230 multifariam
2627 4175 2778 4239 fecit,
2804 4176 3026 4232 omnino
3061 4184 3355 4232 contumax
3383 4171 3730 4244 parvipendit,
3750 4176 3791 4221 et

2247 4269 2735 4324 excommunicatis
2774 4269 2826 4322 in
2856 4260 3104 4338 proxima
3135 4265 3380 4321 Romana
3414 4266 3620 4336 synodo
3646 4259 3791 4319 consi-

2251 4357 2422 4413 liariis
2449 4367 2506 4413 et
2545 4357 2902 4415 familiaribus
2939 4359 3052 4413 suis
3089 4366 3552 4428 praesumptuosus
3587 4365 3792 4411 cominu-

2251 4451 2475 4515 nicavit,
2504 4458 2560 4504 et
2598 4450 2859 4506 ecclesias
2885 4449 3002 4517 Dei,
3029 4458 3087 4504 ut
3113 4449 3182 4503 ab
3222 4449 3352 4503 olim
3374 4447 3662 4511 assolebat,
3690 4457 3797 4534 coit-fi

565 4536 737 4591 simus
782 4535 1073 4590 claruerat.
1096 4532 1194 4588 Cui
1228 4533 1448 4604 quidam
1476 4533 1747 4592 Hildulfus
1778 4535 2146 4593 Goslariensis
2178 4537 2224 4596 D
2253 4537 2476 4595 fundere
2500 4550 2553 4595 et
2584 4541 2820 4610 diripere
2843 4556 2949 4594 non
2989 4539 3221 4595 cessavit
3247 4537 3383 4610 (82).
3737 4526 3786 4563 V

565 4625 882 4694 canonicos,
910 4641 1102 4684 servus
1131 4625 1247 4697 ipse
1282 4627 1419 4698 regi,
1444 4625 1730 4697 majestate
1787 4630 1959 4701 regia,
1993 4629 2141 4686 clero

2231 4681 2234 4683 λ
2324 4630 2420 4686 His
2445 4631 2739 4702 compertis
2766 4630 3018 4703 .domnus
3049 4644 3213 4702 papa,
3240 4643 3364 4685 cum
3409 4643 3470 4685 se
3507 4635 3614 4684 tam
3645 4619 3789 4697 palam

1855 4763 2088 4822 VARUE
2133 4763 2536 4822 LECTIONES.

638 4878 711 4916 m
747 4879 819 4936 ita
845 4879 900 4935 2.

2733 4867 2794 4878 ιη..

2088 4990 2318 5050 NOTAE.

640 5113 750 5189 (76)
781 5103 1139 5189 Clipernoldj
1164 5107 1583 5189 02030.1,”2LP:
1612 5105 1836 5189 9.97:},
1861 5105 1918 5171 2,
1944 5120 2003 5189 p._
2023 5102 2146 5189 5793'

569 5175 669 5250 xu,
707 5175 843 5255 62p.
877 5182 1002 5238 595.
1031 5175 1448 5255 Vidn—Gregorii
1492 5177 1843 5255 thﬂegist.
1881 5175 2150 5255 lll,‘l,_ad

566 5245 1031 5322 Bainbéfgenses;
1054 5266 1134 5313 ut,
1163 5249 1218 5310 ‘2.
1282 5245 1350 5301 ad
1395 5245 1739 5317 Sigifridum'
1761 5245 1902 5317 Mog.
1949 5246 2103 5300 arch.
2132 5261 2146 5312 ;

569 5342 653 5380 ιιι.
674 5327 729 5380 5.
757 5321 823 5378 ad
855 5321 1166 5377 lieinrictnn
1196 5332 1398 5380 regem.

2255 5104 2368 5174 jam
2396 5118 2535 5160 anno
2568 5103 2751 5174 priore
2775 5101 2900 5158 libri
2926 5116 2964 5157 ιι
2995 5117 3118 5172 epp.
3150 5099 3220 5156 50
3237 5111 3303 5174 et
3327 5101 3416 5156 5|.
3438 5100 3571 5174 (Uss.

2331 5174 2444 5243 (79)
2480 5193 2499 5226 ι
2539 5168 2736 5228 Μοιιίιει
2767 5189 2896 5228 vero
2946 5168 3366 5243 -ίὸοιιειιιιιιιιι
3404 5173 3490 5228 sit.
3521 5191 3539 5225 ι
3595 5168 3785 5236 Gregor.

2257 5240 2514 5314 epi'st.'ad
2544 5245 2726 5314 Germ.
2759 5243 2925 5299 Mansi
2958 5251 2998 5314 t.
3025 5240 3144 5308 XX,
3173 5258 3226 5312 p.
3256 5241 3382 5314 57!}.

2329 5315 2444 5380 (80)
2478 5313 2596 5367 Vid.
2624 5311 2862 5370 Heinrici
2894 5313 3120 5380 «epistola
3149 5310 3291 5368 inter
3318 5310 3669 5380 Gregorianas
3698 5316 3774 5376 p08
3805 5367 3820 5380 ,
