3938 5380
123 314 228 370 2θό

122 431 461 505 contemptui
489 430 673 488 haberi
701 442 970 498 cerneret,
1001 431 1178 487 adhuc
1210 429 1522 488 induratum
1548 445 1783 581 suusz

123 526 206 581 vel
236 524 410 580 semel
438 532 760 581 attenmtare
797 525 1096 581 nronosuit.
1135 532 1192 579 et
1235 534 1346 580 tres
1391 525 1539 580 viros
1588 523 1684 580 reli

123 526 206 581 vel
236 524 410 580 semel
438 532 760 595 attemptare
797 525 1096 595 proposuit,
1135 532 1192 579 et
1235 534 1346 580 tres
1391 525 1539 580 viros
1588 523 1684 580 reli

121 620 304 689 giosos
325 618 441 691 (83)
471 618 641 688 ipsius
671 617 860 687 utique
883 617 1090 683 fideles,
1117 632 1454 686 quormnque
1483 617 1618 670 duos
1644 617 1711 670 ad

121 725 182 766 se
219 710 474 772 Bonnam,
505 717 690 780 utpote
717 709 929 764 caeteris
952 708 1358 774 familiariores,
1386 708 1501 777 jam
1540 708 1708 773 misit,

118 800 188 855 ad
215 815 344 854 eum
371 814 591 870 quoque
648 797 968 854 familiarius
1006 797 1404 868 adloquendqu
1456 808 1511 852 et
1556 796 1712 866 juxta

119 891 492 961 evangelicam
515 891 820 946 doctrinam
871 890 1248 946 luerificudum
1294 891 1612 945 festinanter
1638 890 1712 945 le-

119 993 274 1052 gates
301 983 536 1047 remisit;
561 983 759 1052 quique
785 998 933 1049 eum,
963 993 1022 1036 ut
1065 991 1149 1036 est
1173 982 1495 1048 amicorum,
1523 996 1714 1036 suaso-

121 1075 220 1129 riis
245 1081 303 1129 et
338 1074 569 1130 secretis
607 1073 1013 1144 suggestionum
1049 1073 1434 1137 incitamentis,
1465 1087 1564 1128 nec
1603 1089 1710 1127 non

119 1167 314 1221 amica!
363 1175 598 1236 etpura:
625 1166 898 1222 libertatis
943 1165 1330 1236 blandiloquiis
1371 1165 1440 1220 ad
1491 1167 1708 1236 dignam

119 1260 391 1314 scelerum
437 1275 659 1314 suorum
701 1259 1075 1328 paenitentiam
1132 1259 1447 1330 instigatnm
1491 1276 1712 1316 revoca-

121 1357 263 1412 rent,
294 1357 351 1402 et
377 1363 465 1413 ea,
497 1349 744 1418 quamvis
781 1349 928 1403 dictu
963 1349 1255 1415 horrenda,
1283 1351 1484 1418 passim
1531 1359 1708 1404 tamen

121 1439 524 1506 vulgatissima,
556 1439 655 1507 ipsi
683 1439 879 1509 partim
909 1438 1223 1492 enarrando
1242 1447 1625 1509 proponerent,
1656 1447 1712 1493 et

119 1531 198 1586 sic
227 1531 284 1584 in
305 1545 403 1586 ore
423 1531 618 1585 borum
650 1531 809 1585 trium
838 1529 1056 1585 testium
1077 1540 1249 1585 staret
1276 1546 1437 1584 onme
1463 1532 1706 1585 verbum.

117 1619 224 1676 Per
255 1624 356 1677 lius
383 1623 552 1676 etiam
583 1622 684 1692 ipsi
713 1620 1084 1676 indubitanter
1109 1621 1346 1676 intimari
1374 1621 1581 1686 l'ceit,si
1613 1635 1708 1676 eos

117 1712 350 1766 seorsim
383 1711 487 1765 sibi
518 1711 796 1780 loquentes
826 1725 934 1766 non
965 1711 1202 1776 audiret,
1234 1713 1380 1782 quod
1406 1711 1522 1778 ejus
1554 1710 1706 1782 ﬂagi-

1356 310 1696 368 ANNALES.
1741 341 1813 354 --
1852 312 1969 368 AN.
2011 311 2159 369 N76.

3293 320 3397 378 365

1815 439 2058 501 replum,
2096 445 2129 484 a
2155 427 2354 483 comite
2380 425 2671 484 Adalberto
2688 468 2704 495 ,
2729 442 2897 486 uxore
2939 428 3059 500 ejus
3087 431 3399 492 Wieldruda

1813 529 1867 574 et
1907 519 2032 574 filiis
2073 534 2260 573 eorum
2305 518 2359 574 in
2392 519 2446 574 id
2487 519 2662 590 ipsum
2707 523 3106 588 consentaneis,
3133 525 3247 597 jam
3298 528 3399 582 ali-

1813 612 2070 682 quamdiu
2095 620 2476 676 restauratum,
2507 627 2650 667 nunc
2681 613 2782 668 sub
2812 617 3218 672 testamentario
3238 620 3400 690 regia:

1813 699 2109 770 maiestatis
2134 700 2256 771 jure
2289 709 2345 755 et
2395 701 2690 771 scriptione
2736 703 2999 773 plenarize
3031 705 3298 764 libertatis
3333 709 3399 742 η’

1813 790 2159 846 omnifariam
2199 791 2419 845 domino
2450 789 2583 858 Deo,
2615 803 2805 848 sancto
2850 794 3037 863 Petro,
3067 808 3260 854 sancto
3282 800 3396 854 Au-

1813 882 1946 938 relio
1969 891 2026 936 et
2067 889 2257 936 sancto
2301 880 2597 937 Benedicto
2645 884 3088 942 contradcbatur.
3122 888 3190 944 Et
3227 890 3306 945 sic
3329 908 3398 956 ex

1814 986 1926 1032 toto
1967 975 2317 1047 proprietatis
2357 975 2569 1031 illorum
2599 975 2904 1032 absolutum
2945 980 3208 1049 dominio,
3237 984 3398 1039 solita

1813 1053 1947 1140 legis
1973 1067 2340 1124 Alemannicte
2369 1066 2839 1126 abrenuntiatoria
2885 1073 3268 1131 testificatione
3307 1092 3402 1131 co-

1813 1177 1928 1218 ram
1959 1162 2147 1217 multis
2175 1161 2404 1217 testibus
2443 1163 2584 1232 apud
2621 1164 2852 1219 curulem
2898 1165 3100 1232 locum,
3125 1169 3254 1224 etin
3283 1168 3399 1241 ipso

1812 1255 1986 1309 sancti
2023 1253 2229 1309 Aurelii
2254 1254 2341 1309 die
2369 1253 2535 1319 festo,
2560 1254 2900 1311 liberrimum
2950 1271 3230 1328 peractum
3275 1279 3305 1316 a
3337 1278 3400 1318 se

1813 1360 2037 1414 prorsus
2093 1345 2514 1416 emancipabant
2552 1347 2711 1418 (85),
2755 1355 2811 1404 et
2856 1349 2909 1403 in
2954 1352 3234 1406 servitium
3299 1354 3398 1410 Dei

1811 1437 1996 1492 abbati
2027 1437 2356 1493 Willilielmo
2395 1436 2623 1509 ejusque
2653 1441 3031 1497 sucessoribus
3075 1443 3129 1497 in
3170 1443 3399 1501 liberam

1809 1535 2134 1598 potestatem
2163 1537 2218 1583 et
2244 1544 2465 1595 curam,
2507 1539 2564 1585 et
2591 1527 2854 1586 fratribus
2877 1531 3012 1587 inibi
3062 1533 3163 1588 sub
3212 1537 3399 1606 regula

1811 1621 2112 1676 monastica
2154 1620 2380 1677 victuris
2421 1621 2474 1676 in
2524 1623 2892 1678 necessariam
2950 1627 3400 1684 sustentationem

1811 1710 2162 1776 destinatum,
2193 1713 2327 1768 satis
2366 1712 2628 1784 legittime
2668 1714 3088 1771 conﬁrmabant.
3117 1715 3225 1772 Pro
3245 1718 3402 1787 cujus

120 1805 194 1858 tia
238 1803 505 1858 accelesire
550 1817 647 1872 per
674 1802 921 1857 ordinem
963 1801 1246 1872 propalata
1300 1803 1703 1866 innotesceret;
1741 1805 1784 1864 Β
1813 1800 2172 1857 institutionis
2203 1803 2496 1858 liberrima:
2535 1802 2802 1870 decretis,
2826 1806 3136 1875 apostolica:
3169 1809 3404 1863 auctori-

117 1895 165 1948 si
190 1904 377 1949 autem
416 1893 717 1949 wcclesiam
756 1908 864 1948 non
927 1893 1154 1959 audiret,
1210 1893 1326 1964 ipse
1377 1909 1501 1948 eum
1551 1895 1706 1964 quasi

117 1987 402 2042 etlmicnm
453 1996 508 2043 et
547 1987 894 2056 publicanum
951 2003 982 2043 a
1019 1987 1277 2045 membris
1322 1989 1438 2061 ejus
1485 1991 1709 2046 omnino

119 2096 249 2152 sepa
261 2091 429 2134 roret.

186 2172 293 2240 Qui
343 2170 646 2227 Goslariam
691 2173 759 2227 ad
799 2188 980 2244 regem
1018 2174 1164 2229 circa
1209 2175 1548 2232 nativitatem
1603 2177 1710 2233 Do-

117 2265 249 2319 mini
276 2264 658 2333 pervenientes
679 2304 695 2330 ,
719 2257 873 2335 juxta
899 2267 1043 2337 quod
1073 2267 1178 2322 illis
1206 2284 1304 2338 per
1323 2269 1706 2324 obcedicntiam

118 2356 438 2427 impositum
467 2365 623 2422 erat,
655 2367 814 2413 caute
861 2359 1048 2425 nimis,
1077 2369 1160 2414 set
1187 2369 1292 2414 non
1340 2359 1544 2430 absque
1595 2376 1712 2415 ma-

117 2450 268 2505 xime
292 2449 422 2504 vita:
449 2464 564 2504 sua:
609 2435 872 2520 periculo,
895 2438 1238 2521 peregerant.
1263 2451 1412 2519 Quos
1459 2453 1548 2507 ille
1601 2469 1709 2509 non

116 2539 256 2594 bona
299 2540 563 2611 patientia
607 2542 934 2612 suscipiens,
959 2525 1130 2597 totum
1177 2543 1322 2612 quod
1354 2543 1454 2613 ipsi
1498 2552 1710 2598 secreto

116 2631 170 2686 in
197 2645 392 2686 aurem
423 2628 629 2688 elocuti
677 2632 913 2700 fuerant,
948 2633 1073 2688 mox'
1109 2633 1191 2687 ira
1241 2643 1295 2689 et
1341 2633 1711 2703 indignatione

118 2737 224 2778 non
259 2723 519 2779 mediocri
551 2737 872 2790 succensus,
896 2725 1208 2780 convocatis
1236 2725 1348 2796 suis
1379 2723 1709 2780 consiliariis

118 2815 298 2885 palam
348 2815 479 2871 fecit
518 2815 765 2872 enarrari
815 2816 1164 2887 querelosus,
1195 2833 1283 2882 ea,
1320 2826 1378 2871 ut
1411 2817 1600 2884 fertur,
1632 2817 1712 2871 in-

119 2905 388 2971 tentione,
417 2915 476 2959 ut
517 2921 624 2960 non
654 2905 828 2960 solum
862 2906 1054 2976 ipsius,
1083 2915 1167 2961 set
1201 2913 1257 2961 et
1297 2921 1424 2961 suas
1431 2907 1711 2992 [proprias

122 3001 272 3050 tanto
305 2997 482 3066 magis
514 2995 806 3072 defendere
841 3006 1172 3051 conarentur
1199 2995 1432 3052 causas:l
1444 2996 1512 3051 Et
1546 3011 1668 3051 mox
1691 3037 1706 3063 ,

117 3086 262 3157 quod
285 3101 493 3158 prater
517 3098 714 3143 Caetera
749 3087 980 3144 domnus
1012 3088 1343 3160 aps‘stolicus
1384 3089 1433 3145 ei
1456 3089 1709 3159 speciali-

1819 1891 1946 1946 tatis
1985 1891 2268 1962 privilegio
2305 1895 2646 1960 roborandis,
2673 1893 2802 1949 dum
2851 1911 2975 1951 tuox
3025 1897 3268 1969 ejusdem
3296 1899 3402 1954 loci

1815 1984 1984 2040 abbas
2013 1981 2378 2041 Willilielmus
2403 1985 2629 2043 Romam
2657 1989 2963 2058 perveniret
2982 2027 3003 2055 ,
3035 2000 3089 2044 et
3119 1991 3185 2045 ad
3216 2000 3400 2047 votum

1814 2093 1974 2133 suum
2001 2078 2140 2148 apud
2173 2093 2364 2148 papam
2393 2079 2712 2149 Gregorium
2747 2080 2797 2133 id
2827 2078 3140 2147 efﬁcaciter,
3164 2098 3264 2151 pro
3293 2099 3402 2154 quo

1813 2171 2043 2236 exierat,
2073 2179 2390 2240 perageret,
2421 2172 2547 2226 dum
2591 2171 2891 2242 rcpatriare
2911 2173 3024 2243 jam
3057 2175 3406 2232 moliebatur.

1816 2265 2085 2329 acerrima
2136 2263 2227 2318 illa
2277 2263 2527 2332 passione
2574 2263 2699 2320 ilico
2747 2263 2968 2320 invasus
3019 2265 3398 2334 alliciebamr,

1815 2369 1978 2424 quam
2000 2355 2161 2411 Grcci
2194 2355 2462 2419 atrofiam,
2493 2354 2544 2409 id
2564 2363 2649 2409 est
2671 2356 3036 2411 cessationem
3060 2360 3398 2422 nutriuicnti.

1816 2448 2020 2511 dicunt,
2061 2461 2184 2515 qua:
2210 2446 2427 2515 quidem
2455 2460 2486 2499 a
2517 2444 2877 2501 diminutione
2909 2456 2964 2501 et
2995 2446 3260 2503 tenuitate
3283 2464 3402 2503 car-

1816 2539 1902 2593 nis
1933 2553 1997 2592 cx
2035 2539 2213 2592 causis
2242 2533 2563 2605 quibusdam
2605 2547 2814 2592 naturze
2853 2536 3152 2593 latentibus
3175 2549 3230 2593 et
3263 2555 3400 2609 pau-

1817 2630 1969 2685 latim
2001 2629 2574 2686 reconvalesccntibus’
2616 2628 2836 2684 accidit.
2889 2629 3114 2699 Insuper
3161 2630 3403 2686 febribus

1816 2723 2084 2793 planetis,
2123 2721 2432 2786 disinteria,
2485 2721 2810 2776 mmorroida
2836 2761 2851 2786 ,
2881 2722 2936 2776 id
2985 2731 3069 2777 est
3119 2724 3405 2794 sanguinis

1817 2817 1986 2873 fluore
2014 2858 2031 2883 ,
2062 2816 2382 2879 labefactus,
2413 2829 2512 2870 nec
2558 2829 2663 2869 non
2689 2813 2998 2884 inguinario
3035 2815 3270 2884 quodam
3319 2824 3403 2870 tu-

1815 2922 1969 2963 more
1994 2922 2101 2962 non
2128 2907 2412 2962 minimum
2439 2905 2508 2960 ad
2546 2905 2660 2960 lucc
2688 2920 2794 2958 una
2841 2905 3132 2973 distentus,
3180 2906 3402 2964 circiter

1816 2999 2056 3069 quinque
2103 3013 2358 3064 menses,
2405 2996 2476 3053 ab
2531 2995 2662 3066 ipsis
2701 2994 2867 3050 etiam
2898 2994 3124 3051 medicis
3173 2997 3401 3051 onmitm

1818 3091 2172 3160 desperatus,
2220 3099 2304 3146 set
2353 3104 2456 3145 non
2509 3088 2656 3144 solus
2704 3102 2972 3153 suorum,
3017 3087 3406 3144 miserabiliter

120 3187 202 3234 ter
234 3179 548 3245 interdixit,
584 3180 1069 3240 excommunicatis
1100 3195 1169 3237 cx
1206 3182 1385 3237 studio
1421 3190 1550 3237 tunc
1587 3196 1710 3250 per-
1739 3166 1784 3230 C
1817 3185 2185 3241 cruciabatur.
2219 3183 2445 3240 Demum
2475 3197 2626 3248 vero,
2668 3192 2952 3252 postquam
2999 3181 3110 3236 Deo
3147 3182 3400 3253 omnipo-

119 3269 384 3326 vicaeiter
429 3270 854 3326 conrmnnicavit
886 3311 902 3337 ,
945 3286 1054 3326 non
1107 3274 1397 3330 attendens
1459 3273 1705 3329 caritatis

119 3369 177 3415 et
220 3360 655 3431 longanimitatis
705 3361 851 3418 illius
891 3373 1131 3433 paterna:
1181 3363 1560 3431 tolerantiam,
1597 3381 1706 3437 qua

117 3449 351 3505 salutem
378 3460 436 3505 et
464 3449 724 3506 honorem
776 3452 946 3522 ipsius
973 3453 1029 3508 in
1059 3455 1266 3524 gremio
1285 3465 1488 3510 sancite
1514 3455 1704 3512 Eccle-

117 3547 215 3601 sia:
242 3561 303 3601 se
322 3544 702 3616 amplexurnm
719 3546 836 3603 fore
856 3563 953 3619 per
973 3549 1071 3604 bos
1096 3549 1239 3604 viros
1252 3550 1359 3605 "sibi
1394 3549 1706 3608 fidelissime

118 3637 488 3703 dctmndavit,
520 3639 569 3692 si
597 3639 912 3709 resipuerit;
948 3657 1048 3697 nec
1087 3653 1334 3697 metuens
1361 3652 1583 3698 econtra
1624 3660 1710 3699 se-

117 3730 369 3785 veritatis
396 3730 542 3786 illius
587 3733 1059 3789 comminatorium
1099 3734 1356 3804 gladium,
1401 3751 1562 3806 quem
1605 3736 1707 3806 ipsi

115 3821 344 3889 pariter,
375 3821 422 3876 si
463 3822 518 3875 in
548 3836 736 3878 errore
784 3834 1047 3881 consueto
1083 3827 1332 3895 pertinax
1381 3836 1440 3882 et
1495 3827 1706 3883 inoboe-

117 3915 278 3970 diens
320 3915 665 4001 perduraret,
705 3917 1166 3989 inrefragabiliter
1207 3918 1368 3974 uinus
1413 3919 1711 3977 intentave-

123 4013 231 4060 rat.

198 4093 396 4151 Eodem
447 4104 690 4166 tempore
740 4099 1040 4154 autumnali
1088 4100 1477 4173 llirsaugiense
1527 4093 1710 4159 emno-

123 4184 298 4248 Itium,
331 4188 402 4241 ab
439 4187 720 4244 Erlefrcdo
741 4193 974 4260 quodam
1006 4193 1168 4248 nobili
1191 4205 1248 4249 et
1272 4195 1525 4266 religioso
1553 4212 1710 4251 sena-

125 4287 243 4332 tore
274 4280 388 4349 jam
431 4279 581 4342 olim,
633 4293 692 4336 ut
747 4283 938 4349 fertur,
997 4287 1099 4340 sub
1153 4285 1382 4356 Pippino
1424 4302 1550 4353 rege
1591 4288 1707 4359 (8t)

124 4371 455 4442 regulariter
484 4375 618 4429 satis
672 4376 978 4432 institutum
1004 4419 1019 4438 .
1053 4388 1136 4434 set
1183 4390 1527 4450 posterorum
1568 4381 1710 4435 illius

1656 4047 1794 4102 ctuti

1815 3276 1952 3331 lenti
1994 3277 2206 3331 medico
2243 3275 2558 3338 miserante,
2589 3284 2802 3344 tempus
2836 3273 3131 3332 miserandi
3162 3274 3401 3339 advenit,

1809 3368 1936 3425 oleo
1962 3383 2120 3425 sacro
2149 3383 2179 3422 a
2206 3366 2463 3422 fratribus
2499 3374 2756 3430 unctum,
2794 3371 2850 3419 et
2876 3379 2908 3419 a
2938 3363 3175 3434 peccatis
3219 3364 3408 3423 dimis-

1811 3479 1962 3528 sum,
1993 3462 2171 3517 oratio
2198 3460 2320 3516 fidei
2367 3459 2597 3516 salvavit
2625 3459 2918 3515 infirmum.
2947 3459 3040 3514 Sie
3085 3461 3154 3514 ad
3200 3463 3398 3516 cellam

1811 3567 1988 3617 suam,
2009 3568 2133 3606 mox
2152 3549 2614 3615 reconvalescens,
2638 3565 2760 3605 cum
2787 3549 3066 3620 acquisitis
3091 3550 3402 3619 apostolica:

1811 3641 2154 3698 liberalitatis
2183 3639 2480 3712 privilegiis
2523 3648 2581 3696 et
2605 3639 3072 3697 benedictionibus
3109 3640 3198 3694 vix
3243 3653 3408 3711 περαίη

1811 3735 1993 3790 triavit
2009 3734 2145 3804 (86).
2194 3800 2195 3804 η
3064 3808 3070 3810 _
3211 3803 3256 3810 ,,,

1884 3826 2171 3880 Dietwinus
2211 3823 2512 3879 Leodiensis
2537 3841 2810 3894 episcopus
2840 3808 3080 3888 decessit,
3121 3808 3394 3878 suillam-

1811 3918 1952 3972 ricus
1977 3917 2354 3972 Viridunensis
2377 3916 2696 3985 praepositus
2716 3913 2984 3970 successit.

2465 4006 2751 4063 MLXXVI.

1883 4099 2172 4155 llcinricus
2202 4114 2294 4153 rex
2323 4097 2556 4153 natalem
2586 4098 2798 4154 Domini
2834 4099 3096 4156 Gestaris:
3121 4101 3231 4170 egit
3251 4139 3270 4165 ,
3299 4091 3399 4154 Sa:

1812 4193 2048 4248 xonibus
2071 4205 2399 4260 quamquam
2436 4189 2510 4243 illi
2551 4205 2658 4245 non
2709 4207 2898 4261 parum
2935 4192 3160 4247 infensis
3203 4200 3257 4246 et
3289 4205 3400 4247 non

1813 4286 2033 4341 omnino
2083 4282 2351 4348 fidelibus,
2383 4292 2568 4354 utpote
2599 4291 2710 4338 tam
2746 4300 2886 4339 saeva
2917 4294 2975 4340 et
3002 4284 3260 4354 injuriosa
3284 4283 3405 4338 ani-

1813 4376 2066 4430 mositate
2099 4373 2266 4444 ipsius
2295 4371 2628 4441 majestative
2657 4375 2979 4444 suppressis.

123 4460 406 4519 invasione
434 4479 500 4517 ex
548 4464 718 4519 multo
741 4463 853 4534 jam
884 4478 1124 4538 tempore
1169 4470 1502 4526 destructum
1532 4481 1586 4526 et
1627 4472 1709 4526 di-
1741 4467 1787 4522 D
1882 4467 2176 4536 Gregorius
2203 4482 2360 4538 papa,
2383 4478 2440 4522 ut
2472 4466 2670 4523 bonum
2696 4476 2970 4538 pastorem
2998 4474 3232 4537 oportet,
3261 4462 3402 4520 ovile

1449 4561 1680 4620 VARIIE
1716 4558 2121 4620 LECTIONES.

198 4647 269 4680 ³⁸⁸
307 4650 541 4710 libertati
588 4653 643 4708 Ξ.

1634 4747 1868 4807 ΝΟΤΑς.

197 4837 447 4918 (§_3)_Hos
500 4845 645 4918 ipse“
676 4845 1263 4918 Gregoriushnomina_t
1291 4844 1330 4897 l.
1363 4857 1570 4918 nt,_ep.
1619 4851 1707 4907 tu,

130 4899 460 4977 Bailbodum,
492 4899 1392 4973 A'dalbertn‘in—etiUodcscalcum.
1429 4899 1585 4968 'Da'ta
1627 4899 1712 4969 est

129 4975 423 5059 fgefnepist.
449 4975 523 5038 ad
553 5001 738 5059 regem
775 5003 825 5041 vl
856 4987 932 5042 Id.
963 4986 1114 5059 Jan.)
1145 4986 1332 5059 indict.
1352 4985 1447 5059 ll,
1479 4984 1632 5059 quod
1654 5000 1707 5059 a.

126 5047 272 5125 ξυῖϐ
311 5051 522 5117 indicat,
557 5047 669 5125 qu'o
709 5057 824 5110 inec
862 5066 986 5113 sunt
1018 5056 1319 5125 referenda.
1352 5047 1477 5111 Uss.
1498 5047 1575 5096 ῖ-ρ
1601 5054 1709 5110 Sed

125 5115 342 5194 §ttcras
370 5115 518 5194 papai
537 5115 686 5180 anno
716 5127 850 5182 1075
875 5127 1108 5194 scriptas
1130 5124 1316 5188 fuisse,
1349 5141 1416 5181 ex
1462 5125 1707 5178 unanimi

127 5183 399 5265 lambert'i
425 5183 477 5248 et
507 5195 780 5250 Bertlioldi
807 5183 1119 5250 narratione
1147 5183 1378 5258 constat,
1404 5196 1495 5265 qui
1529 5210 1706 5262 regem

125 5258 340 5326 legatos
364 5261 616 5364 Goslariar
647 5268 794 5312 circa
823 5268 1160 5321 nativitatem
1194 5258 1710 5364 Domini‘becepisse

125 5339 176 5364 ,³
215 5339 328 5364 III")
358 5348 542 5364 ornans...
572 5351 655 5364 Α...
695 5337 998 5364 n--:nn:-\.-.su
1030 5345 1348 5364 Διιοιινηιιίιιαιι
1477 5334 1706 5364 ηιαιηοιίῖο

1030 5345 1348 5364 Λιιοιινηιιιιιαιι
1407 5344 1706 5364 Who-nonulla

122 5339 176 5364 .’
215 5339 328 5364 ΙΙΙΙὶἱ
358 5337 655 5364 οιιιηηη.ιΙΛ.-ι
695 5337 998 5364 ηιιῖιισιΣ-διιιιὶ
1030 5351 1196 5364 Διιοιινη

1815 4839 2447 4911 recepisset,principum
2470 4838 2524 4892 iu
2543 4836 2606 4911 id.
2637 4836 2708 4911 ἓξ
2739 4836 2979 4911 ejusdem
3003 4837 3216 4911 mensis
3248 4831 3392 4894 Wo,

1813 4905 2036 4969 matiam
2064 4905 2534 4964 convocandorun
2561 4905 2793 4962 facultas
2813 4920 2916 4959 non
2943 4905 3153 4959 fuisset.

1885 4982 1998 5051 (8t)
2042 4981 2154 5051 lmo
2187 4979 2286 5033 sub
2327 4975 2601 5051 Ludovico
2627 4976 2724 5051 lfio
2764 4979 2892 5051 imp.
2923 4989 3065 5051 anno
3093 4973 3412 5051 859,_ja‘ctis

1813 5043 2180 5109 ab'Erlal‘rido
2211 5049 2414 5104 comite
2461 5047 2528 5099 dc
2562 5044 2747 5100 Calwa
2795 5043 2985 5112 primis
3022 5043 3260 5098 emnobii
3290 5047 3414 5100 ἣηι-

1816 5121 2105 5178 damentis.
2163 5117 2282 5174 Vid.
2324 5117 2463 5176 Hist.
2512 5113 2690 5183 Nigra:
2741 5114 2902 5170 Silvae
2933 5119 3066 5166 tom.
3117 5112 3161 5176 l,
3204 5129 3258 5183 p.
3285 5115 3418 5174 9.67.

1818 5192 1943 5248 Uss.

1881 5259 2003 5364 $85)
2042 5258 2288 5312 Traditio
2341 5259 2461 5314 hrec
2511 5253 2652 5307 facta
2705 5262 2790 5310 est
2839 5247 3140 5317 flirsaugire
3168 5251 3416 5330 a.1075,

1918 5335 1984 5364 ίηί
2043 5329 2108 5364 ιχ
2163 5328 2245 5364 ι’...ο
2295 5328 2329 5364 0
2383 5340 2516 5364 venit
2573 5321 2664 5364 Kal
2726 5322 2869 5364 nrt:
2909 5319 3259 5364 mmfirmatm
3287 5335 3416 5364 \‘r-rn

1821 5319 1996 5364 ςιιλίηί
2043 5329 2108 5364 IK
2163 5328 2245 5364 l'nm
2295 5328 2329 5364 0
2383 5340 2516 5364 vum
2573 5321 2664 5364 Kal
2726 5322 2869 5364 Πριτ
2909 5319 3259 5364 cnnfirmalin
3287 5335 3418 5364 \‘Hrn
