  <div class='ocr_page' id='page_1' title='image "/cluster/home/n/w/nwhite01/storage/ocr_20150623/147/hvd.32044010574002/189.png"; bbox 0 0 3938 5380; ppageno 0'>
   <div class='ocr_carea' id='block_1_1' title="bbox 597 348 714 405">
    <p class='ocr_par' dir='ltr' id='par_1_1' title="bbox 597 348 714 405">
     <span class='ocr_line' id='line_1_1' title="bbox 597 348 714 405; baseline -0.017 0"><span class='ocrx_word' id='word_1_1' title='bbox 597 348 714 405; x_wconf 56' lang='grc' dir='ltr'><strong>ᾌΘἹ</strong></span> 
     </span>
    </p>
   </div>
   <div class='ocr_carea' id='block_1_2' title="bbox 1468 337 2957 404">
    <p class='ocr_par' dir='ltr' id='par_1_2' title="bbox 1468 337 2957 404">
     <span class='ocr_line' id='line_1_2' title="bbox 1468 337 2957 404; baseline 0.003 -4"><span class='ocrx_word' id='word_1_2' title='bbox 1468 344 1855 402; x_wconf 79' lang='lat' dir='ltr'><strong>BERTllOLDl</strong></span> <span class='ocrx_word' id='word_1_3' title='bbox 1893 345 2330 403; x_wconf 74' lang='lat' dir='ltr'><strong>PBESBYTERI</strong></span> <span class='ocrx_word' id='word_1_4' title='bbox 2368 337 2957 404; x_wconf 73' lang='lat' dir='ltr'><strong>CONSTANTIENSIS</strong></span> 
     </span>
    </p>
   </div>
   <div class='ocr_carea' id='block_1_3' title="bbox 3759 353 3856 410">
    <p class='ocr_par' dir='ltr' id='par_1_3' title="bbox 3759 353 3856 410">
     <span class='ocr_line' id='line_1_3' title="bbox 3759 353 3856 410; baseline 0.01 -1"><span class='ocrx_word' id='word_1_5' title='bbox 3759 353 3856 410; x_wconf 76' lang='lat'><strong>363</strong></span> 
     </span>
    </p>
   </div>
   <div class='ocr_carea' id='block_1_4' title="bbox 605 459 3856 534">
    <p class='ocr_par' dir='ltr' id='par_1_4' title="bbox 605 459 3856 534">
     <span class='ocr_line' id='line_1_4' title="bbox 605 459 3856 534; baseline 0 -16"><span class='ocrx_word' id='word_1_6' title='bbox 605 463 805 518; x_wconf 75' lang='lat' dir='ltr'><strong>Christi</strong></span> <span class='ocrx_word' id='word_1_7' title='bbox 841 477 869 515; x_wconf 88' lang='lat' dir='ltr'><strong>a</strong></span> <span class='ocrx_word' id='word_1_8' title='bbox 909 461 1088 533; x_wconf 89' lang='lat' dir='ltr'><strong>lupina</strong></span> <span class='ocrx_word' id='word_1_9' title='bbox 1143 461 1291 515; x_wconf 89' lang='lat' dir='ltr'><strong>rabie</strong></span> <span class='ocrx_word' id='word_1_10' title='bbox 1335 459 1572 528; x_wconf 77' lang='lat' dir='ltr'><strong>umliqne</strong></span> <span class='ocrx_word' id='word_1_11' title='bbox 1620 459 1868 515; x_wconf 89' lang='lat' dir='ltr'><strong>oculatus</strong></span> <span class='ocrx_word' id='word_1_12' title='bbox 1920 461 2180 516; x_wconf 65' lang='lat' dir='ltr'><strong>sollertis-</strong></span> <span class='ocrx_word' id='word_1_13' title='bbox 2207 466 2255 524; x_wconf 84' lang='grc' dir='ltr'><strong>Α</strong></span> <span class='ocrx_word' id='word_1_14' title='bbox 2285 467 2379 514; x_wconf 89' lang='lat' dir='ltr'><strong>aut</strong></span> <span class='ocrx_word' id='word_1_15' title='bbox 2414 460 2650 531; x_wconf 83' lang='lat' dir='ltr'><strong>corripi,</strong></span> <span class='ocrx_word' id='word_1_16' title='bbox 2681 475 2785 516; x_wconf 93' lang='lat' dir='ltr'><strong>non</strong></span> <span class='ocrx_word' id='word_1_17' title='bbox 2835 461 3006 517; x_wconf 86' lang='lat' dir='ltr'><strong>solum</strong></span> <span class='ocrx_word' id='word_1_18' title='bbox 3053 477 3157 516; x_wconf 89' lang='lat' dir='ltr'><strong>non</strong></span> <span class='ocrx_word' id='word_1_19' title='bbox 3207 463 3451 534; x_wconf 84' lang='lat' dir='ltr'><strong>resiptnt,</strong></span> <span class='ocrx_word' id='word_1_20' title='bbox 3496 464 3628 534; x_wconf 88' lang='lat' dir='ltr'><strong>quin</strong></span> <span class='ocrx_word' id='word_1_21' title='bbox 3683 465 3856 534; x_wconf 79' lang='lat' dir='ltr'><strong>potius</strong></span> 
     </span>
    </p>
   </div>
   <div class='ocr_carea' id='block_1_5' title="bbox 604 547 2181 617">
    <p class='ocr_par' dir='ltr' id='par_1_5' title="bbox 604 547 2181 617">
     <span class='ocr_line' id='line_1_5' title="bbox 604 547 2181 617; baseline -0.002 -12"><span class='ocrx_word' id='word_1_22' title='bbox 604 553 744 606; x_wconf 73' lang='lat' dir='ltr'><strong>sitne</strong></span> <span class='ocrx_word' id='word_1_23' title='bbox 781 551 1092 614; x_wconf 81' lang='lat' dir='ltr'><strong>muniendo,</strong></span> <span class='ocrx_word' id='word_1_24' title='bbox 1131 564 1233 602; x_wconf 88' lang='lat' dir='ltr'><strong>non</strong></span> <span class='ocrx_word' id='word_1_25' title='bbox 1263 550 1420 603; x_wconf 86' lang='lat' dir='ltr'><strong>modo</strong></span> <span class='ocrx_word' id='word_1_26' title='bbox 1445 547 1590 611; x_wconf 81' lang='lat' dir='ltr'><strong>alibi,</strong></span> <span class='ocrx_word' id='word_1_27' title='bbox 1626 565 1812 602; x_wconf 84' lang='lat' dir='ltr'><strong>verum</strong></span> <span class='ocrx_word' id='word_1_28' title='bbox 1843 551 1895 603; x_wconf 93' lang='lat' dir='ltr'><strong>in</strong></span> <span class='ocrx_word' id='word_1_29' title='bbox 1927 551 2038 617; x_wconf 91' lang='lat' dir='ltr'><strong>ipsa</strong></span> <span class='ocrx_word' id='word_1_30' title='bbox 2071 549 2181 602; x_wconf 79' lang='lat' dir='ltr'><strong>Ro-</strong></span> 
     </span>
    </p>
   </div>
   <div class='ocr_carea' id='block_1_6' title="bbox 606 637 2184 697">
    <p class='ocr_par' dir='ltr' id='par_1_6' title="bbox 606 637 2184 697">
     <span class='ocr_line' id='line_1_6' title="bbox 606 637 2184 697; baseline -0.002 -2"><span class='ocrx_word' id='word_1_31' title='bbox 606 657 766 697; x_wconf 88' lang='lat' dir='ltr'><strong>mana</strong></span> <span class='ocrx_word' id='word_1_32' title='bbox 827 642 956 696; x_wconf 94' lang='lat' dir='ltr'><strong>urbe</strong></span> <span class='ocrx_word' id='word_1_33' title='bbox 1005 639 1287 694; x_wconf 89' lang='lat' dir='ltr'><strong>nonnullos</strong></span> <span class='ocrx_word' id='word_1_34' title='bbox 1343 637 1687 694; x_wconf 76' lang='lat' dir='ltr'><strong>adversarios</strong></span> <span class='ocrx_word' id='word_1_35' title='bbox 1736 648 1791 695; x_wconf 85' lang='lat' dir='ltr'><strong>et</strong></span> <span class='ocrx_word' id='word_1_36' title='bbox 1843 640 2184 693; x_wconf 73' lang='lat' dir='ltr'><strong>insidiatores</strong></span> 
     </span>
    </p>
   </div>
   <div class='ocr_carea' id='block_1_7' title="bbox 601 732 2183 804">
    <p class='ocr_par' dir='ltr' id='par_1_7' title="bbox 601 732 2183 804">
     <span class='ocr_line' id='line_1_7' title="bbox 601 732 2183 804; baseline 0 -17"><span class='ocrx_word' id='word_1_37' title='bbox 601 733 1049 788; x_wconf 82' lang='lat' dir='ltr'><strong>auticbristianos</strong></span> <span class='ocrx_word' id='word_1_38' title='bbox 1093 741 1314 802; x_wconf 91' lang='lat' dir='ltr'><strong>propter</strong></span> <span class='ocrx_word' id='word_1_39' title='bbox 1337 732 1603 801; x_wconf 76' lang='lat' dir='ltr'><strong>justitiam</strong></span> <span class='ocrx_word' id='word_1_40' title='bbox 1634 734 1961 788; x_wconf 81' lang='lat' dir='ltr'><strong>sustinebat.</strong></span> <span class='ocrx_word' id='word_1_41' title='bbox 1992 734 2032 787; x_wconf 88' lang='lat' dir='ltr'>E</span> <span class='ocrx_word' id='word_1_42' title='bbox 2069 733 2183 804; x_wconf 85' lang='lat' dir='ltr'><strong>qui-</strong></span> 
     </span>
    </p>
   </div>
   <div class='ocr_carea' id='block_1_8' title="bbox 571 821 2183 893">
    <p class='ocr_par' dir='ltr' id='par_1_8' title="bbox 571 821 2183 893">
     <span class='ocr_line' id='line_1_8' title="bbox 571 821 2183 893; baseline 0 -17"><span class='ocrx_word' id='word_1_43' title='bbox 571 837 574 840; x_wconf 75' lang='lat'><em>‘</em></span> <span class='ocrx_word' id='word_1_44' title='bbox 602 821 704 878; x_wconf 89' lang='lat' dir='ltr'><strong>bus</strong></span> <span class='ocrx_word' id='word_1_45' title='bbox 735 823 953 893; x_wconf 89' lang='lat' dir='ltr'><strong>quidam</strong></span> <span class='ocrx_word' id='word_1_46' title='bbox 994 823 1208 877; x_wconf 91' lang='lat' dir='ltr'><strong>nomine</strong></span> <span class='ocrx_word' id='word_1_47' title='bbox 1256 823 1506 889; x_wconf 84' lang='lat' dir='ltr'><strong>Quintius</strong></span> <span class='ocrx_word' id='word_1_48' title='bbox 1533 823 1598 854; x_wconf 79' lang='grc'><strong>⁸⁵⁷</strong></span> <span class='ocrx_word' id='word_1_49' title='bbox 1619 865 1632 887; x_wconf 91' lang='grc'><strong>,</strong></span> <span class='ocrx_word' id='word_1_50' title='bbox 1661 833 1843 893; x_wconf 87' lang='lat' dir='ltr'><strong>raptor</strong></span> <span class='ocrx_word' id='word_1_51' title='bbox 1886 823 2183 892; x_wconf 83' lang='lat' dir='ltr'><strong>sacrilegus</strong></span> 
     </span>
    </p>
   </div>
   <div class='ocr_carea' id='block_1_9' title="bbox 604 913 2183 985">
    <p class='ocr_par' dir='ltr' id='par_1_9' title="bbox 604 913 2183 985">
     <span class='ocr_line' id='line_1_9' title="bbox 604 913 2183 985; baseline 0.003 -19"><span class='ocrx_word' id='word_1_52' title='bbox 604 923 658 966; x_wconf 89' lang='lat' dir='ltr'><strong>et</strong></span> <span class='ocrx_word' id='word_1_53' title='bbox 701 915 880 984; x_wconf 68' lang='lat' dir='ltr'><strong>prterlo</strong></span> <span class='ocrx_word' id='word_1_54' title='bbox 909 913 1278 980; x_wconf 90' lang='lat' dir='ltr'><strong>faciuorosus,</strong></span> <span class='ocrx_word' id='word_1_55' title='bbox 1309 923 1431 985; x_wconf 89' lang='lat' dir='ltr'><strong>post</strong></span> <span class='ocrx_word' id='word_1_56' title='bbox 1468 915 1662 969; x_wconf 90' lang='lat' dir='ltr'><strong>multas</strong></span> <span class='ocrx_word' id='word_1_57' title='bbox 1693 915 1916 969; x_wconf 83' lang='lat' dir='ltr'><strong>insidias</strong></span> <span class='ocrx_word' id='word_1_58' title='bbox 1951 930 2183 970; x_wconf 76' lang='lat' dir='ltr'><strong>vesanus</strong></span> 
     </span>
    </p>
   </div>
   <div class='ocr_carea' id='block_1_10' title="bbox 602 1003 2178 1076">
    <p class='ocr_par' dir='ltr' id='par_1_10' title="bbox 602 1003 2178 1076">
     <span class='ocr_line' id='line_1_10' title="bbox 602 1003 2178 1076; baseline -0.001 -19"><span class='ocrx_word' id='word_1_59' title='bbox 602 1013 657 1057; x_wconf 89' lang='lat' dir='ltr'><strong>et</strong></span> <span class='ocrx_word' id='word_1_60' title='bbox 705 1004 1002 1076; x_wconf 79' lang='lat' dir='ltr'><strong>sacrilegus</strong></span> <span class='ocrx_word' id='word_1_61' title='bbox 1050 1015 1390 1074; x_wconf 83' lang='lat' dir='ltr'><strong>contemptor</strong></span> <span class='ocrx_word' id='word_1_62' title='bbox 1440 1006 1684 1059; x_wconf 91' lang='lat' dir='ltr'><strong>omnium</strong></span> <span class='ocrx_word' id='word_1_63' title='bbox 1731 1020 2009 1058; x_wconf 88' lang='lat' dir='ltr'><strong>sacrorum</strong></span> <span class='ocrx_word' id='word_1_64' title='bbox 2060 1003 2178 1069; x_wconf 89' lang='lat' dir='ltr'><strong>Dei,</strong></span> 
     </span>
    </p>
   </div>
   <div class='ocr_carea' id='block_1_11' title="bbox 594 1096 2182 1167">
    <p class='ocr_par' dir='ltr' id='par_1_11' title="bbox 594 1096 2182 1167">
     <span class='ocr_line' id='line_1_11' title="bbox 594 1096 2182 1167; baseline 0.001 -18"><span class='ocrx_word' id='word_1_65' title='bbox 594 1112 932 1167; x_wconf 75' lang='lat' dir='ltr'><strong>consurgens</strong></span> <span class='ocrx_word' id='word_1_66' title='bbox 954 1097 1004 1151; x_wconf 93' lang='lat' dir='ltr'><strong>in</strong></span> <span class='ocrx_word' id='word_1_67' title='bbox 1034 1096 1180 1151; x_wconf 89' lang='lat' dir='ltr'><strong>illum</strong></span> <span class='ocrx_word' id='word_1_68' title='bbox 1211 1097 1262 1150; x_wconf 93' lang='lat' dir='ltr'><strong>in</strong></span> <span class='ocrx_word' id='word_1_69' title='bbox 1289 1103 1444 1151; x_wconf 84' lang='lat' dir='ltr'><strong>nocte</strong></span> <span class='ocrx_word' id='word_1_70' title='bbox 1476 1096 1840 1151; x_wconf 83' lang='lat' dir='ltr'><strong>sacratissima</strong></span> <span class='ocrx_word' id='word_1_71' title='bbox 1885 1096 2182 1151; x_wconf 86' lang='lat' dir='ltr'><strong>nativitatis</strong></span> 
     </span>
    </p>
   </div>
   <div class='ocr_carea' id='block_1_12' title="bbox 598 1183 2180 1256">
    <p class='ocr_par' dir='ltr' id='par_1_12' title="bbox 598 1183 2180 1256">
     <span class='ocr_line' id='line_1_12' title="bbox 598 1183 2180 1256; baseline 0.001 -17"><span class='ocrx_word' id='word_1_72' title='bbox 598 1183 849 1254; x_wconf 88' lang='lat' dir='ltr'><strong>Domini,</strong></span> <span class='ocrx_word' id='word_1_73' title='bbox 873 1204 993 1242; x_wconf 89' lang='lat' dir='ltr'><strong>cum</strong></span> <span class='ocrx_word' id='word_1_74' title='bbox 1031 1189 1099 1242; x_wconf 86' lang='lat' dir='ltr'><strong>ad</strong></span> <span class='ocrx_word' id='word_1_75' title='bbox 1135 1188 1388 1242; x_wconf 82' lang='lat' dir='ltr'><strong>Sanctam</strong></span> <span class='ocrx_word' id='word_1_76' title='bbox 1439 1187 1663 1241; x_wconf 85' lang='lat' dir='ltr'><strong>Mariam</strong></span> <span class='ocrx_word' id='word_1_77' title='bbox 1699 1186 1954 1256; x_wconf 87' lang='lat' dir='ltr'><strong>majorem</strong></span> <span class='ocrx_word' id='word_1_78' title='bbox 1985 1188 2180 1242; x_wconf 89' lang='lat' dir='ltr'><strong>missas</strong></span> 
     </span>
    </p>
   </div>
   <div class='ocr_carea' id='block_1_13' title="bbox 599 1278 2178 1349">
    <p class='ocr_par' dir='ltr' id='par_1_13' title="bbox 599 1278 2178 1349">
     <span class='ocr_line' id='line_1_13' title="bbox 599 1278 2178 1349; baseline 0.001 -17"><span class='ocrx_word' id='word_1_79' title='bbox 599 1278 824 1349; x_wconf 83' lang='lat' dir='ltr'><strong>faceret,</strong></span> <span class='ocrx_word' id='word_1_80' title='bbox 871 1297 992 1335; x_wconf 90' lang='lat' dir='ltr'><strong>cum</strong></span> <span class='ocrx_word' id='word_1_81' title='bbox 1041 1297 1201 1335; x_wconf 91' lang='lat' dir='ltr'><strong>manu</strong></span> <span class='ocrx_word' id='word_1_82' title='bbox 1254 1291 1585 1335; x_wconf 89' lang='lat' dir='ltr'><strong>armatorum</strong></span> <span class='ocrx_word' id='word_1_83' title='bbox 1635 1295 1828 1335; x_wconf 89' lang='lat' dir='ltr'><strong>vesana</strong></span> <span class='ocrx_word' id='word_1_84' title='bbox 1877 1280 2178 1334; x_wconf 58' lang='lat' dir='ltr'><strong>atcclesiam</strong></span> 
     </span>
    </p>
   </div>
   <div class='ocr_carea' id='block_1_14' title="bbox 598 1370 2180 1440">
    <p class='ocr_par' dir='ltr' id='par_1_14' title="bbox 598 1370 2180 1440">
     <span class='ocr_line' id='line_1_14' title="bbox 598 1370 2180 1440; baseline 0 -18"><span class='ocrx_word' id='word_1_85' title='bbox 598 1370 898 1440; x_wconf 82' lang='lat' dir='ltr'><strong>irrumpere</strong></span> <span class='ocrx_word' id='word_1_86' title='bbox 917 1371 982 1401; x_wconf 75' lang='grc'><strong>’⁸⁸</strong></span> <span class='ocrx_word' id='word_1_87' title='bbox 1013 1370 1248 1426; x_wconf 80' lang='lat' dir='ltr'><strong>furiosus</strong></span> <span class='ocrx_word' id='word_1_88' title='bbox 1269 1411 1282 1433; x_wconf 90' lang='lat'><strong>,</strong></span> <span class='ocrx_word' id='word_1_89' title='bbox 1309 1378 1364 1424; x_wconf 90' lang='lat' dir='ltr'><strong>et</strong></span> <span class='ocrx_word' id='word_1_90' title='bbox 1389 1378 1678 1440; x_wconf 79' lang='lat' dir='ltr'><strong>antequam</strong></span> <span class='ocrx_word' id='word_1_91' title='bbox 1723 1370 2180 1440; x_wconf 86' lang='lat' dir='ltr'><strong>posteommunia-</strong></span> 
     </span>
    </p>
   </div>
   <div class='ocr_carea' id='block_1_15' title="bbox 583 1460 2179 1528">
    <p class='ocr_par' dir='ltr' id='par_1_15' title="bbox 583 1460 2179 1528">
     <span class='ocr_line' id='line_1_15' title="bbox 583 1460 2179 1528; baseline -0.001 -13"><span class='ocrx_word' id='word_1_92' title='bbox 583 1462 697 1515; x_wconf 72' lang='lat' dir='ltr'><strong>ilem</strong></span> <span class='ocrx_word' id='word_1_93' title='bbox 737 1463 1040 1517; x_wconf 85' lang='lat' dir='ltr'><strong>orationem</strong></span> <span class='ocrx_word' id='word_1_94' title='bbox 1080 1463 1501 1518; x_wconf 89' lang='lat' dir='ltr'><strong>eucharistiatus</strong></span> <span class='ocrx_word' id='word_1_95' title='bbox 1549 1460 1757 1528; x_wconf 85' lang='lat' dir='ltr'><strong>finiret,</strong></span> <span class='ocrx_word' id='word_1_96' title='bbox 1791 1460 1858 1513; x_wconf 93' lang='lat' dir='ltr'><strong>ab</strong></span> <span class='ocrx_word' id='word_1_97' title='bbox 1889 1460 2044 1514; x_wconf 88' lang='lat' dir='ltr'><strong>altari</strong></span> <span class='ocrx_word' id='word_1_98' title='bbox 2093 1477 2179 1513; x_wconf 63' lang='lat' dir='ltr'><strong>ra.</strong></span> 
     </span>
    </p>
   </div>
   <div class='ocr_carea' id='block_1_16' title="bbox 578 1552 2177 1622">
    <p class='ocr_par' dir='ltr' id='par_1_16' title="bbox 578 1552 2177 1622">
     <span class='ocr_line' id='line_1_16' title="bbox 578 1552 2177 1622; baseline 0.001 -19"><span class='ocrx_word' id='word_1_99' title='bbox 578 1553 730 1622; x_wconf 74' lang='lat' dir='ltr'><strong>:pnit,</strong></span> <span class='ocrx_word' id='word_1_100' title='bbox 762 1553 1108 1608; x_wconf 88' lang='lat' dir='ltr'><strong>vulneratum</strong></span> <span class='ocrx_word' id='word_1_101' title='bbox 1139 1553 1300 1622; x_wconf 82' lang='lat' dir='ltr'><strong>cepit,</strong></span> <span class='ocrx_word' id='word_1_102' title='bbox 1333 1561 1387 1608; x_wconf 91' lang='lat' dir='ltr'><strong>et</strong></span> <span class='ocrx_word' id='word_1_103' title='bbox 1430 1553 1484 1607; x_wconf 92' lang='lat' dir='ltr'><strong>in</strong></span> <span class='ocrx_word' id='word_1_104' title='bbox 1515 1552 1704 1605; x_wconf 90' lang='lat' dir='ltr'><strong>turrim</strong></span> <span class='ocrx_word' id='word_1_105' title='bbox 1741 1567 1893 1605; x_wconf 89' lang='lat' dir='ltr'><strong>suam</strong></span> <span class='ocrx_word' id='word_1_106' title='bbox 1924 1560 2177 1620; x_wconf 90' lang='lat' dir='ltr'><strong>tanquam</strong></span> 
     </span>
    </p>
   </div>
   <div class='ocr_carea' id='block_1_17' title="bbox 581 1643 2174 1714">
    <p class='ocr_par' dir='ltr' id='par_1_17' title="bbox 581 1643 2174 1714">
     <span class='ocr_line' id='line_1_17' title="bbox 581 1643 2174 1714; baseline -0.001 -20"><span class='ocrx_word' id='word_1_107' title='bbox 581 1643 854 1698; x_wconf 64' lang='lat' dir='ltr'><strong>latronem</strong></span> <span class='ocrx_word' id='word_1_108' title='bbox 878 1644 1197 1714; x_wconf 82' lang='lat' dir='ltr'><strong>sacrilegum</strong></span> <span class='ocrx_word' id='word_1_109' title='bbox 1225 1659 1344 1698; x_wconf 91' lang='lat' dir='ltr'><strong>cum</strong></span> <span class='ocrx_word' id='word_1_110' title='bbox 1379 1644 1617 1698; x_wconf 77' lang='lat' dir='ltr'><strong>maximo</strong></span> <span class='ocrx_word' id='word_1_111' title='bbox 1641 1643 1873 1696; x_wconf 87' lang='lat' dir='ltr'><strong>ludibrio</strong></span> <span class='ocrx_word' id='word_1_112' title='bbox 1904 1651 2133 1696; x_wconf 89' lang='lat' dir='ltr'><strong>tractum</strong></span> <span class='ocrx_word' id='word_1_113' title='bbox 2159 1683 2174 1707; x_wconf 90' lang='lat'><strong>,</strong></span> 
     </span>
    </p>
   </div>
   <div class='ocr_carea' id='block_1_18' title="bbox 587 1734 2173 1791">
    <p class='ocr_par' dir='ltr' id='par_1_18' title="bbox 587 1734 2173 1791">
     <span class='ocr_line' id='line_1_18' title="bbox 587 1734 2173 1791; baseline 0.003 -7"><span class='ocrx_word' id='word_1_114' title='bbox 587 1743 640 1788; x_wconf 77' lang='lat' dir='ltr'><strong>et</strong></span> <span class='ocrx_word' id='word_1_115' title='bbox 705 1735 1085 1791; x_wconf 82' lang='lat' dir='ltr'><strong>miserabiliter</strong></span> <span class='ocrx_word' id='word_1_116' title='bbox 1152 1745 1454 1791; x_wconf 83' lang='lat' dir='ltr'><strong>coartatum</strong></span> <span class='ocrx_word' id='word_1_117' title='bbox 1523 1735 1900 1790; x_wconf 89' lang='lat' dir='ltr'><strong>incarceravit.</strong></span> <span class='ocrx_word' id='word_1_118' title='bbox 1956 1734 2030 1788; x_wconf 92' lang='lat' dir='ltr'><strong>lbi</strong></span> <span class='ocrx_word' id='word_1_119' title='bbox 2084 1735 2173 1790; x_wconf 86' lang='lat' dir='ltr'><strong>diu</strong></span> 
     </span>
    </p>
   </div>
   <div class='ocr_carea' id='block_1_19' title="bbox 2284 549 3853 622">
    <p class='ocr_par' dir='ltr' id='par_1_19' title="bbox 2284 549 3853 622">
     <span class='ocr_line' id='line_1_19' title="bbox 2284 549 3853 622; baseline 0.006 -19"><span class='ocrx_word' id='word_1_120' title='bbox 2284 549 2528 620; x_wconf 89' lang='lat' dir='ltr'><strong>ampliori</strong></span> <span class='ocrx_word' id='word_1_121' title='bbox 2556 553 3000 622; x_wconf 82' lang='lat' dir='ltr'><strong>tergiversatione</strong></span> <span class='ocrx_word' id='word_1_122' title='bbox 3028 564 3216 608; x_wconf 88' lang='lat' dir='ltr'><strong>contra</strong></span> <span class='ocrx_word' id='word_1_123' title='bbox 3261 555 3344 609; x_wconf 91' lang='lat' dir='ltr'><strong>fas</strong></span> <span class='ocrx_word' id='word_1_124' title='bbox 3375 562 3701 612; x_wconf 85' lang='lat' dir='ltr'><strong>temerarius</strong></span> <span class='ocrx_word' id='word_1_125' title='bbox 3729 560 3853 612; x_wconf 84' lang='lat' dir='ltr'><strong>satis</strong></span> 
     </span>
    </p>
   </div>
   <div class='ocr_carea' id='block_1_20' title="bbox 2283 641 3852 714">
    <p class='ocr_par' dir='ltr' id='par_1_20' title="bbox 2283 641 3852 714">
     <span class='ocr_line' id='line_1_20' title="bbox 2283 641 3852 714; baseline 0.004 -19"><span class='ocrx_word' id='word_1_126' title='bbox 2283 641 2584 710; x_wconf 87' lang='lat' dir='ltr'><strong>periculose</strong></span> <span class='ocrx_word' id='word_1_127' title='bbox 2618 643 2870 711; x_wconf 86' lang='lat' dir='ltr'><strong>desipuit.</strong></span> <span class='ocrx_word' id='word_1_128' title='bbox 2923 642 3164 714; x_wconf 83' lang='lat' dir='ltr'><strong>Namque</strong></span> <span class='ocrx_word' id='word_1_129' title='bbox 3204 645 3436 700; x_wconf 88' lang='lat' dir='ltr'><strong>infausto</strong></span> <span class='ocrx_word' id='word_1_130' title='bbox 3467 646 3698 701; x_wconf 89' lang='lat' dir='ltr'><strong>consilio</strong></span> <span class='ocrx_word' id='word_1_131' title='bbox 3734 662 3852 701; x_wconf 88' lang='lat' dir='ltr'><strong>eum</strong></span> 
     </span>
    </p>
   </div>
   <div class='ocr_carea' id='block_1_21' title="bbox 2283 733 3855 808">
    <p class='ocr_par' dir='ltr' id='par_1_21' title="bbox 2283 733 3855 808">
     <span class='ocr_line' id='line_1_21' title="bbox 2283 733 3855 808; baseline 0.004 -22"><span class='ocrx_word' id='word_1_132' title='bbox 2283 733 2396 787; x_wconf 91' lang='lat' dir='ltr'><strong>suis</strong></span> <span class='ocrx_word' id='word_1_133' title='bbox 2445 733 2601 799; x_wconf 77' lang='lat' dir='ltr'><strong>inito,</strong></span> <span class='ocrx_word' id='word_1_134' title='bbox 2639 733 2820 804; x_wconf 83' lang='lat' dir='ltr'><strong>plures</strong></span> <span class='ocrx_word' id='word_1_135' title='bbox 2860 735 3007 804; x_wconf 75' lang='lat' dir='ltr'><strong>regni</strong></span> <span class='ocrx_word' id='word_1_136' title='bbox 3055 737 3334 805; x_wconf 88' lang='lat' dir='ltr'><strong>episcopos</strong></span> <span class='ocrx_word' id='word_1_137' title='bbox 3357 745 3408 791; x_wconf 90' lang='lat' dir='ltr'><strong>et</strong></span> <span class='ocrx_word' id='word_1_138' title='bbox 3435 737 3730 808; x_wconf 83' lang='lat' dir='ltr'><strong>principes,</strong></span> <span class='ocrx_word' id='word_1_139' title='bbox 3763 752 3855 792; x_wconf 77' lang='lat' dir='ltr'><strong>eos</strong></span> 
     </span>
    </p>
   </div>
   <div class='ocr_carea' id='block_1_22' title="bbox 2283 826 3851 895">
    <p class='ocr_par' dir='ltr' id='par_1_22' title="bbox 2283 826 3851 895">
     <span class='ocr_line' id='line_1_22' title="bbox 2283 826 3851 895; baseline 0.003 -18"><span class='ocrx_word' id='word_1_140' title='bbox 2283 826 2517 879; x_wconf 80' lang='lat' dir='ltr'><strong>maxime</strong></span> <span class='ocrx_word' id='word_1_141' title='bbox 2543 841 2676 895; x_wconf 91' lang='lat' dir='ltr'><strong>quos</strong></span> <span class='ocrx_word' id='word_1_142' title='bbox 2715 841 2824 882; x_wconf 69' lang='lat' dir='ltr'><strong>sure</strong></span> <span class='ocrx_word' id='word_1_143' title='bbox 2869 826 3129 882; x_wconf 79' lang='lat' dir='ltr'><strong>voluntati</strong></span> <span class='ocrx_word' id='word_1_144' title='bbox 3163 837 3559 883; x_wconf 89' lang='lat' dir='ltr'><strong>consentaneos</strong></span> <span class='ocrx_word' id='word_1_145' title='bbox 3606 837 3851 892; x_wconf 76' lang='lat' dir='ltr'><strong>noverat,</strong></span> 
     </span>
    </p>
   </div>
   <div class='ocr_carea' id='block_1_23' title="bbox 2283 914 3852 990">
    <p class='ocr_par' dir='ltr' id='par_1_23' title="bbox 2283 914 3852 990">
     <span class='ocr_line' id='line_1_23' title="bbox 2283 914 3852 990; baseline 0.006 -24"><span class='ocrx_word' id='word_1_146' title='bbox 2283 914 2420 983; x_wconf 89' lang='lat' dir='ltr'><strong>apud</strong></span> <span class='ocrx_word' id='word_1_147' title='bbox 2452 914 2806 971; x_wconf 84' lang='lat' dir='ltr'><strong>Wormatiam</strong></span> <span class='ocrx_word' id='word_1_148' title='bbox 2842 917 2952 987; x_wconf 85' lang='lat'>(88)</span> <span class='ocrx_word' id='word_1_149' title='bbox 2981 920 3310 973; x_wconf 86' lang='lat' dir='ltr'><strong>convocavit.</strong></span> <span class='ocrx_word' id='word_1_150' title='bbox 3342 919 3487 986; x_wconf 88' lang='lat' dir='ltr'><strong>Quos</strong></span> <span class='ocrx_word' id='word_1_151' title='bbox 3508 934 3645 990; x_wconf 89' lang='lat' dir='ltr'><strong>pene</strong></span> <span class='ocrx_word' id='word_1_152' title='bbox 3667 936 3852 976; x_wconf 80' lang='lat' dir='ltr'><strong>omnes</strong></span> 
     </span>
    </p>
   </div>
   <div class='ocr_carea' id='block_1_24' title="bbox 2281 1005 3850 1081">
    <p class='ocr_par' dir='ltr' id='par_1_24' title="bbox 2281 1005 3850 1081">
     <span class='ocr_line' id='line_1_24' title="bbox 2281 1005 3850 1081; baseline 0.004 -23"><span class='ocrx_word' id='word_1_153' title='bbox 2281 1005 2512 1060; x_wconf 84' lang='lat' dir='ltr'><strong>debitam</strong></span> <span class='ocrx_word' id='word_1_154' title='bbox 2540 1006 2652 1078; x_wconf 89' lang='lat'><strong>(89)</strong></span> <span class='ocrx_word' id='word_1_155' title='bbox 2679 1008 2838 1062; x_wconf 88' lang='lat' dir='ltr'><strong>beato</strong></span> <span class='ocrx_word' id='word_1_156' title='bbox 2866 1008 3032 1064; x_wconf 77' lang='lat' dir='ltr'><strong>Petro</strong></span> <span class='ocrx_word' id='word_1_157' title='bbox 3051 1018 3103 1065; x_wconf 89' lang='lat' dir='ltr'><strong>et</strong></span> <span class='ocrx_word' id='word_1_158' title='bbox 3123 1009 3428 1078; x_wconf 76' lang='lat' dir='ltr'><strong>apostolieze</strong></span> <span class='ocrx_word' id='word_1_159' title='bbox 3456 1011 3602 1065; x_wconf 90' lang='lat' dir='ltr'><strong>sedis</strong></span> <span class='ocrx_word' id='word_1_160' title='bbox 3639 1011 3850 1081; x_wconf 69' lang='lat' dir='ltr'><strong>praesuli</strong></span> 
     </span>
    </p>
   </div>
   <div class='ocr_carea' id='block_1_25' title="bbox 2280 1093 3850 1170">
    <p class='ocr_par' dir='ltr' id='par_1_25' title="bbox 2280 1093 3850 1170">
     <span class='ocr_line' id='line_1_25' title="bbox 2280 1093 3850 1170; baseline 0.002 -21"><span class='ocrx_word' id='word_1_161' title='bbox 2280 1093 2537 1166; x_wconf 82' lang='lat' dir='ltr'><strong>Gregorio</strong></span> <span class='ocrx_word' id='word_1_162' title='bbox 2565 1099 2945 1153; x_wconf 71' lang='lat' dir='ltr'><strong>obmdientiam</strong></span> <span class='ocrx_word' id='word_1_163' title='bbox 2971 1098 3258 1170; x_wconf 77' lang='lat' dir='ltr'><strong>abnegarc,</strong></span> <span class='ocrx_word' id='word_1_164' title='bbox 3281 1099 3439 1168; x_wconf 89' lang='lat' dir='ltr'><strong>eique</strong></span> <span class='ocrx_word' id='word_1_165' title='bbox 3464 1099 3639 1170; x_wconf 89' lang='lat' dir='ltr'><strong>palam</strong></span> <span class='ocrx_word' id='word_1_166' title='bbox 3665 1115 3850 1155; x_wconf 86' lang='lat' dir='ltr'><strong>unum-</strong></span> 
     </span>
    </p>
   </div>
   <div class='ocr_carea' id='block_1_26' title="bbox 2280 1189 3851 1260">
    <p class='ocr_par' dir='ltr' id='par_1_26' title="bbox 2280 1189 3851 1260">
     <span class='ocr_line' id='line_1_26' title="bbox 2280 1189 3851 1260; baseline 0.002 -21"><span class='ocrx_word' id='word_1_167' title='bbox 2280 1200 2546 1255; x_wconf 84' lang='lat' dir='ltr'><strong>quemque</strong></span> <span class='ocrx_word' id='word_1_168' title='bbox 2581 1204 2645 1242; x_wconf 77' lang='lat' dir='ltr'><strong>ex</strong></span> <span class='ocrx_word' id='word_1_169' title='bbox 2677 1189 2892 1244; x_wconf 90' lang='lat' dir='ltr'><strong>nomine</strong></span> <span class='ocrx_word' id='word_1_170' title='bbox 2927 1205 3024 1244; x_wconf 90' lang='lat' dir='ltr'><strong>suo</strong></span> <span class='ocrx_word' id='word_1_171' title='bbox 3052 1189 3356 1259; x_wconf 86' lang='lat' dir='ltr'><strong>specialiter</strong></span> <span class='ocrx_word' id='word_1_172' title='bbox 3389 1194 3628 1259; x_wconf 88' lang='lat' dir='ltr'><strong>scripto,</strong></span> <span class='ocrx_word' id='word_1_173' title='bbox 3668 1190 3851 1260; x_wconf 81' lang='lat' dir='ltr'><strong>impri-</strong></span> 
     </span>
    </p>
   </div>
   <div class='ocr_carea' id='block_1_27' title="bbox 2280 1279 3849 1352">
    <p class='ocr_par' dir='ltr' id='par_1_27' title="bbox 2280 1279 3849 1352">
     <span class='ocr_line' id='line_1_27' title="bbox 2280 1279 3849 1352; baseline 0.004 -22"><span class='ocrx_word' id='word_1_174' title='bbox 2280 1279 2382 1330; x_wconf 85' lang='lat' dir='ltr'><strong>mis</strong></span> <span class='ocrx_word' id='word_1_175' title='bbox 2424 1291 2605 1334; x_wconf 90' lang='lat' dir='ltr'><strong>autem</strong></span> <span class='ocrx_word' id='word_1_176' title='bbox 2658 1282 2738 1335; x_wconf 94' lang='lat' dir='ltr'><strong>sui</strong></span> <span class='ocrx_word' id='word_1_177' title='bbox 2787 1281 2952 1350; x_wconf 88' lang='lat' dir='ltr'><strong>ipsius</strong></span> <span class='ocrx_word' id='word_1_178' title='bbox 2992 1291 3319 1351; x_wconf 72' lang='lat' dir='ltr'><strong>prmnotato,</strong></span> <span class='ocrx_word' id='word_1_179' title='bbox 3353 1281 3483 1335; x_wconf 90' lang='lat' dir='ltr'><strong>inita</strong></span> <span class='ocrx_word' id='word_1_180' title='bbox 3509 1281 3561 1336; x_wconf 93' lang='lat' dir='ltr'><strong>in</strong></span> <span class='ocrx_word' id='word_1_181' title='bbox 3595 1283 3646 1336; x_wconf 88' lang='lat' dir='ltr'><strong>id</strong></span> <span class='ocrx_word' id='word_1_182' title='bbox 3679 1281 3849 1352; x_wconf 83' lang='lat' dir='ltr'><strong>ipsum</strong></span> 
     </span>
    </p>
   </div>
   <div class='ocr_carea' id='block_1_28' title="bbox 2279 1355 3852 1458">
    <p class='ocr_par' dir='ltr' id='par_1_28' title="bbox 2279 1355 3852 1458">
     <span class='ocr_line' id='line_1_28' title="bbox 2279 1355 3852 1458; baseline 0.003 -35"><span class='ocrx_word' id='word_1_183' title='bbox 2279 1371 2675 1440; x_wconf 86' lang='lat' dir='ltr'><strong>conspiratione</strong></span> <span class='ocrx_word' id='word_1_184' title='bbox 2708 1355 3629 1458; x_wconf 53' lang='lat' dir='ltr'><strong>abrenuntiaretcwbIndeque</strong></span> <span class='ocrx_word' id='word_1_185' title='bbox 3651 1373 3852 1430; x_wconf 79' lang='lat' dir='ltr'><strong>litteras</strong></span> 
     </span>
    </p>
   </div>
   <div class='ocr_carea' id='block_1_29' title="bbox 2277 1461 3848 1534">
    <p class='ocr_par' dir='ltr' id='par_1_29' title="bbox 2277 1461 3848 1534">
     <span class='ocr_line' id='line_1_29' title="bbox 2277 1461 3848 1534; baseline 0.004 -22"><span class='ocrx_word' id='word_1_186' title='bbox 2277 1461 2768 1516; x_wconf 89' lang='lat' dir='ltr'><strong>abrenuntiatorias</strong></span> <span class='ocrx_word' id='word_1_187' title='bbox 2799 1478 2893 1532; x_wconf 88' lang='lat' dir='ltr'><strong>per</strong></span> <span class='ocrx_word' id='word_1_188' title='bbox 2914 1464 3192 1533; x_wconf 84' lang='lat' dir='ltr'><strong>episcopos</strong></span> <span class='ocrx_word' id='word_1_189' title='bbox 3217 1465 3372 1527; x_wconf 86' lang='lat' dir='ltr'><strong>duos,</strong></span> <span class='ocrx_word' id='word_1_190' title='bbox 3404 1463 3718 1534; x_wconf 89' lang='lat' dir='ltr'><strong>Spirensem</strong></span> <span class='ocrx_word' id='word_1_191' title='bbox 3741 1465 3848 1532; x_wconf 77' lang='lat'>(99)</span> 
     </span>
    </p>
   </div>
   <div class='ocr_carea' id='block_1_30' title="bbox 2274 1546 3850 1624">
    <p class='ocr_par' dir='ltr' id='par_1_30' title="bbox 2274 1546 3850 1624">
     <span class='ocr_line' id='line_1_30' title="bbox 2274 1546 3850 1624; baseline 0.004 -22"><span class='ocrx_word' id='word_1_192' title='bbox 2274 1555 2331 1602; x_wconf 92' lang='lat' dir='ltr'><strong>et</strong></span> <span class='ocrx_word' id='word_1_193' title='bbox 2356 1546 2708 1604; x_wconf 83' lang='lat' dir='ltr'><strong>Basiliensem</strong></span> <span class='ocrx_word' id='word_1_194' title='bbox 2734 1552 2881 1623; x_wconf 88' lang='lat' dir='ltr'>(9t),</span> <span class='ocrx_word' id='word_1_195' title='bbox 2913 1553 3144 1622; x_wconf 78' lang='lat' dir='ltr'><strong>primum</strong></span> <span class='ocrx_word' id='word_1_196' title='bbox 3187 1552 3238 1605; x_wconf 90' lang='lat' dir='ltr'><strong>in</strong></span> <span class='ocrx_word' id='word_1_197' title='bbox 3269 1552 3476 1608; x_wconf 90' lang='lat' dir='ltr'><strong>Italiam</strong></span> <span class='ocrx_word' id='word_1_198' title='bbox 3521 1553 3850 1624; x_wconf 86' lang='lat' dir='ltr'><strong>principibus</strong></span> 
     </span>
    </p>
   </div>
   <div class='ocr_carea' id='block_1_31' title="bbox 2281 1640 3850 1712">
    <p class='ocr_par' dir='ltr' id='par_1_31' title="bbox 2281 1640 3850 1712">
     <span class='ocr_line' id='line_1_31' title="bbox 2281 1640 3850 1712; baseline 0.003 -18"><span class='ocrx_word' id='word_1_199' title='bbox 2281 1649 2336 1694; x_wconf 88' lang='lat' dir='ltr'><strong>et</strong></span> <span class='ocrx_word' id='word_1_200' title='bbox 2369 1640 2639 1710; x_wconf 89' lang='lat' dir='ltr'><strong>episcopis</strong></span> <span class='ocrx_word' id='word_1_201' title='bbox 2685 1641 2827 1696; x_wconf 87' lang='lat' dir='ltr'><strong>illius</strong></span> <span class='ocrx_word' id='word_1_202' title='bbox 2857 1644 3065 1712; x_wconf 64' lang='lat' dir='ltr'><strong>patriar,</strong></span> <span class='ocrx_word' id='word_1_203' title='bbox 3103 1643 3226 1697; x_wconf 92' lang='lat' dir='ltr'><strong>huic</strong></span> <span class='ocrx_word' id='word_1_204' title='bbox 3271 1643 3663 1712; x_wconf 84' lang='lat' dir='ltr'><strong>conspirationi</strong></span> <span class='ocrx_word' id='word_1_205' title='bbox 3705 1658 3850 1698; x_wconf 84' lang='lat' dir='ltr'><strong>asso-</strong></span> 
     </span>
    </p>
   </div>
   <div class='ocr_carea' id='block_1_32' title="bbox 2277 1730 3849 1800">
    <p class='ocr_par' dir='ltr' id='par_1_32' title="bbox 2277 1730 3849 1800">
     <span class='ocr_line' id='line_1_32' title="bbox 2277 1730 3849 1800; baseline 0.003 -16"><span class='ocrx_word' id='word_1_206' title='bbox 2277 1730 2504 1798; x_wconf 88' lang='lat' dir='ltr'><strong>ciandis,</strong></span> <span class='ocrx_word' id='word_1_207' title='bbox 2547 1732 2784 1796; x_wconf 78' lang='lat' dir='ltr'><strong>direxit,</strong></span> <span class='ocrx_word' id='word_1_208' title='bbox 2818 1733 3011 1788; x_wconf 87' lang='lat' dir='ltr'><strong>deinde</strong></span> <span class='ocrx_word' id='word_1_209' title='bbox 3053 1733 3297 1788; x_wconf 69' lang='lat' dir='ltr'><strong>“oratam.</strong></span> <span class='ocrx_word' id='word_1_210' title='bbox 3338 1733 3438 1800; x_wconf 87' lang='lat' dir='ltr'><strong>Qui</strong></span> <span class='ocrx_word' id='word_1_211' title='bbox 3486 1750 3613 1788; x_wconf 75' lang='lat' dir='ltr'><strong>mox</strong></span> <span class='ocrx_word' id='word_1_212' title='bbox 3667 1735 3849 1790; x_wconf 81' lang='lat' dir='ltr'><strong>habitu</strong></span> 
     </span>
    </p>
   </div>
   <div class='ocr_carea' id='block_1_33' title="bbox 581 1817 3847 1896">
    <p class='ocr_par' dir='ltr' id='par_1_33' title="bbox 581 1817 3847 1896">
     <span class='ocr_line' id='line_1_33' title="bbox 581 1817 3847 1896; baseline -0.002 -13"><span class='ocrx_word' id='word_1_213' title='bbox 581 1826 762 1894; x_wconf 66' lang='lat' dir='ltr'><strong>gladio</strong></span> <span class='ocrx_word' id='word_1_214' title='bbox 795 1844 957 1896; x_wconf 84' lang='lat' dir='ltr'><strong>super</strong></span> <span class='ocrx_word' id='word_1_215' title='bbox 993 1829 1190 1883; x_wconf 91' lang='lat' dir='ltr'><strong>collum</strong></span> <span class='ocrx_word' id='word_1_216' title='bbox 1234 1829 1376 1883; x_wconf 88' lang='lat' dir='ltr'><strong>illius</strong></span> <span class='ocrx_word' id='word_1_217' title='bbox 1412 1828 1676 1883; x_wconf 80' lang='lat' dir='ltr'><strong>furialiter</strong></span> <span class='ocrx_word' id='word_1_218' title='bbox 1717 1827 1930 1892; x_wconf 89' lang='lat' dir='ltr'><strong>stricto,</strong></span> <span class='ocrx_word' id='word_1_219' title='bbox 1963 1837 2170 1891; x_wconf 79' lang='lat' dir='ltr'><strong>torvus,</strong></span> <span class='ocrx_word' id='word_1_220' title='bbox 2203 1817 2244 1874; x_wconf 87' lang='lat' dir='ltr'><strong>B</strong></span> <span class='ocrx_word' id='word_1_221' title='bbox 2275 1835 2380 1874; x_wconf 91' lang='lat' dir='ltr'><strong>nou</strong></span> <span class='ocrx_word' id='word_1_222' title='bbox 2409 1820 2632 1875; x_wconf 89' lang='lat' dir='ltr'><strong>minimo</strong></span> <span class='ocrx_word' id='word_1_223' title='bbox 2661 1830 2928 1876; x_wconf 85' lang='lat' dir='ltr'><strong>conventu</strong></span> <span class='ocrx_word' id='word_1_224' title='bbox 2956 1822 3110 1892; x_wconf 77' lang='lat' dir='ltr'><strong>juxta</strong></span> <span class='ocrx_word' id='word_1_225' title='bbox 3143 1823 3503 1888; x_wconf 84' lang='lat' dir='ltr'><strong>Placentiam,</strong></span> <span class='ocrx_word' id='word_1_226' title='bbox 3535 1840 3641 1878; x_wconf 90' lang='lat' dir='ltr'><strong>non</strong></span> <span class='ocrx_word' id='word_1_227' title='bbox 3679 1823 3847 1878; x_wconf 88' lang='lat' dir='ltr'><strong>solum</strong></span> 
     </span>
    </p>
   </div>
   <div class='ocr_carea' id='block_1_34' title="bbox 587 1920 2201 1983">
    <p class='ocr_par' dir='ltr' id='par_1_34' title="bbox 587 1920 2201 1983">
     <span class='ocr_line' id='line_1_34' title="bbox 587 1920 2201 1983; baseline 0.004 -12"><span class='ocrx_word' id='word_1_228' title='bbox 587 1920 788 1983; x_wconf 80' lang='lat' dir='ltr'><strong>minax,</strong></span> <span class='ocrx_word' id='word_1_229' title='bbox 828 1931 880 1975; x_wconf 89' lang='lat' dir='ltr'><strong>et</strong></span> <span class='ocrx_word' id='word_1_230' title='bbox 911 1921 1254 1976; x_wconf 87' lang='lat' dir='ltr'><strong>omnifariam</strong></span> <span class='ocrx_word' id='word_1_231' title='bbox 1298 1922 1586 1980; x_wconf 77' lang='lat' dir='ltr'><strong>terrificus.</strong></span> <span class='ocrx_word' id='word_1_232' title='bbox 1643 1922 1954 1974; x_wconf 88' lang='lat' dir='ltr'><strong>thesaurum</strong></span> <span class='ocrx_word' id='word_1_233' title='bbox 1983 1929 2037 1974; x_wconf 91' lang='lat' dir='ltr'><strong>ct</strong></span> <span class='ocrx_word' id='word_1_234' title='bbox 2083 1920 2201 1978; x_wconf 87' lang='lat' dir='ltr'><strong>lir-.</strong></span> 
     </span>
    </p>
   </div>
   <div class='ocr_carea' id='block_1_35' title="bbox 575 2009 2172 2066">
    <p class='ocr_par' dir='ltr' id='par_1_35' title="bbox 575 2009 2172 2066">
     <span class='ocr_line' id='line_1_35' title="bbox 575 2009 2172 2066; baseline 0.001 -6"><span class='ocrx_word' id='word_1_235' title='bbox 575 2009 826 2064; x_wconf 79' lang='lat' dir='ltr'><strong>missima</strong></span> <span class='ocrx_word' id='word_1_236' title='bbox 867 2012 1041 2066; x_wconf 84' lang='lat' dir='ltr'><strong>saneti</strong></span> <span class='ocrx_word' id='word_1_237' title='bbox 1087 2011 1230 2066; x_wconf 89' lang='lat' dir='ltr'><strong>Petri</strong></span> <span class='ocrx_word' id='word_1_238' title='bbox 1277 2011 1496 2066; x_wconf 83' lang='lat' dir='ltr'><strong>castella</strong></span> <span class='ocrx_word' id='word_1_239' title='bbox 1542 2011 1594 2064; x_wconf 91' lang='lat' dir='ltr'><strong>in</strong></span> <span class='ocrx_word' id='word_1_240' title='bbox 1642 2010 1900 2064; x_wconf 84' lang='lat' dir='ltr'><strong>beneficia</strong></span> <span class='ocrx_word' id='word_1_241' title='bbox 1942 2009 2040 2064; x_wconf 87' lang='lat' dir='ltr'><strong>sibi</strong></span> <span class='ocrx_word' id='word_1_242' title='bbox 2078 2025 2172 2062; x_wconf 76' lang='lat' dir='ltr'><strong>ex-</strong></span> 
     </span>
    </p>
   </div>
   <div class='ocr_carea' id='block_1_36' title="bbox 583 2100 2166 2170">
    <p class='ocr_par' dir='ltr' id='par_1_36' title="bbox 583 2100 2166 2170">
     <span class='ocr_line' id='line_1_36' title="bbox 583 2100 2166 2170; baseline -0.001 -17"><span class='ocrx_word' id='word_1_243' title='bbox 583 2109 835 2170; x_wconf 81' lang='lat' dir='ltr'><strong>torquere</strong></span> <span class='ocrx_word' id='word_1_244' title='bbox 861 2119 963 2157; x_wconf 90' lang='lat' dir='ltr'><strong>non</strong></span> <span class='ocrx_word' id='word_1_245' title='bbox 992 2103 1226 2158; x_wconf 84' lang='lat' dir='ltr'><strong>cessavit</strong></span> <span class='ocrx_word' id='word_1_246' title='bbox 1258 2105 1326 2156; x_wconf 89' lang='lat' dir='ltr'><strong>ab</strong></span> <span class='ocrx_word' id='word_1_247' title='bbox 1352 2119 1447 2166; x_wconf 89' lang='lat' dir='ltr'><strong>eo;</strong></span> <span class='ocrx_word' id='word_1_248' title='bbox 1483 2110 1564 2156; x_wconf 90' lang='lat' dir='ltr'><strong>set</strong></span> <span class='ocrx_word' id='word_1_249' title='bbox 1590 2102 1811 2156; x_wconf 87' lang='lat' dir='ltr'><strong>omnino</strong></span> <span class='ocrx_word' id='word_1_250' title='bbox 1844 2115 1947 2154; x_wconf 92' lang='lat' dir='ltr'><strong>nou</strong></span> <span class='ocrx_word' id='word_1_251' title='bbox 1973 2100 2166 2168; x_wconf 90' lang='lat' dir='ltr'><strong>potuit.</strong></span> 
     </span>
    </p>
   </div>
   <div class='ocr_carea' id='block_1_37' title="bbox 581 2189 2167 2262">
    <p class='ocr_par' dir='ltr' id='par_1_37' title="bbox 581 2189 2167 2262">
     <span class='ocr_line' id='line_1_37' title="bbox 581 2189 2167 2262; baseline 0 -18"><span class='ocrx_word' id='word_1_252' title='bbox 581 2189 692 2246; x_wconf 85' lang='lat' dir='ltr'><strong>Nec</strong></span> <span class='ocrx_word' id='word_1_253' title='bbox 732 2207 881 2246; x_wconf 90' lang='lat' dir='ltr'><strong>mora</strong></span> <span class='ocrx_word' id='word_1_254' title='bbox 910 2233 924 2258; x_wconf 95' lang='lat'><strong>,</strong></span> <span class='ocrx_word' id='word_1_255' title='bbox 968 2192 1070 2247; x_wconf 88' lang='lat' dir='ltr'><strong>hoc</strong></span> <span class='ocrx_word' id='word_1_256' title='bbox 1114 2207 1454 2262; x_wconf 85' lang='lat' dir='ltr'><strong>sumnmpere</strong></span> <span class='ocrx_word' id='word_1_257' title='bbox 1503 2191 1830 2246; x_wconf 85' lang='lat' dir='ltr'><strong>lamentabili</strong></span> <span class='ocrx_word' id='word_1_258' title='bbox 1873 2207 1968 2260; x_wconf 90' lang='lat' dir='ltr'><strong>per</strong></span> <span class='ocrx_word' id='word_1_259' title='bbox 2003 2201 2167 2244; x_wconf 83' lang='lat' dir='ltr'><strong>totam</strong></span> 
     </span>
    </p>
   </div>
   <div class='ocr_carea' id='block_1_38' title="bbox 562 2282 2170 2356">
    <p class='ocr_par' dir='ltr' id='par_1_38' title="bbox 562 2282 2170 2356">
     <span class='ocr_line' id='line_1_38' title="bbox 562 2282 2170 2356; baseline -0.001 -19"><span class='ocrx_word' id='word_1_260' title='bbox 562 2283 883 2339; x_wconf 29' lang='lat' dir='ltr'><strong>vacelesiam</strong></span> <span class='ocrx_word' id='word_1_261' title='bbox 939 2285 1220 2356; x_wconf 81' lang='lat' dir='ltr'><strong>sacrilegio</strong></span> <span class='ocrx_word' id='word_1_262' title='bbox 1267 2294 1375 2338; x_wconf 90' lang='lat' dir='ltr'><strong>tota</strong></span> <span class='ocrx_word' id='word_1_263' title='bbox 1422 2283 1612 2338; x_wconf 90' lang='lat' dir='ltr'><strong>civitas</strong></span> <span class='ocrx_word' id='word_1_264' title='bbox 1643 2282 1966 2353; x_wconf 88' lang='lat' dir='ltr'><strong>ejulabiliter</strong></span> <span class='ocrx_word' id='word_1_265' title='bbox 2007 2282 2170 2336; x_wconf 91' lang='lat' dir='ltr'><strong>nimis</strong></span> 
     </span>
    </p>
   </div>
   <div class='ocr_carea' id='block_1_39' title="bbox 579 2371 2167 2444">
    <p class='ocr_par' dir='ltr' id='par_1_39' title="bbox 579 2371 2167 2444">
     <span class='ocr_line' id='line_1_39' title="bbox 579 2371 2167 2444; baseline -0.001 -17"><span class='ocrx_word' id='word_1_266' title='bbox 579 2384 848 2429; x_wconf 85' lang='lat' dir='ltr'><strong>commota</strong></span> <span class='ocrx_word' id='word_1_267' title='bbox 883 2386 996 2441; x_wconf 90' lang='lat' dir='ltr'><strong>est;</strong></span> <span class='ocrx_word' id='word_1_268' title='bbox 1041 2375 1230 2429; x_wconf 83' lang='lat' dir='ltr'><strong>turrim</strong></span> <span class='ocrx_word' id='word_1_269' title='bbox 1283 2375 1451 2444; x_wconf 88' lang='lat' dir='ltr'><strong>ipsam</strong></span> <span class='ocrx_word' id='word_1_270' title='bbox 1498 2388 1619 2427; x_wconf 88' lang='lat' dir='ltr'><strong>cum</strong></span> <span class='ocrx_word' id='word_1_271' title='bbox 1669 2373 1904 2426; x_wconf 83' lang='lat' dir='ltr'><strong>maximo</strong></span> <span class='ocrx_word' id='word_1_272' title='bbox 1934 2371 2034 2426; x_wconf 82' lang='lat' dir='ltr'><strong>zeli</strong></span> <span class='ocrx_word' id='word_1_273' title='bbox 2076 2372 2167 2426; x_wconf 86' lang='lat' dir='ltr'><strong>Dei</strong></span> 
     </span>
    </p>
   </div>
   <div class='ocr_carea' id='block_1_40' title="bbox 569 2460 2164 2534">
    <p class='ocr_par' dir='ltr' id='par_1_40' title="bbox 569 2460 2164 2534">
     <span class='ocr_line' id='line_1_40' title="bbox 569 2460 2164 2534; baseline 0.001 -19"><span class='ocrx_word' id='word_1_274' title='bbox 569 2460 794 2520; x_wconf 77' lang='lat' dir='ltr'><strong>.fervore</strong></span> <span class='ocrx_word' id='word_1_275' title='bbox 835 2466 1158 2534; x_wconf 81' lang='lat' dir='ltr'><strong>inpugnant,</strong></span> <span class='ocrx_word' id='word_1_276' title='bbox 1188 2472 1243 2518; x_wconf 91' lang='lat' dir='ltr'><strong>et</strong></span> <span class='ocrx_word' id='word_1_277' title='bbox 1287 2479 1426 2525; x_wconf 90' lang='lat' dir='ltr'><strong>eam,</strong></span> <span class='ocrx_word' id='word_1_278' title='bbox 1455 2464 1650 2518; x_wconf 90' lang='lat' dir='ltr'><strong>domno</strong></span> <span class='ocrx_word' id='word_1_279' title='bbox 1695 2479 1830 2533; x_wconf 87' lang='lat' dir='ltr'><strong>papa</strong></span> <span class='ocrx_word' id='word_1_280' title='bbox 1867 2477 2025 2532; x_wconf 91' lang='lat' dir='ltr'><strong>quem</strong></span> <span class='ocrx_word' id='word_1_281' title='bbox 2054 2463 2164 2533; x_wconf 90' lang='lat' dir='ltr'><strong>jam</strong></span> 
     </span>
    </p>
   </div>
   <div class='ocr_carea' id='block_1_41' title="bbox 581 2553 2164 2625">
    <p class='ocr_par' dir='ltr' id='par_1_41' title="bbox 581 2553 2164 2625">
     <span class='ocr_line' id='line_1_41' title="bbox 581 2553 2164 2625; baseline -0.001 -17"><span class='ocrx_word' id='word_1_282' title='bbox 581 2553 920 2610; x_wconf 88' lang='lat' dir='ltr'><strong>interfectqu</strong></span> <span class='ocrx_word' id='word_1_283' title='bbox 951 2555 1214 2625; x_wconf 87' lang='lat' dir='ltr'><strong>putabant</strong></span> <span class='ocrx_word' id='word_1_284' title='bbox 1246 2555 1368 2608; x_wconf 87' lang='lat' dir='ltr'><strong>inde</strong></span> <span class='ocrx_word' id='word_1_285' title='bbox 1406 2563 1614 2624; x_wconf 88' lang='lat' dir='ltr'><strong>erepto,</strong></span> <span class='ocrx_word' id='word_1_286' title='bbox 1651 2555 1935 2609; x_wconf 91' lang='lat' dir='ltr'><strong>destruunt</strong></span> <span class='ocrx_word' id='word_1_287' title='bbox 1956 2595 1970 2619; x_wconf 95' lang='lat'><strong>,</strong></span> <span class='ocrx_word' id='word_1_288' title='bbox 1999 2565 2053 2610; x_wconf 88' lang='lat' dir='ltr'><strong>et</strong></span> <span class='ocrx_word' id='word_1_289' title='bbox 2083 2565 2164 2608; x_wconf 88' lang='lat' dir='ltr'><strong>to-</strong></span> 
     </span>
    </p>
   </div>
   <div class='ocr_carea' id='block_1_42' title="bbox 580 2641 2164 2716">
    <p class='ocr_par' dir='ltr' id='par_1_42' title="bbox 580 2641 2164 2716">
     <span class='ocr_line' id='line_1_42' title="bbox 580 2641 2164 2716; baseline 0.002 -19"><span class='ocrx_word' id='word_1_290' title='bbox 580 2655 693 2698; x_wconf 91' lang='lat' dir='ltr'><strong>tum</strong></span> <span class='ocrx_word' id='word_1_291' title='bbox 741 2647 884 2715; x_wconf 89' lang='lat' dir='ltr'><strong>quod</strong></span> <span class='ocrx_word' id='word_1_292' title='bbox 928 2647 995 2700; x_wconf 90' lang='lat' dir='ltr'><strong>ad</strong></span> <span class='ocrx_word' id='word_1_293' title='bbox 1040 2641 1405 2701; x_wconf 89' lang='lat' dir='ltr'><strong>Crescentium</strong></span> <span class='ocrx_word' id='word_1_294' title='bbox 1438 2646 1503 2680; x_wconf 71' lang='grc'><strong>⁸⁵⁸</strong></span> <span class='ocrx_word' id='word_1_295' title='bbox 1538 2647 1879 2716; x_wconf 89' lang='lat' dir='ltr'><strong>pertinebat,</strong></span> <span class='ocrx_word' id='word_1_296' title='bbox 1911 2648 1964 2701; x_wconf 93' lang='lat' dir='ltr'><strong>in</strong></span> <span class='ocrx_word' id='word_1_297' title='bbox 2003 2646 2164 2714; x_wconf 86' lang='lat' dir='ltr'><strong>brevi</strong></span> 
     </span>
    </p>
   </div>
   <div class='ocr_carea' id='block_1_43' title="bbox 579 2736 2163 2808">
    <p class='ocr_par' dir='ltr' id='par_1_43' title="bbox 579 2736 2163 2808">
     <span class='ocr_line' id='line_1_43' title="bbox 579 2736 2163 2808; baseline 0.001 -17"><span class='ocrx_word' id='word_1_298' title='bbox 579 2736 862 2806; x_wconf 84' lang='lat' dir='ltr'><strong>dissipant,</strong></span> <span class='ocrx_word' id='word_1_299' title='bbox 909 2737 1023 2806; x_wconf 84' lang='lat' dir='ltr'><strong>ipso</strong></span> <span class='ocrx_word' id='word_1_300' title='bbox 1065 2738 1150 2790; x_wconf 72' lang='lat' dir='ltr'><strong>vix</strong></span> <span class='ocrx_word' id='word_1_301' title='bbox 1203 2737 1508 2793; x_wconf 82' lang='lat' dir='ltr'><strong>interventu</strong></span> <span class='ocrx_word' id='word_1_302' title='bbox 1554 2753 1735 2808; x_wconf 63' lang='lat' dir='ltr'><strong>papas,</strong></span> <span class='ocrx_word' id='word_1_303' title='bbox 1779 2739 1867 2792; x_wconf 88' lang='lat' dir='ltr'><strong>cui</strong></span> <span class='ocrx_word' id='word_1_304' title='bbox 1906 2754 1964 2794; x_wconf 88' lang='lat' dir='ltr'><strong>se</strong></span> <span class='ocrx_word' id='word_1_305' title='bbox 2014 2753 2163 2793; x_wconf 85' lang='lat' dir='ltr'><strong>reum</strong></span> 
     </span>
    </p>
   </div>
   <div class='ocr_carea' id='block_1_44' title="bbox 575 2824 2161 2900">
    <p class='ocr_par' dir='ltr' id='par_1_44' title="bbox 575 2824 2161 2900">
     <span class='ocr_line' id='line_1_44' title="bbox 575 2824 2161 2900; baseline 0.004 -21"><span class='ocrx_word' id='word_1_306' title='bbox 575 2824 820 2888; x_wconf 81' lang='lat' dir='ltr'><strong>dederat,</strong></span> <span class='ocrx_word' id='word_1_307' title='bbox 855 2826 977 2881; x_wconf 88' lang='lat' dir='ltr'><strong>inde</strong></span> <span class='ocrx_word' id='word_1_308' title='bbox 1006 2827 1124 2881; x_wconf 89' lang='lat' dir='ltr'><strong>vivo</strong></span> <span class='ocrx_word' id='word_1_309' title='bbox 1167 2827 1508 2896; x_wconf 90' lang='lat' dir='ltr'><strong>propulsato,</strong></span> <span class='ocrx_word' id='word_1_310' title='bbox 1548 2844 1654 2882; x_wconf 87' lang='lat' dir='ltr'><strong>uno</strong></span> <span class='ocrx_word' id='word_1_311' title='bbox 1684 2839 1864 2884; x_wconf 90' lang='lat' dir='ltr'><strong>autem</strong></span> <span class='ocrx_word' id='word_1_312' title='bbox 1889 2830 2037 2894; x_wconf 93' lang='lat' dir='ltr'><strong>solo,</strong></span> <span class='ocrx_word' id='word_1_313' title='bbox 2070 2834 2161 2900; x_wconf 87' lang='lat' dir='ltr'><strong>qui</strong></span> 
     </span>
    </p>
   </div>
   <div class='ocr_carea' id='block_1_45' title="bbox 569 2917 2162 2989">
    <p class='ocr_par' dir='ltr' id='par_1_45' title="bbox 569 2917 2162 2989">
     <span class='ocr_line' id='line_1_45' title="bbox 569 2917 2162 2989; baseline 0.004 -20"><span class='ocrx_word' id='word_1_314' title='bbox 569 2931 772 2986; x_wconf 83' lang='lat' dir='ltr'><strong>papam</strong></span> <span class='ocrx_word' id='word_1_315' title='bbox 814 2917 867 2972; x_wconf 91' lang='lat' dir='ltr'><strong>iu</strong></span> <span class='ocrx_word' id='word_1_316' title='bbox 919 2926 1082 2985; x_wconf 87' lang='lat' dir='ltr'><strong>caput</strong></span> <span class='ocrx_word' id='word_1_317' title='bbox 1125 2919 1423 2989; x_wconf 78' lang='lat' dir='ltr'><strong>sacrilegus</strong></span> <span class='ocrx_word' id='word_1_318' title='bbox 1456 2919 1780 2985; x_wconf 89' lang='lat' dir='ltr'><strong>vulneravit,</strong></span> <span class='ocrx_word' id='word_1_319' title='bbox 1830 2921 2030 2975; x_wconf 88' lang='lat' dir='ltr'><strong>ibidem</strong></span> <span class='ocrx_word' id='word_1_320' title='bbox 2079 2923 2162 2977; x_wconf 84' lang='lat' dir='ltr'><strong>in-</strong></span> 
     </span>
    </p>
   </div>
   <div class='ocr_carea' id='block_1_46' title="bbox 577 3009 2156 3080">
    <p class='ocr_par' dir='ltr' id='par_1_46' title="bbox 577 3009 2156 3080">
     <span class='ocr_line' id='line_1_46' title="bbox 577 3009 2156 3080; baseline 0.003 -18"><span class='ocrx_word' id='word_1_321' title='bbox 577 3009 825 3074; x_wconf 80' lang='lat' dir='ltr'><strong>terfecto;</strong></span> <span class='ocrx_word' id='word_1_322' title='bbox 859 3009 939 3063; x_wconf 87' lang='lat' dir='ltr'><strong>sic</strong></span> <span class='ocrx_word' id='word_1_323' title='bbox 968 3009 1295 3079; x_wconf 87' lang='lat' dir='ltr'><strong>apostolicus</strong></span> <span class='ocrx_word' id='word_1_324' title='bbox 1323 3019 1602 3080; x_wconf 78' lang='lat' dir='ltr'><strong>gratanter</strong></span> <span class='ocrx_word' id='word_1_325' title='bbox 1625 3012 1692 3066; x_wconf 90' lang='lat' dir='ltr'><strong>ad</strong></span> <span class='ocrx_word' id='word_1_326' title='bbox 1721 3011 1890 3065; x_wconf 90' lang='lat' dir='ltr'><strong>altare</strong></span> <span class='ocrx_word' id='word_1_327' title='bbox 1921 3012 2156 3076; x_wconf 89' lang='lat' dir='ltr'><strong>rediens,</strong></span> 
     </span>
    </p>
   </div>
   <div class='ocr_carea' id='block_1_47' title="bbox 568 3099 1216 3154">
    <p class='ocr_par' dir='ltr' id='par_1_47' title="bbox 568 3099 1216 3154">
     <span class='ocr_line' id='line_1_47' title="bbox 568 3099 1216 3154; baseline -0.002 -4"><span class='ocrx_word' id='word_1_328' title='bbox 568 3099 773 3154; x_wconf 83' lang='lat' dir='ltr'><strong>missas</strong></span> <span class='ocrx_word' id='word_1_329' title='bbox 802 3100 1216 3154; x_wconf 85' lang='lat' dir='ltr'><strong>consummavit.</strong></span> 
     </span>
    </p>
   </div>
   <div class='ocr_carea' id='block_1_48' title="bbox 2273 1911 3849 1984">
    <p class='ocr_par' dir='ltr' id='par_1_48' title="bbox 2273 1911 3849 1984">
     <span class='ocr_line' id='line_1_48' title="bbox 2273 1911 3849 1984; baseline 0.003 -22"><span class='ocrx_word' id='word_1_330' title='bbox 2273 1911 2453 1964; x_wconf 89' lang='lat' dir='ltr'><strong>verbis</strong></span> <span class='ocrx_word' id='word_1_331' title='bbox 2481 1921 2537 1965; x_wconf 92' lang='lat' dir='ltr'><strong>et</strong></span> <span class='ocrx_word' id='word_1_332' title='bbox 2561 1911 2755 1966; x_wconf 91' lang='lat' dir='ltr'><strong>litteris</strong></span> <span class='ocrx_word' id='word_1_333' title='bbox 2782 1924 2862 1967; x_wconf 83' lang='lat' dir='ltr'><strong>set</strong></span> <span class='ocrx_word' id='word_1_334' title='bbox 2889 1915 3264 1969; x_wconf 76' lang='lat' dir='ltr'><strong>testificatione</strong></span> <span class='ocrx_word' id='word_1_335' title='bbox 3276 1914 3630 1984; x_wconf 88' lang='lat' dir='ltr'><strong>jurisjurandi</strong></span> <span class='ocrx_word' id='word_1_336' title='bbox 3663 1918 3849 1968; x_wconf 66' lang='lat' dir='ltr'><strong>domno</strong></span> 
     </span>
    </p>
   </div>
   <div class='ocr_carea' id='block_1_49' title="bbox 2270 2003 3849 2076">
    <p class='ocr_par' dir='ltr' id='par_1_49' title="bbox 2270 2003 3849 2076">
     <span class='ocr_line' id='line_1_49' title="bbox 2270 2003 3849 2076; baseline 0.004 -21"><span class='ocrx_word' id='word_1_337' title='bbox 2270 2018 2420 2072; x_wconf 77' lang='lat' dir='ltr'><strong>papa:</strong></span> <span class='ocrx_word' id='word_1_338' title='bbox 2466 2003 2824 2058; x_wconf 74' lang='lat' dir='ltr'><strong>obwdienlinm</strong></span> <span class='ocrx_word' id='word_1_339' title='bbox 2875 2006 3102 2060; x_wconf 80' lang='lat' dir='ltr'><strong>debitum</strong></span> <span class='ocrx_word' id='word_1_340' title='bbox 3125 2024 3228 2061; x_wconf 83' lang='lat' dir='ltr'><strong>non</strong></span> <span class='ocrx_word' id='word_1_341' title='bbox 3256 2007 3597 2060; x_wconf 74' lang='lat' dir='ltr'><strong>exhibendum</strong></span> <span class='ocrx_word' id='word_1_342' title='bbox 3623 2045 3641 2072; x_wconf 90' lang='lat'><strong>,</strong></span> <span class='ocrx_word' id='word_1_343' title='bbox 3670 2016 3849 2076; x_wconf 90' lang='lat' dir='ltr'><strong>utpote</strong></span> 
     </span>
    </p>
   </div>
   <div class='ocr_carea' id='block_1_50' title="bbox 2270 2093 3846 2168">
    <p class='ocr_par' dir='ltr' id='par_1_50' title="bbox 2270 2093 3846 2168">
     <span class='ocr_line' id='line_1_50' title="bbox 2270 2093 3846 2168; baseline 0.002 -22"><span class='ocrx_word' id='word_1_344' title='bbox 2270 2093 2360 2162; x_wconf 88' lang='lat' dir='ltr'><strong>qui</strong></span> <span class='ocrx_word' id='word_1_345' title='bbox 2395 2108 2452 2147; x_wconf 91' lang='lat' dir='ltr'><strong>se</strong></span> <span class='ocrx_word' id='word_1_346' title='bbox 2481 2094 2549 2148; x_wconf 91' lang='lat' dir='ltr'><strong>ab</strong></span> <span class='ocrx_word' id='word_1_347' title='bbox 2602 2110 2664 2148; x_wconf 85' lang='lat' dir='ltr'><strong>eo</strong></span> <span class='ocrx_word' id='word_1_348' title='bbox 2694 2111 2790 2165; x_wconf 89' lang='lat' dir='ltr'><strong>pro</strong></span> <span class='ocrx_word' id='word_1_349' title='bbox 2813 2096 3136 2168; x_wconf 85' lang='lat' dir='ltr'><strong>Symoniaca</strong></span> <span class='ocrx_word' id='word_1_350' title='bbox 3172 2098 3347 2152; x_wconf 91' lang='lat' dir='ltr'><strong>heresi</strong></span> <span class='ocrx_word' id='word_1_351' title='bbox 3378 2098 3714 2152; x_wconf 90' lang='lat' dir='ltr'><strong>damnandos</strong></span> <span class='ocrx_word' id='word_1_352' title='bbox 3743 2113 3846 2152; x_wconf 79' lang='lat' dir='ltr'><strong>non</strong></span> 
     </span>
    </p>
   </div>
   <div class='ocr_carea' id='block_1_51' title="bbox 2271 2185 3847 2252">
    <p class='ocr_par' dir='ltr' id='par_1_51' title="bbox 2271 2185 3847 2252">
     <span class='ocr_line' id='line_1_51' title="bbox 2271 2185 3847 2252; baseline 0.004 -18"><span class='ocrx_word' id='word_1_353' title='bbox 2271 2199 2460 2252; x_wconf 83' lang='lat' dir='ltr'><strong>parum</strong></span> <span class='ocrx_word' id='word_1_354' title='bbox 2495 2185 2773 2250; x_wconf 87' lang='lat' dir='ltr'><strong>timebant,</strong></span> <span class='ocrx_word' id='word_1_355' title='bbox 2821 2187 3094 2242; x_wconf 87' lang='lat' dir='ltr'><strong>comnmni</strong></span> <span class='ocrx_word' id='word_1_356' title='bbox 3140 2187 3449 2242; x_wconf 77' lang='lat' dir='ltr'><strong>voto-simul</strong></span> <span class='ocrx_word' id='word_1_357' title='bbox 3485 2202 3674 2242; x_wconf 88' lang='lat' dir='ltr'><strong>onmes</strong></span> <span class='ocrx_word' id='word_1_358' title='bbox 3709 2187 3847 2240; x_wconf 82' lang='lat' dir='ltr'><strong>deli-</strong></span> 
     </span>
    </p>
   </div>
   <div class='ocr_carea' id='block_1_52' title="bbox 2270 2275 3845 2348">
    <p class='ocr_par' dir='ltr' id='par_1_52' title="bbox 2270 2275 3845 2348">
     <span class='ocr_line' id='line_1_52' title="bbox 2270 2275 3845 2348; baseline 0.001 -18"><span class='ocrx_word' id='word_1_359' title='bbox 2270 2275 2551 2330; x_wconf 86' lang='lat' dir='ltr'><strong>berabant.</strong></span> <span class='ocrx_word' id='word_1_360' title='bbox 2605 2277 2844 2346; x_wconf 88' lang='lat' dir='ltr'><strong>Denique</strong></span> <span class='ocrx_word' id='word_1_361' title='bbox 2893 2278 3104 2334; x_wconf 90' lang='lat' dir='ltr'><strong>litteras</strong></span> <span class='ocrx_word' id='word_1_362' title='bbox 3159 2279 3462 2348; x_wconf 89' lang='lat' dir='ltr'><strong>lmjusmodi</strong></span> <span class='ocrx_word' id='word_1_363' title='bbox 3511 2279 3845 2333; x_wconf 66' lang='lat' dir='ltr'><strong>inoboedien-</strong></span> 
     </span>
    </p>
   </div>
   <div class='ocr_carea' id='block_1_53' title="bbox 2271 2366 3843 2440">
    <p class='ocr_par' dir='ltr' id='par_1_53' title="bbox 2271 2366 3843 2440">
     <span class='ocr_line' id='line_1_53' title="bbox 2271 2366 3843 2440; baseline 0.001 -20"><span class='ocrx_word' id='word_1_364' title='bbox 2271 2366 2397 2420; x_wconf 85' lang='lat' dir='ltr'><strong>tiam</strong></span> <span class='ocrx_word' id='word_1_365' title='bbox 2431 2368 2773 2422; x_wconf 88' lang='lat' dir='ltr'><strong>continentes</strong></span> <span class='ocrx_word' id='word_1_366' title='bbox 2801 2383 2898 2438; x_wconf 90' lang='lat' dir='ltr'><strong>per</strong></span> <span class='ocrx_word' id='word_1_367' title='bbox 2939 2368 3174 2440; x_wconf 82' lang='lat' dir='ltr'><strong>legatos,</strong></span> <span class='ocrx_word' id='word_1_368' title='bbox 3204 2370 3470 2439; x_wconf 89' lang='lat' dir='ltr'><strong>quendam</strong></span> <span class='ocrx_word' id='word_1_369' title='bbox 3503 2369 3843 2424; x_wconf 79' lang='lat' dir='ltr'><strong>Parmensern</strong></span> 
     </span>
    </p>
   </div>
   <div class='ocr_carea' id='block_1_54' title="bbox 2269 2458 3845 2532">
    <p class='ocr_par' dir='ltr' id='par_1_54' title="bbox 2269 2458 3845 2532">
     <span class='ocr_line' id='line_1_54' title="bbox 2269 2458 3845 2532; baseline 0.001 -21"><span class='ocrx_word' id='word_1_370' title='bbox 2269 2458 2613 2524; x_wconf 89' lang='lat' dir='ltr'><strong>canonicum,</strong></span> <span class='ocrx_word' id='word_1_371' title='bbox 2644 2469 2699 2512; x_wconf 91' lang='lat' dir='ltr'><strong>et</strong></span> <span class='ocrx_word' id='word_1_372' title='bbox 2735 2474 2952 2514; x_wconf 81' lang='lat' dir='ltr'><strong>servum</strong></span> <span class='ocrx_word' id='word_1_373' title='bbox 2979 2461 3248 2530; x_wconf 90' lang='lat' dir='ltr'><strong>quendam</strong></span> <span class='ocrx_word' id='word_1_374' title='bbox 3297 2462 3466 2532; x_wconf 80' lang='lat' dir='ltr'><strong>regis,</strong></span> <span class='ocrx_word' id='word_1_375' title='bbox 3497 2472 3845 2531; x_wconf 84' lang='lat' dir='ltr'><strong>properanter</strong></span> 
     </span>
    </p>
   </div>
   <div class='ocr_carea' id='block_1_55' title="bbox 2269 2549 3843 2622">
    <p class='ocr_par' dir='ltr' id='par_1_55' title="bbox 2269 2549 3843 2622">
     <span class='ocr_line' id='line_1_55' title="bbox 2269 2549 3843 2622; baseline 0.001 -19"><span class='ocrx_word' id='word_1_376' title='bbox 2269 2549 2334 2603; x_wconf 86' lang='lat' dir='ltr'><strong>ad</strong></span> <span class='ocrx_word' id='word_1_377' title='bbox 2378 2549 2671 2604; x_wconf 83' lang='lat' dir='ltr'><strong>ltomanam</strong></span> <span class='ocrx_word' id='word_1_378' title='bbox 2719 2552 2981 2621; x_wconf 82' lang='lat' dir='ltr'><strong>synodum</strong></span> <span class='ocrx_word' id='word_1_379' title='bbox 3033 2551 3362 2622; x_wconf 81' lang='lat' dir='ltr'><strong>dirigebant.</strong></span> <span class='ocrx_word' id='word_1_380' title='bbox 3404 2551 3506 2607; x_wconf 85' lang='lat' dir='ltr'><strong>Ubi</strong></span> <span class='ocrx_word' id='word_1_381' title='bbox 3556 2552 3754 2605; x_wconf 89' lang='lat' dir='ltr'><strong>litteris</strong></span> <span class='ocrx_word' id='word_1_382' title='bbox 3795 2559 3843 2605; x_wconf 87' lang='lat' dir='ltr'><strong>ct</strong></span> 
     </span>
    </p>
   </div>
   <div class='ocr_carea' id='block_1_56' title="bbox 2269 2639 3841 2710">
    <p class='ocr_par' dir='ltr' id='par_1_56' title="bbox 2269 2639 3841 2710">
     <span class='ocr_line' id='line_1_56' title="bbox 2269 2639 3841 2710; baseline 0.002 -18"><span class='ocrx_word' id='word_1_383' title='bbox 2269 2640 2540 2696; x_wconf 87' lang='lat' dir='ltr'><strong>mandatis</strong></span> <span class='ocrx_word' id='word_1_384' title='bbox 2569 2639 2782 2710; x_wconf 86' lang='lat' dir='ltr'><strong>publice</strong></span> <span class='ocrx_word' id='word_1_385' title='bbox 2819 2642 2870 2695; x_wconf 92' lang='lat' dir='ltr'><strong>in</strong></span> <span class='ocrx_word' id='word_1_386' title='bbox 2908 2641 3178 2695; x_wconf 89' lang='lat' dir='ltr'><strong>audientia</strong></span> <span class='ocrx_word' id='word_1_387' title='bbox 3222 2643 3386 2697; x_wconf 87' lang='lat' dir='ltr'><strong>totius</strong></span> <span class='ocrx_word' id='word_1_388' title='bbox 3414 2651 3716 2697; x_wconf 89' lang='lat' dir='ltr'><strong>conventus</strong></span> <span class='ocrx_word' id='word_1_389' title='bbox 3769 2657 3841 2695; x_wconf 84' lang='lat' dir='ltr'><strong>re-</strong></span> 
     </span>
    </p>
   </div>
   <div class='ocr_carea' id='block_1_57' title="bbox 2265 2731 3841 2804">
    <p class='ocr_par' dir='ltr' id='par_1_57' title="bbox 2265 2731 3841 2804">
     <span class='ocr_line' id='line_1_57' title="bbox 2265 2731 3841 2804; baseline 0.001 -19"><span class='ocrx_word' id='word_1_390' title='bbox 2265 2731 2469 2796; x_wconf 88' lang='lat' dir='ltr'><strong>citatis,</strong></span> <span class='ocrx_word' id='word_1_391' title='bbox 2525 2735 2722 2786; x_wconf 85' lang='lat' dir='ltr'><strong>domno</strong></span> <span class='ocrx_word' id='word_1_392' title='bbox 2764 2749 2914 2804; x_wconf 80' lang='lat' dir='ltr'><strong>papae</strong></span> <span class='ocrx_word' id='word_1_393' title='bbox 2965 2733 3326 2788; x_wconf 79' lang='lat' dir='ltr'><strong>inobedientia</strong></span> <span class='ocrx_word' id='word_1_394' title='bbox 3381 2733 3682 2789; x_wconf 86' lang='lat' dir='ltr'><strong>deliberata</strong></span> <span class='ocrx_word' id='word_1_395' title='bbox 3734 2749 3841 2803; x_wconf 81' lang='lat' dir='ltr'><strong>pro-</strong></span> 
     </span>
    </p>
   </div>
   <div class='ocr_carea' id='block_1_58' title="bbox 2265 2822 3837 2888">
    <p class='ocr_par' dir='ltr' id='par_1_58' title="bbox 2265 2822 3837 2888">
     <span class='ocr_line' id='line_1_58' title="bbox 2265 2822 3837 2888; baseline 0.001 -12"><span class='ocrx_word' id='word_1_396' title='bbox 2265 2822 2617 2876; x_wconf 89' lang='lat' dir='ltr'><strong>nuntiabatur</strong></span> <span class='ocrx_word' id='word_1_397' title='bbox 2637 2864 2650 2887; x_wconf 94' lang='lat'><strong>,</strong></span> <span class='ocrx_word' id='word_1_398' title='bbox 2681 2833 2734 2876; x_wconf 89' lang='lat' dir='ltr'><strong>et</strong></span> <span class='ocrx_word' id='word_1_399' title='bbox 2779 2833 2834 2878; x_wconf 94' lang='lat' dir='ltr'><strong>ut</strong></span> <span class='ocrx_word' id='word_1_400' title='bbox 2879 2824 3132 2878; x_wconf 86' lang='lat' dir='ltr'><strong>cathedra</strong></span> <span class='ocrx_word' id='word_1_401' title='bbox 3163 2825 3545 2888; x_wconf 83' lang='lat' dir='ltr'><strong>descenderet,</strong></span> <span class='ocrx_word' id='word_1_402' title='bbox 3576 2825 3664 2879; x_wconf 90' lang='lat' dir='ltr'><strong>cui</strong></span> <span class='ocrx_word' id='word_1_403' title='bbox 3715 2823 3837 2879; x_wconf 89' lang='lat' dir='ltr'><strong>indi-</strong></span> 
     </span>
    </p>
   </div>
   <div class='ocr_carea' id='block_1_59' title="bbox 2265 2912 3838 2984">
    <p class='ocr_par' dir='ltr' id='par_1_59' title="bbox 2265 2912 3838 2984">
     <span class='ocr_line' id='line_1_59' title="bbox 2265 2912 3838 2984; baseline -0.001 -16"><span class='ocrx_word' id='word_1_404' title='bbox 2265 2931 2402 2984; x_wconf 75' lang='lat' dir='ltr'><strong>guus</strong></span> <span class='ocrx_word' id='word_1_405' title='bbox 2431 2915 2765 2983; x_wconf 63' lang='lat' dir='ltr'><strong>prtesideret,</strong></span> <span class='ocrx_word' id='word_1_406' title='bbox 2797 2929 2864 2968; x_wconf 82' lang='lat' dir='ltr'><strong>ex</strong></span> <span class='ocrx_word' id='word_1_407' title='bbox 2905 2923 3058 2982; x_wconf 88' lang='lat' dir='ltr'><strong>parte</strong></span> <span class='ocrx_word' id='word_1_408' title='bbox 3097 2913 3238 2983; x_wconf 79' lang='lat' dir='ltr'><strong>regis</strong></span> <span class='ocrx_word' id='word_1_409' title='bbox 3275 2913 3377 2982; x_wconf 91' lang='lat' dir='ltr'><strong>ipsi</strong></span> <span class='ocrx_word' id='word_1_410' title='bbox 3432 2912 3838 2969; x_wconf 87' lang='lat' dir='ltr'><strong>comminatorie</strong></span> 
     </span>
    </p>
   </div>
   <div class='ocr_carea' id='block_1_60' title="bbox 2263 3003 3838 3074">
    <p class='ocr_par' dir='ltr' id='par_1_60' title="bbox 2263 3003 3838 3074">
     <span class='ocr_line' id='line_1_60' title="bbox 2263 3003 3838 3074; baseline -0.001 -15"><span class='ocrx_word' id='word_1_411' title='bbox 2263 3005 2396 3059; x_wconf 82' lang='lat' dir='ltr'><strong>satis</strong></span> <span class='ocrx_word' id='word_1_412' title='bbox 2431 3005 2811 3074; x_wconf 72' lang='lat' dir='ltr'><strong>imperabatur.</strong></span> <span class='ocrx_word' id='word_1_413' title='bbox 2849 3004 2985 3071; x_wconf 88' lang='lat' dir='ltr'><strong>Quid</strong></span> <span class='ocrx_word' id='word_1_414' title='bbox 3026 3003 3099 3058; x_wconf 92' lang='lat' dir='ltr'><strong>ibi</strong></span> <span class='ocrx_word' id='word_1_415' title='bbox 3145 3003 3408 3058; x_wconf 90' lang='lat' dir='ltr'><strong>tumultus</strong></span> <span class='ocrx_word' id='word_1_416' title='bbox 3443 3014 3499 3059; x_wconf 88' lang='lat' dir='ltr'><strong>et</strong></span> <span class='ocrx_word' id='word_1_417' title='bbox 3541 3003 3838 3060; x_wconf 67' lang='lat' dir='ltr'><strong>conclauia-</strong></span> 
     </span>
    </p>
   </div>
   <div class='ocr_carea' id='block_1_61' title="bbox 2263 3095 3836 3168">
    <p class='ocr_par' dir='ltr' id='par_1_61' title="bbox 2263 3095 3836 3168">
     <span class='ocr_line' id='line_1_61' title="bbox 2263 3095 3836 3168; baseline 0 -18"><span class='ocrx_word' id='word_1_418' title='bbox 2263 3097 2425 3151; x_wconf 80' lang='lat' dir='ltr'><strong>tionis</strong></span> <span class='ocrx_word' id='word_1_419' title='bbox 2450 3108 2506 3150; x_wconf 91' lang='lat' dir='ltr'><strong>et</strong></span> <span class='ocrx_word' id='word_1_420' title='bbox 2547 3096 2602 3150; x_wconf 91' lang='lat' dir='ltr'><strong>in</strong></span> <span class='ocrx_word' id='word_1_421' title='bbox 2631 3095 2836 3168; x_wconf 79' lang='lat' dir='ltr'><strong>legatos</strong></span> <span class='ocrx_word' id='word_1_422' title='bbox 2888 3095 3006 3152; x_wconf 90' lang='lat' dir='ltr'><strong>illos</strong></span> <span class='ocrx_word' id='word_1_423' title='bbox 3056 3111 3161 3150; x_wconf 91' lang='lat' dir='ltr'><strong>non</strong></span> <span class='ocrx_word' id='word_1_424' title='bbox 3209 3097 3476 3152; x_wconf 64' lang='lat' dir='ltr'><strong>ordinata:</strong></span> <span class='ocrx_word' id='word_1_425' title='bbox 3523 3096 3836 3152; x_wconf 71' lang='lat' dir='ltr'><strong>incursionis</strong></span> 
     </span>
    </p>
   </div>
   <div class='ocr_carea' id='block_1_62' title="bbox 636 3174 3832 3263">
    <p class='ocr_par' dir='ltr' id='par_1_62' title="bbox 636 3174 3832 3263">
     <span class='ocr_line' id='line_1_62' title="bbox 636 3174 3832 3263; baseline 0.001 -24"><span class='ocrx_word' id='word_1_426' title='bbox 636 3190 912 3256; x_wconf 51' lang='lat' dir='ltr'><strong>tQuincitts</strong></span> <span class='ocrx_word' id='word_1_427' title='bbox 946 3206 1072 3245; x_wconf 90' lang='lat' dir='ltr'><strong>vero</strong></span> <span class='ocrx_word' id='word_1_428' title='bbox 1115 3191 1274 3247; x_wconf 87' lang='lat' dir='ltr'><strong>solita</strong></span> <span class='ocrx_word' id='word_1_429' title='bbox 1314 3208 1506 3263; x_wconf 86' lang='lat' dir='ltr'><strong>papam</strong></span> <span class='ocrx_word' id='word_1_430' title='bbox 1558 3193 1829 3250; x_wconf 87' lang='lat' dir='ltr'><strong>deluserat</strong></span> <span class='ocrx_word' id='word_1_431' title='bbox 1871 3196 2157 3262; x_wconf 82' lang='lat' dir='ltr'><strong>vecordia;</strong></span> <span class='ocrx_word' id='word_1_432' title='bbox 2186 3185 2233 3248; x_wconf 87' lang='lat' dir='ltr'><strong><em>C</em></strong></span> <span class='ocrx_word' id='word_1_433' title='bbox 2264 3188 2850 3252; x_wconf 66' lang='lat' dir='ltr'><strong>excreveritmoveriut</strong></span> <span class='ocrx_word' id='word_1_434' title='bbox 2875 3174 2950 3242; x_wconf 87' lang='lat' dir='ltr'><strong>illi</strong></span> <span class='ocrx_word' id='word_1_435' title='bbox 2981 3187 3071 3256; x_wconf 92' lang='lat' dir='ltr'><strong>qui</strong></span> <span class='ocrx_word' id='word_1_436' title='bbox 3096 3187 3526 3257; x_wconf 68' lang='lat' dir='ltr'><strong>prtestofueriut.</strong></span> <span class='ocrx_word' id='word_1_437' title='bbox 3548 3189 3661 3244; x_wconf 84' lang='lat' dir='ltr'><strong>Hoc</strong></span> <span class='ocrx_word' id='word_1_438' title='bbox 3685 3203 3832 3242; x_wconf 79' lang='lat' dir='ltr'><strong>unum</strong></span> 
     </span>
    </p>
   </div>
   <div class='ocr_carea' id='block_1_63' title="bbox 554 3281 2160 3352">
    <p class='ocr_par' dir='ltr' id='par_1_63' title="bbox 554 3281 2160 3352">
     <span class='ocr_line' id='line_1_63' title="bbox 554 3281 2160 3352; baseline 0.005 -20"><span class='ocrx_word' id='word_1_439' title='bbox 554 3282 777 3352; x_wconf 85' lang='lat' dir='ltr'><strong>.quippe</strong></span> <span class='ocrx_word' id='word_1_440' title='bbox 809 3281 862 3334; x_wconf 90' lang='lat' dir='ltr'><strong>in</strong></span> <span class='ocrx_word' id='word_1_441' title='bbox 897 3281 1032 3336; x_wconf 87' lang='lat' dir='ltr'><strong>turri</strong></span> <span class='ocrx_word' id='word_1_442' title='bbox 1073 3289 1181 3337; x_wconf 81' lang='lat' dir='ltr'><strong>sua‘</strong></span> <span class='ocrx_word' id='word_1_443' title='bbox 1197 3285 1320 3337; x_wconf 91' lang='lat' dir='ltr'><strong>dum</strong></span> <span class='ocrx_word' id='word_1_444' title='bbox 1355 3285 1552 3338; x_wconf 83' lang='lat' dir='ltr'><strong>civium</strong></span> <span class='ocrx_word' id='word_1_445' title='bbox 1603 3301 1821 3340; x_wconf 88' lang='lat' dir='ltr'><strong>suorum</strong></span> <span class='ocrx_word' id='word_1_446' title='bbox 1876 3287 2160 3341; x_wconf 83' lang='lat' dir='ltr'><strong>tumultum</strong></span> 
     </span>
    </p>
   </div>
   <div class='ocr_carea' id='block_1_64' title="bbox 571 3373 2162 3443">
    <p class='ocr_par' dir='ltr' id='par_1_64' title="bbox 571 3373 2162 3443">
     <span class='ocr_line' id='line_1_64' title="bbox 571 3373 2162 3443; baseline 0.004 -16"><span class='ocrx_word' id='word_1_447' title='bbox 571 3373 861 3443; x_wconf 64' lang='lat' dir='ltr'><strong>zelumquc</strong></span> <span class='ocrx_word' id='word_1_448' title='bbox 894 3373 987 3428; x_wconf 90' lang='lat' dir='ltr'><strong>Dei</strong></span> <span class='ocrx_word' id='word_1_449' title='bbox 1017 3374 1070 3428; x_wconf 89' lang='lat' dir='ltr'><strong>in</strong></span> <span class='ocrx_word' id='word_1_450' title='bbox 1101 3388 1158 3429; x_wconf 90' lang='lat' dir='ltr'><strong>se</strong></span> <span class='ocrx_word' id='word_1_451' title='bbox 1180 3376 1617 3430; x_wconf 87' lang='lat' dir='ltr'><strong>ardentissimum</strong></span> <span class='ocrx_word' id='word_1_452' title='bbox 1650 3377 1886 3441; x_wconf 81' lang='lat' dir='ltr'><strong>videret,</strong></span> <span class='ocrx_word' id='word_1_453' title='bbox 1919 3387 2162 3433; x_wconf 88' lang='lat' dir='ltr'><strong>metuens</strong></span> 
     </span>
    </p>
   </div>
   <div class='ocr_carea' id='block_1_65' title="bbox 576 3468 2159 3540">
    <p class='ocr_par' dir='ltr' id='par_1_65' title="bbox 576 3468 2159 3540">
     <span class='ocr_line' id='line_1_65' title="bbox 576 3468 2159 3540; baseline 0.006 -24"><span class='ocrx_word' id='word_1_454' title='bbox 576 3468 700 3518; x_wconf 63' lang='lat' dir='ltr'><strong>vita:</strong></span> <span class='ocrx_word' id='word_1_455' title='bbox 727 3479 838 3520; x_wconf 82' lang='lat' dir='ltr'><strong>suae</strong></span> <span class='ocrx_word' id='word_1_456' title='bbox 887 3477 942 3520; x_wconf 92' lang='lat' dir='ltr'><strong>et</strong></span> <span class='ocrx_word' id='word_1_457' title='bbox 979 3481 1234 3532; x_wconf 88' lang='lat' dir='ltr'><strong>suorum,</strong></span> <span class='ocrx_word' id='word_1_458' title='bbox 1279 3470 1561 3525; x_wconf 77' lang='lat' dir='ltr'><strong>confessus</strong></span> <span class='ocrx_word' id='word_1_459' title='bbox 1596 3479 1680 3525; x_wconf 90' lang='lat' dir='ltr'><strong>est</strong></span> <span class='ocrx_word' id='word_1_460' title='bbox 1726 3469 1824 3539; x_wconf 83' lang='lat' dir='ltr'><strong>ipsi</strong></span> <span class='ocrx_word' id='word_1_461' title='bbox 1881 3481 2159 3540; x_wconf 88' lang='lat' dir='ltr'><strong>peccatmn</strong></span> 
     </span>
    </p>
   </div>
   <div class='ocr_carea' id='block_1_66' title="bbox 555 3560 2161 3632">
    <p class='ocr_par' dir='ltr' id='par_1_66' title="bbox 555 3560 2161 3632">
     <span class='ocr_line' id='line_1_66' title="bbox 555 3560 2161 3632; baseline 0.004 -21"><span class='ocrx_word' id='word_1_462' title='bbox 555 3572 768 3624; x_wconf 73' lang='lat' dir='ltr'><strong>suum,</strong></span> <span class='ocrx_word' id='word_1_463' title='bbox 798 3567 854 3612; x_wconf 92' lang='lat' dir='ltr'><strong>et</strong></span> <span class='ocrx_word' id='word_1_464' title='bbox 896 3560 1280 3615; x_wconf 74' lang='lat' dir='ltr'><strong>obmdieutiam</strong></span> <span class='ocrx_word' id='word_1_465' title='bbox 1322 3561 1649 3632; x_wconf 78' lang='lat' dir='ltr'><strong>dignamque</strong></span> <span class='ocrx_word' id='word_1_466' title='bbox 1691 3562 2065 3630; x_wconf 70' lang='lat' dir='ltr'><strong>paenitentiam</strong></span> <span class='ocrx_word' id='word_1_467' title='bbox 2105 3572 2161 3617; x_wconf 90' lang='lat' dir='ltr'><strong>et</strong></span> 
     </span>
    </p>
   </div>
   <div class='ocr_carea' id='block_1_67' title="bbox 578 3648 2160 3730">
    <p class='ocr_par' dir='ltr' id='par_1_67' title="bbox 578 3648 2160 3730">
     <span class='ocr_line' id='line_1_67' title="bbox 578 3648 2160 3730; baseline 0.001 -26"><span class='ocrx_word' id='word_1_468' title='bbox 578 3648 1009 3705; x_wconf 82' lang='lat' dir='ltr'><strong>satisfactionem</strong></span> <span class='ocrx_word' id='word_1_469' title='bbox 1045 3651 1094 3705; x_wconf 92' lang='lat' dir='ltr'><strong>ei</strong></span> <span class='ocrx_word' id='word_1_470' title='bbox 1141 3652 1426 3706; x_wconf 88' lang='lat' dir='ltr'><strong>devotione</strong></span> <span class='ocrx_word' id='word_1_471' title='bbox 1468 3654 1714 3722; x_wconf 87' lang='lat' dir='ltr'><strong>quamvis</strong></span> <span class='ocrx_word' id='word_1_472' title='bbox 1743 3653 1992 3730; x_wconf 78' lang='lat' dir='ltr'><strong>simulata</strong></span> <span class='ocrx_word' id='word_1_473' title='bbox 2037 3671 2160 3724; x_wconf 90' lang='lat' dir='ltr'><strong>pro-</strong></span> 
     </span>
    </p>
   </div>
   <div class='ocr_carea' id='block_1_68' title="bbox 563 3739 2156 3814">
    <p class='ocr_par' dir='ltr' id='par_1_68' title="bbox 563 3739 2156 3814">
     <span class='ocr_line' id='line_1_68' title="bbox 563 3739 2156 3814; baseline 0.003 -22"><span class='ocrx_word' id='word_1_474' title='bbox 563 3739 746 3796; x_wconf 77' lang='lat' dir='ltr'><strong>misit.</strong></span> <span class='ocrx_word' id='word_1_475' title='bbox 777 3740 930 3806; x_wconf 87' lang='lat' dir='ltr'><strong>Quod</strong></span> <span class='ocrx_word' id='word_1_476' title='bbox 955 3755 1023 3794; x_wconf 76' lang='lat' dir='ltr'><strong>ex</strong></span> <span class='ocrx_word' id='word_1_477' title='bbox 1055 3751 1164 3796; x_wconf 91' lang='lat' dir='ltr'><strong>toto</strong></span> <span class='ocrx_word' id='word_1_478' title='bbox 1179 3743 1580 3811; x_wconf 86' lang='lat' dir='ltr'><strong>parvipeudens</strong></span> <span class='ocrx_word' id='word_1_479' title='bbox 1602 3784 1615 3807; x_wconf 93' lang='lat'><strong>,</strong></span> <span class='ocrx_word' id='word_1_480' title='bbox 1647 3753 1809 3796; x_wconf 88' lang='lat' dir='ltr'><strong>noetu</strong></span> <span class='ocrx_word' id='word_1_481' title='bbox 1841 3743 1985 3798; x_wconf 85' lang='lat' dir='ltr'><strong>Urbe</strong></span> <span class='ocrx_word' id='word_1_482' title='bbox 2032 3744 2156 3814; x_wconf 83' lang='lat' dir='ltr'><strong>fuga</strong></span> 
     </span>
    </p>
   </div>
   <div class='ocr_carea' id='block_1_69' title="bbox 576 3827 2158 3903">
    <p class='ocr_par' dir='ltr' id='par_1_69' title="bbox 576 3827 2158 3903">
     <span class='ocr_line' id='line_1_69' title="bbox 576 3827 2158 3903; baseline 0.004 -22"><span class='ocrx_word' id='word_1_483' title='bbox 576 3827 756 3898; x_wconf 86' lang='lat' dir='ltr'><strong>lapsus</strong></span> <span class='ocrx_word' id='word_1_484' title='bbox 802 3832 990 3886; x_wconf 89' lang='lat' dir='ltr'><strong>evasit.</strong></span> <span class='ocrx_word' id='word_1_485' title='bbox 1041 3833 1244 3888; x_wconf 91' lang='lat' dir='ltr'><strong>Dehine</strong></span> <span class='ocrx_word' id='word_1_486' title='bbox 1283 3849 1416 3903; x_wconf 87' lang='lat' dir='ltr'><strong>papa</strong></span> <span class='ocrx_word' id='word_1_487' title='bbox 1461 3835 1602 3888; x_wconf 91' lang='lat' dir='ltr'><strong>datis</strong></span> <span class='ocrx_word' id='word_1_488' title='bbox 1653 3834 1876 3888; x_wconf 82' lang='lat' dir='ltr'><strong>indutiis</strong></span> <span class='ocrx_word' id='word_1_489' title='bbox 1914 3850 2037 3888; x_wconf 92' lang='lat' dir='ltr'><strong>cum</strong></span> <span class='ocrx_word' id='word_1_490' title='bbox 2087 3835 2158 3888; x_wconf 90' lang='lat' dir='ltr'><strong>ad</strong></span> 
     </span>
    </p>
   </div>
   <div class='ocr_carea' id='block_1_70' title="bbox 567 3919 2153 3993">
    <p class='ocr_par' dir='ltr' id='par_1_70' title="bbox 567 3919 2153 3993">
     <span class='ocr_line' id='line_1_70' title="bbox 567 3919 2153 3993; baseline 0.003 -22"><span class='ocrx_word' id='word_1_491' title='bbox 567 3919 970 3988; x_wconf 61' lang='lat' dir='ltr'><strong>paenitentiam,</strong></span> <span class='ocrx_word' id='word_1_492' title='bbox 1009 3937 1168 3991; x_wconf 83' lang='lat' dir='ltr'><strong>quam</strong></span> <span class='ocrx_word' id='word_1_493' title='bbox 1199 3923 1467 3992; x_wconf 89' lang='lat' dir='ltr'><strong>inposuit,</strong></span> <span class='ocrx_word' id='word_1_494' title='bbox 1502 3923 1804 3988; x_wconf 87' lang='lat' dir='ltr'><strong>revocavit;</strong></span> <span class='ocrx_word' id='word_1_495' title='bbox 1837 3923 1949 3993; x_wconf 88' lang='lat' dir='ltr'><strong>ipse</strong></span> <span class='ocrx_word' id='word_1_496' title='bbox 1972 3933 2153 3978; x_wconf 89' lang='lat' dir='ltr'><strong>autem</strong></span> 
     </span>
    </p>
   </div>
   <div class='ocr_carea' id='block_1_71' title="bbox 572 4014 2153 4086">
    <p class='ocr_par' dir='ltr' id='par_1_71' title="bbox 572 4014 2153 4086">
     <span class='ocr_line' id='line_1_71' title="bbox 572 4014 2153 4086; baseline 0.001 -21"><span class='ocrx_word' id='word_1_497' title='bbox 572 4028 680 4066; x_wconf 81' lang='lat' dir='ltr'><strong>non</strong></span> <span class='ocrx_word' id='word_1_498' title='bbox 712 4015 1151 4084; x_wconf 83' lang='lat' dir='ltr'><strong>modoapostata</strong></span> <span class='ocrx_word' id='word_1_499' title='bbox 1192 4015 1244 4068; x_wconf 90' lang='lat' dir='ltr'><strong>in</strong></span> <span class='ocrx_word' id='word_1_500' title='bbox 1290 4015 1598 4086; x_wconf 90' lang='lat' dir='ltr'><strong>bujusmodi</strong></span> <span class='ocrx_word' id='word_1_501' title='bbox 1649 4014 1824 4069; x_wconf 82' lang='lat' dir='ltr'><strong>factus</strong></span> <span class='ocrx_word' id='word_1_502' title='bbox 1875 4024 1990 4077; x_wconf 89' lang='lat' dir='ltr'><strong>est,</strong></span> <span class='ocrx_word' id='word_1_503' title='bbox 2026 4015 2153 4083; x_wconf 90' lang='lat' dir='ltr'><strong>qttin</strong></span> 
     </span>
    </p>
   </div>
   <div class='ocr_carea' id='block_1_72' title="bbox 572 4105 2155 4174">
    <p class='ocr_par' dir='ltr' id='par_1_72' title="bbox 572 4105 2155 4174">
     <span class='ocr_line' id='line_1_72' title="bbox 572 4105 2155 4174; baseline 0.001 -17"><span class='ocrx_word' id='word_1_504' title='bbox 572 4105 737 4158; x_wconf 85' lang='lat' dir='ltr'><strong>etiam</strong></span> <span class='ocrx_word' id='word_1_505' title='bbox 776 4106 1042 4174; x_wconf 78' lang='lat' dir='ltr'><strong>quoddam</strong></span> <span class='ocrx_word' id='word_1_506' title='bbox 1100 4105 1379 4160; x_wconf 83' lang='lat' dir='ltr'><strong>castellum</strong></span> <span class='ocrx_word' id='word_1_507' title='bbox 1440 4106 1808 4160; x_wconf 83' lang='lat' dir='ltr'><strong>firmissimum</strong></span> <span class='ocrx_word' id='word_1_508' title='bbox 1856 4105 1926 4160; x_wconf 87' lang='lat' dir='ltr'><strong>ibi</strong></span> <span class='ocrx_word' id='word_1_509' title='bbox 1983 4105 2155 4159; x_wconf 89' lang='lat' dir='ltr'><strong>conti-</strong></span> 
     </span>
    </p>
   </div>
   <div class='ocr_carea' id='block_1_73' title="bbox 575 4195 2153 4266">
    <p class='ocr_par' dir='ltr' id='par_1_73' title="bbox 575 4195 2153 4266">
     <span class='ocr_line' id='line_1_73' title="bbox 575 4195 2153 4266; baseline 0.001 -19"><span class='ocrx_word' id='word_1_510' title='bbox 575 4210 736 4264; x_wconf 77' lang='lat' dir='ltr'><strong>guum</strong></span> <span class='ocrx_word' id='word_1_511' title='bbox 782 4197 1097 4266; x_wconf 86' lang='lat' dir='ltr'><strong>occupavit,</strong></span> <span class='ocrx_word' id='word_1_512' title='bbox 1129 4197 1219 4251; x_wconf 88' lang='lat' dir='ltr'><strong>ubi</strong></span> <span class='ocrx_word' id='word_1_513' title='bbox 1267 4195 1643 4250; x_wconf 89' lang='lat' dir='ltr'><strong>latrocinando</strong></span> <span class='ocrx_word' id='word_1_514' title='bbox 1685 4195 1888 4264; x_wconf 89' lang='lat' dir='ltr'><strong>rapinis</strong></span> <span class='ocrx_word' id='word_1_515' title='bbox 1926 4205 1982 4249; x_wconf 90' lang='lat' dir='ltr'><strong>et</strong></span> <span class='ocrx_word' id='word_1_516' title='bbox 2023 4211 2153 4249; x_wconf 49' lang='lat' dir='ltr'><strong>san-</strong></span> 
     </span>
    </p>
   </div>
   <div class='ocr_carea' id='block_1_74' title="bbox 547 4286 2154 4358">
    <p class='ocr_par' dir='ltr' id='par_1_74' title="bbox 547 4286 2154 4358">
     <span class='ocr_line' id='line_1_74' title="bbox 547 4286 2154 4358; baseline 0 -17"><span class='ocrx_word' id='word_1_517' title='bbox 547 4288 737 4355; x_wconf 83' lang='lat' dir='ltr'><strong>-guinc</strong></span> <span class='ocrx_word' id='word_1_518' title='bbox 762 4288 1063 4343; x_wconf 88' lang='lat' dir='ltr'><strong>victitabat.</strong></span> <span class='ocrx_word' id='word_1_519' title='bbox 1092 4287 1245 4342; x_wconf 90' lang='lat' dir='ltr'><strong>Unde</strong></span> <span class='ocrx_word' id='word_1_520' title='bbox 1282 4302 1418 4356; x_wconf 91' lang='lat' dir='ltr'><strong>papa</strong></span> <span class='ocrx_word' id='word_1_521' title='bbox 1465 4302 1560 4357; x_wconf 90' lang='lat' dir='ltr'><strong>per</strong></span> <span class='ocrx_word' id='word_1_522' title='bbox 1609 4286 2154 4358; x_wconf 45' lang='lat' dir='ltr'><strong>Przeuestinumjpi-</strong></span> 
     </span>
    </p>
   </div>
   <div class='ocr_carea' id='block_1_75' title="bbox 573 4351 2191 4463">
    <p class='ocr_par' dir='ltr' id='par_1_75' title="bbox 573 4351 2191 4463">
     <span class='ocr_line' id='line_1_75' title="bbox 573 4351 2191 4463; baseline -0.002 -31"><span class='ocrx_word' id='word_1_523' title='bbox 573 4394 793 4447; x_wconf 83' lang='lat' dir='ltr'><strong>scopum</strong></span> <span class='ocrx_word' id='word_1_524' title='bbox 836 4377 964 4432; x_wconf 76' lang='lat' dir='ltr'><strong>fecit</strong></span> <span class='ocrx_word' id='word_1_525' title='bbox 992 4393 1114 4432; x_wconf 91' lang='lat' dir='ltr'><strong>cum</strong></span> <span class='ocrx_word' id='word_1_526' title='bbox 1169 4379 1694 4432; x_wconf 82' lang='lat' dir='ltr'><strong>excommunicatum</strong></span> <span class='ocrx_word' id='word_1_527' title='bbox 1739 4351 2191 4463; x_wconf 53' lang='lat' dir='ltr'><strong>damuariﬁpscl</strong></span> 
     </span>
    </p>
   </div>
   <div class='ocr_carea' id='block_1_76' title="bbox 581 4467 2150 4542">
    <p class='ocr_par' dir='ltr' id='par_1_76' title="bbox 581 4467 2150 4542">
     <span class='ocr_line' id='line_1_76' title="bbox 581 4467 2150 4542; baseline 0.001 -21"><span class='ocrx_word' id='word_1_528' title='bbox 581 4479 752 4522; x_wconf 68' lang='lat' dir='ltr'><strong>autem</strong></span> <span class='ocrx_word' id='word_1_529' title='bbox 787 4469 896 4536; x_wconf 77' lang='lat' dir='ltr'><strong>regi</strong></span> <span class='ocrx_word' id='word_1_530' title='bbox 929 4483 1025 4537; x_wconf 89' lang='lat' dir='ltr'><strong>per</strong></span> <span class='ocrx_word' id='word_1_531' title='bbox 1051 4469 1231 4522; x_wconf 89' lang='lat' dir='ltr'><strong>omnia</strong></span> <span class='ocrx_word' id='word_1_532' title='bbox 1255 4468 1599 4542; x_wconf 47' lang='lat' dir='ltr'><strong>.morigerus,</strong></span> <span class='ocrx_word' id='word_1_533' title='bbox 1633 4469 1713 4522; x_wconf 90' lang='lat' dir='ltr'><strong>sic</strong></span> <span class='ocrx_word' id='word_1_534' title='bbox 1753 4482 1850 4542; x_wconf 63' lang='lat' dir='ltr'><strong>per</strong></span> <span class='ocrx_word' id='word_1_535' title='bbox 1875 4467 2150 4522; x_wconf 90' lang='lat' dir='ltr'><strong>biennium</strong></span> 
     </span>
    </p>
   </div>
   <div class='ocr_carea' id='block_1_77' title="bbox 578 4484 1834 4638">
    <p class='ocr_par' dir='ltr' id='par_1_77' title="bbox 578 4484 1834 4638">
     <span class='ocr_line' id='line_1_77' title="bbox 581 4484 1834 4542; baseline -0.001 -21"><span class='ocrx_word' id='word_1_536' title='bbox 581 4484 752 4522; x_wconf 68' lang='lat' dir='ltr'><strong>autem</strong></span> <span class='ocrx_word' id='word_1_537' title='bbox 787 4484 896 4536; x_wconf 78' lang='lat' dir='ltr'><strong>regi</strong></span> <span class='ocrx_word' id='word_1_538' title='bbox 929 4484 1025 4537; x_wconf 88' lang='lat' dir='ltr'><strong>per</strong></span> <span class='ocrx_word' id='word_1_539' title='bbox 1051 4484 1231 4522; x_wconf 88' lang='lat' dir='ltr'><strong>omma</strong></span> <span class='ocrx_word' id='word_1_540' title='bbox 1255 4484 1599 4542; x_wconf 47' lang='lat' dir='ltr'><strong>.mortgerus,</strong></span> <span class='ocrx_word' id='word_1_541' title='bbox 1633 4484 1713 4522; x_wconf 75' lang='lat' dir='ltr'><strong>sne</strong></span> <span class='ocrx_word' id='word_1_542' title='bbox 1769 4484 1834 4522; x_wconf 63' lang='grc' dir='ltr'><strong>ηε</strong></span> 
     </span>
     <span class='ocr_line' id='line_1_78' title="bbox 578 4484 1834 4638; baseline -0.001 -29"><span class='ocrx_word' id='word_1_543' title='bbox 578 4555 922 4609; x_wconf 71' lang='lat' dir='ltr'><strong>vrassabatur</strong></span> <span class='ocrx_word' id='word_1_544' title='bbox 941 4543 1078 4620; x_wconf 88' lang='lat' dir='ltr'><strong>,Dei</strong></span> <span class='ocrx_word' id='word_1_545' title='bbox 1114 4563 1456 4622; x_wconf 87' lang='lat' dir='ltr'><strong>contemptor</strong></span> <span class='ocrx_word' id='word_1_546' title='bbox 1499 4484 1834 4638; x_wconf 55' lang='lat' dir='ltr'><strong>induratuh</strong></span> 
     </span>
    </p>
   </div>
   <div class='ocr_carea' id='block_1_78' title="bbox 443 4634 2159 4714">
    <p class='ocr_par' dir='ltr' id='par_1_78' title="bbox 443 4634 2159 4714">
     <span class='ocr_line' id='line_1_79' title="bbox 443 4634 2159 4714; baseline 0.005 -21"><span class='ocrx_word' id='word_1_547' title='bbox 443 4663 456 4667; x_wconf 85' lang='lat'><em>--</em></span> <span class='ocrx_word' id='word_1_548' title='bbox 491 4650 595 4662; x_wconf 57' lang='grc' dir='ltr'><strong>ν’·</strong></span> <span class='ocrx_word' id='word_1_549' title='bbox 650 4634 886 4702; x_wconf 80' lang='lat' dir='ltr'><strong>Tandem</strong></span> <span class='ocrx_word' id='word_1_550' title='bbox 924 4661 1051 4701; x_wconf 87' lang='lat' dir='ltr'><strong>vero</strong></span> <span class='ocrx_word' id='word_1_551' title='bbox 1096 4661 1190 4701; x_wconf 78' lang='lat' dir='ltr'><strong>rex</strong></span> <span class='ocrx_word' id='word_1_552' title='bbox 1214 4686 1229 4711; x_wconf 92' lang='lat'><strong>,</strong></span> <span class='ocrx_word' id='word_1_553' title='bbox 1264 4660 1367 4700; x_wconf 89' lang='lat' dir='ltr'><strong>non</strong></span> <span class='ocrx_word' id='word_1_554' title='bbox 1422 4645 1634 4699; x_wconf 92' lang='lat' dir='ltr'><strong>modico</strong></span> <span class='ocrx_word' id='word_1_555' title='bbox 1671 4634 1854 4700; x_wconf 59' lang='lat' dir='ltr'><strong>furore</strong></span> <span class='ocrx_word' id='word_1_556' title='bbox 1903 4653 2024 4714; x_wconf 90' lang='lat' dir='ltr'><strong>post</strong></span> <span class='ocrx_word' id='word_1_557' title='bbox 2050 4645 2159 4700; x_wconf 80' lang='lat' dir='ltr'><strong>dis-</strong></span> 
     </span>
    </p>
   </div>
   <div class='ocr_carea' id='block_1_79' title="bbox 577 4735 2156 4806">
    <p class='ocr_par' dir='ltr' id='par_1_79' title="bbox 577 4735 2156 4806">
     <span class='ocr_line' id='line_1_80' title="bbox 577 4735 2156 4806; baseline -0.001 -15"><span class='ocrx_word' id='word_1_558' title='bbox 577 4752 790 4792; x_wconf 84' lang='lat' dir='ltr'><strong>cessum</strong></span> <span class='ocrx_word' id='word_1_559' title='bbox 847 4739 1084 4792; x_wconf 83' lang='lat' dir='ltr'><strong>virorum</strong></span> <span class='ocrx_word' id='word_1_560' title='bbox 1128 4736 1508 4806; x_wconf 68' lang='lat' dir='ltr'><strong>praedictorum</strong></span> <span class='ocrx_word' id='word_1_561' title='bbox 1557 4743 1862 4806; x_wconf 89' lang='lat' dir='ltr'><strong>permotus,</strong></span> <span class='ocrx_word' id='word_1_562' title='bbox 1915 4744 1970 4790; x_wconf 91' lang='lat' dir='ltr'><strong>ct</strong></span> <span class='ocrx_word' id='word_1_563' title='bbox 2021 4735 2156 4790; x_wconf 80' lang='lat' dir='ltr'><strong>indi-</strong></span> 
     </span>
    </p>
   </div>
   <div class='ocr_carea' id='block_1_80' title="bbox 577 4826 2158 4901">
    <p class='ocr_par' dir='ltr' id='par_1_80' title="bbox 577 4826 2158 4901">
     <span class='ocr_line' id='line_1_81' title="bbox 577 4826 2158 4901; baseline 0.003 -20"><span class='ocrx_word' id='word_1_564' title='bbox 577 4844 738 4899; x_wconf 73' lang='lat' dir='ltr'><strong>gnum</strong></span> <span class='ocrx_word' id='word_1_565' title='bbox 769 4827 879 4901; x_wconf 88' lang='lat'><strong>(87)</strong></span> <span class='ocrx_word' id='word_1_566' title='bbox 907 4830 1107 4885; x_wconf 85' lang='lat' dir='ltr'><strong>ducens</strong></span> <span class='ocrx_word' id='word_1_567' title='bbox 1131 4843 1191 4884; x_wconf 91' lang='lat' dir='ltr'><strong>se</strong></span> <span class='ocrx_word' id='word_1_568' title='bbox 1222 4843 1253 4883; x_wconf 89' lang='lat' dir='ltr'><strong>a</strong></span> <span class='ocrx_word' id='word_1_569' title='bbox 1288 4841 1562 4899; x_wconf 87' lang='lat' dir='ltr'><strong>quoquam</strong></span> <span class='ocrx_word' id='word_1_570' title='bbox 1612 4826 1930 4898; x_wconf 87' lang='lat' dir='ltr'><strong>reprehendi</strong></span> <span class='ocrx_word' id='word_1_571' title='bbox 1960 4827 2158 4886; x_wconf 84' lang='lat' dir='ltr'><strong>debere</strong></span> 
     </span>
    </p>
   </div>
   <div class='ocr_carea' id='block_1_81' title="bbox 2263 3278 3832 3350">
    <p class='ocr_par' dir='ltr' id='par_1_81' title="bbox 2263 3278 3832 3350">
     <span class='ocr_line' id='line_1_82' title="bbox 2263 3278 3832 3350; baseline -0.003 -14"><span class='ocrx_word' id='word_1_572' title='bbox 2263 3281 2986 3344; x_wconf 79' lang='lat' dir='ltr'><strong>sitnostrumirnledixisse,</strong></span> <span class='ocrx_word' id='word_1_573' title='bbox 3014 3279 3270 3334; x_wconf 87' lang='lat' dir='ltr'><strong>domuum</strong></span> <span class='ocrx_word' id='word_1_574' title='bbox 3317 3278 3429 3349; x_wconf 69' lang='lat'>(92)</span> <span class='ocrx_word' id='word_1_575' title='bbox 3484 3280 3832 3350; x_wconf 87' lang='lat' dir='ltr'><strong>apostolicum</strong></span> 
     </span>
    </p>
   </div>
   <div class='ocr_carea' id='block_1_82' title="bbox 2261 3373 3833 3445">
    <p class='ocr_par' dir='ltr' id='par_1_82' title="bbox 2261 3373 3833 3445">
     <span class='ocr_line' id='line_1_83' title="bbox 2261 3373 3833 3445; baseline -0.004 -15"><span class='ocrx_word' id='word_1_576' title='bbox 2261 3391 2368 3430; x_wconf 92' lang='lat' dir='ltr'><strong>non</strong></span> <span class='ocrx_word' id='word_1_577' title='bbox 2410 3376 2528 3430; x_wconf 90' lang='lat' dir='ltr'><strong>sine</strong></span> <span class='ocrx_word' id='word_1_578' title='bbox 2573 3375 2656 3429; x_wconf 90' lang='lat' dir='ltr'><strong>sui</strong></span> <span class='ocrx_word' id='word_1_579' title='bbox 2697 3373 2865 3445; x_wconf 90' lang='lat' dir='ltr'><strong>ipsius</strong></span> <span class='ocrx_word' id='word_1_580' title='bbox 2896 3373 3142 3443; x_wconf 89' lang='lat' dir='ltr'><strong>corporis</strong></span> <span class='ocrx_word' id='word_1_581' title='bbox 3188 3388 3384 3444; x_wconf 83' lang='lat' dir='ltr'><strong>magno</strong></span> <span class='ocrx_word' id='word_1_582' title='bbox 3414 3374 3550 3428; x_wconf 81' lang='lat' dir='ltr'><strong>satis</strong></span> <span class='ocrx_word' id='word_1_583' title='bbox 3603 3373 3833 3444; x_wconf 83' lang='lat' dir='ltr'><strong>periculo</strong></span> 
     </span>
    </p>
   </div>
   <div class='ocr_carea' id='block_1_83' title="bbox 2260 3463 3832 3536">
    <p class='ocr_par' dir='ltr' id='par_1_83' title="bbox 2260 3463 3832 3536">
     <span class='ocr_line' id='line_1_84' title="bbox 2260 3463 3832 3536; baseline 0 -20"><span class='ocrx_word' id='word_1_584' title='bbox 2260 3481 2422 3536; x_wconf 88' lang='lat' dir='ltr'><strong>quam</strong></span> <span class='ocrx_word' id='word_1_585' title='bbox 2456 3466 2522 3497; x_wconf 83' lang='grc'><strong>¹⁶⁰</strong></span> <span class='ocrx_word' id='word_1_586' title='bbox 2563 3465 2651 3520; x_wconf 77' lang='lat' dir='ltr'><strong>vix</strong></span> <span class='ocrx_word' id='word_1_587' title='bbox 2693 3481 2787 3521; x_wconf 89' lang='lat' dir='ltr'><strong>eos</strong></span> <span class='ocrx_word' id='word_1_588' title='bbox 2839 3464 3207 3520; x_wconf 80' lang='lat' dir='ltr'><strong>Romanorum</strong></span> <span class='ocrx_word' id='word_1_589' title='bbox 3265 3463 3518 3520; x_wconf 88' lang='lat' dir='ltr'><strong>manibus</strong></span> <span class='ocrx_word' id='word_1_590' title='bbox 3556 3465 3832 3520; x_wconf 75' lang='lat' dir='ltr'><strong>semiviros</strong></span> 
     </span>
    </p>
   </div>
   <div class='ocr_carea' id='block_1_84' title="bbox 2257 3559 2542 3629">
    <p class='ocr_par' dir='ltr' id='par_1_84' title="bbox 2257 3559 2542 3629">
     <span class='ocr_line' id='line_1_85' title="bbox 2257 3559 2542 3629; baseline 0 -15"><span class='ocrx_word' id='word_1_591' title='bbox 2257 3559 2542 3629; x_wconf 90' lang='lat' dir='ltr'><strong>eripuisse.</strong></span> 
     </span>
    </p>
   </div>
   <div class='ocr_carea' id='block_1_85' title="bbox 2332 3646 3830 3718">
    <p class='ocr_par' dir='ltr' id='par_1_85' title="bbox 2332 3646 3830 3718">
     <span class='ocr_line' id='line_1_86' title="bbox 2332 3646 3830 3718; baseline -0.002 -15"><span class='ocrx_word' id='word_1_592' title='bbox 2332 3650 2569 3705; x_wconf 86' lang='lat' dir='ltr'><strong>Tandem</strong></span> <span class='ocrx_word' id='word_1_593' title='bbox 2614 3649 2758 3706; x_wconf 86' lang='lat' dir='ltr'><strong>facto</strong></span> <span class='ocrx_word' id='word_1_594' title='bbox 2785 3649 3030 3714; x_wconf 88' lang='lat' dir='ltr'><strong>silentio,</strong></span> <span class='ocrx_word' id='word_1_595' title='bbox 3060 3648 3288 3703; x_wconf 91' lang='lat' dir='ltr'><strong>domnus</strong></span> <span class='ocrx_word' id='word_1_596' title='bbox 3313 3661 3452 3718; x_wconf 89' lang='lat' dir='ltr'><strong>papa</strong></span> <span class='ocrx_word' id='word_1_597' title='bbox 3506 3646 3641 3702; x_wconf 89' lang='lat' dir='ltr'><strong>fecit</strong></span> <span class='ocrx_word' id='word_1_598' title='bbox 3683 3659 3830 3717; x_wconf 77' lang='lat' dir='ltr'><strong>syno-</strong></span> 
     </span>
    </p>
   </div>
   <div class='ocr_carea' id='block_1_86' title="bbox 2259 3737 3827 3810">
    <p class='ocr_par' dir='ltr' id='par_1_86' title="bbox 2259 3737 3827 3810">
     <span class='ocr_line' id='line_1_87' title="bbox 2259 3737 3827 3810; baseline -0.003 -16"><span class='ocrx_word' id='word_1_599' title='bbox 2259 3741 2398 3795; x_wconf 89' lang='lat' dir='ltr'><strong>dalia</strong></span> <span class='ocrx_word' id='word_1_600' title='bbox 2429 3750 2632 3796; x_wconf 89' lang='lat' dir='ltr'><strong>statuta</strong></span> <span class='ocrx_word' id='word_1_601' title='bbox 2660 3757 2824 3810; x_wconf 90' lang='lat' dir='ltr'><strong>super</strong></span> <span class='ocrx_word' id='word_1_602' title='bbox 2859 3741 2945 3796; x_wconf 88' lang='lat' dir='ltr'><strong>bis</strong></span> <span class='ocrx_word' id='word_1_603' title='bbox 2973 3740 3170 3810; x_wconf 90' lang='lat' dir='ltr'><strong>inquiri</strong></span> <span class='ocrx_word' id='word_1_604' title='bbox 3198 3747 3255 3794; x_wconf 91' lang='lat' dir='ltr'><strong>et</strong></span> <span class='ocrx_word' id='word_1_605' title='bbox 3282 3739 3534 3803; x_wconf 86' lang='lat' dir='ltr'><strong>recitari,</strong></span> <span class='ocrx_word' id='word_1_606' title='bbox 3564 3739 3662 3807; x_wconf 86' lang='lat' dir='ltr'><strong>qui</strong></span> <span class='ocrx_word' id='word_1_607' title='bbox 3688 3737 3827 3808; x_wconf 85' lang='lat' dir='ltr'><strong>quasi</strong></span> 
     </span>
    </p>
   </div>
   <div class='ocr_carea' id='block_1_87' title="bbox 2259 3830 3827 3900">
    <p class='ocr_par' dir='ltr' id='par_1_87' title="bbox 2259 3830 3827 3900">
     <span class='ocr_line' id='line_1_88' title="bbox 2259 3830 3827 3900; baseline -0.006 -12"><span class='ocrx_word' id='word_1_608' title='bbox 2259 3835 2312 3888; x_wconf 90' lang='lat' dir='ltr'><strong>in</strong></span> <span class='ocrx_word' id='word_1_609' title='bbox 2345 3834 2519 3888; x_wconf 87' lang='lat' dir='ltr'><strong>medio</strong></span> <span class='ocrx_word' id='word_1_610' title='bbox 2546 3834 2712 3888; x_wconf 86' lang='lat' dir='ltr'><strong>t0tius</strong></span> <span class='ocrx_word' id='word_1_611' title='bbox 2750 3832 3006 3888; x_wconf 72' lang='lat' dir='ltr'><strong>accelesia:</strong></span> <span class='ocrx_word' id='word_1_612' title='bbox 3043 3830 3438 3886; x_wconf 82' lang='lat' dir='ltr'><strong>contumaciter</strong></span> <span class='ocrx_word' id='word_1_613' title='bbox 3479 3845 3698 3885; x_wconf 89' lang='lat' dir='ltr'><strong>summo</strong></span> <span class='ocrx_word' id='word_1_614' title='bbox 3723 3834 3827 3900; x_wconf 86' lang='lat' dir='ltr'><strong>post</strong></span> 
     </span>
    </p>
   </div>
   <div class='ocr_carea' id='block_1_88' title="bbox 2259 3923 3828 3994">
    <p class='ocr_par' dir='ltr' id='par_1_88' title="bbox 2259 3923 3828 3994">
     <span class='ocr_line' id='line_1_89' title="bbox 2259 3923 3828 3994; baseline -0.003 -17"><span class='ocrx_word' id='word_1_615' title='bbox 2259 3924 2424 3978; x_wconf 89' lang='lat' dir='ltr'><strong>Deum</strong></span> <span class='ocrx_word' id='word_1_616' title='bbox 2455 3924 2692 3994; x_wconf 77' lang='lat' dir='ltr'><strong>pontiﬁci</strong></span> <span class='ocrx_word' id='word_1_617' title='bbox 2731 3933 2784 3978; x_wconf 89' lang='lat' dir='ltr'><strong>et</strong></span> <span class='ocrx_word' id='word_1_618' title='bbox 2825 3939 2922 3978; x_wconf 92' lang='lat' dir='ltr'><strong>suo</strong></span> <span class='ocrx_word' id='word_1_619' title='bbox 2967 3924 3160 3978; x_wconf 89' lang='lat' dir='ltr'><strong>rectori</strong></span> <span class='ocrx_word' id='word_1_620' title='bbox 3213 3933 3416 3978; x_wconf 87' lang='lat' dir='ltr'><strong>temere</strong></span> <span class='ocrx_word' id='word_1_621' title='bbox 3453 3923 3730 3992; x_wconf 86' lang='lat' dir='ltr'><strong>abjurato,</strong></span> <span class='ocrx_word' id='word_1_622' title='bbox 3760 3923 3828 3973; x_wconf 86' lang='lat' dir='ltr'><strong>in-</strong></span> 
     </span>
    </p>
   </div>
   <div class='ocr_carea' id='block_1_89' title="bbox 2256 4013 3824 4081">
    <p class='ocr_par' dir='ltr' id='par_1_89' title="bbox 2256 4013 3824 4081">
     <span class='ocr_line' id='line_1_90' title="bbox 2256 4013 3824 4081; baseline -0.003 -13"><span class='ocrx_word' id='word_1_623' title='bbox 2256 4014 2639 4068; x_wconf 77' lang='lat' dir='ltr'><strong>obcedientiam</strong></span> <span class='ocrx_word' id='word_1_624' title='bbox 2671 4029 2820 4068; x_wconf 88' lang='lat' dir='ltr'><strong>suam</strong></span> <span class='ocrx_word' id='word_1_625' title='bbox 2857 4029 2964 4068; x_wconf 91' lang='lat' dir='ltr'><strong>non</strong></span> <span class='ocrx_word' id='word_1_626' title='bbox 3007 4015 3338 4068; x_wconf 90' lang='lat' dir='ltr'><strong>erubuerant</strong></span> <span class='ocrx_word' id='word_1_627' title='bbox 3381 4013 3603 4081; x_wconf 86' lang='lat' dir='ltr'><strong>scriptis</strong></span> <span class='ocrx_word' id='word_1_628' title='bbox 3633 4028 3700 4068; x_wconf 81' lang='lat' dir='ltr'><strong>ex</strong></span> <span class='ocrx_word' id='word_1_629' title='bbox 3743 4025 3824 4065; x_wconf 87' lang='lat' dir='ltr'><strong>no-</strong></span> 
     </span>
    </p>
   </div>
   <div class='ocr_carea' id='block_1_90' title="bbox 2257 4103 3824 4174">
    <p class='ocr_par' dir='ltr' id='par_1_90' title="bbox 2257 4103 3824 4174">
     <span class='ocr_line' id='line_1_91' title="bbox 2257 4103 3824 4174; baseline -0.003 -16"><span class='ocrx_word' id='word_1_630' title='bbox 2257 4105 2401 4158; x_wconf 90' lang='lat' dir='ltr'><strong>mine</strong></span> <span class='ocrx_word' id='word_1_631' title='bbox 2446 4105 2726 4173; x_wconf 77' lang='lat' dir='ltr'><strong>profiteri,</strong></span> <span class='ocrx_word' id='word_1_632' title='bbox 2775 4120 2881 4158; x_wconf 89' lang='lat' dir='ltr'><strong>non</strong></span> <span class='ocrx_word' id='word_1_633' title='bbox 2931 4103 3291 4174; x_wconf 80' lang='lat' dir='ltr'><strong>intelligentes</strong></span> <span class='ocrx_word' id='word_1_634' title='bbox 3347 4117 3524 4172; x_wconf 89' lang='lat' dir='ltr'><strong>neque</strong></span> <span class='ocrx_word' id='word_1_635' title='bbox 3591 4104 3824 4157; x_wconf 80' lang='lat' dir='ltr'><strong>timentes</strong></span> 
     </span>
    </p>
   </div>
   <div class='ocr_carea' id='block_1_91' title="bbox 2259 4191 3823 4263">
    <p class='ocr_par' dir='ltr' id='par_1_91' title="bbox 2259 4191 3823 4263">
     <span class='ocr_line' id='line_1_92' title="bbox 2259 4191 3823 4263; baseline 0 -18"><span class='ocrx_word' id='word_1_636' title='bbox 2259 4193 2400 4263; x_wconf 88' lang='lat' dir='ltr'><strong>quod</strong></span> <span class='ocrx_word' id='word_1_637' title='bbox 2435 4193 2500 4248; x_wconf 92' lang='lat' dir='ltr'><strong>ad</strong></span> <span class='ocrx_word' id='word_1_638' title='bbox 2529 4193 2675 4247; x_wconf 90' lang='lat' dir='ltr'><strong>illum</strong></span> <span class='ocrx_word' id='word_1_639' title='bbox 2705 4202 2760 4249; x_wconf 90' lang='lat' dir='ltr'><strong>et</strong></span> <span class='ocrx_word' id='word_1_640' title='bbox 2802 4203 3028 4249; x_wconf 66' lang='lat' dir='ltr'><strong>caeteros</strong></span> <span class='ocrx_word' id='word_1_641' title='bbox 3055 4194 3316 4248; x_wconf 70' lang='lat' dir='ltr'><strong>mcclesia:</strong></span> <span class='ocrx_word' id='word_1_642' title='bbox 3356 4194 3650 4263; x_wconf 80' lang='lat' dir='ltr'><strong>magistros</strong></span> <span class='ocrx_word' id='word_1_643' title='bbox 3677 4191 3823 4263; x_wconf 82' lang='lat' dir='ltr'><strong>perti-</strong></span> 
     </span>
    </p>
   </div>
   <div class='ocr_carea' id='block_1_92' title="bbox 2255 4281 3820 4355">
    <p class='ocr_par' dir='ltr' id='par_1_92' title="bbox 2255 4281 3820 4355">
     <span class='ocr_line' id='line_1_93' title="bbox 2255 4281 3820 4355; baseline -0.003 -15"><span class='ocrx_word' id='word_1_644' title='bbox 2255 4286 2472 4348; x_wconf 89' lang='lat' dir='ltr'><strong>nuerit,</strong></span> <span class='ocrx_word' id='word_1_645' title='bbox 2515 4287 2656 4354; x_wconf 91' lang='lat' dir='ltr'><strong>quod</strong></span> <span class='ocrx_word' id='word_1_646' title='bbox 2702 4286 2898 4342; x_wconf 85' lang='lat' dir='ltr'><strong>Paulus</strong></span> <span class='ocrx_word' id='word_1_647' title='bbox 2941 4287 3017 4342; x_wconf 90' lang='lat' dir='ltr'><strong>ait</strong></span> <span class='ocrx_word' id='word_1_648' title='bbox 3051 4303 3064 4339; x_wconf 88' lang='lat'><strong>:</strong></span> <span class='ocrx_word' id='word_1_649' title='bbox 3096 4303 3114 4337; x_wconf 74' lang='grc' dir='ltr'><strong>ε</strong></span> <span class='ocrx_word' id='word_1_650' title='bbox 3164 4285 3345 4340; x_wconf 86' lang='lat' dir='ltr'><strong>Parati</strong></span> <span class='ocrx_word' id='word_1_651' title='bbox 3388 4300 3605 4355; x_wconf 89' lang='lat' dir='ltr'><strong>semper</strong></span> <span class='ocrx_word' id='word_1_652' title='bbox 3651 4281 3820 4338; x_wconf 83' lang='lat' dir='ltr'><strong>ulcisci</strong></span> 
     </span>
    </p>
   </div>
   <div class='ocr_carea' id='block_1_93' title="bbox 2253 4371 3821 4448">
    <p class='ocr_par' dir='ltr' id='par_1_93' title="bbox 2253 4371 3821 4448">
     <span class='ocr_line' id='line_1_94' title="bbox 2253 4371 3821 4448; baseline -0.005 -16"><span class='ocrx_word' id='word_1_653' title='bbox 2253 4396 2469 4434; x_wconf 85' lang='lat' dir='ltr'><strong>onmem</strong></span> <span class='ocrx_word' id='word_1_654' title='bbox 2503 4379 2973 4434; x_wconf 74' lang='lat' dir='ltr'><strong>iuobmdientiam.</strong></span> <span class='ocrx_word' id='word_1_655' title='bbox 2999 4397 3016 4429; x_wconf 75' lang='grc' dir='ltr'><strong><em>ι</em></strong></span> <span class='ocrx_word' id='word_1_656' title='bbox 3051 4377 3199 4448; x_wconf 86' lang='lat' dir='ltr'><strong>Ipsos</strong></span> <span class='ocrx_word' id='word_1_657' title='bbox 3247 4391 3478 4444; x_wconf 89' lang='lat' dir='ltr'><strong>namque</strong></span> <span class='ocrx_word' id='word_1_658' title='bbox 3517 4371 3821 4446; x_wconf 69' lang='lat' dir='ltr'><strong>&#39;oportuerat</strong></span> 
     </span>
    </p>
   </div>
   <div class='ocr_carea' id='block_1_94' title="bbox 2255 4465 3817 4541">
    <p class='ocr_par' dir='ltr' id='par_1_94' title="bbox 2255 4465 3817 4541">
     <span class='ocr_line' id='line_1_95' title="bbox 2255 4465 3817 4541; baseline -0.004 -16"><span class='ocrx_word' id='word_1_659' title='bbox 2255 4469 2564 4541; x_wconf 78' lang='lat' dir='ltr'><strong>diligentius</strong></span> <span class='ocrx_word' id='word_1_660' title='bbox 2612 4471 2906 4526; x_wconf 86' lang='lat' dir='ltr'><strong>attendisse</strong></span> <span class='ocrx_word' id='word_1_661' title='bbox 2937 4471 3078 4539; x_wconf 88' lang='lat' dir='ltr'><strong>quod</strong></span> <span class='ocrx_word' id='word_1_662' title='bbox 3129 4479 3348 4524; x_wconf 87' lang='lat' dir='ltr'><strong>sanctus</strong></span> <span class='ocrx_word' id='word_1_663' title='bbox 3396 4469 3667 4524; x_wconf 88' lang='lat' dir='ltr'><strong>Silvester</strong></span> <span class='ocrx_word' id='word_1_664' title='bbox 3723 4465 3817 4537; x_wconf 83' lang='lat'>(95)</span> 
     </span>
    </p>
   </div>
   <div class='ocr_carea' id='block_1_95' title="bbox 2179 4552 3816 4632">
    <p class='ocr_par' dir='ltr' id='par_1_95' title="bbox 2179 4552 3816 4632">
     <span class='ocr_line' id='line_1_96' title="bbox 2179 4552 3816 4632; baseline -0.003 -20"><span class='ocrx_word' id='word_1_665' title='bbox 2179 4552 2230 4612; x_wconf 90' lang='lat' dir='ltr'><strong>D</strong></span> <span class='ocrx_word' id='word_1_666' title='bbox 2258 4576 2393 4630; x_wconf 88' lang='lat' dir='ltr'><strong>papa</strong></span> <span class='ocrx_word' id='word_1_667' title='bbox 2442 4561 2496 4614; x_wconf 91' lang='lat' dir='ltr'><strong>in</strong></span> <span class='ocrx_word' id='word_1_668' title='bbox 2549 4561 2788 4615; x_wconf 77' lang='lat' dir='ltr'><strong>Romana</strong></span> <span class='ocrx_word' id='word_1_669' title='bbox 2849 4561 3052 4632; x_wconf 87' lang='lat' dir='ltr'><strong>synodo</strong></span> <span class='ocrx_word' id='word_1_670' title='bbox 3091 4558 3202 4627; x_wconf 89' lang='lat' dir='ltr'><strong>jam</strong></span> <span class='ocrx_word' id='word_1_671' title='bbox 3248 4558 3705 4630; x_wconf 78' lang='lat' dir='ltr'><strong>inrefragabiliter</strong></span> <span class='ocrx_word' id='word_1_672' title='bbox 3745 4557 3816 4610; x_wconf 87' lang='lat' dir='ltr'><strong>de-</strong></span> 
     </span>
    </p>
   </div>
   <div class='ocr_carea' id='block_1_96' title="bbox 2260 4645 3814 4720">
    <p class='ocr_par' dir='ltr' id='par_1_96' title="bbox 2260 4645 3814 4720">
     <span class='ocr_line' id='line_1_97' title="bbox 2260 4645 3814 4720; baseline -0.003 -16"><span class='ocrx_word' id='word_1_673' title='bbox 2260 4651 2431 4704; x_wconf 87' lang='lat' dir='ltr'><strong>crevit</strong></span> <span class='ocrx_word' id='word_1_674' title='bbox 2468 4650 2578 4720; x_wconf 62' lang='grc'><strong>(94)</strong></span> <span class='ocrx_word' id='word_1_675' title='bbox 2610 4666 2624 4704; x_wconf 89' lang='lat'><strong>:</strong></span> <span class='ocrx_word' id='word_1_676' title='bbox 2669 4667 2688 4700; x_wconf 71' lang='grc' dir='ltr'>ι</span> <span class='ocrx_word' id='word_1_677' title='bbox 2726 4650 2893 4705; x_wconf 78' lang='lat' dir='ltr'><strong>Nemo</strong></span> <span class='ocrx_word' id='word_1_678' title='bbox 2917 4651 3142 4720; x_wconf 87' lang='lat' dir='ltr'><strong>primam</strong></span> <span class='ocrx_word' id='word_1_679' title='bbox 3179 4649 3360 4705; x_wconf 87' lang='lat' dir='ltr'><strong>sedem</strong></span> <span class='ocrx_word' id='word_1_680' title='bbox 3392 4648 3680 4718; x_wconf 87' lang='lat' dir='ltr'><strong>judicabit,</strong></span> <span class='ocrx_word' id='word_1_681' title='bbox 3708 4645 3814 4714; x_wconf 74' lang='lat' dir='ltr'><strong>quia</strong></span> 
     </span>
    </p>
   </div>
   <div class='ocr_carea' id='block_1_97' title="bbox 2258 4741 3812 4817">
    <p class='ocr_par' dir='ltr' id='par_1_97' title="bbox 2258 4741 3812 4817">
     <span class='ocr_line' id='line_1_98' title="bbox 2258 4741 3812 4817; baseline -0.006 -22"><span class='ocrx_word' id='word_1_682' title='bbox 2258 4755 2446 4795; x_wconf 89' lang='lat' dir='ltr'><strong>omnes</strong></span> <span class='ocrx_word' id='word_1_683' title='bbox 2490 4741 2645 4796; x_wconf 88' lang='lat' dir='ltr'><strong>sedes</strong></span> <span class='ocrx_word' id='word_1_684' title='bbox 2674 4755 2704 4795; x_wconf 87' lang='lat' dir='ltr'><strong>a</strong></span> <span class='ocrx_word' id='word_1_685' title='bbox 2730 4743 2916 4810; x_wconf 85' lang='lat' dir='ltr'><strong>primae</strong></span> <span class='ocrx_word' id='word_1_686' title='bbox 2957 4742 3098 4796; x_wconf 92' lang='lat' dir='ltr'><strong>sedis</strong></span> <span class='ocrx_word' id='word_1_687' title='bbox 3120 4741 3330 4812; x_wconf 80' lang='lat' dir='ltr'><strong>juStitia</strong></span> <span class='ocrx_word' id='word_1_688' title='bbox 3363 4741 3675 4795; x_wconf 91' lang='lat' dir='ltr'><strong>desiderant</strong></span> <span class='ocrx_word' id='word_1_689' title='bbox 3707 4749 3812 4817; x_wconf 68' lang='lat' dir='ltr'><strong>tear-</strong></span> 
     </span>
    </p>
   </div>
   <div class='ocr_carea' id='block_1_98' title="bbox 2265 4828 3812 4906">
    <p class='ocr_par' dir='ltr' id='par_1_98' title="bbox 2265 4828 3812 4906">
     <span class='ocr_line' id='line_1_99' title="bbox 2265 4828 3812 4906; baseline 0.005 -21"><span class='ocrx_word' id='word_1_690' title='bbox 2265 4831 2468 4899; x_wconf 87' lang='lat' dir='ltr'><strong>perari,</strong></span> <span class='ocrx_word' id='word_1_691' title='bbox 2504 4849 2676 4904; x_wconf 88' lang='lat' dir='ltr'><strong>neque</strong></span> <span class='ocrx_word' id='word_1_692' title='bbox 2701 4835 2769 4888; x_wconf 88' lang='lat' dir='ltr'><strong>ab</strong></span> <span class='ocrx_word' id='word_1_693' title='bbox 2815 4835 2962 4890; x_wconf 85' lang='lat' dir='ltr'><strong>omni</strong></span> <span class='ocrx_word' id='word_1_694' title='bbox 2991 4835 3168 4900; x_wconf 90' lang='lat' dir='ltr'><strong>clero,</strong></span> <span class='ocrx_word' id='word_1_695' title='bbox 3202 4849 3302 4890; x_wconf 90' lang='lat' dir='ltr'><strong>uec</strong></span> <span class='ocrx_word' id='word_1_696' title='bbox 3339 4835 3406 4891; x_wconf 90' lang='lat' dir='ltr'><strong>ab</strong></span> <span class='ocrx_word' id='word_1_697' title='bbox 3443 4833 3597 4890; x_wconf 87' lang='lat' dir='ltr'><strong>omni</strong></span> <span class='ocrx_word' id='word_1_698' title='bbox 3641 4828 3812 4906; x_wconf 76' lang='lat' dir='ltr'><strong>poplll0</strong></span> 
     </span>
    </p>
   </div>
   <div class='ocr_carea' id='block_1_99' title="bbox 1849 4958 2527 5022">
    <p class='ocr_par' dir='ltr' id='par_1_99' title="bbox 1849 4958 2527 5022">
     <span class='ocr_line' id='line_1_100' title="bbox 1849 4958 2527 5022; baseline 0.003 -6"><span class='ocrx_word' id='word_1_699' title='bbox 1849 4958 2082 5016; x_wconf 77' lang='lat' dir='ltr'><strong>VARUE</strong></span> <span class='ocrx_word' id='word_1_700' title='bbox 2122 4961 2527 5022; x_wconf 80' lang='lat' dir='ltr'><strong>LECTIONES.</strong></span> 
     </span>
    </p>
   </div>
   <div class='ocr_carea' id='block_1_100' title="bbox 1579 5061 1836 5116">
    <p class='ocr_par' dir='ltr' id='par_1_100' title="bbox 1579 5061 1836 5116">
     <span class='ocr_line' id='line_1_101' title="bbox 1579 5061 1836 5116; baseline 0.008 -2"><span class='ocrx_word' id='word_1_701' title='bbox 1579 5061 1647 5095; x_wconf 81' lang='grc'><strong>¹⁸⁹</strong></span> <span class='ocrx_word' id='word_1_702' title='bbox 1679 5062 1753 5115; x_wconf 84' lang='lat' dir='ltr'><strong>ita</strong></span> <span class='ocrx_word' id='word_1_703' title='bbox 1779 5061 1836 5116; x_wconf 70' lang='lat'><strong>2.</strong></span> 
     </span>
    </p>
   </div>
   <div class='ocr_carea' id='block_1_101' title="bbox 649 5061 1502 5132">
    <p class='ocr_par' dir='ltr' id='par_1_101' title="bbox 649 5061 1502 5132">
     <span class='ocr_line' id='line_1_102' title="bbox 649 5061 1502 5132; baseline 0.001 -19"><span class='ocrx_word' id='word_1_704' title='bbox 649 5065 714 5096; x_wconf 82' lang='grc'><strong>¹⁵⁷</strong></span> <span class='ocrx_word' id='word_1_705' title='bbox 745 5063 817 5118; x_wconf 83' lang='lat' dir='ltr'><strong>ita</strong></span> <span class='ocrx_word' id='word_1_706' title='bbox 840 5063 894 5116; x_wconf 72' lang='grc'><strong>2.</strong></span> <span class='ocrx_word' id='word_1_707' title='bbox 972 5061 1042 5094; x_wconf 77' lang='grc'><strong>³⁸⁸</strong></span> <span class='ocrx_word' id='word_1_708' title='bbox 1074 5061 1270 5132; x_wconf 89' lang='lat' dir='ltr'><strong>irrupit</strong></span> <span class='ocrx_word' id='word_1_709' title='bbox 1298 5062 1352 5116; x_wconf 82' lang='grc'><strong>1·</strong></span> <span class='ocrx_word' id='word_1_710' title='bbox 1379 5061 1502 5116; x_wconf 75' lang='lat' dir='ltr'><strong>Uss.</strong></span> 
     </span>
    </p>
   </div>
   <div class='ocr_carea' id='block_1_102' title="bbox 1915 5061 2505 5134">
    <p class='ocr_par' dir='ltr' id='par_1_102' title="bbox 1915 5061 2505 5134">
     <span class='ocr_line' id='line_1_103' title="bbox 1915 5061 2505 5134; baseline 0.005 -18"><span class='ocrx_word' id='word_1_711' title='bbox 1915 5061 1982 5092; x_wconf 82' lang='grc'><strong>¹⁶⁰</strong></span> <span class='ocrx_word' id='word_1_712' title='bbox 2014 5077 2343 5134; x_wconf 85' lang='lat' dir='ltr'><strong>quamquam</strong></span> <span class='ocrx_word' id='word_1_713' title='bbox 2385 5064 2505 5122; x_wconf 73' lang='lat' dir='ltr'><strong>Uss.</strong></span> 
     </span>
    </p>
   </div>
   <div class='ocr_carea' id='block_1_103' title="bbox 2074 5173 2285 5188">
    <p class='ocr_par' dir='ltr' id='par_1_103' title="bbox 2074 5173 2285 5188">
     <span class='ocr_line' id='line_1_104' title="bbox 2074 5173 2285 5188; baseline 0 0"><span class='ocrx_word' id='word_1_714' title='bbox 2074 5173 2215 5188; x_wconf 58' lang='lat' dir='ltr'><strong>‘QA-i</strong></span> <span class='ocrx_word' id='word_1_715' title='bbox 2242 5175 2285 5188; x_wconf 65' lang='grc' dir='ltr'><strong>π</strong></span> 
     </span>
    </p>
   </div>
  </div>
