3938 5380
124 475 376 550 Gregorii
425 474 542 547 (95)
574 489 590 529 :
628 494 646 527 ι
680 473 1029 531 Decernnnus
1085 489 1239 545 reges
1275 489 1305 527 a
1336 474 1447 529 suis
1491 475 1720 543 dignita-

126 568 277 624 tibus
299 566 499 623 cadere
520 609 534 633 ,
561 576 616 622 et
640 566 1057 638 participatione
1086 565 1327 637 corporis
1353 574 1410 620 et
1440 564 1719 635 sanguinis

129 658 350 716 Domini
400 659 578 715 nostri
624 648 752 713 JcSu
802 657 1005 714 Christi
1036 672 1246 725 carere,
1297 657 1342 713 si
1392 664 1725 728 praesumant

125 749 445 821 apostolicae
490 749 637 805 sedis
676 747 828 818 jussa
856 757 1247 816 contemnere;
1288 769 1307 803 ι
1340 759 1395 805 et
1441 749 1491 804 id
1541 763 1716 820 genus

126 839 320 895 multa.
355 839 700 911 QuaprOptcr
734 839 846 911 (96)
872 840 979 895 illic
1009 840 1282 913 synodalis
1310 840 1574 896 sententia
1596 840 1721 895 data

128 936 231 994 est,
279 929 593 985 divinarum
640 938 696 985 et
742 929 1104 984 humanarum
1162 929 1342 1002 legum
1395 929 1723 985 auctoritate

131 1017 446 1083 testiﬁcata,
474 1034 653 1088 regem
692 1017 1009 1074 Heinricqu
1054 1034 1158 1074 non
1210 1019 1382 1074 solum
1412 1032 1725 1075 excommu-

130 1108 347 1175 nicari,’
369 1118 455 1165 set
491 1111 697 1181 absque
743 1126 838 1182 spe
872 1111 1302 1182 recuperationis
1337 1110 1542 1165 honore
1572 1108 1722 1179 regni

130 1201 332 1259 debere
357 1204 608 1271 destitui,
638 1213 697 1259 ut
730 1204 783 1259 in
821 1204 1416 1260 excommunicatorum
1448 1202 1724 1259 consortio

132 1295 294 1361 foret,
332 1310 461 1351 eum
503 1296 700 1368 quibus
742 1298 855 1367 ipse
902 1297 1081 1368 potius
1123 1312 1288 1367 quam
1336 1310 1457 1350 cum
1507 1295 1726 1350 Christo

131 1385 335 1442 habere
383 1395 595 1456 partem
642 1386 886 1457 eligeret.
921 1386 1160 1441 Primum
1190 1386 1325 1459 (97),
1358 1386 1501 1457 quod
1557 1384 1719 1457 perti-

131 1493 236 1533 nax
286 1480 356 1533 ab
395 1493 585 1533 eorum
615 1478 1016 1545 communione,
1060 1478 1153 1549 qui
1193 1494 1291 1549 pro
1342 1476 1629 1548 sacrilegio
1672 1482 1730 1531 et

133 1578 287 1623 reatu
319 1568 665 1639 Symoniaca:
694 1569 901 1626 heresis
922 1570 1377 1625 excmnmunicati
1404 1578 1559 1636 sunt,
1591 1570 1720 1623 abs-

133 1659 310 1716 tinere
360 1661 580 1727 noluit;
612 1661 807 1717 deinde
834 1662 1002 1730 quod,
1034 1670 1375 1733 contemptor
1427 1662 1520 1718 Dei
1552 1661 1727 1733 publi-

1364 264 1705 324 ANNALES.
1741 296 1813 310 —-
1848 270 1963 327 ΑΝ.
2003 274 2159 331 1076.

122 385 292 456 jadex
329 381 666 453 iudicabitur
694 398 710 450 ;
761 400 781 437 ι
815 391 872 440 et
915 338 1366 440 iiluddecretum
1400 383 1539 439 beati
1572 398 1722 453 papa!
1751 386 1796 447 Α
1826 385 2173 445 solummodo
2192 387 2490 460 complices
2528 396 2586 445 et
2617 386 2888 457 fautores;
2916 398 3177 447 caeterum
3207 358 3403 461 quibus

3294 277 3485 373 370/

1822 497 1977 537 mens
2018 482 2203 537 sanior
2261 491 2417 547 erat,
2468 498 2576 539 non
2638 483 2734 538 ita.
2786 482 2867 538 Ex
2924 484 3122 555 quibus
3183 485 3403 555 quidam

1820 573 2095 643 episcopi,
2129 573 2439 643 patriarcha
2479 573 2909 646 Aqniiegiensis,
2939 575 3225 646 episcopus
3246 574 3407 631 Salga-

1821 661 2138 735 burgeusis,
2170 661 2542 730 Pataviensis,
2585 663 3036 731 Wormatiensis,
3082 667 3175 735 qui
3206 674 3262 721 et
3290 666 3407 737 ipse

1821 754 2077 811 cathedra
2106 771 2203 810 sua
2234 755 2421 825 pulsus
2447 765 2531 812 est
2555 771 2586 811 a
2622 772 2778 829 rege,
2823 773 2925 814 nec
2952 773 3060 813 non
3097 745 3422 815 Wirzibur-J

1823 851 2039 923 gensis,
2087 857 2143 905 et
2194 863 2331 920 pene
2370 864 2562 906 omnes
2610 849 2901 915 Saxonici,
2947 864 3046 906 nec
3095 864 3202 908 non
3242 851 3408 906 duces

1824 946 2123 1003 Roudollus
2144 987 2159 1013 ,
2190 945 2544 1011 Bcrhtoldus,
2576 944 2755 1012 Wclt‘,
2800 955 2856 1001 et
2896 955 3217 1001 ceterorum
3254 943 3407 1015 regni

1821 1039 2115 1109 primatum
2144 1053 2276 1108 pars
2321 1052 2427 1094 non
2460 1037 2670 1093 modica
2714 1052 2838 1093 cum
2871 1037 3169 1107 apostolico
3196 1035 3410 1092 indubio

1822 1139 2004 1186 tanter
2051 1129 2388 1194 sentiebant,
2438 1128 2642 1200 quique
2688 1129 2960 1201 pracdictm
3014 1127 3409 1199 conspirationi

1823 1220 2086 1277 interesse
2132 1220 2437 1276 noluerant.
2473 1219 2627 1277 Unde
2657 1228 2711 1275 et
2758 1219 2951 1275 dehinc
2982 1234 3011 1273 a
3042 1232 3168 1290 rege
3196 1217 3425 1281 vocati;

1826 1312 2000 1382 ipsum
2047 1309 2393 1377 devitabant,
2428 1311 2634 1367 cum‘“
2678 1319 2904 1381 propter
2945 1308 3269 1375 anathema,
3300 1317 3429 1364 tum
3464 1294 3533 1379 /

1825 1404 1989 1460 etiam
2022 1405 2165 1476 quod
2190 1404 2428 1461 maxime
2464 1404 2519 1459 in
2550 1403 2726 1459 illo‘”
2760 1402 3125 1481 confidebant.
3396 1386 3455 1455 /

1900 1494 2200 1564 Episcopus
2249 1480 2837 1551 Paderbruuneusis‘“
2879 1492 3048 1557 obiit,
3096 1492 3199 1549 cui
3232 1492 3429 1563 Poppo-

1830 1590 2152 1661 prmpositus
2199 1589 2649 1661 Babiubergensis
2701 1605 2807 1645 non
2878 1580 3100 1645 omnino
3156 1589 3421 1644 canonice

1836 1681 2105 1736 successit
2125 1721 2142 1746 ,
2169 1680 2367 1750 quippe
2394 1696 2423 1734 a
2457 1694 2586 1751 rege
2610 1680 2721 1750 jam
2751 1681 3212 1738 anathematizato
3230 1677 3433 1747 ,cmn-'

133 1766 253 1815 cus,
277 1767 380 1822 pro
428 1752 741 1809 criminosis
785 1753 997 1809 actibus
1049 1754 1162 1810 suis
1197 1755 1573 1825 pomitcntiam
1627 1770 1732 1810 non
1762 1745 1811 1806 Β
1841 1775 2124 1829 ηιηηίρηηε
2142 1745 2243 1844 ip'si
2262 1745 2736 1844 {awpiscgpa'mm
2761 1775 3019 1844 suscepit.
3041 1745 3441 1842 ρηειηιεηηυη

135 1844 312 1899 solum
346 1845 630 1915 suscipere
658 1853 740 1900 set
783 1862 883 1901 nec
933 1848 1254 1916 promittere
1280 1846 1497 1917 quidem
1536 1845 1729 1912 voluit,

136 1951 487 2006 nequaquam
530 1952 755 1993 servans
800 1953 863 1993 ea
906 1954 1027 2009 qua:
1059 1938 1245 2009 legatis
1271 1938 1580 2009 apostolicis
1618 1938 1732 2009 jam

137 2030 465 2100 promiserat
491 2047 506 2096 ;
537 2046 639 2085 nec
667 2045 772 2085 non
804 2031 946 2101 quod
995 2031 1208 2102 publica
1241 2032 1493 2102 pervicax
1534 2032 1735 2088 inoboe-

142 2122 346 2178 dientia
369 2163 385 2186 ,
416 2121 734 2192 apostolica:
778 2122 893 2176 sedi
945 2122 1342 2177 contumaciter
1378 2121 1654 2186 resistere,
1678 2132 1739 2177 et

138 2210 220 2266 sic
253 2227 456 2281 corpus
495 2211 721 2277 Christi,
762 2209 812 2265 id
836 2221 919 2266 cst
948 2212 1211 2266 unitatem
1244 2221 1444 2273 sanctae
1472 2211 1737 2289 ecclesize,

140 2303 395 2359 scindere
424 2310 478 2358 et
505 2302 877 2358 scandalizare
912 2301 1197 2358 induratus
1223 2318 1327 2357 non
1358 2303 1739 2373 expavitai'ro

143 2394 229 2449 his
272 2394 511 2465 denique
556 2391 731 2465 culpis
773 2393 1016 2463 synodali
1059 2391 1266 2461 judicio
1311 2392 1462 2447 illum
1501 2394 1736 2447 domnus

141 2487 478 2557 apostolicus
524 2501 625 2542 nec
655 2501 762 2540 non
791 2500 982 2557 omnes
1024 2484 1115 2555 qui
1156 2485 1338 2540 studio
1370 2495 1426 2539 et
1466 2483 1742 2539 voluntate

143 2579 199 2634 in
227 2579 319 2634 illa
369 2578 760 2635 inobwdieutia
812 2577 890 2633 rei
934 2577 1291 2649 pervicaciter
1314 2577 1637 2633 exsisterent
1687 2586 1743 2631 et

142 2687 339 2728 omnes
381 2669 618 2740 majores
647 2680 704 2725 et
747 2671 985 2725 minores
1017 2671 1068 2725 in
1101 2670 1406 2742 bujusmodi
1444 2684 1502 2724 re
1546 2684 1611 2724 ex
1662 2670 1747 2724 iu-

146 2762 355 2817 dustria
387 2761 490 2832 ipsi
519 2761 922 2817 consentientes
957 2760 1467 2825 cxcommunicavit,
1495 2769 1552 2815 et
1576 2774 1746 2830 usque

148 2853 216 2907 ad
260 2853 481 2924 dignam
529 2850 955 2907 satisfactionem
997 2868 1027 2905 a
1075 2850 1334 2907 membris
1383 2849 1645 2906 mcclesia:
1693 2851 1745 2904 in

149 2954 473 3015 perpetuum
506 2944 803 3014 separavit,
833 2954 891 2997 ut
934 2958 1071 3014 quos
1102 2942 1249 2998 mitis
1289 2957 1393 2997 non
1425 2943 1621 3012 potuit,
1664 2941 1747 2996 vel

151 3051 379 3091 severus
411 3038 475 3090 ad
510 3038 653 3090 viam
695 3036 887 3092 salutis
936 3036 1048 3091 Deo
1099 3036 1393 3091 miserante
1444 3044 1745 3091 revocaret.

1835 1875 1992 1920 antea
2026 1864 2396 1935 Trajeetensis
2442 1865 2731 1935 episcopus
2772 1865 2990 1920 cuidam
3038 1880 3138 1920 suo
3185 1878 3419 1919 consan—

1837 1957 2036 2028 guineo
2086 1972 2115 2011 a
2167 1971 2295 2027 rege
2329 1955 2566 2010 dandum
2599 1970 2698 2026 pro
2740 1969 2964 2010 munere
2988 1952 3335 2009 conditionali
3363 1966 3428 2007 er.

1837 2048 2080 2117 accepit,
2109 2055 2167 2101 ut
2195 2045 2406 2101 scilicet
2436 2045 2779 2102 Coloniensis
2804 2044 3080 2115 episcopi,
3113 2044 3203 2114 qui
3230 2043 3425 2116 Syrun-

1841 2138 1997 2193 niace
2016 2148 2071 2192 ct
2101 2151 2208 2191 non
2229 2135 2297 2167 ³⁸⁸
2320 2150 2417 2206 per
2436 2135 2635 2191 ostium
2662 2134 2934 2197 ascendit,
2966 2133 3294 2190 ordinatioui
3319 2149 3439 2188 nos

1840 2228 2156 2292 resisteret,
2189 2235 2273 2283 set
2305 2227 2420 2296 ipse
2443 2241 2567 2282 eum
2595 2232 2971 2282 consecraret.
3001 2224 3106 2293 Qui
3150 2223 3282 2280 adeo
3326 2223 3425 2279 de-

1840 2320 2023 2387 lusus,
2055 2335 2163 2376 non
2190 2320 2370 2376 astitit
2416 2318 2530 2390 regi
2565 2328 2680 2374 toto
2706 2318 2923 2382 animo,
2949 2326 3010 2371 ut
3041 2316 3209 2387 prius.

1912 2412 2070 2482 Apud
2098 2411 2407 2481 Traiectum
2439 2425 2531 2465 rex
2563 2410 2768 2478 pascha
2800 2407 2944 2478 egit.
2974 2402 3305 2462 collectism
3331 2418 3430 2458 uu-

1843 2500 2144 2572 decnmque
2174 2500 2300 2554 illuc
2324 2514 2430 2554 non
2461 2498 2644 2569 parvis
2664 2512 2777 2552 sua:
2803 2495 3114 2551 rebellionis
3139 2491 3433 2547 et'iuobm.

1844 2592 2062 2649 dientite
2086 2590 2464 2661 complicibus.
2513 2587 2591 2644 ibi
2628 2598 2764 2643 tunc
2785 2586 3063 2649 wcciesia,
3095 2597 3262 2655 quam
3312 2580 3433 2653 cpi-7

1846 2697 2045 2752 scopus
2082 2681 2198 2752 jam
2243 2681 2336 2736 diu
2388 2679 2643 2734 maximis
2673 2676 2934 2746 impensis
2969 2683 3031 2729 et
3068 2674 3275 2731 studiis
3302 2686 3434 2728 cono

1848 2783 2153 2838 struxerat,
2200 2788 2231 2827 a
2279 2771 2392 2827 Deo
2437 2779 2489 2826 et
2528 2776 2722 2825 sancto
2765 2766 2930 2824 Petro
2969 2764 3259 2835 despecta,
3310 2763 3441 2833 igne

1848 2866 2023 2919 ultore
2060 2861 2383 2918 mirabiliter
2411 2857 2790 2926 conﬂagravit.
2840 2855 3079 2925 Indeque
3108 2869 3205 2926 per
3234 2852 3435 2915 Itotba-

1852 2956 2083 3027 riugiam
2116 2953 2409 3009 revertitur
2433 2949 2827 3015 Wormatiam,
2873 2947 2982 3003 illic
3019 2948 3072 3002 in
3120 2953 3449 3016 pentecosw»

1852 3046 2183 3115 colloquium
2210 3060 2333 3100 eum
2362 3044 2477 3099 suis
2505 3041 2856 3113 comparibus
2880 3039 3186 3095 habiturus.

154 3124 250 3183 liis
276 3127 532 3183 omnibus
572 3127 751 3198 Agnes
785 3125 1129 3196 imperatrix,
1164 3136 1338 3181 mater
1380 3125 1544 3196 regis,
1576 3124 1739 3178 inlcr‘

1922 3135 2289 3193 Willihelmus
2324 3133 2693 3205 Trajectensis
2737 3131 3023 3201 episcopus
3077 3127 3191 3199 regi
3221 3125 3443 3183 subira—

150 3234 293 3289 erat,
327 3224 484 3295 cujus
524 3217 759 3277 aninqu
791 3222 960 3292 ipsius
990 3219 1199 3291 gladius
1245 3217 1609 3274 damnationis
1640 3231 1746 3272 non

152 3330 348 3384 parum
382 3314 745 3368 sauciaverat.

227 3407 326 3461 llis
349 3406 545 3462 diebus
581 3405 932 3477 synodalibus
960 3404 1067 3458 dux
1110 3401 1412 3459 Gotil‘ridus
1442 3401 1661 3458 demum
1681 3401 1748 3433 ³⁸⁸

155 3501 229 3554 ab
279 3499 371 3553 illa
422 3497 813 3553 Wormatiensi
854 3497 1290 3568 conspiratione,
1340 3510 1445 3550 non
1496 3494 1755 3550 minimus

157 3591 493 3661 sull'ragator
514 3599 575 3645 et
602 3591 850 3646 incentor
881 3588 1057 3654 illius,
1093 3589 1220 3643 dum
1254 3589 1487 3653 rediret,
1517 3601 1547 3641 a
1581 3585 1752 3641 milite

157 3672 402 3752 quodam
448 3680 518 3735 ad
564 3679 825 3750 requisita
854 3670 1063 3734 natura:
1110 3679 1164 3733 in
1196 3691 1413 3733 secessu
1459 3676 1655 3732 sedens
1687 3677 1757 3730 de

160 3774 422 3830 deorsum
458 3767 811 3837 vulneratus,
866 3762 1157 3827 infeliciter
1201 3768 1497 3839 exspiravit
1539 3782 1756 3823 exeunt-

162 3867 506 3922 municatus.
554 3865 722 3935 Cujus
754 3864 1034 3919 marcham
1086 3862 1197 3932 (98)
1234 3861 1439 3916 sororis
1471 3876 1582 3917 sure
1617 3860 1760 3915 liiius

162 3944 481 4027 mquivocus
523 3956 701 4022 illius,
727 3955 798 4009 40
829 3955 980 4010 libris
1010 3955 1126 4009 auri
1157 3954 1246 4008 vix
1275 3962 1513 4025 emptam
1557 3970 1587 4007 a
1636 3968 1761 4024 rege

164 4051 441 4120 possedit,
470 4048 710 4112 ducatu,
742 4063 903 4115 quem
950 4046 1051 4101 sibi
1086 4046 1200 4116 jam
1228 4045 1527 4101 avunculus
1552 4046 1763 4115 praesti-

164 4153 278 4197 tum
310 4143 382 4197 ab
429 4155 499 4196 eo
528 4139 851 4211 acquisivit,
902 4137 1100 4208 injuste
1144 4138 1411 4208 privatus.
1457 4137 1555 4192 Cui
1592 4136 1762 4191 lilium

166 4251 322 4290 suum
356 4233 445 4289 vix
475 4233 726 4288 biennem
754 4230 864 4304 (99)
895 4246 986 4286 rex
1013 4228 1308 4300 prmsidere
1329 4228 1481 4284 ferit.

237 4327 453 4382 Dehinc
477 4341 576 4381 rex
600 4332 661 4380 et
684 4324 766 4379 sui
784 4333 1075 4392 comperto
1101 4322 1400 4391 apostolico
1424 4322 1764 4378 anathemati

1854 3239 1941 3285 tus
1967 3226 2347 3284 declinarit‘“I
2374 3225 2444 3281 ab
2465 3238 2562 3291 eo,
2584 3231 2642 3278 et
2666 3222 2886 3278 domum
2917 3220 3173 3282 veniens,
3198 3215 3445 3272 maxime

1851 3320 1954 3377 sibi
2001 3320 2282 3391 epularum
2317 3324 2580 3388 apparatu
2626 3306 2759 3370 fecit
2800 3310 3243 3369 studiosissimus
3279 3308 3445 3363 mini-

1854 3413 2050 3477 strari;
2081 3420 2137 3467 et
2164 3411 2247 3466 sic
2280 3425 2314 3465 a
2348 3423 2565 3469 mensa,
2597 3406 2653 3461 in
2684 3418 2790 3475 qua
2823 3417 2933 3458 uno
2957 3401 3050 3456 die
3071 3400 3231 3455 tertio
3257 3398 3451 3453 convi-

1853 3512 2012 3559 vatus
2033 3509 2138 3564 est,
2169 3499 2495 3570 inpudenter
2522 3496 2682 3553 nimis
2710 3493 3086 3564 incrapulatus
3116 3487 3453 3551 retrahitur.

1854 3602 2139 3661 morteque
2166 3589 2451 3661 repentina
2483 3596 2793 3659 przeventus
2820 3593 2877 3640 et
2910 3582 3224 3652 inopinata,
3253 3579 3449 3633 miser»

1857 3686 1994 3740 rime
2023 3684 2158 3739 satis
2180 3681 2469 3738 defunctus
2492 3687 2598 3743 est,
2620 3674 2991 3732 anathematis
3019 3672 3231 3755 spiculo
3255 3679 3311 3725 et
3330 3671 3451 3741 ipse

1859 3775 2228 3831 indubitanter
2269 3771 2671 3828 condemnatus
2723 3767 2893 3838 (itii).
2946 3764 3045 3820 Cui
3088 3762 3455 3819 Cbounradus

1859 3865 2246 3937 Mogontiensis
2278 3861 2616 3918 camerarius
2638 3901 2653 3925 ,
2683 3859 2829 3928 regis
2874 3855 3310 3914 communieator
3359 3869 3451 3909 se-

1860 3960 2046 4026 dulus,
2079 3967 2137 4013 et
2176 3957 2526 4027 episcopatus
2556 3952 2776 4009 datione
2808 3950 2878 4005 ab
2923 3962 3142 4005 eo.non
3187 3946 3460 4002 canonice

1861 4051 2229 4123 complacatus
2248 4089 2263 4113 ,
2292 4045 2577 4103 successit.

1932 4145 2269 4215 Colloquium
2299 4140 2443 4212 quod
2473 4137 2615 4209 apud
2665 4134 3029 4193 Wormatiam
3078 4131 3197 4188 ﬁeri
3244 4145 3275 4185 a
3323 4144 3456 4200 rege

1864 4239 2221 4295 constitutum
2253 4244 2337 4289 cst
2357 4274 2372 4297 ,
2400 4249 2466 4289 ea
2507 4231 2822 4288 condictum
2869 4227 3033 4285 estm
3062 4223 3367 4281 intentione
3395 4228 3458 4276 ut

1868 4337 2038 4395 amnt,
2066 4336 2124 4382 ut
2153 4341 2289 4398 papa
2322 4324 2434 4381 illic
2459 4323 2616 4393 quasi
2633 4320 2899 4376 canonice
2926 4333 2957 4373 a
2988 4316 3165 4373 tribus
3186 4311 3471 4384 episcopis

79 4461 85 4466 .
168 4418 283 4475 fere
303 4433 498 4473 omnes
521 4414 909 4472 contradixerc
940 4413 1122 4482 (100),
1157 4421 1214 4469 et
1242 4414 1464 4467 omnino
1493 4413 1692 4484 injuste
1713 4422 1770 4470 ct
1795 4487 1829 4491 ι
1866 4422 1959 4491 qui
1988 4432 2099 4491 pra:
2128 4416 2341 4479 caeteris
2383 4416 2630 4471 seniores
2674 4412 2994 4468 viderentur
3027 4404 3414 4477 praeiudicatus
3434 4440 3452 4465 .

170 4527 276 4566 non
298 4510 569 4566 canonico
594 4507 788 4563 ordine
809 4516 1010 4571 actum,
1034 4507 1294 4576 quicquid
1318 4517 1444 4562 tunc
1474 4506 1527 4561 in
1555 4507 1767 4579 synodo
1794 4487 1845 4547 Ῑ)
1869 4487 1924 4568 et
1942 4487 2013 4567 ob
2035 4496 2239 4567 scelera
2265 4508 2606 4564 accusatorie
2627 4505 2728 4577 ipsi
2756 4503 2971 4573 objecta
2998 4500 3308 4558 damnat“.
3332 4493 3473 4550 εεάθ

172 4603 413 4661 Romana
442 4621 472 4657 a
500 4613 613 4658 tam
645 4601 909 4672 sacrilego
929 4615 1118 4655 errore
1148 4608 1329 4654 actum
1361 4598 1463 4662 sit,
1496 4596 1768 4652 afﬁrmau-

175 4705 288 4763 tes,
321 4713 422 4769 pro
454 4695 664 4752 nichilo
698 4693 751 4750 id
798 4709 1024 4764 prorsus
1072 4691 1330 4747 habuere.
1381 4691 1445 4746 Et
1490 4692 1592 4747 hoc
1626 4693 1768 4763 regis

1872 4600 2167 4673 apostolica
2209 4597 2685 4669 qualitercumque
2716 4592 3061 4661 dejiceretur,
3088 4596 3145 4641 et
3170 4586 3249 4641 sic
3268 4599 3370 4654 pro
3397 4596 3477 4637 eo

1871 4694 2037 4757 alius,
2069 4704 2228 4760 quem
2254 4688 2409 4758 juxta
2452 4701 2547 4741 cor
2575 4700 2731 4740 suum
2777 4682 2880 4737 sibi
2925 4678 3257 4747 morigerum
3290 4684 3347 4729 et
3371 4673 3473 4727 οὺς.

1494 4780 1724 4837 VARI/l3
1765 4780 2146 4841 LECTIONES

248 4861 639 4916 “‘Domumt.
719 4856 920 4911 mcum
967 4869 1106 4906 corr.
1159 4862 1271 4907 tum
1313 4851 1372 4906 ‘2.

179 4932 407 4995 censuit;
439 4931 671 4999 fortasse
692 4927 916 4999 minime
944 4923 1221 4999 («agnitioni
1254 4934 1351 4976 est.

178 5004 250 5035 ¹⁶⁸
289 4992 689 5057 ἀθείαὶιιειγὶιὲ.
768 4998 838 5030 ⁸⁸⁸
865 4995 1011 5050 deest
1076 4992 1129 5049 2.
1158 4992 1281 5050 Uss.

1474 4832 2135 4926 u=’§.}iii&¢336§ibii'c‘6;‘
2175 4846 2496 4926 pssermqnn
2528 4857 2636 4926 npn
2687 4850 2811 4926 mle:
2854 4832 3468 4926 ora?incurrisc‘rendu‘?

1468 4922 1537 4957 ¹⁶’
1554 4922 1809 4983 baderbr.
1824 4922 1895 4983 ’2.

1958 4901 2198 4992 ί”ἰῖίῲεἰ
2228 4901 2369 4975 corr.
2403 4916 2519 4987 ipse
2552 4911 2607 4971 2.
2689 4911 2762 4943 ⁸⁸⁸
2777 4908 2919 4961 deest
2952 4904 3010 4961 2.
3086 4901 3154 4932 ⁸⁸⁷
3168 4901 3387 4971 collegit
3411 4901 3475 4955 ει

1692 5082 1928 5146 ΝΟΤίΕ.
3306 5101 3310 5105 ‘

254 5193 371 5263 (95)
406 5191 550 5263 idem
573 5188 773 5263 legitur
802 5187 859 5243 in
892 5180 1150 5263 Bernoldi
1177 5196 1365 5263 opusc.
1387 5198 1462 5263 γλ,
1481 5178 1540 5241 9,
1558 5176 1773 5263 .

184 5244 1013 5329 Βνὲτᾶιῖιῖι-Ῑίοὰσιιεςυωριιῳι
1060 5260 1145 5329 est
1189 5244 1254 5307 c'x
1406 5244 1659 5329 Gregorii
1700 5244 1771 5329 M:

184 5314 708 5380 ;.;;'.-1t's‘rm'..:a'x...
733 5314 867 5380 ms
887 5325 1028 5380 edit.
1060 5319 1194 5380 Ono.
1226 5332 1259 5376 ι.
1291 5323 1363 5380 Il.
1396 5341 1448 5380 υ.
1486 5317 1682 5380 1225),
1705 5314 1775 5369 ad

1878 5180 1978 5236 cisi
2010 5173 2403 5233 consobrinus,
2436 5166 2529 5238 qui
2574 5164 2678 5220 sub
2712 5153 2973 5219 Buiiionii
3000 5154 3221 5209 nomine
3244 5148 3483 5209 celebris

1883 5261 2075 5322 P0533"!
2109 5240 2464 5322 Evasn’."ss'
2490 5321 2493 5322 ,
2547 5304 2559 5322 9
2587 5312 2769 5322 .-μη
2799 5313 2825 5322 -
2875 5292 3016 5322 anon
3039 5289 3108 5322 At.
3129 5287 3369 5322 mhnltins

1958 5287 2075 5380 ἷὸῖῐὶ
2110 5287 2849 5380 ἒὸῖι”ἐᾲἱιίιῶζόιιῖιιιμτιρῃρ.
2875 5287 3478 5380 iO89_o‘l2-re‘beiliohcm
