3938 5380
495 284 605 343 5Ἰί-

1390 288 1782 348 BERTHOLDI
1823 288 2255 348 PRESBYTER!
2293 289 2878 348 CONSTANTIENSIS

3657 289 3755 350 57‘?

494 404 795 478 sequialem
839 406 1178 472 invenirent,
1229 405 1426 462 ibidem
1487 423 1613 464 mox
1660 419 2075 480 supponeretur.
2110 427 2154 481 Α
2181 407 2379 471 Julius,
2408 416 2461 461 et
2487 407 2679 477 reliqui
2728 407 2845 462 sine
2872 419 3099 464 numero
3127 407 3349 464 Omnino
3376 408 3758 480 astipulantur,

496 499 597 568 Qui
626 510 738 556 tres
758 499 870 572 jam
901 499 956 554 in
1001 500 1114 570 ipsa
1141 500 1544 572 conspiratione
1583 503 1994 573 praenominati,
2024 503 2077 557 in

493 589 594 646 Dei
622 597 804 645 autem
850 589 1366 660 prmdestinatione,
1406 607 1476 647 ne
1524 592 1650 649 illuc
1691 593 2078 663 pervenirent',

494 680 758 735 retardati
781 688 922 735 sunt.
956 679 1195 748 Quorum
1229 673 1626 752 Trajectensis,
1654 693 1716 738 ut
1761 685 2080 755 prtedictum

493 783 602 838 est,
627 773 808 830 subito
828 774 1088 841 moritur;
1114 774 1416 832 Brixiensis
1437 777 1492 833 in
1519 778 1716 835 itinere
1738 779 1856 850 ipso
1883 789 2078 851 captus

497 880 528 919 a
558 864 758 920 comite
777 865 1116 922 llartmanno
1144 867 1317 940 (102),
1342 869 1396 924 in
1420 871 1722 926 custodiam
1752 881 1808 927 et
1834 871 2077 942 ipseiam

496 955 566 1011 ab
584 956 882 1026 apostolico
903 960 1409 1017 excommunicatus
1429 963 1695 1030 mittitur;
1726 965 1922 1021 tertius
1942 964 2081 1021 Nea-

493 1045 772 1115 politanus
799 1047 948 1104 solus
969 1050 1238 1120 pervenit.
1269 1050 1364 1107 Set
1398 1067 1561 1109 nemo
1579 1054 1734 1124 juxta
1765 1055 1901 1127 legis
1946 1071 2082 1126 pra:-

494 1146 713 1208 eeptum
741 1139 1053 1206 damnatur,
1090 1157 1200 1198 uno
1247 1151 1436 1199 contra
1487 1159 1546 1201 se
1581 1147 1963 1202 testimonium
2001 1149 2081 1203 di-

495 1227 827 1285 cente.~Dux
850 1230 1015 1286 etiam
1037 1231 1361 1301 Gotifridus,
1384 1235 1476 1305 qui
1503 1250 1696 1307 papam
1730 1237 1841 1293 illic
1869 1239 2078 1295 consti-

499 1321 757 1374 tuendum
786 1319 855 1376 ad
901 1323 1085 1378 sedem
1115 1323 1414 1381 Romanam
1444 1341 1505 1381 se
1547 1328 1933 1399 perducturum
1963 1329 2078 1400 jam

495 1410 610 1480 regi
653 1411 914 1490 audacter
958 1416 1311 1484 promiserat,
1354 1428 1412 1475 et
1455 1419 1602 1493 ipse,
1647 1431 1708 1476 ut
1754 1430 1963 1478 notum
1996 1432 2080 1480 est

494 1502 786 1570 omnibus,
818 1509 1320 1566 excommunicatus
1364 1511 1665 1568 interierat.
1701 1514 1811 1570 Deo
1845 1533 2080 1588 namque

495 1593 629 1650 illud
652 1595 981 1668 colloquium
1013 1600 1094 1656 sic
1122 1601 1480 1670 dissolvente,
1515 1605 1805 1678 Mogontire
1837 1610 1890 1664 in
1921 1610 2082 1666 festi-

496 1688 672 1745 vitate
703 1691 1073 1762 apostolorum
1096 1695 1240 1752 Petri
1263 1706 1315 1753 et
1337 1699 1491 1755 Pauli
1514 1701 1708 1756 iterum
1731 1705 2076 1765 conveniunt.

2181 501 2274 570 qui
2303 500 2439 556 adeo
2468 500 2754 570 amplexati
2781 510 2908 555 sunt
2955 501 3239 556 veritatem
3264 541 3279 565 ,
3309 510 3370 556 ut
3400 502 3584 572 patius
3627 505 3759 558 meri

2181 605 2344 660 quam
2388 591 2604 646 mentiri
2653 590 3038 646 deliberarent.
3087 589 3154 646 Et
3206 592 3311 646 boc
3361 592 3620 647 nimirum
3665 607 3760 664 pro

2181 698 2281 740 suo
2306 684 2614 754 principatu
2643 692 2897 755 egerant,
2925 698 3086 754 quem
3117 683 3310 739 beatus
3330 683 3527 739 Petrus
3550 692 3760 752 aposto-

2182 773 2265 830 lus
2288 776 2454 830 verbo
2480 775 2692 829 Domini
2725 783 2781 830 et
2803 775 3000 830 'tcnuit
3038 789 3361 847 semperque
3398 775 3627 830 tenebit.
3657 775 3762 831 lies

2181 867 2429 938 sequitur
2452 867 2801 924 beatissimus
2844 881 2980 939 papa
3031 867 3308 924 Adrianus
3343 867 3493 940 (105)
3521 867 3762 938 kapitqu

2181 960 2333 1017 18⁸⁷³
2365 961 2420 1015 in
2465 961 2700 1017 decretis
2745 960 2884 1026 suis,
2934 958 3178 1015 (ἕσπεταΙὶ
3200 999 3217 1025 ,
3245 960 3496 1032 inquiens
3516 1003 3530 1026 ,
3559 961 3761 1015 decreto

2180 1051 2497 1117 statuimus,
2547 1059 2606 1104 ut
2653 1050 3004 1104 execrandum
3046 1050 3327 1105 anathema
3362 1050 3487 1118 fiat,
3541 1060 3588 1104 et
3633 1053 3760 1105 relut

2179 1141 2553 1213 prrevaricator
2579 1141 2853 1196 catholicw
2881 1140 3005 1210 ﬁdei
3041 1157 3246 1211 sem;.-er
3290 1143 3431 1212 apud
3481 1140 3760 1196 Dominum

2180 1251 2302 1290 rens
2351 1236 2590 1302 exsistat,
2621 1235 2934 1306 quicumque
2981 1251 3160 1307 regum
3207 1253 3298 1291 seu
3347 1248 3616 1306 potentum
3662 1238 3762 1290 sire

2180 1329 2538 1399 episcoporum
2589 1328 2828 1398 deinceps
2877 1338 3076 1383 statuta
3133 1327 3497 1383 Romanorum
3556 1329 3736 1398 ponliﬁ

2181 1436 2300 1474 cum
2323 1419 2470 1491 (106)
2501 1421 2554 1473 in
2577 1436 2900 1492 quocumque
2927 1418 3175 1474 violanda
3204 1419 3518 1484 crediderit,
3545 1420 3622 1472 rel
3652 1436 3762 1488 per-

2180 1509 2368 1563 violari
2408 1509 2723 1579 permiserit.
2756 1506 2866 1564 Nec
2906 1508 3087 1563 minus
3138 1509 3242 1564 boc
3271 1509 3625 1564 metuendum
3654 1518 3758 1570 est,

2181 1599 2325 1668 quod
2349 1605 2572 1653 sanctus
2621 1598 2728 1653 Leo
2770 1599 2822 1652 in
2869 1597 3103 1653 decretis
3145 1598 3260 1654 suis
3308 1598 3583 1654 terrificus
3611 1597 3764 1652 nimis

2181 1694 2423 1750 decrevit
2476 1694 2676 1766 (107):
2730 1694 2945 1761 Omnis,
3019 1696 3226 1766 inquit,
3279 1697 3371 1767 qui
3439 1697 3764 1768 diﬁinitioncs

497 1785 555 1834 et
583 1785 644 1834 ul
676 1794 736 1835 se.
769 1781 1164 1840 ulciscerentur
1205 1787 1568 1846 inordinatim
1594 1799 1650 1846 et
1675 1807 1796 1849 sese
1844 1795 1973 1864 ipsis
1995 1797 2080 1866 in.
2111 1793 2156 1853 Β
2185 1794 2391 1840 nostras
2414 1802 2508 1857 per
2535 1787 2958 1842 inoboedientiam
2987 1804 3246 1842 cvacuare
3291 1790 3590 1851 contendit,
3639 1806 3764 1841 ana-

495 1866 711 1925 dicibus
763 1871 1050 1930 damnatos
1119 1875 1332 1947 plenius
1397 1879 1753 1949 damnarent,
1816 1884 2082 1956 sacrilego

496 1967 680 2015 motus
723 1961 807 2016 sui
838 1976 972 2018 ausu
1011 1964 1270 2024 domuum
1315 1971 1671 2040 apostolicum
1693 2014 1708 2038 ,
1738 1973 1890 2031 falsis
1923 1977 2081 2032 testi-

495 2049 699 2106 moniis
739 2053 892 2122 quasi
939 2054 1268 2126 iudicatum,
1319 2067 1525 2118 temere
1554 2065 1688 2120 satis
1716 2066 2086 2122 excommuni-

495 2141 733 2208 cabant,
770 2151 827 2201 et
859 2149 1002 2216 quod
1027 2151 1268 2222 synodali
1295 2149 1500 2222 judicio
1529 2157 1580 2211 in
1605 2173 1785 2228 regem
1815 2167 1873 2215 et
1899 2159 1950 2216 in
1974 2175 2052 2216 ea:

498 2243 649 2291 teres
682 2251 795 2294 suae
838 2238 1320 2301 eonfatderationis
1356 2248 1656 2321 participes
1685 2251 1753 2306 ab
1783 2251 2083 2319 apostolico

496 2335 682 2383 aetum
703 2337 790 2385 est
832 2332 1154 2400 anathema,
1194 2344 1382 2408 utpote
1413 2341 1786 2410 temerarium,
1823 2342 2081 2412 iniustum

497 2423 558 2470 et
583 2417 785 2475 nullius
813 2423 1092 2491 ponderis,
1120 2439 1346 2495 prorsus
1370 2429 1795 2487 conculcandum
1825 2443 1883 2489 et
1906 2432 2085 2490 ﬂocci-

498 2507 841 2576 pendendum
863 2552 878 2577 ,
908 2514 1066 2584 quasi
1098 2518 1498 2576 sententialiter
1525 2523 1940 2580 confirmabant.
1967 2524 2082 2580 Non

501 2601 650 2656 enim
680 2605 1028 2662 attenderant
1062 2609 1378 2666 cautissime
1425 2613 1569 2683 quod
1606 2615 1916 2684 apostolica
1969 2632 2086 2671 ma-

497 2690 716 2761 iestatis
754 2704 966 2752 reatum
1011 2697 1375 2768 incurrerint,
1414 2702 1567 2770 juxta
1601 2707 1745 2774 quod
1789 2706 2083 2763 decretalia

503 2794 822 2842 sanctorum
844 2787 1066 2844 Patrum
1085 2802 1286 2848 statuta
1312 2795 1767 2868 inrcfragabiliter
1787 2800 2084 2867 sanetiunt,

503 2873 838 2947 quicumque
871 2879 1014 2935 sedis
1059 2883 1372 2950 apostolica:
1405 2884 1669 2954 judicium
1713 2889 1869 2958 quasi
1903 2903 2087 2958 reproo

504 2968 687 3024 habile
729 2971 1003 3027 inmutare
1048 2988 1142 3028 seu
1175 2985 1477 3034 retractare
1521 2981 2002 3050 prtesumpserint,
2032 2989 2087 3035 et

503 3060 650 3127 quod
682 3060 813 3114 nulli
836 3076 1074 3132 unquam
1103 3067 1428 3133 permissum
1455 3077 1573 3136 est,
1601 3070 1802 3142 aliquid
1834 3072 1957 3127 inde
1984 3073 2085 3129 boc

2183 1875 2408 1929 themate
2449 1876 2788 1945 percellatnr,
2823 1885 2871 1931 et
2917 1879 3010 1948 qui
3056 1888 3344 1933 contumax
3387 1880 3585 1933 nostris
3621 1878 3762 1933 salu-

2183 1965 2422 2020 berrimis
2469 1968 2680 2021 statutis
2722 1968 3134 2034 contradixerit,
3165 1986 3197 2024 a
3232 1970 3476 2025 membris
3521 1969 3762 2025 a'cctesite

2183 2057 2326 2110 omni
2355 2066 2580 2128 tempore
2600 2070 2891 2128 separetur.
2925 2059 2991 2114 Et
3019 2059 3142 2115 ideo
3162 2061 3488 2132 cuicumque
3504 2061 3762 2132 judicium

2183 2148 2327 2205 sedis
2352 2149 2667 2220 apostolica:
2712 2151 2767 2204 in
2816 2150 3034 2206 dubium
3067 2163 3319 2216 venerat,
3349 2169 3471 2208 cum
3503 2154 3622 2224 ipso
3648 2165 3765 2224 apo-

2184 2227 2377 2296 stolico
2407 2240 2589 2310 potius
2614 2255 2778 2311 quam
2823 2257 2948 2298 cum
2992 2241 3114 2298 aliis
3158 2243 3427 2300 ventilare
3471 2245 3763 2308 debuerat,

2183 2331 2302 2387 sine
2345 2347 2454 2402 quo
2482 2331 2534 2386 id
2555 2371 2571 2396 ,
2599 2333 2743 2402 quod
2778 2330 3081 2401 iudicatum
3113 2342 3198 2389 est
3229 2335 3297 2391 ab
3337 2351 3434 2402 eo,
3466 2337 3765 2392 nullatenus

2185 2425 2470 2480 retractari
2502 2425 2587 2479 vel
2635 2425 2833 2480 mutari
2885 2434 3124 2495 poterat.
3173 2427 3431 2483 Nostrum
3463 2439 3551 2485 est
3597 2430 3762 2494 enim,

2185 2514 2501 2584 apostolicis
2530 2515 2794 2570 institutis
2821 2515 3024 2586 absque
3070 2518 3218 2573 omni
3264 2517 3598 2575 besitatinne
3625 2520 3765 2576 obm-

2185 2607 2333 2674 dire,
2364 2607 2558 2663 stultas
2600 2619 2779 2664 autem
2831 2617 2887 2664 et
2939 2610 3058 2664 sine
3107 2609 3389 2680 disciplina
3439 2613 3766 2682 quaestiones

2185 2700 2465 2767 devitarc,
2496 2715 2615 2770 quae
2660 2710 2925 2771 generant
2957 2701 3080 2757 lites
3111 2711 3164 2756 et
3212 2702 3439 2757 multum
3480 2704 3765 2774 proﬁciunt

2186 2791 2254 2846 ad
2281 2791 2690 2848 subversionem
2735 2791 3092 2848 audientium.
3123 2794 3313 2848 Domni
3345 2803 3528 2850 autem
3559 2806 3765 2865 aposto-

2187 2882 2272 2953 lici
2301 2893 2383 2938 est
2424 2899 2550 2940 suas
2577 2885 2877 2940 sententias
2923 2884 3137 2940 ratione
3166 2887 3410 2950 firmare,
3440 2888 3486 2943 si
3519 2889 3762 2960 cuiquam

2187 2974 2240 3029 in
2271 2976 2351 3030 eis
2378 2975 2507 3046 quid
2539 2976 2760 3031 dubium
2793 2976 3043 3032 videatur
3067 2992 3380 3034 occursare.

2213 3080 2216 3083 ·
2259 3065 2512 3122 Diversus
2546 3065 2810 3136 siquidem
2841 3081 3020 3122 sermo
3059 3066 3200 3122 inter
3229 3069 3557 3139 synodiacos
3583 3072 3650 3127 de
3675 3072 3766 3127 boc

500 3151 796 3219 reprobate
830 3151 1219 3219 iudicaverint.
1271 3157 1425 3214 Unde
1473 3141 1775 3216 sanctus“
1822 3162 2086 3219 Silvestcr
2112 3141 2158 3201 Ε
2188 3157 2376 3211 eodem
2408 3157 2749 3211 anathemate
2781 3157 2924 3227 regis
2951 3172 3049 3227 per
3082 3166 3252 3212 totum
3295 3174 3523 3231 regnum
3556 3163 3675 3217 sine
3698 3163 3765 3217 iu-

501 3240 558 3292 in
585 3238 829 3294 Romana
850 3243 1058 3312 synodo
1073 3284 1088 3308 ,
1119 3245 1206 3300 cui
1230 3245 1338 3301 284
1361 3248 1604 3320 episcopi
1632 3248 1756 3306 cum
1783 3251 1854 3305 40
1877 3253 2087 3322 presbi-

500 3329 657 3393 teris,
692 3339 748 3385 et
776 3331 1095 3390 diaconibus
1128 3336 1397 3406 plurimis,
1425 3351 1696 3411 praesente
1725 3342 2084 3401 Constantino

503 3432 740 3493 augusto
757 3432 814 3478 ct
836 3436 1011 3482 matre
1031 3426 1148 3498 ejus
1171 3439 1359 3487 sancta
1383 3432 1605 3500 Helena,
1621 3436 2084 3507 subscripserunt,

503 3512 584 3566 ita
615 3513 944 3570 decrevit‘“
980 3535 996 3572 :
1039 3519 1209 3575 Nemo
1235 3523 1460 3592 primam
1503 3527 1676 3581 sedem
1705 3529 2009 3598 judicabit,
2035 3541 2088 3587 ct

503 3616 734 3675 uetera,
766 3619 823 3665 ut
853 3615 1239 3686 praescriptum
1270 3626 1373 3673 est.
1407 3619 1470 3673 Et
1515 3620 1706 3677 beatus
1753 3623 1903 3695 (103)
1951 3641 2087 3696 papa

503 3699 755 3756 Gelasius
779 3703 832 3757 in
863 3705 1101 3762 decretis
1131 3709 1243 3764 suis
1274 3708 1516 3782 kapitulo
1557 3713 1592 3769 2
1621 3714 1768 3787 (104)
1803 3732 1818 3770 :
1854 3717 2083 3782 Cuncta,

503 3793 707 3864 inquit,
727 3799 1098 3864 per‘mundum
1126 3803 1266 3857 novit
1294 3805 1551 3869 (ecclesia,
1577 3807 1718 3878 quod
1747 3822 2087 3865 sacrosancta

503 3885 741 3941 (ecclesia
781 3887 1020 3944 Romana
1049 3891 1116 3947 de
1143 3895 1284 3949 omni
1311 3897 1546 3952 (ecclesia
1591 3898 1675 3968 fas
1719 3899 1908 3955 habent
1944 3903 2093 3971 judi-

503 3992 657 4042 care,
693 3995 857 4050 neque
888 3983 1130 4053 cuiquam
1162 3984 1316 4039 liceat
1345 3987 1410 4040 de
1437 3989 1550 4058 ejus
1583 3989 1791 4056 judicio
1809 3992 2090 4060 judicare;

504 4066 762 4136 siquidem
793 4073 862 4123 ad
899 4071 1046 4125 illam
1077 4073 1141 4126 de
1167 4074 1398 4144 qualibet
1427 4079 1613 4131 mundi
1646 4089 1796 4148 parte
1821 4081 2096 4149 appellau-

503 4159 631 4213 dum
663 4168 769 4226 est,
801 4163 866 4215 ab
896 4162 989 4216 illa
1016 4173 1191 4218 autent
1219 4182 1368 4220 nemo
1389 4176 1464 4221 est
1494 4168 1762 4238 appellare
1785 4173 2088 4239 permissus.

506 4251 606 4306 Set
628 4266 727 4307 nec
743 4252 831 4306 illa
855 4255 1218 4324 praeterimus,
1233 4257 1374 4325 quod
1394 4260 1684 4330 apostolica
1707 4262 1866 4317 sedes
1887 4264 2093 4333 absque

505 4339 616 4394 ulla
663 4344 870 4412 synodo
939 4346 1278 4413 przecedente
1346 4349 1654 4404 absolvendi
1719 4367 1858 4422 quos
1909 4353 2090 4422 iniqua

506 4429 748 4498 synodus
797 4431 1180 4502 damnaverat,
1227 4446 1280 4492 et
1341 4438 1490 4494 nulla
1549 4440 1845 4497 exsistente
1888 4444 2094 4515 synodo

2192 3245 2536 3301 termissione
2577 3247 2871 3310 terebatur,
2892 3247 3109 3317 justenc
3139 3260 3319 3303 actum
3346 3251 3412 3302 sit
3445 3267 3511 3303 au
3551 3251 3767 3320 injuste?

2186 3339 2572 3394 "Verumtamen
2609 3339 2712 3392 boc
2761 3340 2904 3407 apud
2951 3340 3322 3395 contentiosos
3370 3343 3634 3408 maxime,
3683 3344 3764 3412 qui

2189 3445 2296 3484 non
2321 3429 2535 3483 veritati
2554 3437 2637 3484 set
2656 3429 3095 3486 contentionibus
3115 3432 3302 3487 conati
3323 3442 3451 3487 sunt
3468 3434 3761 3500 deservire;

2189 3530 2281 3576 aut
2303 3522 2445 3576 enim
2471 3522 2812 3592 ignorabant,
2842 3530 2936 3576 aut
2957 3537 3021 3576 ex
3055 3523 3320 3578 industria
3340 3523 3762 3587 dissimulabant,

2190 3617 2314 3686 quia
2339 3616 2445 3670 duo
2468 3615 2737 3686 judiciarii
2762 3615 2983 3671 ordines
3008 3616 3062 3671 in
3092 3617 3260 3671 sacris
3293 3615 3592 3687 Scripturis
3622 3617 3768 3672 colli-

2190 3715 2392 3777 guntur
2418 3707 2587 3778 (108).
2621 3723 2760 3761 unus
2788 3706 2839 3761 in
2864 3705 3042 3764 dubiis
3066 3708 3247 3772 rebus,
3271 3709 3362 3763 ubi
3389 3709 3646 3787 inducite,
3677 3724 3766 3778 pm

2189 3798 2387 3867 quibus
2401 3813 2564 3862 nunc,
2591 3806 2650 3852 ut
2679 3797 2778 3867 ipsi
2804 3797 2956 3852 aiunt
2984 3807 3035 3853 et
3062 3806 3346 3862 testantur,
3381 3799 3608 3855 minime
3636 3801 3768 3854 datis

2193 3890 2426 3945 maxime
2447 3889 2838 3944 controversati
2866 3896 3011 3953 sunt,
3043 3903 3142 3959 pro
3173 3890 3523 3959 acquirendis
3550 3889 3766 3946 testibus

2190 3992 2245 4040 et
2266 3981 2644 4038 defensoribus
2674 3982 2997 4036 necessaria:
3018 3989 3162 4036 sunt.
3194 3979 3348 4036 Alter
3363 3996 3495 4037 vero
3518 3983 3571 4036 in
3599 3982 3768 4052 publi-

2191 4076 2271 4131 eis
2303 4075 2644 4140 criminibus,
2682 4074 2735 4128 in
2786 4089 2895 4143 quo
2942 4074 3104 4129 nullm
3143 4075 3371 4130 induciae
3417 4074 3767 4130 concedenda:

2193 4168 2468 4240 leguntur,
2497 4181 2618 4222 cum
2651 4165 2768 4220 sine
2795 4173 3116 4220 accusatore
3142 4173 3198 4219 et
3235 4176 3372 4219 teste
3404 4165 3458 4218 in
3493 4174 3768 4219 contuma-

2193 4277 2285 4316 ces
2305 4271 2360 4316 et
2387 4258 2776 4315 inoboedientes
2802 4257 2919 4312 sine
2954 4271 3108 4311 mora
3144 4255 3215 4310 sit
3246 4255 3593 4311 sententialis
3650 4270 3771 4325 pro-

2196 4352 2416 4408 ferenda
2448 4351 2706 4405 vindicta.
2750 4349 2806 4404 In
2858 4348 3007 4419 (109)
3055 4348 3235 4403 dubiis
3291 4362 3526 4418 namque
3575 4347 3769 4408 causis,

2198 4445 2325 4500 licet
2367 4443 2534 4504 veris,
2585 4441 2825 4497 nondum
2878 4450 3061 4496 autem
3115 4439 3406 4509 publicatis
3455 4438 3540 4494 vel
3591 4447 3774 4508 sponte

508 4523 803 4579 damnandi
837 4540 975 4595 quos
1001 4528 1482 4596 oporteat,babeat
1509 4504 2002 4604 facultatem,quod
2025 4537 2092 4568 ""
2125 4504 2171 4564 θ
2198 4537 2459 4593 confessis
2487 4550 2580 4590 seu
2608 4544 2791 4604 aperte
2818 4533 3104 4599 convictis,
3135 4531 3444 4588 necessario
3474 4546 3572 4585 eas
3599 4532 3668 4585 ad
3701 4529 3772 4582 iu-

508 4613 838 4670 sanctissimi
884 4618 1168 4687 pontifices
1214 4619 1484 4689 Calistus,
1514 4623 1822 4690 Fabianus,
1868 4626 2089 4693 Xistus,

2197 4628 2519 4700 quirendum
2545 4625 2630 4682 vel
2657 4625 3119 4696 comprobandum
3147 4623 3379 4678 inducite
3417 4620 3773 4678 concedenda.-

1848 4739 2080 4798 VARUE
2121 4740 2518 4799 LECTIONES.

583 4821 652 4855 ¹⁷⁰
669 4803 979 4894 Ρτιῖἶῖιάάὶι
1006 4829 1078 4882 'l‘.
1157 4827 1517 4886 mdecretum
1539 4848 1679 4887 corr.
1706 4834 1950 4889 decrevit
1970 4833 2025 4887 2.
2104 4836 2320 4904 "’quos
2341 4835 2396 4888 Ξ.
2475 4831 2674 4888 ¹⁷³Χ111
2700 4832 2771 4887 l‘.

2031 4933 2258 5001 NOTAE.

589 5027 746 5113 (ίοῖλ
780 5029 1099 5113 Djliggqgsi,
1149 5032 1499 5113 infestissimo
1546 5035 1782 5093 lleinrici
1817 5037 1994 5104 hoste;
2015 5036 2090 5092 cf.

511 5097 951 5192 (Itis:§_\S.nGa!li
973 5101 1116 5156 Mon.
1151 5103 1360 5192 818...",
1397 5106 1519 5160 157.

588 5169 732 5192 lln?\

2228 5105 2235 5107 __
2272 5037 2420 5109 (106)
2460 5037 2587 5101 Ed.,
2627 5037 2870 5109 deinceps
2899 5052 3158 5091 canonum
3202 5051 3514 5102 censuram,
3561 5036 3618 5090 in
3659 5051 3778 5106 quo-

2201 5108 2588 5192 τητιεςιιιςνέεξςο
2625 5108 2746 5163 υεε·
2841 5177 2854 5190 .
