3938 5380
137 166 250 222 573

1334 166 1673 225 ANNALES-
1711 198 1780 210 —
1817 168 1933 226 AN.
1976 167 2136 226 1076.

3299 161 3410 219 δυ

142 288 290 344 sunt,
346 266 414 336 in
456 279 615 350 juxta
663 281 972 338 sanctiones
1020 282 1439 355 apostolicorum
1485 288 1724 339 virorum
1757 288 1799 346 Α
1829 293 2113 355 postquam
2143 297 2331 339 eorum
2361 281 2594 339 crimina
2641 290 2748 340 tam
2793 279 3188 339 contumaciter
3233 279 3410 352 publi-

144 372 346 429 Felicis
373 389 527 445 papa:
565 384 618 429 et
642 373 767 430 Julii
809 384 863 430 et
894 376 1228 446 reliquorum
1274 376 1389 448 ipse
1441 386 1726 431 accusatus

145 463 323 533 possit
357 478 418 519 se
459 472 649 519 contra
684 474 1026 520 accusatores
1056 465 1289 537 pleniter
1327 479 1632 536 praeparare
1658 464 1726 518 ad

145 554 418 609 abluenda
457 556 688 610 crimina
713 555 942 625 objecta.
975 557 1130 613 Unde
1158 567 1212 613 et
1263 557 1452 612 beatus
1482 556 1731 612 Eleuthe-

147 645 264 699 rius
309 661 341 699 a
392 646 557 702 beato
615 647 776 702 Petro
822 663 960 718 papa
1010 648 1361 704 duodecimus
1400 647 1454 702 in
1493 647 1732 703 decretis

146 736 261 790 stis
319 735 622 805 kapitnloi
676 747 906 793 testatur
948 739 1116 811 (ll0).
1164 759 1186 791 ‹
1223 739 1478 806 lnduciaz,
1528 739 1728 808 inquit,

149 842 254 880 non
283 828 515 882 modica:
536 829 602 882 ad
634 828 1014 898 inquirendum
1041 830 1231 886 danda:
1256 839 1404 896 sunt,
1427 845 1494 886 ne
1521 830 1728 900 aliquid

147 933 499 990 prmpmpere
523 921 604 992 agi
638 937 666 975 a
707 937 1047 992 quacumque
1095 931 1252 992 parte
1303 923 1574 986 videatur,
1608 922 1736 992 quia

147 1026 245 1080 per
265 1011 668 1080 surreptionem
697 1013 864 1067 multa
904 1013 1247 1082 proveniunt.
1287 1033 1304 1064 ι
1335 1012 1487 1068 Unde
1513 1022 1566 1068 et
1608 1027 1733 1067 san-

151 1112 272 1156 ctus
295 1103 619 1157 Ambrosius
638 1104 689 1157 in
713 1104 1320 1176 expositioneEpistolre
1333 1106 1400 1160 ad
1427 1105 1738 1160 Corinthios

152 1195 444 1264 testatur(l
463 1196 482 1248 t
501 1195 548 1264 Ι)
583 1214 596 1250 :
629 1197 1094 1268 «,Judicisinquit,
1121 1214 1225 1253 non
1247 1207 1353 1264 est,
1382 1197 1499 1254 sine
1523 1211 1740 1251 accusa-

156 1295 268 1340 tore
288 1287 576 1353 damnare;
593 1288 718 1356 quia
741 1287 1299 1356 etDominusJudam,
1320 1305 1439 1344 cum
1460 1288 1544 1342 l'ur
1567 1297 1738 1352 esset,

151 1392 268 1431 cum
300 1393 411 1430 non
438 1389 728 1435 accusatus
756 1381 845 1446 sit,
875 1381 1102 1438 minime
1132 1381 1359 1452 abjecit;
1401 1400 1420 1434 ι
1448 1381 1586 1436 sicut
1609 1389 1662 1434 et
1683 1380 1738 1434 in

153 1468 408 1524 omnibus
437 1469 617 1525 dubiis
647 1472 914 1542 agendum
944 1480 1028 1528 est
1055 1473 1253 1529 causis.
1305 1472 1646 1544 Quapropter
1685 1479 1744 1526 et

154 1558 417 1614 Dominus
446 1560 560 1631 ipse
588 1561 892 1633 exemplum
921 1564 1070 1618 dedit
1107 1565 1286 1631 nobis,
1319 1580 1387 1620 ne
1416 1565 1616 1636 passim
1647 1579 1742 1618 au-

152 1651 278 1714 dita,
305 1666 419 1704 non
466 1653 696 1722 probata
741 1663 796 1708 et
844 1654 1174 1720 indiscussa,
1223 1655 1382 1712 facile
1432 1657 1744 1723 credamus,

153 1740 275 1792 dum
310 1739 366 1793 in
397 1739 569 1812 ﬁgura
617 1743 932 1815 angelorum
983 1743 1275 1801 Sodomam
1325 1761 1559 1817 pergens
1604 1746 1746 1802 dixit

153 1830 215 1884 ai
241 1832 524 1887 Abraham
551 1851 569 1888 :
607 1852 624 1885 ι
666 1835 1022 1904 Descendam,
1049 1847 1106 1891 et
1135 1837 1350 1903 videbo,
1398 1847 1586 1893 utrum
1633 1837 1742 1893 cla-

156 1937 382 1990 morem,
423 1923 516 1992 qui
550 1925 910 1981 vcnitcoram
950 1940 1056 1993 me,
1109 1943 1277 1998 Opere
1326 1929 1740 2000 compleverint,

159 2031 219 2069 an
253 2031 362 2069 non
399 2026 486 2070 est
518 2017 615 2080 ita,
645 2027 704 2072 ut
740 2017 931 2074 sciam.
963 2037 981 2070 ›
1014 2019 1308 2088 Postquam
1335 2029 1515 2075 autem
1543 2019 1746 2074 clamo-

157 2122 213 2162 re
234 2125 263 2158 η
295 2123 466 2176 quem
497 2111 651 2179 quasi
683 2110 909 2175 audivit,
944 2125 1128 2166 verum
1159 2113 1425 2182 probavit,
1473 2127 1597 2168 mox
1625 2112 1745 2168 sine

158 2197 416 2255 tard;tate
444 2215 609 2270 super
648 2216 768 2256 eam
801 2200 941 2272 ignis
975 2211 1032 2257 et
1063 2201 1342 2272 sulphuris
1393 2203 1594 2259 imbres
1629 2204 1748 2257 vin-

158 2288 253 2341 dex
281 2289 752 2357 praesentissimus
781 2291 848 2367 de
885 2290 1023 2346 cmlo
1058 2289 1192 2359 pluit
1220 2307 1252 2346 a
1285 2291 1532 2347 Domino.
1555 2293 1742 2349 —Ju-

161 2385 402 2441 stissime
446 2394 627 2440 autem
649 2386 855 2458 absque
878 2387 1110 2441 induciis
1141 2381 1491 2452 damnantur,
1519 2387 1610 2457 qui
1631 2387 1750 2442 cul-

161 2489 274 2543 pam
304 2490 468 2528 suam
493 2475 604 2544 jam
653 2476 856 2530 dudum
897 2491 928 2530 a
971 2476 1178 2532 sanctis
1212 2474 1468 2531 Patribus
1519 2475 1745 2531 dillinite

159 2565 479 2617 dantuatam
525 2579 635 2619 non
682 2579 904 2635 negare,
949 2576 1032 2620 set
1083 2564 1298 2635 publice
1348 2575 1752 2636 contemptores

160 2653 426 2707 obstinati
457 2663 647 2709 contra
680 2655 976 2724 apostolica
1004 2663 1208 2710 statuta
1237 2669 1297 2710 se
1323 2665 1592 2710 conantur
1620 2671 1753 2724 qua-

163 2743 527 2813 lEtercumque
553 2742 858 2799 defensare.
902 2744 1041 2816 Ergo
1069 2744 1136 2798 de
1181 2743 1471 2799 manifesta
1500 2754 1556 2800 et
1586 2745 1754 2814 pluri-

165 2838 260 2894 mis
277 2848 417 2893 nota
443 2853 605 2894 causa
628 2854 734 2893 non
759 2847 884 2893 sunt
909 2837 1186 2908 quaerendi
1214 2846 1400 2894 testes.
1433 2838 1586 2894 Unde
1603 2838 1752 2909 (tl-2)

165 2932 446 3000 apostolus
473 2931 865 2988 fornicatorcm
899 2932 1050 2987 illum
1079 2931 1221 3004 apud
1264 2932 1576 2988 Corinthios
1613 2949 1754 3002 prae-

165 3024 322 3093 cepit,
355 3024 582 3094 cognito
609 3023 678 3078 ab
699 3023 950 3080 omnibus
972 3003 1271 3092 quodl‘ecit
1299 3038 1487 3094 opere,
1513 3024 1579 3079 de
1606 3033 1754 3079 creta
1787 3003 1831 3066 ο

167 3112 535 3168 fraternitatis
557 3112 793 3183 expelli:
830 3131 848 3164 ι
886 3110 1014 3176 Vos,
1044 3111 1320 3182 inquiens,
1363 3111 1532 3166 inllati
1591 3113 1754 3179 estis,

169 3215 222 3257 et
244 3219 349 3258 non
372 3201 768 3273 magisluctum
791 3201 1078 3269 habuistis,
1101 3212 1160 3256 ut
1187 3201 1468 3258 tolleretur
1489 3201 1553 3256 de
1580 3201 1760 3257 medio

171 3301 434 3358 vestrum,
471 3292 563 3361 qui
601 3292 705 3346 hoc
731 3305 866 3360 opus
891 3291 1052 3346 fecit?
1085 3311 1104 3344 ι
1153 3291 1355 3348 Omnes
1405 3291 1605 3361 quippe
1654 3291 1763 3347 cri-

170 3399 289 3438 men
320 3381 444 3450 ejns
474 3381 742 3447 sciebant,
768 3391 828 3438 et
860 3397 966 3438 non
994 3383 1315 3453 arguebant.
1345 3380 1568 3437 Publice
1605 3397 1762 3436 nam-

171 3490 272 3544 que
300 3489 601 3529 novercam
631 3487 787 3530 suam
821 3473 941 3528 loco
969 3473 1156 3530 uxoris
1186 3473 1453 3537 habebat;
1485 3472 1537 3526 in
1565 3486 1671 3542 qua
1698 3486 1756 3526 re

170 3578 343 3633 neque
375 3563 610 3619 testibus
648 3561 735 3618 vel
759 3561 1108 3632 inquisitione
1131 3577 1266 3632 opus
1309 3571 1449 3626 erat,
1499 3576 1599 3615 nec
1655 3571 1763 3614 ter-

171 3661 536 3729 giversatione
564 3661 744 3734 aliqua
772 3659 875 3730 tegi
903 3661 1109 3714 crimen
1160 3667 1394 3729 poterat.
1425 3657 1766 3728 Quapropter

173 3752 454 3820 apostolus
478 3750 747 3821 judicium
778 3765 884 3804 non
916 3746 1171 3803 diﬂ‘erens
1196 3749 1246 3802 in
1284 3762 1432 3813 eum,
1466 3764 1486 3798 ι
1543 3747 1762 3812 abScns,

174 3840 366 3912 iziquit,
400 3856 660 3912 corpore,
707 3855 947 3910 praesens
985 3848 1164 3894 autem
1197 3839 1412 3909 spiritu,
1456 3856 1474 3890 ι
1506 3836 1660 3906 cujus
1687 3838 1768 3892 vi-

174 3935 366 3989 delicet
399 3950 672 4005 nusquam
716 3935 869 3989 deest
895 3932 1217 3991 auctoritas.
1253 3951 1270 3983 ‹
1303 3932 1416 4002 jam
1439 3930 1676 4001 iudicavi
1709 3937 1768 3985 ut

177 4039 440 4094 prmsens,
469 4039 618 4088 eum,
650 4022 742 4092 qui
773 4023 877 4078 hoc
909 4037 1044 4093 opus
1073 4021 1218 4076 fecit.
1256 4040 1274 4073 ι

241 4117 450 4174 Totum
511 4120 695 4188 itaque
758 4133 957 4188 corpus
1003 4119 1408 4190 Scripturarum
1481 4117 1770 4174 sententiis

179 4213 358 4267 domui
401 4214 693 4282 apostolici
747 4212 1095 4284 suﬂragatur.
1151 4213 1305 4268 Unde
1342 4211 1778 4267 contradictores.
1818 4263 1822 4270 ,

178 4313 231 4357 et
285 4320 648 4375 perversores
697 4321 887 4361 earum
925 4305 1183 4361 facillime
1221 4314 1448 4376 possunt
1499 4302 1767 4359 convinci.

1829 383 1972 440 cata,
2001 382 2056 428 et
2086 382 2195 428 tam
2219 388 2318 444 pro
2345 372 2547 430 nichilo
2577 373 2782 432 habita.
2813 386 2913 427 nec
2937 387 3042 427 non
3077 379 3188 426 tam
3243 370 3413 442 pertic-

1829 466 2042 521 naciter
2088 465 2334 529 defensa,
2389 463 2689 520 :ccclesiam
2736 471 2981 519 sanctam
3031 462 3416 518 miserabiliter

1831 556 1993 610 nimis
2022 554 2488 620 confmdaverant,
2525 564 2581 611 et
2604 569 2766 625 super
2793 563 2873 610 tot
2911 553 3282 626 vnlgatissima
3312 568 3413 610 sua

1831 648 2224 703 contumaciter
2245 646 2686 702 inobtedientiam
2709 662 2862 702 suam
2893 662 2997 702 non
3034 646 3162 702 alibi
3203 647 3308 703 nisi
3355 647 3411 702 in

1834 742 2040 812 synodo
2065 742 2326 806 Romana,
2350 750 2405 796 et
2430 741 2549 796 haec
2573 740 2789 810 scriptis
2810 750 2861 798 et
2880 738 3411 812 nominepublicata.

1837 834 2004 888 nimia
2033 833 2106 865 ¹⁷⁸
2127 833 2433 888 temeritate
2452 831 2678 904 professi
2714 841 2862 888 sunt.

1911 926 1967 980 In
1997 926 2112 996 ipso
2137 926 2485 980 anathemate
2511 924 2658 996 (115)
2691 924 2920 980 domnus
2968 924 3300 996 apostolicus
3347 939 3422 980 ex

1838 1026 1992 1087 parte
2008 1026 2067 1071 et
2093 1016 2312 1071 nomine
2341 1014 2520 1070 Patris
2547 1015 2936 1085 omnipotentis
2957 1024 3012 1071 et
3045 1015 3163 1070 Filii
3213 1024 3266 1073 et
3298 1016 3431 1086 Spi-

1843 1111 1978 1165 ritus
2006 1108 2202 1173 sancti,
2229 1117 2285 1164 et
2313 1121 2410 1178 per
2436 1107 2816 1162 auctoritatem
2839 1107 3014 1162 sancti
3049 1106 3194 1162 Petri
3243 1108 3432 1162 omni;

1840 1201 2292 1259 bns’Christianis
2323 1200 2601 1271 praecepit,
2631 1215 2698 1254 ne
2725 1201 2849 1270 quis
2889 1201 3001 1269 regi
3044 1199 3420 1256 excommuni-

1841 1303 1962 1350 cato
1999 1307 2060 1348 ut
2086 1293 2198 1365 regi
2227 1293 2481 1362 deinceps
2506 1293 2854 1362 aliquornodo
2875 1293 3135 1356 obmdiat,
3166 1301 3260 1346 aut
3301 1305 3433 1348 ser-s

1841 1386 1974 1452 viat,
1997 1393 2089 1439 aut
2105 1383 2486 1454 jusjurandum
2516 1393 2720 1448 servet,
2744 1382 2887 1452 quod
2907 1381 3114 1438 fecerat
3135 1391 3228 1436 attt
3253 1382 3445 1437 factu--

1843 1493 1937 1534 rus
1967 1478 2055 1533 sit.
2095 1477 2249 1544 Quod
2279 1475 2583 1547 principum
2609 1474 2759 1544 regni
2788 1488 2916 1544 pars
2958 1487 3065 1528 non
3095 1471 3316 1527 minima
3344 1481 3439 1525 ιιι--

1847 1569 2092 1635 tendens,
2123 1566 2321 1638 saepius
2354 1580 2384 1620 a
2417 1579 2544 1636 rege
2566 1565 2745 1620 vocati
2777 1567 2844 1618 ad
2870 1579 2995 1619 eum
3022 1563 3210 1618 venire
3243 1563 3426 1617 detre-

1772 1654 1817 1712 B
1844 1661 2086 1725 ctahant,
2112 1657 2455 1712 elaborantes
2489 1654 2906 1726 diligentissime
2921 1662 2979 1708 ut
3016 1653 3190 1709 zelum
3224 1653 3316 1708 Dei
3348 1667 3431 1709 se.

1842 1751 2082 1806 cundum
2113 1749 2400 1804 scientiam
2430 1747 2710 1803 haberent.
2759 1746 2932 1814 Quem
2967 1745 3098 1802 licet
3129 1743 3324 1813 injuste
3372 1755 3443 1798 et-

1843 1856 1948 1896 non
1981 1840 2240 1896 canonice
2261 1839 2790 1895 excommunicatum
2836 1846 3080 1902 nossent,
3133 1845 3318 1891 tamen
3375 1836 3440 1889 ei

1839 1930 1995 2001 juxta
2029 1929 2371 1986 Sardiccusis
2396 1929 2613 1986 concilii
2646 1937 2913 1984 statutum
2935 1927 3090 1999 (un
3117 1925 3444 1980 nullatenus“

1845 2021 2250 2079 communicare
2273 2021 2556 2085 deberent,
2585 2019 2687 2075 nisi
2709 2035 2835 2075 eum
2863 2017 3278 2074 reconciliatum
3309 2028 3448 2071 esse-

1847 2111 2190 2184 pratscirent.
2225 2110 2378 2168 Unde
2429 2110 2548 2181 regi
2600 2109 2780 2166 adhuc
2828 2109 3081 2164 indurato
3128 2113 3444 2161 metuentes.

1847 2202 2276 2267 communicare,
2296 2201 2431 2271 quia
2456 2200 2604 2255 illum
2628 2213 2806 2270 neque
2837 2213 3088 2270 arguere,
3113 2209 3288 2266 neque
3328 2208 3434 2264 puo-

1848 2294 1990 2360 nire,
2018 2308 2194 2363 neque
2218 2292 2495 2364 corrigere
2526 2300 2800 2362 poterant,
2834 2291 2936 2362 ipsi
2965 2290 3091 2361 quia
3117 2287 3439 2345 consentire

1851 2383 2272 2448 abborrucrant,
2320 2381 2611 2438 studebant
2634 2390 2694 2436 ut
2722 2379 2964 2450 oportuit
2985 2379 3252 2435 devitarc.
3283 2375 3430 2442 Qua-

1850 2483 2073 2544 propter
2101 2469 2400 2527 autumnali
2436 2480 2679 2543 tempore
2703 2485 2828 2526 cum
2870 2484 2936 2525 eo
2961 2468 3252 2540 Optimates
3283 2465 3441 2536 regni

1852 2565 2179 2634 colloquium
2209 2564 2279 2620 ob
2309 2562 2617 2632 hujusmodi
2656 2577 2716 2617 se
2748 2562 3033 2617 habituros
3068 2557 3446 2627 Parthenopm

1855 2657 1948 2712 lim
1978 2659 2048 2694 ¹⁷⁶
2073 2656 2191 2712 fore
2214 2655 2528 2724 coudixere,
2559 2655 2650 2710 ubi
2674 2654 2804 2724 quid
2825 2652 3098 2723 agendum
3136 2664 3300 2721 super
3323 2659 3438 2704 tam

1856 2747 2041 2819 grandi
2069 2747 2281 2818 negOtio
2305 2745 2466 2812 foret,
2497 2743 2770 2801 communi
2803 2741 3028 2798 consilio
3055 2747 3280 2810 possent
3301 2738 3440 2795 dini.-

1857 2839 1997 2906 nire,
2026 2846 2081 2894 et
2110 2838 2198 2894 ubi
2223 2837 2358 2907 ipsis
2386 2837 2499 2908 regi
2519 2845 2577 2891 et
2603 2834 2826 2891 domino
2853 2847 2953 2890 suo
2981 2831 3336 2896 commonita,
3372 2839 3452 2886 et.

1859 2933 1926 2987 ad
1954 2931 2328 3001 penitentiam
2356 2944 2621 2985 converso
2641 2937 2696 2984 et
2723 2926 3078 2983 reconciliata
3099 2925 3288 2980 liceret
3327 2937 3451 2978 sero.

1863 3023 1996 3078 vire.
2024 3021 2318 3092 Postquam
2367 3019 2492 3075 illuc
2520 3035 2627 3075 non
2667 3018 2852 3090 parvis
2895 3015 3223 3072 militaribus
3271 3013 3456 3082 copiis

1860 3127 2182 3179 convenere,
2231 3127 2326 3168 rex
2376 3127 2502 3168 cum
2551 3112 2663 3167 suis
2712 3108 3151 3167 assentatoribus
3201 3108 3339 3162 citra
3373 3106 3439 3141 ιη

1861 3205 2071 3262 Benum
2105 3204 2246 3276 apud
2267 3203 2596 3274 Oppinheim
2635 3201 2816 3258 villam
2847 3215 2971 3256 cum
3019 3213 3130 3254 non
3182 3197 3446 3253 mediocri

1860 3313 1971 3353 suae
2000 3296 2480 3353 conicelerationis
2509 3305 2676 3361 cmtu,
2706 3293 2995 3349 adhortatu
3031 3299 3092 3346 et
3127 3304 3289 3345 suasu
3338 3288 3445 3343 mi-

1861 3406 1966 3445 nax
1992 3397 2047 3444 et
2070 3388 2368 3452 animosus,
2414 3387 2699 3452 consedit;
2749 3383 2902 3456 regni
2950 3391 3132 3438 autem
3182 3382 3448 3452 primates

1862 3479 1945 3534 cis
1983 3478 2192 3533 Renum
2223 3487 2646 3540 commanentes,
2680 3476 2824 3530 inter
2867 3490 2930 3531 se
2962 3472 3342 3544 quazt-itabant.
3391 3481 3450 3527 es

1863 3569 1974 3624 Deo
1999 3569 2186 3625 datore
2221 3567 2480 3623 attentius
2506 3567 2879 3638 unusquisque
2908 3580 3006 3636 pro
3035 3579 3095 3621 se
3121 3564 3188 3618 ad
3213 3563 3448 3620 invicem

1863 3658 2240 3724 conferebant,
2284 3658 2413 3728 quid
2466 3671 2631 3727 super
2687 3666 2799 3710 tam
2846 3654 3050 3710 inmani
3098 3667 3264 3708 causa
3315 3650 3450 3720 ipsis

1865 3749 2231 3806 diﬂ‘miendum
2279 3748 2461 3802 fuerit.
2519 3746 2649 3801 Illuc
2707 3745 2857 3801 sedis
2920 3743 3236 3813 apostolicae
3286 3741 3450 3812 legati

1866 3841 2064 3897 litteris
2085 3841 2212 3895 huic
2231 3852 2411 3894 causa:
2450 3837 2709 3908 congruis
2759 3833 2942 3890 allatis
2987 3833 3345 3893 advenerant,
3393 3830 3448 3886 iu

1867 3930 2242 4002 quibus‘etiam
2270 3942 2415 3982 nunc
2442 3924 2750 3982 Patavicusi
2776 3923 3031 3994 episcopo
3062 3920 3184 3975 vice
3210 3933 3306 3973 sua
3325 3932 3455 3987 apo-

1867 4021 2057 4077 stolica
2089 4034 2226 4091 papa
2251 4017 2362 4088 jam
2394 4016 2594 4073 dudum
2614 4028 2873 4072 concessa
2905 4011 3162 4084 inposuit,
3183 4020 3242 4064 ut
3262 4022 3454 4064 omnes

1867 4120 2066 4182 praeter
2103 4125 2285 4182 regem
2325 4107 2501 4164 solum
2529 4106 2598 4161 ad
2645 4103 3076 4162 satisfactionem
3126 4101 3458 4171 dignamque

1869 4201 2244 4273 paenitentiam
2265 4197 2424 4269 digne
2447 4197 2727 4253 venientes
2762 4195 3026 4250 canonice
3056 4189 3457 4253 reconciliaret.

1876 4291 1994 4349 illos
2031 4290 2285 4346 videlicet
2327 4289 2419 4360 qui
2475 4288 2735 4358 deinceps
2776 4287 2830 4340 in
2879 4296 3034 4356 parte
3082 4282 3259 4339 sancti
3310 4280 3460 4337 Petri

181 4391 293 4467 Ipse
330 4411 574 4466 namque
603 4413 632 4450 a
655 4397 900 4468 vestigiis
927 4405 1238 4452 sanctorum
1268 4395 1490 4453 Patrum
1542 4393 1749 4460 unitate

1874 4391 2020 4439 stare
2067 4382 2387 4438 voluissent.
2434 4381 2515 4436 Ex
2563 4380 2760 4450 quibus
2816 4377 3156 4450 Mogontinus
3186 4372 3457 4444 archiepi:

183 4499 280 4538 nus
307 4485 577 4544 deviavit.
611 4485 885 4542 Incassum
911 4501 1040 4557 ergo
1065 4485 1282 4556 quidam
1307 4483 1632 4541 contentiusi
1657 4499 1770 4536 mu-

182 4572 520 4631 sitabantm
552 4591 652 4632 nro
697 4575 931 4632 induciis
981 4576 1092 4648 regi
1135 4577 1360 4647 ejusque
1413 4572 1771 4643 complicibus

183 4679 284 4723 non
345 4671 520 4738 datis,
569 4670 808 4741 etquod
869 4680 968 4727 eos
1015 4667 1198 4723 statim
1253 4664 1768 4731 excommunicavit,

1877 4493 2074 4550 sec-pus
2106 4493 2229 4532 cum
2276 4492 2374 4532 sua
2418 4475 2639 4540 militia,
2688 4473 3059 4538 'l‘reverensis,
3106 4468 3475 4545 Argeutinus,
3521 4468 3542 4518 ἰ

1877 4571 2279 4634 Viridunensis,
2347 4568 2683 4628 Leodiensis,
2734 4563 3199 4626 Monasteriensis,
3274 4556 3460 4627 Traje-

1879 4662 2080 4718 ctensis
2107 4660 2339 4726 electus,
2367 4656 2666 4727 Spirensis,
2694 4653 3037 4716 Basiliensis,
3082 4647 3466 4706 Constantian-

1448 4788 1683 4858 t‘Anm
1724 4798 2128 4859 LECTIONES.

257 4941 324 4972 m
351 4942 433 4995 ila
466 4940 522 4994 Ξ.
606 4940 676 4974 ⁸⁷⁸
715 4940 873 4997 nimis
910 4940 965 4997 2.

192 5012 418 5080 gendum
454 5012 696 5075 videtur;
731 5013 870 5066 circa
898 5010 1064 5067 edidit
1087 5007 1206 5065 Uss.

1044 4938 1242 5011 "iraa:
1264 4940 1402 4997 deest
1441 4940 1510 5007 2;
1551 4935 1996 5011 ParthenOpolim
2047 4934 2375 5003 Megoeuurg
2413 4929 2531 4989 fore
2569 4926 2620 4986 1.
2649 4927 2724 4989 ι’.
2804 4929 2870 4962 ⁸⁷⁷
2905 4925 2979 4983 ita
3013 4921 3070 4979 2.
3101 4949 3172 4960 -
3212 4921 3360 4977 ultra,
3389 4916 3483 4968 [ερ.

1736 5138 1972 5202 NOTAE.

249 5256 401 5325 (HO)
433 5257 618 5312 Lahb.
646 5255 803 5312 Cone.
837 5267 875 5312 t.
903 5258 947 5321 Ι,
985 5255 1087 5312 col.
1115 5255 1237 5312 589.
1254 5257 1375 5314 Uss.

253 5317 402 5380 (uti
434 5327 581 5380 Vide
631 5326 681 5380 in
723 5317 1015 5380 annendice
1055 5328 1119 5380 ad
1150 5331 1322 5380 Ubera
1363 5331 1424 5380 s.
1462 5323 1773 5380 Ambrosii.

1884 5252 2007 5325 pelli
2017 5293 2031 5312 .
2052 5267 2230 5325 omnes
2251 5282 2322 5325 τ-
2345 5257 2547 5325 poterat
2570 5253 2699 5300 sunt
2727 5246 2889 5301 verba
2918 5234 3215 5325 Ambros-ii.

1962 5298 1983 5380 ί
1992 5298 2323 5380 ίῖὲῇῗέτιω
2347 5298 2425 5373 ’e}
2437 5298 2592 5380 ipsa—
2606 5298 3198 5380 exconiiiittnicationis
3241 5298 3475 5358 formai:
