3938 5380
536 315 643 373 ξιῚῦ

532 522 691 578 bates
734 520 940 592 plures,
976 535 1077 577 nec
1107 536 1215 576 non
1256 519 1523 591 majorum
1580 530 1639 577 et
1685 523 1951 577 minorum
2005 538 2110 578 non

533 616 750 673 modica
779 614 936 671 turba
974 615 1044 671 ob
1098 624 1308 671 reatum
1355 616 1752 671 communionis
1806 615 1969 685 regis,
2014 631 2110 671 seu

532 705 679 777 quod
719 705 820 775 ipsi
854 705 924 762 ob
962 704 1406 761 iuobmdientiam
1450 706 1910 769 excommunicati
1961 717 2108 773 sunt,

530 796 648 853 sive
675 797 819 866 quod
849 805 1194 868 receperunt.
1223 797 1418 853 missas
1456 805 1511 852 et
1549 796 1724 852 cilicia
1766 796 2108 853 sacerdotum

530 888 601 943 ob
626 886 1074 945 incontinentiam
1114 887 1196 941 vel
1222 888 1458 943 heresim
1488 888 1854 960 symoniacam
1881 887 2112 942 damna-

531 989 732 1045 torum,
767 980 969 1036 ibidem
1006 981 1346 1038 reconciliati
1384 981 1439 1036 in
1476 981 1915 1037 communionem
1955 994 2108 1037 rece-

526 1073 607 1143 pti
638 1082 785 1129 sunt.

599 1166 888 1223 Postremo
952 1168 1145 1225 diebus
1201 1168 1388 1223 decem
1439 1168 1492 1223 in
1558 1167 1866 1237 huiusmodi
1915 1167 2111 1224 studiis

528 1258 843 1325 transactis,
873 1275 997 1315 cum
1031 1275 1125 1315 rex
1158 1259 1366 1317 videret
1392 1267 1449 1315 ct
1475 1259 1690 1316 audiret
1723 1268 1801 1315 tot
1828 1268 1882 1314 et
1931 1266 2111 1314 tantos

526 1351 845 1423 apostolicae
874 1353 1126 1424 dignitati
1175 1352 1454 1409 humiliter
1500 1351 1755 1414 cessisse,
1785 1366 1991 1422 eosque
2019 1365 2108 1407 re-

525 1458 649 1512 gem
700 1442 867 1500 alium
909 1458 1007 1514 pro
1050 1457 1109 1499 se
1147 1443 1590 1499 constituendum
1645 1442 2001 1505 deliberasse,
2055 1449 2112 1496 et

521 1535 643 1605 ipse
670 1549 1000 1604 quamquam
1046 1534 1234 1590 nolens
1265 1544 1321 1590 et
1360 1534 1583 1597 invitus,
1641 1543 1697 1589 et
1753 1547 1862 1602 pra:
1925 1531 2116 1587 dolore

521 1624 633 1681 hoc
654 1625 768 1682 fere
793 1623 859 1657 "°
889 1626 1031 1679 ultra
1063 1624 1315 1696 spiritum
1362 1640 1470 1680 non
1520 1624 1745 1688 habens,
1788 1622 2019 1677 cessisse
2052 1638 2111 1677 se

523 1732 689 1786 quam
713 1716 800 1775 vix
824 1716 890 1748 ""
914 1715 1209 1781 simulavit,
1235 1731 1342 1773 non
1372 1716 1531 1772 modo
1558 1731 1731 1788 papm,
1758 1731 1945 1771 verum
1974 1730 2109 1785 quo-

1403 316 1791 374 BERTHOLDI
1830 317 2265 375 PRESBYTER]
2291 309 2893 379 ‘CONSTANTIENSIS

534 432 613 489 sis
638 438 822 487 autem
852 427 1023 486 Ulmte
1050 429 1137 494 ⁸⁷⁸,
1168 429 1405 499 episcopi
1439 431 1649 488 scilicet
1680 432 1732 486 hi
1776 433 1867 497 ⁸⁷³,
1913 440 1968 486 et
2010 431 2107 485 ab-
2139 437 2185 495 Α

3684 327 3791 384 576

2284 432 2397 489 Hoc
2443 433 2713 504 colloquio
2762 437 2908 491 circa
2954 435 3224 493 Kalendas
3252 436 3574 496 Novembris
3615 440 3782 509 linito,

2214 523 2336 579 ilico
2366 533 2563 593 praeter
2593 525 2809 581 solitum
2846 527 3177 598 prtegrandis
3227 529 3320 582 nix
3356 538 3533 584 terras
3559 531 3786 603 undique

2208 617 2514 686 Opprimere
2570 617 2811 687 incmpit.
2863 617 2990 673 Hzcc
3037 618 3304 687 siquidem
3349 621 3673 690 prmsaginm
3722 633 3785 677 et

2210 707 2423 779 signum
2470 706 2771 763 futurorum
2820 708 3086 764 malorum
3129 725 3235 765 non
3266 710 3438 765 solum
3490 710 3785 781 Cisalpinas

2209 808 2411 869 partes,
2464 815 2672 864 verum,
2726 799 2867 868 quod
2921 802 3102 870 potius
3156 801 3406 856 mirabile
3457 802 3630 856 visum
3683 812 3783 866 est,

2213 898 2380 945 totam
2409 890 2840 961 Longobardiam
2887 890 3166 947 nimietate
3196 892 3438 948 inaudita
3471 907 3577 947 non
3600 908 3784 962 parum

2210 981 2517 1052 stupefecit.
2548 981 2725 1037 Nimio
2765 983 2962 1053 quippe
2993 982 3213 1053 frigoris
3254 983 3665 1054 congelamento
3687 982 3785 1038 Re-

2211 1090 2313 1128 nus
2335 1074 2540 1145 pariter
2553 1085 2609 1129 et
2628 1076 2914 1139 Eridanus,
2939 1084 2997 1131 ut
3022 1076 3089 1134 de
3100 1076 3276 1131 ﬂuviis
3288 1079 3503 1133 caneris
3525 1087 3783 1144 taceatur,

2211 1164 2268 1219 in
2298 1173 2505 1220 tantum
2548 1165 2871 1221 consolidati
2913 1175 3058 1231 sunt,
3106 1175 3166 1222 ut
3196 1181 3295 1236 per
3335 1167 3556 1239 longum
3584 1176 3788 1239 tempus

2209 1257 2363 1323 quasi
2408 1270 2505 1325 per
2537 1265 2738 1311 terram
2788 1258 2930 1312 viam
2975 1258 3027 1312 in
3073 1272 3132 1313 se
3160 1257 3442 1329 glacialem
3471 1259 3785 1317 exhiberem

2211 1345 2424 1400 cunctis
2473 1346 2873 1403 itinerantibus.
2926 1347 3019 1404 Sic
3045 1349 3254 1420 hiemps
3289 1357 3482 1420 aspera
3522 1359 3577 1405 et
3607 1350 3783 1405 nivosa

2213 1437 2416 1508 algoris
2446 1437 2496 1492 vi
2545 1440 2857 1494 continuata
2883 1455 3053 1511 usque
3097 1442 3149 1496 in
3182 1442 3307 1498 ldus
3355 1442 3559 1509 Martii,
3587 1443 3785 1498 scilicet

2212 1544 2243 1583 a
2273 1530 2540 1601 colloquio
2571 1532 2830 1602 prmdicto
2860 1549 3029 1604 usque
3047 1536 3116 1590 ad
3144 1535 3470 1606 colloquium
3493 1538 3637 1607 quod
3650 1536 3786 1606 apud

2213 1618 2560 1677 Foribcheim
2596 1640 2624 1676 a
2676 1625 2824 1695 regni
2855 1626 3208 1694 optimatibus
3241 1636 3423 1682 actum
3453 1638 3556 1694 est,
3597 1628 3793 1699 perdu-‘

2213 1713 2370 1767 ravit.
2407 1713 2529 1784 Ipso
2573 1715 2805 1787 denique
2836 1717 2922 1773 die
2951 1718 3117 1789 carpit
3156 1720 3247 1774 nix
3276 1734 3374 1789 per
3399 1734 3592 1776 omnes
3619 1729 3784 1775 terra-

524 1824 634 1879 que
663 1809 815 1879 regni
858 1807 1196 1879 principibus
1236 1808 1290 1863 in
1351 1807 1566 1864 cunctis
1610 1821 1965 1877 (timeumque
2010 1804 2110 1874 ipsi
2145 1794 2186 1852 Β
2215 1820 2335 1860 rum
2367 1817 2677 1862 nostrarum
2714 1817 2916 1879 partes,
2962 1809 3193 1867 diiersis
3237 1828 3335 1883 pro
3360 1810 3625 1884 qualitate
3650 1812 3785 1869 loco-

520 1900 787 1968 inponere
815 1906 872 1955 et
906 1899 1199 1954 observare
1230 1913 1355 1953 eum
1392 1897 1707 1954 voluissent.
1746 1895 1897 1951 Tunc
1933 1896 2108 1949 visum

523 1998 611 2060 est.
662 1990 743 2046 eis
793 1998 993 2060 praeter
1038 1998 1254 2056 caetem,
1305 1998 1366 2044 ut
1416 1988 1668 2060 inprimis
1717 1984 2106 2042 Wormatiensi

522 2082 779 2152 episcopo
804 2083 965 2138 sedes
989 2091 1045 2139 et
1066 2082 1261 2138 civitas
1285 2097 1383 2137 sua
1416 2082 1585 2136 libera
1628 2080 1969 2145 redderetur,
2025 2093 2109 2132 re-

523 2178 649 2249 gina
678 2177 806 2234 inde
831 2193 956 2234 eum
985 2179 1102 2233 suis
1124 2179 1376 2234 omnibus
1403 2178 1774 2249 egrederetur,
1799 2177 2109 2233 Saxonibus

522 2271 741 2329 obsides
769 2270 985 2327 illorum
1010 2271 1388 2338 redderentur,
1422 2281 1477 2327 et
1510 2280 1569 2326 ut
1607 2273 1677 2327 ab
1715 2269 2098 2326 excommuni-

523 2363 667 2419 catis
698 2362 815 2420 suis
844 2377 904 2419 se
941 2378 1036 2419 rex
1058 2363 1282 2418 omnino
1315 2371 1615 2435 separaret,
1672 2377 1774 2418 nec
1812 2376 1919 2417 non
1964 2360 2108 2415 litte-

524 2470 618 2511 ras
641 2469 794 2526 papae
840 2453 1129 2525 Gregorio,
1155 2453 1394 2510 debitam
1441 2454 1855 2519 oboedientiam,
1893 2450 2109 2507 satisla-

522 2549 758 2603 ctionem
793 2555 851 2603 et
881 2547 1098 2618 dignam
1133 2546 1510 2617 poenitentiam
1538 2561 1597 2602 se
1634 2553 1976 2602 servaturum
2010 2544 2106 2598 lir-

519 2640 689 2696 miter
733 2640 1073 2706 intimantes,
1124 2640 1331 2710 absque
1364 2654 1516 2695 mora
1554 2638 1831 2710 dirigeret,
1866 2637 1981 2707 ipse
2011 2651 2108 2691 au-

518 2743 634 2788 tem
666 2731 823 2803 juxta
848 2731 1135 2788 consilium
1183 2746 1372 2788 eorum
1422 2731 1640 2787 interim
1697 2730 1966 2786 manendo
2025 2744 2109 2783 re-

519 2838 785 2894 sponsum
821 2823 1179 2893 apostolicum
1209 2834 1267 2880 et
1288 2822 1792 2879 reconciliationem
1821 2821 1965 2876 illius
2011 2833 2108 2875 ex-

518 2926 814 2989 spectaret.
860 2916 988 2973 lltec
1028 2926 1084 2973 et
1121 2927 1319 2973 caetera
1378 2916 1560 2971 Omnia
1620 2930 1734 2978 rex,
1775 2927 2106 2984 quamquam

518 3022 631 3065 ιιοιι
659 3024 728 3066 ex
759 3019 871 3066 tota
897 3008 1265 3080 simplicitate,
1296 3009 1421 3062 ilico
1455 3007 1684 3077 peregit.
1717 3006 1929 3061 Abhinc
1960 3005 2106 3059 litte-

518 3117 638 3168 ras,
664 3102 820 3172 juxta
847 3101 992 3172 quod
1022 3100 1386 3157 condixerant
1410 3098 1556 3154 inter
1577 3113 1638 3154 se
1667 3096 2020 3167 compositas,
2052 3103 2106 3149 et

2216 1910 2332 1950 rum
2362 1895 2687 1967 liquetienda
2723 1898 2983 1970 lapsibus,
3012 1903 3268 1973 paulatim
3312 1904 3652 1961 descrecere.

2283 1988 2396 2044 llcx
2444 1998 2624 2045 autem
2656 1989 2931 2050 tranSacto
2954 1994 3102 2050 circa
3126 1994 3450 2067 Oppinheim
3476 1997 3784 2070 praescripto

2211 2079 2501 2151 colloquio,
2532 2081 2705 2153 Spirae
2738 2100 2865 2140 cum
2916 2084 3184 2144 tutoribus
3212 2098 3268 2144 et
3310 2091 3609 2156 actoribus,
3640 2093 3725 2162 qui
3755 2107 3785 2147 a

2213 2172 2541 2243 primatibus
2612 2177 2763 2246 regni
2820 2178 2921 2248 ipsi
2973 2179 3209 2249 deputati
3259 2191 3414 2247 sunt,
3464 2181 3784 2253 aliquamdiu

2212 2277 2363 2317 more
2392 2266 2771 2334 poenitentimn
2796 2268 3048 2324 victitans
3079 2271 3251 2325 stetit.
3280 2270 3486 2328 Dehinc
3510 2274 3582 2328 ob
3609 2273 3787 2340 conju-

2216 2359 2482 2412 rationem
2506 2359 2806 2429 principum
2839 2362 3151 2431 praedictam
3180 2363 3466 2434 suspicans
3497 2364 3552 2420 in
3580 2381 3641 2421 se
3667 2381 3789 2421 con-

2214 2449 2546 2518 torquendas
2586 2450 2866 2519 perfidiam
2916 2462 2972 2508 et
2995 2454 3265 2510 versutias
3291 2455 3506 2511 illorum
3546 2458 3787 2528 supplan-

2215 2540 2465 2605 tatorias,
2499 2542 2803 2599 recollectis
2845 2545 3080 2616 undique
3110 2547 3437 2603 consiliariis
3462 2550 3602 2615 suis,
3628 2551 3784 2621 placi-

2216 2640 2326 2685 tum
2363 2632 2682 2701 optimatum
2739 2649 2960 2689 suorum
3009 2638 3329 2693 temerarius
3368 2641 3692 2709 postposuit,
3736 2638 3797 2694 ct‘

2212 2724 2376 2779 sicne
2408 2740 2571 2796 regno
2606 2726 2927 2795 privaretur,
2964 2737 3075 2785 toto
3099 2729 3397 2786 industrius
3425 2740 3479 2786 et
3502 2732 3788 2787 attentissi-

2214 2800 2336 2869 mus
2366 2815 2599 2885 ingenio,
2631 2815 2919 2872 omnifaria
2962 2833 3182 2874 suorum
3212 2820 3475 2876 scrutinia
3500 2821 3785 2876 etconsilia

2212 2904 2541 2962 conferendo
2567 2906 2977 2978 diligentissime
2996 2924 3055 2965 sc
3080 2911 3443 2981 praemunivit.

2285 2995 2553 3051 'l'nllensis
2583 3008 2763 3053 autem
2805 2999 3115 3070 episcopus,
3162 3016 3266 3056 nec
3286 3018 3404 3056 'tttm
3438 3002 3653 3072 pariter
3692 3000 3794 3056 Ne-'

2217 3086 2476 3142 metensis
2500 3103 2621 3142 mox
2653 3103 2776 3143 cum
2806 3090 2991 3146 multis
3010 3091 3153 3156 aliis,
3179 3092 3378 3162 quibus
3401 3094 3505 3147 hoc
3526 3109 3624 3162 per
3647 3095 3788 3149 obm-

519 3193 579 3250 in
600 3155 891 3265 praesentia
919 3207 1108 3248 eorum
1137 3192 1422 3263 sigillatas,
1456 3206 1593 3261 quas
1623 3197 1802 3247 tamen
1842 3188 2105 3258 deinceps

2218 3177 2470 3232 dientiam
2540 3194 2570 3232 a
2639 3179 2945 3236 Patavicnsi
2999 3155 3252 3253 episcopo
3321 3155 3620 3253 inpositum
3670 3192 3783 3246 est,

519 3284 642 3354 ipse
666 3284 807 3340 clam
834 3282 1086 3338 alteravit
1112 3289 1168 3338 et
1194 3284 1261 3337 ad
1301 3282 1512 3338 libitum
1544 3296 1699 3336 suum
1733 3279 1982 3341 mutavit,
2009 3292 2107 3348 per

525 3375 910 3432 Trevirensem
945 3374 1258 3444 episcopum
1307 3373 1532 3428 Romam
1575 3388 1727 3443 papae
1774 3382 2108 3441 praesentan-

522 3465 624 3522 das
656 3463 982 3520 transmisit.
1022 3463 1291 3519 Primates
1319 3478 1453 3518 vero
1482 3464 1654 3533 regni,
1678 3461 1830 3516 dolos
1857 3460 2106 3516 solitam-

519 3571 631 3627 que
649 3555 958 3612 vecordiam
979 3554 1411 3611 consiliariornm
1434 3555 1599 3626 regis,
1624 3570 1787 3624 quam
1816 3554 2108 3609 tantotiens

522 3648 732 3719 experti
761 3656 908 3712 sunt,
937 3654 1264 3713 metuentes,
1301 3653 1357 3699 et
1382 3645 1483 3716 ipsi
1530 3649 1740 3716 legatos
1772 3644 1898 3699 boni
1953 3644 2108 3699 testi-

520 3739 715 3805 monii,
745 3739 839 3809 qni
872 3738 959 3795 his
994 3739 1248 3795 omnibus
1277 3754 1397 3809 qua:
1425 3739 1624 3795 ibidem
1656 3747 1777 3794 acta
1817 3745 1945 3792 sunt
1971 3752 2106 3807 prae-

428 3824 432 3831 ’
522 3840 611 3886 sto
632 3829 869 3898 fuerant,
906 3830 1137 3886 Romam
1168 3831 1397 3900 pariter,
1425 3845 1493 3886 ne
1518 3845 1659 3902 papa
1698 3829 1838 3885 dolis
1890 3827 2105 3883 illorum

522 3924 890 3992 deciperetur,
937 3933 1297 3995 properanter
1354 3924 1620 3996 dirigunt,
1670 3925 1955 3993 ipsumque
2011 3934 2109 3989 per

520 4014 961 4071 misericordiam
1002 4013 1095 4068 Dei
1152 4013 1471 4084 suppliciter
1518 4014 1861 4069 obsecratnm
1914 4009 2109 4080 implo-

520 4116 669 4174 rant,
722 4116 784 4161 ut
832 4107 887 4162 in
948 4106 1048 4163 has
1105 4117 1288 4175 partes
1345 4105 1741 4161 dissensionem
1800 4100 2107 4167 iiujnsmodi

522 4199 926 4270 compositurus
974 4198 1158 4252 venire
1188 4198 1535 4266 dignaretur.~
1569 4196 1792 4265 insuper
1835 4204 1889 4249 ut
1925 4208 2105 4261 regem

520 4290 588 4344 ad
638 4288 954 4359 apostolicae
999 4287 1145 4343 sedis
1190 4287 1580 4342 oboedientiam
1638 4283 1934 4355 perfectius
1977 4298 2108 4340 con-

522 4381 877 4452 stringerent,
902 4387 1196 4447 antequam
1221 4377 1290 4432 ab
1329 4377 1558 4431 invicem
1584 4374 1946 4437 discederent,
1972 4389 2104 4429 con-

2210 3267 2437 3323 Romam
2465 3271 2860 3339 pervenientes,
2885 3288 3043 3343 papa:
3063 3287 3122 3327 se
3140 3288 3263 3329 reos
3279 3290 3400 3328 cum
3424 3273 3786 3331 satisfactione

2210 3370 2265 3416 et
2292 3362 2621 3417 obmdientia
2654 3363 2837 3417 debita
2878 3364 3160 3419 dederant.
3214 3363 3360 3431 Quos
3407 3365 3499 3417 ille
3533 3365 3785 3419 canonice

2209 3454 2611 3520 reconciliatos,
2651 3468 2839 3509 eorum
2864 3455 3251 3510 oboedientiam
3287 3455 3623 3522 aliquamdiu
3670 3472 3787 3526 pru-
3876 3512 3879 3517 _

2210 3544 2389 3601 bando
2435 3546 2486 3600 in
2548 3546 2953 3602 monasterialia
2983 3548 3228 3617 quaedam
3278 3548 3608 3603 custodiaria
3652 3548 3793 3603 solos

2208 3651 2302 3693 eos
2331 3638 2461 3693 fecit
2505 3638 2854 3705 incarcerari,
2881 3640 3055 3694 donec
3092 3640 3452 3709 imperatricis
3485 3642 3782 3695 interventu

2209 3729 2297 3782 vix
2353 3729 2474 3783 inde
2521 3731 2752 3796 reducti,
2800 3730 3004 3801 absque
3038 3732 3231 3787 ordine
3285 3733 3477 3787 nou’”
3509 3746 3780 3792 concesso.

2210 3819 2386 3875 solius
2439 3819 2658 3875 licentia
2714 3822 3113 3878 communionis
3184 3825 3487 3895 repatriare
3539 3823 3782 3895 permissi

2209 3920 2357 3966 Slilll.

2282 4003 2392 4060 Hos
2446 4018 2477 4059 e
2522 4006 2753 4077 vestigio
2800 4006 3140 4063 Trevircnsis
3189 4007 3634 4079 archiepiscopus
3668 4021 3781 4062 cum

2211 4098 2368 4165 regia:
2398 4099 2680 4170 legationis
2723 4100 2918 4157 litteris
2958 4102 3185 4157 festinus
3217 4103 3378 4158 nimis
3421 4103 3780 4172 consequitur,

2209 4206 2402 4261 papam
2432 4192 2705 4255 salutavit,
2726 4192 2955 4270 ‘litteras
3003 4194 3334 4248 adulteratas
3364 4194 3463 4262 ipsi
3493 4202 3785 4263 praesenta-

2210 4282 2306 4336 vit.
2340 4283 2486 4349 Quas
2531 4282 2620 4338 ille
2665 4283 2769 4337 nisi
2820 4298 3006 4338 coram
3063 4284 3257 4355 legatis
3277 4284 3599 4354 optimatum
3648 4280 3784 4352 regni

2212 4374 2431 4429 recitari
2475 4374 2579 4429 sibi
2612 4374 2807 4439 noluit,
2840 4384 2897 4428 ut
2932 4374 3032 4444 ipsi
3075 4384 3241 4430 testes
3282 4374 3620 4428 recitationis
3644 4373 3785 4427 ades-

518 4474 799 4541 jnrahant,
828 4480 887 4526 ut
911 4472 956 4528 si
974 4472 1130 4542 culpa
1167 4485 1262 4525 sua
1296 4469 1437 4525 ultra
1475 4484 1677 4523 annum
1727 4468 2102 4524 excommuni-
2138 4506 2187 4568 Β
2215 4477 2357 4531 sent,
2381 4468 2471 4536 qui
2496 4476 2551 4522 et
2581 4468 3203 4542 earunicompositionis
3223 4477 3276 4522 et
3306 4466 3618 4522 emissioais
3641 4464 3783 4521 scioli

522 4572 679 4618 catus
705 4565 1041 4634 perduraret,
1076 4562 1176 4632 ipsi
1208 4576 1332 4617 eum
1366 4561 1593 4616 ulterius
1640 4573 1821 4629 regem
1871 4574 1976 4612 non
2012 4560 2107 4612 ha-

522 4659 735 4712 berent.
765 4658 1004 4726 Indeque
1037 4658 1108 4711 ob
1135 4664 1337 4710 metum
1369 4654 1564 4709 futura:
1600 4653 1654 4708 in
1692 4668 1787 4709 eos
1840 4652 1985 4722 regis
2026 4650 2105 4704 ul-

520 4748 690 4802 tionis
719 4757 774 4803 et
804 4747 1035 4815 injuria),
1072 4761 1233 4818 quem
1264 4762 1361 4818 per
1405 4748 1587 4818 plures
1635 4760 1822 4801 eorum
1874 4759 1979 4799 non
2029 4743 2107 4797 vi.

524 4855 642 4894 sum
671 4850 724 4895 et
751 4840 1098 4895 insalutatum
1127 4838 1341 4908 sibique
1358 4838 1521 4893 nimis
1541 4836 1843 4893 subiratum
1871 4835 2106 4903 relique-

523 4938 670 4997 rant,
700 4932 821 4987 data
853 4931 953 4985 sibi
996 4931 1048 4985 in
1079 4930 1335 4993 invicem,
1365 4929 1409 4984 si
1450 4928 1576 4999 quid
1601 4928 1679 4983 eis
1714 4932 1784 4982 ob
1825 4925 2102 4994 huiusmo-

524 5022 578 5075 di
628 5036 850 5077 causam
884 5023 1292 5083 adversaretur,
1329 5020 1435 5074 lide
1488 5020 1777 5089 adjutoria,
1809 5019 2103 5086 unusquis-

526 5128 631 5183 que
659 5113 957 5186 glorianter
980 5115 1054 5147 -¹⁸²
1080 5115 1129 5168 in
1159 5130 1253 5168 sua
1288 5121 1617 5168 remearunt.

2213 4559 2550 4613 asstilerant.
2610 4557 2907 4627 Postquam
2959 4559 3119 4629 igitur
3153 4558 3395 4614 recitatae
3439 4568 3603 4625 sunt,
3631 4556 3784 4627 legati

2211 4649 2496 4705 lltalcriam
2554 4649 2709 4722 longe
2750 4649 2910 4704 aliam
2937 4665 3098 4720 quam
3124 4664 3242 4717 qtae
3271 4650 3323 4703 in
3354 4649 3633 4719 prcsentia
3685 4648 3784 4716 pri-

2212 4752 2417 4799 matum
2464 4743 2612 4814 regni
2648 4744 2946 4813 composita
2985 4752 3037 4797 et
3080 4741 3308 4812 sigillata
3359 4741 3481 4804 fuit,
3529 4754 3785 4811 recogno-

2212 4844 2447 4898 scentes,
2471 4835 2576 4888 non
2607 4835 2835 4887 eandem
2862 4844 2945 4889 sct
2967 4832 3249 4887 alteratam
3269 4841 3323 4887 et
3349 4847 3444 4902 per
3472 4832 3588 4887 loca
3623 4841 3788 4885 muta-

2213 4937 2321 4981 tam
2353 4926 2548 4991 fuisse,
2582 4926 2973 4994 perdominum
3006 4925 3171 4977 ltenm
3209 4923 3482 4977 liberrime
3506 4921 3785 4993 protestati

2211 5026 2355 5072 sunt.
2412 5017 2503 5072 Sic
2550 5014 2890 5069 'l‘revirensis
2947 5015 3407 5086 archiepianpus,
3461 5027 3785 5083 quamquam

2211 5110 2264 5164 in
2319 5109 2508 5178 primis
2561 5109 2770 5164 litteras
2820 5108 3107 5163 defendere
3151 5106 3464 5179 inccpisset,
3515 5115 3787 5176 postremo

1818 5223 2053 5278 V'Alllxl'l
2092 5223 2383 5280 LEl‘lTlON
2393 5222 2494 5278 ES.

599 5343 671 5376 178
703 5342 983 5380 "mutat...
1038 5342 1056 5380 I
1129 5359 1154 5380 ρ
1233 5341 1423 5380 ιιΙΙίηιη
1467 5340 1585 5380 Ioni!
1654 5339 1821 5380 ΙῖΙιη-ιι
1867 5351 2038 5380 Ιηιηρη

2096 5340 2244 5380 ἰητιη
2288 5339 2489 5380 ηπίὶιψι
2536 5337 2804 5380 Ιρηρηάιηιι
2857 5353 2967 5380 pse;
3019 5347 3156 5380 nnIM
3196 5352 3262 5380 ρι’
3315 5332 3568 5380 Rernnfdr'
3607 5338 3783 5380 analo-
