3938 5380
144 240 273 315 37),,

1314 238 1656 295 ΑιιλΑιεδ.
1697 268 1760 280 -
1800 239 1911 293 AN.
1955 239 2110 294 1077.

3284 252 3390 312 578

150 365 315 410 tamen
339 334 621 408 convictus
636 333 735 408 -ab
759 349 841 407 eis
869 358 926 407 et
954 358 1369 415 rememoratus,
1398 350 1708 407 t‘raudulen-
1740 363 1789 423 Α
1817 351 1885 409 ab
1909 366 1990 407 eis
2023 352 2244 409 omnino
2273 354 2525 411 liberare.
2577 356 2662 413 Ad
2713 358 2815 415 hoc
2855 360 3074 432 quidam
3128 365 3394 433 marchio,

144 446 263 517 tiam
289 457 401 501 non
441 458 595 499 suam
631 450 716 501 set
740 440 893 512 cujus
924 443 1164 499 nesciret
1200 441 1430 513 alicujus
1460 441 1707 509 alterius,

142 535 192 591 in
228 534 423 590 litteris
456 533 672 605 publice
720 533 1001 588 confessus
1050 541 1154 588 est.
1195 531 1272 588 Ita
1321 532 1507 588 omnia
1567 533 1710 604 regis

141 625 493 691 oboedientiae,
542 640 703 697 quam
757 626 937 681 littera
976 627 1231 693 mendax,
1273 642 1380 681 non
1411 624 1591 682 cordis
1622 642 1710 680 ve-

142 716 265 770 ritas
292 712 537 786 protulit,
564 725 866 771 commenta
890 714 1228 772 simulatoria
1258 723 1312 771 et
1332 716 1706 787 deceptionum

137 805 462 877 plenissima,
512 821 634 862 cum
683 807 1031 876 imperatricc
1075 807 1280 877 pariter
1318 806 1549 862 domnus
1586 823 1709 877 apo-

139 897 343 954 stolicus
370 899 657 970 vigilanter
688 899 1139 970 deprehenderat.
1169 899 1535 971 Quapropter,
1562 900 1707 969 quod

140 1011 223 1050 rex
259 994 453 1050 obnixe
482 997 615 1051 satis
643 1004 947 1067 rogaverat,
978 1004 1036 1049 ut
1063 994 1271 1050 scilicet
1305 995 1532 1051 Romam
1561 998 1609 1050 ei
1640 997 1708 1052 ad

138 1103 315 1158 papam
351 1087 756 1143 reconciliando
807 1088 1088 1159 pervenire
1129 1088 1338 1153 liceret,
1364 1104 1706 1160 nequaquam

141 1184 435 1238 consentire
482 1188 618 1253 papa
679 1182 869 1246 voluit,
927 1191 1093 1237 sctut
1137 1183 1188 1237 in
1237 1183 1523 1252 przesentia
1555 1181 1706 1253 regni

138 1273 410 1344 primatum
440 1273 580 1342 apud
605 1274 897 1345 Augustam
915 1273 1248 1328 V'indeliram
1274 1290 1302 1328 a
1328 1288 1385 1329 se
1406 1273 1707 1329 audiendus

139 1376 186 1418 et
218 1364 647 1420 reecnciliandus
695 1364 795 1419 sibi
823 1372 1159 1429 occurreret,
1191 1363 1483 1433 apostolica
1515 1372 1703 1418 aucto-

137 1456 278 1511 ritate
305 1464 662 1526 praeceperat,
692 1465 746 1511 et
792 1455 883 1510 illo
911 1471 969 1510 se
996 1465 1279 1511 venturum
1331 1456 1396 1510 ad
1440 1472 1531 1511 eos
1559 1456 1705 1512 circa

137 1550 462 1603 festivitatem
524 1546 781 1618 Ypapanti
830 1547 1000 1618 (115),
1045 1547 1091 1602 si
1138 1547 1400 1603 Dominus
1451 1548 1701 1613 voluerit,

137 1639 425 1695 firmissime
467 1640 602 1695 satis
657 1654 754 1709 per
803 1639 1082 1710 utriusque
1112 1641 1278 1710 partis
1324 1640 1527 1710 legatus
1572 1640 1703 1710 ipsis

1811 446 2029 501 nomine
2090 446 2342 518 Opertus,
2406 451 2474 507 de
2532 450 2906 524 Longobardia
2947 465 3074 511 tunc
3140 457 3399 527 temporis

1808 535 2125 601 adveniens,
2174 553 2516 609 summopere
2549 541 2695 597 illum
2744 559 2853 614 pne
2883 547 3094 602 exteris
3120 546 3399 604 conforta-

1810 627 1904 683 vit.
1940 627 2041 696 Qui
2077 631 2361 701 magnifice
2413 634 2481 688 ob
2530 634 2580 688 id
2636 635 2810 706 ipsum
2863 637 2932 692 ab
2981 654 3048 694 eo
3087 640 3317 696 donatus
3341 650 3398 697 et

1809 721 2220 787 honoriﬁcatus,
2271 723 2322 777 in
2381 731 2723 794 repatrtaudo
2747 725 2900 795 juxta
2928 730 3226 801 Angustam
3259 734 3395 787 Viti-

1807 809 2035 864 delicam
2075 812 2352 880 repentina
2392 823 2563 869 morte
2612 829 3039 886 praeoccupatus,
3069 836 3210 891 equo
3250 822 3396 879 deci-

1807 900 1908 968 dit,
1947 913 2004 957 et
2055 902 2133 957 sic
2177 903 2529 972 apostolicum
2584 906 2871 983 anathema
2903 909 3016 978 jam
3065 925 3162 981 pro
3193 912 3395 967 nichilo

1808 993 2034 1058 habens,
2070 1004 2195 1049 tunc
2219 1006 2397 1050 autem
2422 998 2607 1065 quanti
2633 999 2884 1067 ponderis
2914 1001 2984 1055 sit
3008 1017 3064 1056 re
3087 1004 3392 1076 experiens,

1806 1099 1967 1155 quant
2002 1085 2167 1141 miser
2213 1086 2302 1142 ille
2332 1087 2713 1143 damnabiliter
2744 1090 2968 1145 interiit.

2456 1178 2767 1236 MLXXVII.

1879 1267 1993 1323 Rex
2024 1268 2258 1324 natalem
2291 1270 2499 1327 Domini
2545 1274 2686 1344 apud
2718 1273 3023 1332 Bizantium
3057 1277 3110 1332 in
3150 1278 3399 1351 Burgun-

1806 1356 1913 1422 dia,
1979 1374 2087 1413 uno
2136 1360 2334 1416 ibidem
2370 1364 2458 1416 vix
2498 1362 2584 1419 die
2640 1376 3026 1431 commoratus,
3089 1372 3392 1437 quomodo-

1806 1463 2037 1521 cumque
2072 1451 2383 1509 celebravit.
2443 1454 2571 1511 lude
2620 1469 2896 1529 assumpta
2951 1476 3119 1517 uxore
3151 1471 3207 1517 et
3258 1463 3391 1529 filio,

1807 1559 1910 1598 DCC
1930 1561 2037 1599 11011
2072 1554 2182 1602 ιοιο
2220 1561 2442 1602 διιοτιιιιι
2462 1550 2719 1604 (ὉΙΠῘιέΙΙΙΙ
2749 1562 2807 1606 ιιι
2832 1562 3117 1622 apparatu,
3148 1563 3207 1608 ΙΙΙ.
3230 1565 3393 1613 antea

1800 1634 1915 1703 jam
1976 1636 2329 1693 deliberatum
2401 1650 2506 1704 cst,
2560 1639 2793 1697 Genovie
2851 1642 3074 1699 Rodano
3126 1647 3395 1712 transito,

136 1731 474 1786 remandavit.
543 1731 643 1799 Qui
704 1731 902 1787 litteris
948 1731 1257 1802 apostolica:
1309 1732 1703 1788 benedictionis
1740 1743 1780 1803 Β
1808 1725 1970 1796 Alpes
2017 1729 2319 1798 asperrimo
2351 1731 2438 1785 vix
2496 1734 2763 1789 scandens
2813 1743 3143 1805 reptansque
3176 1736 3393 1802 itinere,

137 1826 400 1895 perceptis,
451 1824 507 1879 iu
559 1824 707 1897 (“6)
766 1826 962 1895 quibus
1020 1824 1308 1895 plurimum
1366 1841 1465 1895 pro
1502 1824 1699 1880 ducatu

138 1931 238 1981 suo,
277 1932 373 1986 pro
425 1917 643 1971 cancris
676 1915 1013 1978 necessariis,
1057 1925 1117 1970 et
1140 1930 1238 1985 pro
1267 1929 1400 1983 pace
1448 1915 1612 1984 ipsos,
1644 1925 1702 1969 nt

139 2010 369 2079 oportuit,
400 2008 691 2079 diligenter
730 2018 1146 2079 prmmonuerat,
1196 2009 1442 2064 hetanter
1468 2010 1700 2079 patriam

138 2116 268 2155 suam
300 2101 435 2156 tanti
466 2101 692 2171 hospitis
741 2100 1031 2156 adventum
1090 2101 1452 2171 prxconando
1501 2103 1703 2157 revise-

136 2203 262 2248 falli.

194 2283 301 2339 Mox
325 2284 489 2355 igitur
515 2299 705 2340 omnes
733 2287 883 2356 regni
910 2286 1224 2357 optimates,
1254 2286 1340 2342 his
1362 2300 1482 2357 quae
1508 2287 1702 2342 litterae

140 2376 462 2432 innotucrant
510 2376 953 2448 congratulanter
1004 2378 1263 2448 acceptis,
1339 2387 1450 2432 toto
1501 2379 1702 2434 mentis

139 2477 307 2522 conatu
334 2468 400 2524 ad
432 2467 553 2524 haec
583 2467 929 2524 omnifariam
983 2470 1319 2526 observanda
1358 2485 1479 2526 sese
1509 2484 1702 2540 percu-

139 2562 446 2632 pieatissime
504 2570 889 2633 purpurantes,
919 2578 1014 2633 spe
1055 2578 1162 2618 non
1195 2564 1404 2618 modica
1430 2563 1703 2619 mcclesia-

139 2656 264 2710 stirre
326 2655 605 2726 religionis
652 2663 708 2711 et
761 2656 1121 2712 observantiae
1171 2659 1540 2712 restaurandac
1592 2671 1700 2712 non

139 2760 301 2814 pantm
328 2747 621 2801 exhilarati
657 2753 803 2802 sunt.
838 2747 951 2802 Rex
976 2755 1156 2802 autem
1203 2746 1359 2816 longe
1384 2746 1486 2800 alia
1520 2746 1700 2800 inten-

142 2839 262 2893 tione
287 2842 565 2906 cordatus,
596 2839 722 2894 dum
767 2854 917 2909 papa:
961 2838 1293 2909 propositum
1321 2837 1700 2907 comperisset,

139 2945 397 2987 occurrere
442 2932 547 3001 ipsi
599 2943 888 3001 antequam
945 2940 1161 2985 nostras
1213 2937 1399 2998 partes
1447 2929 1698 2995 intraret,

140 3037 318 3076 summa
353 3023 812 3086 consultationum
859 3021 1264 3077 sollertissimus
1293 3021 1553 3077 industria
1580 3036 1697 3075 mo-

1809 1817 2036 1875 festinus
2067 1819 2500 1892 Longobardiam
2532 1838 2629 1894 per
2674 1824 3065 1882 'l‘aurinenscnt
3090 1827 3157 1859 ¹⁸⁸
3184 1828 3396 1897 episco-

1804 1917 1992 1979 patum
2028 1911 2271 1966 intravit.
2316 1913 2550 1985 Indeque
2578 1916 2821 1972 collectis
2850 1918 3229 1989 undecumque
3258 1933 3399 1990 quos

1804 2003 1995 2071 potuit,
2054 2003 2300 2060 Ticinum
2382 2010 2720 2078 perveniens,
2796 2014 3395 2068 exeotnnnmicatorum

1804 2108 2019 2164 quoque
2051 2098 2264 2152 turbam
2313 2100 2690 2171 episcoporum
2738 2105 2806 2158 ad
2857 2117 2916 2159 se
2974 2106 3214 2174 undique
3262 2120 3394 2161 eon-

1806 2184 1991 2251 traxit,
2050 2194 2105 2241 et
2152 2190 2306 2259 quasi
2336 2207 2557 2247 causam
2590 2192 2803 2249 illorum
2838 2195 3142 2253 defensoria
3172 2212 3393 2267 quoum-

1804 2280 2107 2349 documque
2119 2284 2540 2352 praemuniturus
2563 2286 2868 2356 majestate,
2894 2302 3086 2357 papam
3108 2288 3395 2357 alloquen-

1804 2377 1932 2432 dum
1983 2391 2090 2432 non
2118 2374 2281 2437 modo
2306 2374 2376 2429 ob
2405 2376 2488 2430 sui
2520 2375 2707 2446 ipsius,
2731 2387 2817 2432 set
2845 2379 3024 2447 potius
3052 2379 3123 2434 ob
3145 2378 3389 2450 .illoram

1804 2467 1875 2523 ah
1925 2483 1992 2523 eo
2046 2466 2492 2538 perscrutandam
2558 2476 2668 2522 tam
2723 2467 2969 2537 injuriosi
3023 2470 3393 2527 anathematis
3462 2530 3469 2537 ,

1805 2561 2156 2625 sententiam,
2198 2559 2363 2615 nimis
2413 2559 2739 2616 artificiosus
2779 2562 2910 2631 ipsis
2956 2562 3228 2631 praedixit.
3281 2562 3390 2632 Ipsi

1802 2663 1985 2708 autem
2024 2661 2249 2708 econtra
2281 2666 2387 2707 non
2419 2650 2697 2707 minimum
2739 2654 2848 2724 regi
2885 2654 3289 2721 dissuadebam,
3319 2670 3391 2711 ne

1806 2746 1981 2814 ipsum
2003 2744 2197 2801 saltem
2218 2744 2572 2814 apostolicum
2605 2747 3104 2815 nominaret,quem
3134 2746 3208 2801 illi
3231 2747 3390 2814 jussu

1804 2836 1922 2906 ejus
1951 2848 2059 2892 tam
2106 2845 2294 2892 sancte
2345 2834 2651 2906 abjuratmn
2696 2837 2919 2892 omnino
2948 2837 3299 2907 projecerint,
3331 2848 3389 2894 et

1804 2944 1964 3000 quem
1992 2944 2098 2985 una
2146 2929 2245 2984 rite
2296 2928 2611 2984 damnatum
2641 2931 2743 2985 sub
2766 2929 3130 2999 anatiieitiatis
3156 2946 3391 2986 censura

1800 3036 1833 3077 a
1886 3036 2110 3090 corpore
2161 3022 2417 3078 :ecelcsiae
2458 3032 2716 3091 perpetuo
2759 3022 3200 3078 dimetnbrareut.
3228 3022 3397 3098 Atta:

140 3113 359 3169 liebatur.
390 3114 679 3183 Proposuit
704 3129 937 3184 namque
988 3122 1045 3167 ut
1071 3122 1165 3167 aut
1188 3113 1408 3168 collecta
1437 3112 1697 3183 peceunia
1729 3120 1774 3182 ο
1806 3128 1930 3171 men
1966 3128 2034 3169 ne
2061 3113 2381 3182 optimatum
2418 3113 2569 3184 regni
2599 3112 3018 3171 Tentonicormn
3048 3116 3309 3185 placitum
3332 3124 3390 3171 et

138 3207 578 3276 qualitercumque
625 3206 889 3261 conducta
935 3206 1169 3260 maxima
1216 3219 1438 3259 suormn
1475 3204 1697 3259 militari

138 3299 267 3366 topia
317 3300 569 3355 territum
608 3316 732 3353 eum
770 3298 823 3351 iu
874 3296 1055 3367 fugam
1095 3298 1381 3367 coegisset,
1429 3299 1551 3350 'sive
1602 3311 1701 3365 per

141 3388 383 3447 Romanos
420 3402 477 3446 et
528 3401 754 3446 ceteros
788 3389 1124 3445 consiliarios
1166 3390 1333 3451 illius,
1378 3391 1543 3442 tantis
1578 3404 1698 3443 mu-

139 3480 328 3535 aeribus
371 3491 682 3551 corruptos,
712 3491 767 3536 et
797 3481 878 3535 sic
936 3480 1238 3534 individuos
1287 3480 1389 3535 sibi
1439 3479 1698 3534 astitores

136 3568 347 3631 effectos.
405 3572 477 3625 ad
534 3580 716 3625 votum
746 3586 902 3624 suum
948 3569 1094 3623 illum
1128 3570 1546 3639 constringeret.
1600 3568 1695 3623 Sin

136 3653 309 3725 autem,
363 3678 468 3716 una
514 3676 701 3717 secum
753 3661 851 3731 ipsi
885 3670 991 3714 tam
1041 3659 1343 3730 perduelles
1392 3668 1446 3713 et
1488 3657 1696 3712 efferati

138 3764 496 3821 repugnarent,
527 3763 586 3807 ut
629 3754 754 3808 ilico
781 3769 904 3807 eum
944 3752 1256 3822 injuriatum
1315 3750 1572 3806 cathedra
1606 3752 1699 3805 de-

137 3842 391 3912 Pt‘llerent,
422 3854 481 3899 et
528 3844 689 3899 alium
725 3843 878 3912 juxta
900 3859 994 3898 cur
1022 3843 1164 3914 regis
1192 3858 1289 3913 pro
1310 3858 1374 3896 eo
1402 3842 1698 3897 substitue-

137 3941 265 3998 rent;
296 3944 349 3989 et
370 3936 452 3990 sic
480 3935 534 3989 in
560 3936 846 4005 imperium
874 3936 942 3991 ah
968 3935 1056 3989 illo
1078 3934 1284 3990 electus
1313 3944 1367 3988 et
1389 3934 1694 3998 ordinatus,

137 4034 225 4077 una
251 4038 367 4079 cum
396 4039 571 4080 uxore
595 4042 692 4080 sua
732 4026 783 4079 in
810 4025 1066 4096 patriam
1097 4024 1365 4095 gloriosus
1406 4033 1693 4079 remearet.

138 4109 185 4166 Si
203 4122 367 4170 autem
393 4132 614 4188 papam,
648 4127 816 4180 metu,
847 4117 1007 4171 minis
1034 4126 1090 4171 et
1114 4115 1392 4171 blanditiis
1425 4115 1696 4169 Romano-

138 4215 236 4257 rum
264 4209 592 4273 convictum,
641 4208 968 4278 morigerum
997 4207 1096 4263 sibi
1127 4222 1219 4261 rex
1250 4222 1345 4277 per
1374 4207 1554 4261 omnia
1578 4206 1694 4260 efli~

137 4303 279 4360 ceret,
306 4297 452 4365 pium
499 4298 629 4363 sibi,
684 4298 1013 4353 adversariis
1060 4307 1240 4353 autem
1274 4298 1386 4352 suis
1414 4298 1693 4352 severissi-

1805 3205 1921 3275 ipse
1958 3205 2259 3274 pseudorex
2287 3221 2354 3263 ex
2386 3213 2499 3260 toto
2524 3205 2848 3261 temerarius
2871 3207 3195 3272 ammllaret,
3229 3215 3284 3262 et
3320 3206 3393 3263 oh

1805 3298 1859 3353 id
1904 3298 2119 3355 illorum
2151 3297 2411 3353 offensam
2439 3298 2742 3368 justissime
2771 3298 3097 3363 incurreret,
3127 3299 3386 3368 quoniam

1802 3390 2022 3460 quidem
2046 3389 2114 3421 ²⁸⁸
2162 3389 2312 3444 illum
2356 3398 2463 3445 tam
2514 3390 2857 3447 ittthlahilis.
2892 3391 3230 3446 necessitatis
3257 3407 3393 3447 con-

1802 3481 2095 3551 stringeret
2138 3480 2417 3547 articulus,
2451 3480 2550 3549 ipsi
2583 3483 2650 3536 ad
2685 3492 2899 3552 tempus
2923 3481 3118 3538 cedere
3139 3490 3194 3537 et
3223 3483 3396 3559 mori-1

1801 3570 1979 3640 gerari
2006 3571 2223 3639 dignum
2245 3570 2613 3637 :cstimabant;
2644 3572 2897 3644 deinceps
2925 3587 3073 3637 vero,
3102 3581 3222 3644 post
3238 3574 3389 3633 hanc

1800 3659 2010 3713 scilicet
2048 3660 2497 3728 dispensatoriam
2552 3671 2606 3716 et
2685 3670 2793 3715 tam
2859 3663 2958 3716 sibi
3023 3663 3391 3721 necessariam

1801 3749 1946 3804 illius
1998 3749 2380 3807 allocutionem
2433 3760 2547 3825 toto
2603 3752 2724 3808 nisu
2762 3750 2921 3806 simul
2975 3753 3268 3835 cuunjpsis
3305 3751 3387 3807 iu-

1799 3841 2042 3897 dnStrins
2101 3841 2464 3898 intentissimc
2518 3842 2849 3907 elaboraret,
2912 3843 3185 3912 quomodo
3235 3858 3295 3899 se
3332 3853 3389 3903 ct

1801 3941 1972 3987 totum
2022 3948 2248 4004 regnum
2302 3937 2340 3987 a’
2385 3942 2492 3987 tam
2546 3932 2809 4004 sacrilego
2867 3933 3085 3987 homine
3134 3931 3380 3989 funditus

1799 4023 2083 4091 liberaret;
2130 4026 2212 4079 sin
2265 4032 2470 4090 autem,
2504 4033 2614 4079 tam
2654 4024 3027 4080 vcrsutissima
3074 4025 3386 4093 apostolicae
3464 4062 3473 4069 κ

1802 4116 1957 4171 alma:
1987 4117 2374 4172 nominationis
2421 4126 2478 4173 et
2536 4118 2790 4173 heretica!
2830 4116 3215 4188 usurpationis.
3242 4115 3391 4172 illius

1798 4207 2048 4275 vecordia
2100 4217 2155 4264 et
2209 4210 2493 4279 majestate
2552 4223 2673 4264 sese
2722 4208 2912 4279 procul
2962 4208 3125 4263 dubio
3192 4221 3387 4279 regno,

1799 4300 2027 4364 honore,
2058 4299 2364 4370 partimque
2404 4300 2511 4353 vita
2561 4300 2694 4369 ipsa,
2730 4298 3049 4370 privandum
3095 4313 3200 4353 non
3236 4297 3386 4371 ignog

138 4399 273 4454 unum,
306 4389 562 4461 deinceps
608 4390 747 4459 fore,
793 4392 1114 4448 stultissime
1172 4391 1307 4447 satis
1355 4392 1697 4462 praamedita-
1752 4400 1965 4467 .raret,
1998 4407 2098 4446 nec
2150 4406 2257 4446 non
2287 4406 2499 4457 omnes,
2527 4394 2619 4462 qui
2662 4391 3004 4447 invictissimi
3030 4405 3153 4445 cum
3189 4389 3303 4461 ipso
3333 4389 3385 4442 iu

136 4471 287 4532 batur.

196 4566 278 4623 llis
302 4579 353 4624 et
372 4571 496 4627 aliis
520 4590 626 4630 non
676 4576 983 4646 perpaucis,
1010 4584 1070 4630 ut
1107 4574 1248 4631 fama
1290 4574 1408 4640 fuit,
1440 4574 1693 4629 consilia-

140 4657 314 4716 riorum
364 4680 586 4723 suorum
635 4670 903 4725 vecordiis
931 4670 1291 4727 commonitus
1313 4680 1365 4725 et
1396 4670 1690 4739 animatus,

139 4763 299 4807 contra
326 4757 639 4827 dispositam
656 4760 769 4829 jam
791 4763 1111 4834 optimatum
1136 4765 1285 4834 regni
1300 4763 1693 4819 correctionem

140 4845 500 4908 ctcbristianze
536 4852 814 4923 religionis
865 4855 1331 4922 recuperationem
1369 4868 1490 4909 sese
1530 4855 1695 4922 perti-

142 4937 323 4993 naciter
368 4942 603 5013 erigens,
666 4960 771 4999 non
816 4944 1055 5000 cessavit
1103 4947 1451 5017 magistratus
1480 4948 1693 5003 illorum

140 5031 953 5127 qualitercumquenopprimere,
984 5045 1037 5093 et.
1090 5054 1147 5095 se
1175 5056 1330 5100 suum
1360 5043 1430 5099 ad
1481 5041 1693 5097 libitum

1722 4501 1770 4561 ι)
1799 4491 2028 4537 mortem
2070 4489 2126 4536 et
2174 4483 2227 4536 in
2268 4484 2560 4555 perniciem
2593 4483 2673 4538 ire
2714 4498 2926 4552 semper
2953 4491 3130 4552 parati
3160 4480 3386 4553 fuerint,

1798 4575 2049 4631 similiter
2120 4578 2395 4646 perituros
2447 4588 2502 4631 et
2557 4576 2893 4633 damnandos
2948 4576 3171 4630 minime
3217 4574 3386 4631 dubi-

1800 4676 1962 4723 taret.

1869 4757 2165 4826 Postquam
2213 4757 2360 4830 (ll?)
2427 4766 2610 4811 autem
2671 4757 2829 4829 legati
2878 4756 3022 4825 regis
3076 4757 3391 4825 pariterque

1801 4849 1951 4917 regni
2000 4847 2320 4915 optimatum
2374 4864 2403 4902 a
2436 4862 2570 4918 papa
2615 4846 2826 4905 dimissi
2865 4846 3164 4913 repatriarc
3208 4859 3389 4913 empco

1796 4954 1945 5007 runt,
1994 4941 2109 5010 ipse
2138 4941 2425 4996 confestim
2456 4940 2699 4999 animam
2736 4954 2890 4995 suam
2935 4952 3031 5006 pro
3066 4940 3256 4993 ovibus
3280 4953 3393 4992 SlllS

1772 5038 1926 5117 ‘darc
1949 5033 2411 5103 promptissimus,
2462 5030 2527 5083 ad
2559 5030 2740 5091 locum
2775 5040 2829 5084 et
2860 5037 3071 5095 tempus
3114 5015 3232 5099 qua:
3259 5043 3389 5082 eon-

1374 5174 1613 5233 VARlA-Z
1653 5165 2057 5231 LECTIONES.

197 5310 253 5346 ⁸⁸⁸
275 5314 498 5380 patriam
520 5315 604 5369 ed.
680 5316 743 5347 ¹⁸⁵
781 5312 1111 5370 taurieusem
1142 5315 1196 5374 2.

1274 5323 1344 5354 ³⁸⁸
1377 5317 1707 5380 quoquidem
1725 5332 1771 5370 ε.
