3940 5382
513 381 618 451 379

1393 387 1787 448 BERTHOLDI
1825 389 2259 450 PRESBYTER]
2296 391 2885 455 CONSTANTIENSIS

506 496 759 552 dixerant
786 496 854 553 ad
897 498 1149 565 invicem,
1180 510 1538 570 properanter
1565 503 1834 574 pervenit,
1861 514 1916 560 et
1957 503 2089 571 illic,
2122 511 2172 571 Α
2201 516 2469 572 meantes,
2496 508 2759 580 quidquid
2789 510 2927 567 illud
2950 510 3117 568 fuerit
3136 512 3280 584 quod
3312 511 3553 569 fueatum
3576 520 3767 583 etper-

503 587 661 657 juxta
688 591 833 659 quod
883 590 1280 662 disposuerant,
1324 591 1536 649 itineris
1558 596 1638 650 sui
1665 595 1920 652 ductores
1953 596 2096 652 desi-

510 679 925 738 derantissimus
943 683 1268 753 expectavit.
1295 682 1390 740 Set
1414 684 1634 742 frustra.
1661 686 1794 741 Nam
1810 696 2094 758 postquam

512 771 836 830 Tlteutonici
885 774 1157 846 principes
1209 776 1392 849 fugam
1431 779 1575 848 regis
1618 789 1727 834 tam
1763 780 2095 850 inepinatam

508 874 568 920 et
597 866 851 921 furtivam
898 866 1038 923 ultra
1064 867 1225 938 Alpes
1254 879 1654 939 compererant,
1689 871 2002 926 insidiarum
2041 879 2098 926 et

508 956 956 1028 inpugnationum
1008 958 1155 1015 illius
1208 975 1315 1015 non
1364 975 1553 1029 parum
1605 970 1911 1017 metuentes
1939 960 2099 1015 moli-

509 1048 654 1102 mina
682 1055 736 1102 et
766 1048 1129 1116 incursiones,
1155 1064 1446 1106 occurrere
1488 1066 1664 1122 neque
1690 1052 1946 1107 ducatum
1968 1066 2098 1106 con-

512 1138 716 1193 dictum
756 1139 1015 1194 exhibere
1069 1156 1239 1211 papae,
1267 1142 1516 1210 quamvis
1555 1142 1707 1197 inviti
1738 1149 1794 1198 et
1824 1142 2095 1207 nolentes,

507 1226 732 1281 omnino
755 1227 1080 1283 desiverant.
1111 1229 1188 1284 Ita
1217 1245 1352 1300 papa
1377 1232 1517 1301 apud
1544 1232 1875 1287 Canusinum
1905 1230 2100 1286 castel-

510 1316 622 1371 lum
655 1317 799 1388 ipsos
840 1318 1171 1389 aliquamdiu
1223 1321 1574 1391 exspectavit.
1631 1321 1726 1376 Set
1754 1322 1882 1376 dum
1916 1321 1991 1376 illi
2021 1329 2099 1375 tot

512 1407 856 1464 obstantibus
899 1410 1156 1480 periculis
1205 1426 1264 1467 se
1299 1412 1364 1467 ad
1390 1427 1512 1469 eum
1544 1427 1886 1484 nequaquam
1912 1412 2099 1468 venire

509 1500 790 1571 posseipsi
820 1501 911 1556 vix
957 1504 1368 1568 remandarent,
1410 1513 1537 1561 tunc
1564 1505 1700 1575 ipse,
1733 1505 1859 1576 quia
1895 1504 2097 1560 frustra

509 1592 725 1646 venerit
751 1591 897 1658 illuc,
926 1593 1149 1650 moleste
1170 1595 1332 1650 nimis
1358 1595 1558 1659 ferens,
1590 1606 1672 1652 set
1694 1605 1875 1651 tamen
1905 1605 2097 1668 postea

509 1682 580 1736 ad
607 1680 973 1738 Thcutoniccs
1003 1694 1183 1753 partes
1206 1700 1264 1742 se
1290 1686 1756 1757 qualitercumque
1783 1702 1881 1758 pro
1908 1701 2101 1743 neces-

510 1773 673 1828 sitate
719 1784 923 1830 sanetae
969 1775 1227 1831 mcclesize
1273 1779 1561 1848 pervenire
1586 1793 1745 1849 posse
1775 1795 1880 1834 non
1912 1780 2100 1849 despe-

510 1880 661 1932 rans,
710 1866 834 1922 istic
864 1867 1167 1937 hujusmodi
1196 1870 1483 1925 occasione
1529 1869 1809 1941 aliquanto
1857 1879 2096 1940 tempore
2129 1869 2176 1932 Β

510 1942 712 2012 morari
733 1956 1019 2028 disposuit.
1044 1958 1197 2014 Tunc
1212 1967 1267 2019 et
1308 1960 1424 2031 ipse
1457 1961 1602 2032 regis
1630 1962 1735 2015 iter
1754 1971 1809 2016 et
1843 1959 2100 2016 consilia-

512 2051 717 2106 riorum
746 2049 863 2120 ejus
898 2052 1002 2108 sibi
1027 2067 1129 2109 nec
1157 2068 1264 2109 non
1293 2061 1494 2109 sanctae
1532 2052 1789 2110 :ecclesire
1821 2067 1926 2107 non
1956 2051 2098 2106 mul-

513 2152 626 2197 tum
659 2142 916 2212 prodesse
944 2143 1316 2211 considerans,
1345 2144 1544 2215 quippe
1567 2145 1658 2214 qui
1686 2142 2098 2215 Longobardr-s,

511 2249 649 2303 quos
680 2233 911 2290 rebelles
941 2234 1051 2290 Deo
1072 2235 1286 2305 sibique
1312 2236 1536 2307 reperit,
1569 2251 1674 2291 non
1702 2250 1894 2307 parum
1924 2232 2100 2290 rebel-

511 2326 677 2383 liores
709 2325 1024 2394 reddiderit,
1055 2328 1257 2399 quique
1297 2327 1637 2383 Tlteutnnnm
1661 2335 1850 2399 gentes
1874 2324 2099 2380 omnino

458 2428 470 2435 ‘
512 2417 660 2473 inter
716 2434 776 2474 se
806 2419 1064 2476 scismate
1115 2435 1221 2475 non
1258 2419 1469 2475 modico
1499 2419 1797 2484 discordes,
1851 2417 1980 2488 quid
2032 2416 2102 2470 de

513 2519 625 2564 tam
653 2511 870 2567 vecordi
922 2511 1143 2568 homine
1190 2521 1458 2583 agerent,
1496 2511 1821 2567 mirabiliter
1856 2509 2103 2565 irritatas

513 2601 908 2669 sollieitaverit,
937 2613 992 2660 et
1021 2612 1190 2662 totum
1225 2604 1463 2675 undique
1493 2618 1718 2676 regnum
1751 2617 1857 2675 non
1893 2599 2103 2656 medio-

510 2695 679 2751 eriter
713 2696 1112 2765 perturbaverit
1143 2711 1158 2750 :
1197 2704 1364 2751 totam
1397 2709 1584 2751 curam
1614 2709 1794 2759 suam,
1826 2700 1889 2747 ut
1924 2692 2099 2746 virum

514 2802 643 2845 Vere
671 2788 1024 2860 apostolicum
1056 2789 1315 2859 oportuit,
1340 2802 1502 2858 super
1525 2785 1811 2841 Dominum
1835 2780 2065 2854 jactavit
2084 2819 2101 2846 ,

514 2881 603 2937 die
650 2896 715 2938 ac
768 2891 925 2937 nocte
956 2882 1209 2952 precibus
1252 2878 1552 2954 lacrimosis
1575 2880 1793 2945 institit,
1845 2876 2105 2948 quatinus

515 2974 630 3044 ipse
676 2973 781 3031 sibi
821 2975 1083 3029 divinitus
1127 2974 1422 3046 inspiraret
1473 2972 1603 3044 quid
1655 2972 1723 3027 de
1757 2979 1868 3025 tam
1913 2969 2102 3041 grandi

515 3068 740 3140 negotio
804 3069 1018 3125 ratione
1064 3067 1320 3138 synodica
1369 3065 1471 3121 rite
1533 3062 1898 3120 diﬂiniendum
1952 3061 2102 3117 ordi~

514 3169 694 3216 naret.

588 3249 831 3305 Tandem
858 3248 951 3306 rex
972 3260 1193 3323 accepto
1222 3265 1444 3307 suorum
1473 3249 1676 3307 salubri
1699 3245 2103 3320 satisjconsilin,

514 3358 848 3417 prorsusque
880 3344 1132 3415 deposito
1151 3343 1523 3414 priori,quem
1559 3343 1613 3397 in
1643 3357 1835 3413 papam
1853 3341 1965 3412 jam
1989 3354 2102 3394 ma-

515 3436 700 3493 litioso
736 3451 931 3493 vecors
952 3446 1007 3493 et
1032 3436 1255 3492 odiosus
1297 3435 1630 3507 excogitavit
1685 3434 1886 3500 studio,
1935 3432 2104 3488 inter-

515 3538 680 3585 ventu
705 3537 761 3585 et
798 3530 1002 3586 auxilio
1054 3529 1325 3599 praecipue
1363 3527 1576 3583 domnae
1630 3525 1902 3581 Matltildis
1951 3539 2100 3580 mar-

516 3624 830 3689 cltionissaa,
862 3637 1054 3679 socrus
1099 3638 1211 3678 sua:
1250 3620 1564 3677 Adelheidzc
1611 3619 1797 3675 itidem
1830 3617 2103 3672 marcltio-
2182 3662 2185 3667 .

516 3717 702 3783 nissae,
720 3724 775 3771 et
803 3714 1016 3772 abbatis
1040 3711 1416 3770 Cluniacensis
1438 3712 1608 3784 (118),
1638 3710 1728 3781 qui
1760 3720 1814 3765 et
1837 3709 1951 3779 ipse
1978 3723 2103 3763 cum

518 3822 658 3880 papa
713 3822 885 3876 nuper
913 3809 984 3863 ob
1023 3805 1170 3877 regis
1216 3803 1767 3860 communicationem
1798 3800 1982 3855 Romae
2016 3815 2103 3854 re-

519 3898 845 3954 conciliatus
874 3898 1191 3959 advenerat,
1224 3911 1325 3952 nec
1355 3910 1460 3951 non
1488 3894 1729 3951 omnium
1753 3904 2105 3964 quoscunque

522 4005 635 4047 sure
663 3991 802 4061 parti
830 3991 1107 4046 attrahere
1128 3998 1359 4061 poterat,
1376 3986 1577 4059 ‘papam
1604 3986 1917 4048 convenire,
1942 3984 2103 4054 eique

518 4100 619 4154 per
644 4086 827 4140 omnia
857 4084 1037 4147 subdi.
1067 4084 1282 4145 cedere,
1312 4082 1533 4139 obedire
1565 4090 1619 4138 et
1650 4079 1960 4136 consentire
1982 4093 2107 4148 pro-

522 4175 725 4247 posuit.
754 4175 937 4247 anue
989 4173 1310 4235 intentione,
1338 4186 1667 4241 quamquam
1708 4170 1854 4225 inter
1892 4167 2106 4237 Longo-

522 4267 725 4323 bardos
769 4267 1219 4337 qualitercunqne
1267 4263 1624 4328 dissimulata,
1654 4260 1954 4333 praemissis
1983 4269 2109 4315 ante

526 4370 588 4413 se
616 4359 684 4412 ob
715 4358 1063 4413 adducendus
1084 4357 1150 4411 ad
1176 4370 1238 4409 se
1263 4355 1688 4426 praenominatos
1717 4353 2111 4408 interventores

525 4449 756 4514 numiis,
804 4449 920 4517 ipse
950 4449 1017 4503 ad
1049 4447 1328 4502 castellum
1372 4446 1692 4518 praedictum
1731 4444 1991 4516 paulatim
2019 4458 2113 4500 eos

525 4541 849 4600 subsecutus
891 4549 994 4597 eat.
1033 4537 1134 4607 Qui
1182 4548 1539 4611 properanter
1567 4538 1634 4593 ad
1674 4537 1980 4593 condictum
2027 4535 2108 4589 lo—

2195 598 2359 655 ﬁdunt
2385 602 2748 671 aestimabant,
2777 613 2946 660 totum
2975 620 3127 677 νίψω
3150 606 3391 662 seriatim
3416 604 3658 677 plenaria
3683 619 3768 660 vc-

2194 691 2356 748 ritate
2379 695 2732 749 cnarrabant.

2265 801 2376 857 llos
2412 803 2697 859 confestim
2732 820 2763 861 e
2790 805 3017 877 vestigio
3047 821 3143 862 rex
3174 806 3520 872 subsecutus,
3570 805 3637 861 ad
3681 819 3770 861 uso

2193 910 2299 966 que
2328 906 2539 967 portam
2565 899 2774 954 castelli
2804 915 3043 971 praeceps
3062 910 3115 956 et
3135 903 3309 958 adhuc
3358 902 3690 973 inOpinatus,
3716 909 3771 956 et

2194 987 2403 1056 absque
2425 1002 2686 1058 responso
2707 989 3000 1059 apostolico
3023 989 3246 1060 ejusque
3259 990 3425 1046 verbo
3439 990 3771 1057 invitatorio,

2194 1079 2598 1148 praecipitanter
2627 1096 2750 1135 cum
2801 1083 2915 1138 suis
2971 1081 3459 1139 excommunicatis
3501 1081 3776 1138 luctuosus

2197 1170 2451 1234 accessit,
2488 1180 2540 1226 et
2563 1172 2829 1242 pulsando
2859 1175 3014 1239 satis,
3061 1185 3120 1230 ut
3170 1175 3376 1246 ingredi
3429 1173 3773 1245 permittere~

2198 1270 2286 1315 tur
2322 1262 2521 1318 obnixe
2573 1264 2789 1334 rogitat.
2820 1265 2931 1321 Illic
2979 1266 3152 1322 laneis
3194 1266 3434 1331 indutus,
3492 1265 3651 1320 nudis
3685 1280 3774 1335 pe-

2197 1353 2357 1411 dibus
2388 1356 2558 1427 (ll9),
2588 1356 2908 1428 frigorosus,
2940 1376 3111 1431 usque
3142 1360 3194 1415 in
3222 1361 3366 1415 diem
3398 1361 3624 1417 tertium
3648 1362 3777 1420 furis

2199 1455 2355 1501 extra
2380 1448 2810 1505 castellumcum
2854 1450 2965 1505 suis
2989 1449 3395 1521 lmspitabatnr;
3441 1462 3496 1507 et
3527 1452 3603 1506 ita
3640 1453 3774 1508 mul-

2199 1536 2268 1592 tis
2298 1537 2673 1606 probationum
2722 1550 2778 1594 et
2832 1542 3244 1611 temptationum
3285 1542 3573 1597 scrutiniis
3607 1542 3778 1597 distri-

2199 1625 2440 1682 ctissime
2469 1628 2830 1692 examinatus,
2870 1637 2927 1684 et
2963 1629 3221 1685 obediens
3264 1637 3531 1700 quantum
3561 1631 3630 1685 ad
3678 1630 3776 1686 ltu-

2201 1732 2420 1771 manum
2443 1726 2651 1787 spectat
2676 1717 2939 1787 judicium
2984 1720 3260 1785 inventus,
3292 1720 3611 1776 christiana!
3637 1736 3778 1777 corn-

2202 1808 2475 1864 munionis
2498 1818 2553 1864 et
2577 1810 2884 1881 apostolico
2908 1812 3371 1869 reconciliationis
3408 1814 3668 1886 gratiam,
3718 1823 3777 1868 ut

2201 1909 2282 1954 est
2306 1901 2638 1959 consuetudo
2676 1903 3072 1974 pmnitentium,
3128 1903 3473 1975 lacrymosus
3505 1905 3781 1976 praestola-

2200 1990 2384 2045 batur.
3730 2012 3739 2017 -

2274 2114 2518 2171 Domnus
2546 2123 2727 2171 autem
2765 2117 3118 2187 apostolicus,
3163 2118 3257 2190 qui
3299 2126 3408 2171 tam
3463 2116 3574 2173 falli
3627 2132 3781 2189 quam

2205 2208 2389 2266 fallere
2411 2211 2757 2268 cautissimus
2786 2214 3044 2280 noluerit,
3081 2216 3283 2287 quique
3330 2216 3476 2286 regis
3517 2224 3600 2270 tot
3637 2215 3781 2285 polli-

2203 2302 2551 2359 citatiunibus
2575 2313 2723 2359 tanto
2755 2306 2952 2362 totiens
2993 2306 3235 2374 delusus,
3280 2307 3461 2363 verbis
3502 2308 3655 2364 illius
3683 2324 3782 2362 non

2203 2393 2460 2450 facillime
2507 2396 2817 2460 crediderit,
2876 2406 2999 2468 post
3064 2398 3264 2455 multas
3320 2397 3785 2455 consultationum

2205 2486 2572 2541 sententiosas
2608 2486 2929 2543 eollationes
2959 2488 3046 2543 vix
3073 2488 3140 2543 ad
3184 2489 3286 2546 hoc
3330 2499 3644 2560 pertractus
3684 2498 3785 2551 est,

2205 2582 2263 2628 ut
2289 2573 2331 2627 si
2357 2572 2710 2645 jurejurando
2745 2577 2864 2642 bas,
2895 2591 3032 2646 quas
3078 2577 3180 2633 sibi
3225 2593 3369 2633 nunc
3418 2593 3518 2647 pro
3554 2577 3788 2632 utilitate

2204 2674 2258 2722 ct
2279 2676 2422 2722 statu
2449 2676 2653 2722 sancta:
2676 2667 2918 2723 ecclesia:
2954 2668 3307 2737 impositurus
3334 2676 3501 2734 esset,
3529 2668 3787 2723 obedien-

2207 2761 2293 2815 tia:
2315 2767 2370 2815 et
2404 2760 2791 2816 satisfactionis
2815 2761 3158 2817 conditiones
3185 2769 3281 2816 aut
3310 2763 3422 2830 ipse
3448 2775 3551 2831 per
3577 2776 3660 2824 se,
3702 2770 3788 2813 aut

2206 2868 2304 2924 per
2323 2868 2419 2909 eos
2436 2868 2572 2925 quos
2591 2854 2696 2910 sibi
2724 2854 3031 2911 nominaret
3056 2861 3242 2918 testes,
3256 2853 3589 2910 confirmare
3612 2867 3788 2924 promo

2207 2946 2484 3016 plissimus
2516 2946 2811 3012 adveniret,
2842 2955 2898 3002 et
2924 2946 3147 3016 insuper
3183 2946 3343 3001 fidem
3388 2943 3558 3015 lmjus
3611 2960 3791 3001 saera—

2208 3039 2375 3094 ntenti
2406 3039 2458 3094 in
2487 3049 2761 3107 posterum
2788 3038 3124 3095 flrmisssimc
3150 3038 3472 3094 observandi
3518 3038 3573 3093 in
3604 3052 3788 3093 manus

2208 3130 2633 3187 interveniorum
2667 3130 2879 3185 illorum
2908 3130 3000 3201 qui
3045 3137 3244 3200 praesto
3282 3122 3520 3193 fuerant,
3552 3144 3656 3183 nec
3686 3143 3788 3182 non

2132 3242 2179 3305 ρ
2211 3220 2576 3293 imperatricis
2596 3235 2715 3289 qua:
2748 3219 2975 3275 necdum
3009 3219 3219 3285 aderat,
3266 3219 3395 3274 dare
3441 3227 3497 3273 et
3539 3219 3646 3273 ltoc
3694 3232 3788 3288 pa-

2211 3321 2357 3368 ctum
2390 3312 2470 3368 sic
2496 3312 2765 3368 foederare
2796 3311 3149 3376 consentiret,
3176 3311 3228 3365 in
3258 3311 3620 3367 christianam
3679 3319 3790 3364 tan-

2207 3415 2322 3460 tum
2374 3404 2813 3462 communionem
2874 3418 3000 3459 eum
3053 3404 3300 3474 recipere
3349 3419 3457 3458 non
3489 3409 3783 3458 recusaret.

2207 3497 2533 3553 nexantem
2564 3496 2869 3568 hujusmodi
2907 3512 3169 3567 responso
3195 3511 3225 3550 a
3259 3510 3394 3567 papa
3428 3504 3675 3564 recepto,
3701 3493 3790 3548 du-

2205 3593 2477 3650 rissimum
2503 3594 2607 3648 hoc
2631 3592 2773 3663 quod
2805 3592 3142 3662 propositum
3173 3599 3278 3654 est,
3302 3598 3357 3643 et
3408 3588 3526 3657 ipse
3571 3602 3791 3642 omnes-

2204 3700 2310 3756 que
2335 3684 2416 3738 sui
2440 3683 2786 3752 judicabant;
2820 3690 3218 3746 verumtamen,
3247 3694 3374 3734 cum
3420 3678 3584 3733 aliter
3608 3692 3791 3733 recon-

2206 3776 2376 3832 ciliari
2416 3775 2722 3829 nullatenus
2746 3782 2950 3845 posset,
2982 3772 3145 3828 vellet
3170 3771 3365 3837 nollet,
3384 3770 3525 3825 satis
3555 3770 3792 3825 maestis-

2206 3868 2379 3923 simus
2401 3866 2697 3922 consensit.

2281 3990 2519 4046 Tandem
2544 4003 2672 4045 vero
2702 4003 2769 4043 ne
2790 3988 2906 4059 ipse
2927 3988 3163 4060 juraret,
3187 3986 3275 4041 vix
3308 3986 3451 4056 apud
3489 4002 3691 4057 papam
3719 3986 3795 4041 ia-

2210 4090 2515 4138 terventum
2555 4090 2662 4145 est;
2684 4080 2802 4135 duo
2832 4089 3013 4134 autem
3042 4078 3305 4150 episcopi,
3330 4076 3723 4148 Neapolitanus
3741 4084 3793 4130 et

2216 4171 2593 4236 Vercellensis,
2620 4180 2814 4242 praeter
2863 4171 3000 4226 alios
3049 4170 3348 4226 familiares
3374 4167 3498 4237 ejus
3523 4169 3680 4240 (l20)
3705 4168 3792 4237 qui

2213 4264 2469 4334 deinceps
2496 4262 2763 4332 iurarent,
2799 4263 2865 4317 ad
2895 4271 3301 4319 sacramentum
3352 4277 3453 4332 pro
3482 4276 3551 4317 eo
3584 4260 3794 4317 facien-

2212 4356 2339 4411 dum
2364 4356 2519 4410 electi
2557 4365 2703 4410 sunt.
2735 4354 2858 4422 Qui,
2892 4363 2947 4409 nt
2988 4370 3256 4410 summam
3303 4355 3643 4411 sacramenti
3690 4369 3797 4410 nte-

2214 4462 2509 4511 moremus,
2544 4447 2595 4500 in
2652 4447 2795 4501 hunc
2836 4445 3052 4500 tnodum
3098 4445 3361 4516 jurabant
3391 4462 3407 4501 :
3437 4455 3495 4500 ut
3544 4445 3798 4500 videlicet

2217 4530 2467 4591 dominus
2490 4535 2700 4589 illorum
2736 4535 3041 4600 Heinricus,
3070 4536 3526 4606 quandocumque
3574 4536 3681 4606 ipsi
3720 4536 3795 4591 in.

530 4648 655 4688 cum
682 4632 797 4699 regi
825 4641 1192 4697 occurrentes,
1221 4646 1343 4686 eam
1370 4645 1587 4685 causam
1628 4643 1727 4699 pro
1769 4643 1875 4698 qua
1910 4641 2110 4682 conve—
2149 4623 2189 4678 D
2217 4627 2297 4682 fra
2347 4642 2546 4680 annum
2576 4641 2711 4697 papa
2740 4624 3033 4697 Gregorius
3065 4627 3446 4692 constitueret,
3493 4626 3549 4682 in
3579 4640 3797 4682 concor-

530 4734 746 4790 nerant,
773 4725 862 4779 ditt
892 4725 1033 4779 inter
1059 4740 1117 4781 se
1146 4722 1443 4779 multifario
1467 4737 1719 4778 sermone
1750 4719 2108 4783 ventilabam,

530 4824 589 4871 et
617 4815 819 4871 sollerti
871 4815 1266 4871 consultatione
1312 4813 1639 4869 omnimodis
1685 4825 1869 4867 secum
1917 4822 2115 4879 pensa-

530 4906 697 4973 bant;
746 4916 830 4963 set
874 4907 1056 4963 nescio
1092 4920 1229 4977 quos
1276 4907 1328 4961 in
1373 4922 1436 4962 ca
1466 4905 1702 4970 dolosos,
1748 4901 2114 4959 simulatorios

533 4997 988 5068 pollicitationum
1014 4998 1311 5055 amfractus
1349 4996 1652 5066 suspicioso
1681 4994 1973 5065 plurimum
2021 5006 2116 5046 ex-

533 5089 748 5142 plorato
780 5091 1068 5142 diligenter
1117 5097 1463 5142 notaverant.
1531 5103 1669 5142 quos
1715 5101 1889 5142 name.
1936 5082 2118 5140 liuius-

2213 4719 2356 4774 diam
2384 4729 2439 4773 et
2467 4733 2651 4789 pacem
2706 4733 2827 4772 cum
2865 4719 3201 4790 principibus
3250 4720 3400 4789 regni
3443 4726 3541 4773 aut
3597 4733 3790 4775 secun-

2215 4812 2342 4867 dum
2374 4810 2633 4879 judicium
2665 4818 2759 4863 aut
2786 4810 3210 4867 misericordiam
3261 4811 3411 4866 illius
3460 4811 3701 4875 veniret,
3746 4818 3798 4863 et

2216 4902 2706 4957 nnllamlaesionem
2740 4902 2856 4971 ipse
2884 4903 2997 4958 sive
3019 4917 3242 4960 suorum
3264 4902 3558 4973 quisquam
3600 4903 3796 4958 domno

2214 5010 2367 5066 papze
2392 5003 2486 5048 aut
2510 4994 2702 5066 legatis
2736 4996 2880 5051 illius
2901 4993 3183 5059 inferrent,
3220 4994 3273 5049 iu
3295 5007 3657 5064 quascunque
3683 5007 3797 5063 par-

2217 5094 2299 5141 tes
2328 5086 2478 5142 γραιιί
2507 5088 2576 5141 ob
2604 5088 2843 5142 reeimen
2872 5086 3131 5142 :eeclesia:
3162 5086 3447 5142 venirent.
3484 5099 3589 5141 nec
3629 5086 3683 5141 in
3708 5100 3794 5141 ca-
