3940 5382
96 385 193 442 ’581

1299 382 1646 440 ANNALES.
1682 412 1753 425 —-
1790 382 1903 438 AN.
1949 384 2106 439 l077.

3285 383 3394 440 38?.

100 512 240 568 quas
270 494 373 566 ipsi
396 495 632 553 domnus
656 511 792 567 papa
817 495 1212 563 constitueret,
1248 496 1544 551 observare
1582 497 1703 549 nul-
1730 502 1777 560 Α
1879 496 1961 552 Ad
2000 497 2116 578 haec
2143 495 2629 567 dum'apostolicns
2659 494 2794 550 duos
2825 495 3130 567 episcopos,
3171 492 3392 552 Ostien-

101 587 322 642 latenus
349 595 558 654 posset.
587 588 844 656 deinceps
869 601 992 642 cum
1017 587 1252 656 primum
1275 585 1701 656 posset,absque

101 692 264 732 mora
292 675 525 734 iudilate
549 679 848 735 observare
901 677 1204 734 festinaret.
1233 676 1360 733 lloc
1387 685 1446 731 ut
1501 679 1700 746 prtcili-

97 780 254 827 τωδὶ
307 781 403 826 est
439 780 625 842 pacto,
679 772 939 827 introitus
987 781 1044 827 et
1081 785 1335 826 accessus
1386 771 1453 824 ad
1509 785 1702 839 papam

105 862 246 932 regi,
269 876 478 932 magno
503 862 849 918 lacrimarum
894 862 1063 918 liuore
1102 861 1356 932 ploranti,
1387 862 1707 930 ueterisque

105 953 606 1008 cxcommunieazis
655 970 760 1009 non
813 969 1003 1023 parum
1063 953 1315 1009 similiter
1364 951 1708 1024 plorantibus

107 1040 430 1112 pateﬁebat.
474 1043 615 1110 Quid
674 1043 744 1098 ibi
792 1043 1145 1098 lacrimarum
1182 1045 1250 1098 ab
1277 1052 1510 1112 utraque
1551 1051 1707 1112 parte

111 1132 504 1198 effunderetur,
538 1150 642 1190 non
694 1135 852 1190 facile
883 1135 1007 1206 quis
1047 1144 1362 1198 enarraret;
1409 1135 1498 1190 tibi
1553 1136 1709 1190 dom-

115 1240 216 1278 nus
233 1239 377 1295 papa
417 1241 525 1280 non
551 1224 834 1280 minimum
878 1241 977 1295 pro
1005 1228 1199 1282 ovibus
1234 1241 1355 1295 quae
1399 1226 1704 1296 perierant,

114 1317 225 1372 Deo
253 1317 609 1388 requirendis
633 1318 758 1374 llettt
815 1319 1112 1374 miserabili
1165 1328 1584 1390 conquassatus,
1630 1318 1711 1388 ip-

113 1409 190 1462 sis
215 1417 274 1462 et
303 1409 550 1480 oportuit
578 1409 855 1464 humiliter
885 1411 1194 1480 prostratis,
1238 1419 1290 1464 et
1329 1409 1710 1480 prtesuniptio-

119 1502 205 1556 nis
233 1516 353 1556 sua!
412 1501 777 1572 pertinaciam
811 1501 1099 1568 confessis,
1143 1503 1418 1558 canonica:
1466 1502 1712 1556 reconci-

115 1590 363 1645 liationis
384 1601 442 1646 et
472 1591 782 1661 apostolica:
843 1591 1229 1648 consolationis
1262 1593 1483 1648 idoneos
1526 1600 1713 1662 protu-

118 1686 184 1741 lit
227 1684 577 1748 adhortatus,
605 1695 660 1739 et
689 1683 768 1739 sic
799 1683 1098 1754 apostolica
1154 1682 1487 1753 indulgentia
1521 1693 1575 1736 et
1620 1682 1714 1737 bc-

124 1779 438 1834 ncdictione
465 1777 848 1834 reconciliatos
887 1787 942 1833 et
972 1777 1287 1834 christianm
1338 1776 1710 1833 communioni

1805 604 1921 644 sem
1960 597 2014 644 et
2061 588 2474 654 Praenestinum,
2531 604 2630 658 pro
2666 588 2990 643 necessitate
3031 597 3086 643 et
3124 588 3392 658 regimine

1808 687 2008 733 sanctre
2036 677 2293 734 :ecclesiae
2317 677 2720 750 {Mediolanum,
2757 676 3027 744 Ticinum,
3052 686 3106 733 et
3142 677 3194 732 in
3229 687 3396 733 caete-

1810 783 1895 823 ras
1941 767 2153 822 illartnn
2191 768 2428 837 partium
2464 769 2712 823 civitates
2751 767 3032 836 dirigeret,
3061 778 3118 823 et
3151 768 3233 822 sic
3283 771 3392 823 non

1808 860 1924 915 sine
1959 859 2136 914 fructu
2181 859 2510 915 Placentiam
2559 859 3059 931 proﬁciscerentur,
3101 876 3130 914 a
3169 859 3395 916 Placen-
3453 932 3458 936 l

1811 953 1928 1005 tino
1951 949 2319 1021 anticpiscopo
2369 949 2519 1021 (125)
2572 948 2790 1020 perjuro
2834 958 2889 1004 et
2937 952 3398 1006 anathematizato

1810 1043 1950 1113 capti
1982 1051 2127 1097 sunt.
2169 1042 2246 1096 Ex
2277 1042 2475 1112 quibus
2519 1041 2888 1097 Praenestinus
2938 1042 3119 1112 paullo
3149 1052 3270 1114 post
3313 1043 3400 1098 di-

1813 1133 2072 1197 mittitur,
2126 1131 2393 1187 Ostiensis
2425 1133 2477 1186 in
2515 1133 2784 1202 quoddam
2818 1134 3102 1189 castellum
3151 1134 3402 1189 incarceo-

1813 1236 1971 1282 ratus
2014 1225 2401 1280 transmittitur
2441 1223 2612 1297 (125).
2667 1227 2768 1283 Ubi
2811 1243 2933 1282 cum
2977 1226 3286 1296 aliquandiu
3345 1228 3400 1281 in

1812 1319 2041 1374 vinculis
2076 1327 2374 1384 teneretur,
2426 1327 2478 1373 et
2509 1334 2602 1373 rex
2641 1335 2764 1374 cum
2797 1321 2912 1375 suis
2950 1319 3193 1374 avaritia:
3234 1319 3405 1374 lucris

1812 1412 2056 1482 quolibet
2086 1409 2418 1466 artiliciosus
2452 1411 2672 1482 ingenio
2693 1412 2945 1467 insistere
2975 1411 3264 1476 niteretur,
3317 1411 3404 1466 cui

1815 1500 2158 1558 solummodo
2201 1518 2342 1573 papa
2377 1503 2428 1556 in
2458 1502 2651 1557 itinere
2683 1501 3094 1574 Longohardico
3125 1502 3407 1557 servitium

1814 1595 2182 1650 necessarium
2198 1597 2264 1651 ab
2274 1595 2642 1661 eis,canonicc
2656 1605 2835 1650 autem
2851 1593 3063 1650 illorum
3077 1595 3299 1649 omnino
3313 1593 3409 1649 de-

1816 1686 2035 1741 vitanda
2066 1687 2450 1742 communione
2476 1685 2796 1741 sumendum
2817 1686 2908 1740 vix
2932 1686 3204 1741 licentiam
3234 1685 3403 1747 dedit.

1818 1780 2152 1834 sacramenti
2183 1780 2326 1850 quod
2356 1777 2558 1834 fecerat
2589 1793 2686 1850 pro
2727 1777 2922 1848 legatis
2963 1776 3274 1847 apostolicis
3306 1777 3406 1830 ad-

122 1868 464 1933 redditos,iu
497 1867 784 1923 ecclesiam
823 1868 1143 1925 introduxit.
1188 1867 1393 1924 Dehinc
1425 1868 1566 1922 facta
1616 1883 1715 1938 pro
1747 1864 1790 1921 Β
1815 1871 2072 1942 juvandis
2100 1887 2324 1942 prorsus
2355 1871 2577 1936 ohlitus,
2623 1869 2825 1924 nullam
2853 1866 2937 1924 vel
2968 1870 3020 1924 in
3059 1869 3207 1924 verbi
3245 1869 3408 1922 unius

122 1959 201 2013 eis
249 1967 514 2012 consueta
557 1958 826 2023 oratione,
892 1968 948 2013 et
991 1959 1043 2013 in
1092 1957 1278 2012 osculo
1309 1969 1498 2012 sancio
1524 1957 1634 2027 regi
1661 1967 1719 2013 et

126 2050 397 2119 episcopis
434 2050 694 2120 quinque,
747 2050 1073 2122 Argentino,
1124 2049 1427 2117 Bremensi,
1471 2049 1715 2105 Lausan-

128 2143 308 2204 nensi.
339 2142 650 2208 Basiliensi,
683 2142 1062 2214 Neapolitano,
1095 2155 1148 2199 et
1174 2145 1388 2199 caeteris
1419 2143 1718 2211 majoribus

131 2237 422 2311 dignanter
448 2238 727 2304 salutatis,
778 2240 894 2310 ipse
952 2254 1090 2311 papa
1148 2239 1340 2293 missas
1378 2239 1522 2304 fecit,
1565 2248 1617 2292 et
1667 2238 1719 2292 in

131 2330 248 2382 loco
284 2330 690 2383 communionis
737 2328 847 2398 regi
891 2327 958 2382 ad
991 2343 1050 2383 se
1090 2337 1284 2384 vocato
1337 2327 1722 2383 eucharistiam

131 2419 579 2490 porrexit(l2l),
623 2434 787 2489 quam
825 2428 985 2477 antea
1045 2417 1148 2490 ipsi
1204 2418 1508 2473 interdixit.
1557 2416 1723 2488 Cujus

133 2512 553 2583 participatione
597 2523 696 2567 rex
747 2527 806 2568 se
879 2512 1158 2584 indignum
1211 2510 1328 2565 fore
1381 2518 1720 2574 contestans,

133 2605 634 2660 incommunicatus
659 2605 980 2676 digreditur.
1023 2604 1174 2660 Unde
1215 2619 1337 2658 mox
1388 2602 1725 2671 apostolicus

134 2704 288 2772 quasi
322 2702 598 2771 quoddam
649 2700 908 2756 indicium
939 2699 1271 2772 impuritatis
1296 2705 1351 2752 et
1374 2695 1530 2766 quasi
1571 2695 1725 2750 testi-

135 2793 376 2848 monium
411 2793 638 2849 latentis
664 2793 717 2847 in
750 2807 816 2849 co
846 2792 1135 2865 cujuslibet
1183 2790 1473 2862 ypocrisis,
1520 2787 1727 2858 Spiritu

140 2883 440 2945 revelante.
487 2900 594 2938 non
659 2883 1036 2953 imprudenter
1107 2882 1376 2952 capiebat,
1425 2889 1481 2934 et
1527 2893 1728 2948 nequa-

137 2991 298 3046 quam
328 2991 388 3030 sc
414 2976 705 3031 verborum
735 2975 851 3046 ejus
880 2974 1002 3029 ﬁdei
1037 2973 1289 3042 deinceps
1323 2983 1495 3026 totum
1524 2985 1590 3049 ex
1615 2978 1728 3025 toto

138 3069 366 3125 credere
392 3069 778 3139 prtesumebat.
817 3067 1044 3122 Demum
1072 3081 1200 3120 vero
1221 3066 1344 3122 cibo
1371 3063 1506 3118 satis
1529 3065 1729 3119 decen-

140 3169 220 3214 ter
240 3169 571 3230 prmparato,
607 3158 768 3213 simul
799 3159 867 3213 ad
897 3158 1145 3212 eamdcn
1173 3170 1420 3211 mensam
1452 3154 1720 3209 consede-

1819 1963 2016 2019 saltem
2049 1963 2334 2018 auxiliaria
2362 1961 2778 2033 inpensiuncula
2833 1960 2934 2032 ipsi
2964 1960 3407 2031 compassionem

1819 2055 2087 2110 exhibuit.
2137 2054 2233 2110 Set
2291 2069 2415 2110 cum
2467 2052 2649 2122 Papia:
2690 2053 2853 2108 vellet
2897 2052 3050 2122 juxta
3076 2051 3240 2106 ritum
3279 2049 3414 2120 legis

1825 2147 1890 2179 ⁸⁸⁷
1935 2145 2417 2216 Longohardornm
2450 2143 2725 2210 coronari,
2758 2144 2942 2200 missis
2971 2143 3038 2198 ad
3071 2157 3263 2214 papam
3314 2157 3415 2212 pro

1825 2240 2132 2310 huiusmodi
2165 2239 2339 2294 danda
2387 2239 2608 2294 licentia
2667 2237 3146 2301 interventoribus,
3189 2250 3417 2305 respon-

1824 2348 1942 2388 sum
1976 2333 2163 2386 datum
2187 2341 2270 2386 est
2292 2331 2393 2394 eis,
2417 2341 2476 2385 ut
2506 2329 2746 2400 quandiu
2779 2329 2971 2384 Petrus
2999 2335 3146 2383 esset
3189 2325 3244 2381 in
3293 2325 3417 2379 vin-

1823 2423 1980 2483 culis.
2021 2439 2126 2478 non
2160 2423 2388 2479 haberet
2421 2423 2474 2477 in
2531 2423 2634 2478 hac
2679 2439 2738 2478 re
2767 2422 3043 2477 licentiam
3096 2419 3412 2489 apostolica:

1825 2516 2188 2570 auctoritatis.
2222 2514 2313 2569 Set
2363 2529 2539 2583 neque
2570 2514 2651 2568 sic
2700 2513 2872 2584 ipsius
2909 2511 3172 2567 auxilium
3226 2521 3413 2565 extor-

1829 2617 1999 2672 quere
2054 2602 2210 2655 abeo
2232 2609 2465 2670 poterat.
2521 2599 2763 2654 Tandem
2811 2612 2940 2654 vero
2972 2596 3322 2667 iinperatrice
3364 2605 3421 2648 et

1827 2693 2025 2747 domna
2054 2691 2307 2745 Mathilda
2341 2689 2744 2758 adjuvantibus.
2793 2691 2859 2746 de
2887 2703 3109 2745 carcere
3155 2685 3418 2741 nonnullo

1831 2793 2074 2853 tempore
2100 2781 2754 2853 probatusjrelaxabatnr.

1903 2874 2166 2929 I‘eridcm
2193 2883 2404 2944 tempus
2455 2873 2708 2940 Quintius
2738 2871 2826 2926 ille
2876 2870 3182 2932 Romanus,
3226 2866 3317 2937 qtti
3355 2865 3422 2921 ad

1833 2965 2114 3019 cumulum
2145 2962 2512 3016 damnationis
2537 2976 2651 3015 suae
2691 2961 3002 3030 episcopum
3051 2971 3266 3028 quoque
3315 2955 3425 3009 Cu-

1836 3072 2056 3111 ntanum
2087 3057 2156 3089 ⁸⁸⁸
2181 3055 2506 3126 (l25)juxta
2537 3053 2836 3108 (ecclesiam
2869 3053 3040 3106 sancti
3068 3051 3213 3106 Petri
3241 3049 3427 3104 Romae

1831 3145 1942 3216 jam
1971 3154 2191 3217 captum
2222 3155 2490 3209 tenuerat,
2541 3160 2665 3200 cum
2707 3144 2823 3213 ipso
2851 3158 3036 3213 regem
3081 3142 3262 3213 Papia:
3289 3141 3422 3195 visi-

142 3227 291 3318 bant,
324 3227 514 3306 sobrio
543 3267 604 3307 se
633 3252 777 3306 victu
805 3251 1031 3307 honeste
1059 3249 1456 3321 procurabant;
1499 3257 1555 3303 et
1606 3248 1732 3303 inde
1761 3227 1803 3287 C
1838 3248 1954 3292 tare
1985 3248 2038 3292 et
2079 3253 2184 3292 non
2211 3253 2398 3307 parum
2431 3236 2531 3290 sibi
2575 3236 2890 3289 mimilicum
2940 3234 3152 3289 ellicere
3199 3234 3426 3287 studue-

141 3357 263 3395 cum
324 3343 627 3411 gratiarum
675 3343 892 3397 actione
947 3350 1252 3411 surgentes,
1308 3349 1508 3396 etnon
1565 3340 1731 3395 multa

145 3442 341 3502 praeter
367 3433 607 3488 maxime
637 3433 944 3487 necessaria
973 3432 1297 3487 obedientia:
1331 3431 1634 3501 promissa‘,
1674 3430 1735 3483 li-

145 3524 229 3576 dei
255 3524 419 3587 datm,
449 3533 778 3578 sacramenti
819 3539 926 3578 non
950 3522 1207 3587 violandi,
1255 3521 1508 3592 perfectae
1557 3522 1734 3590 poeni-

147 3615 349 3676 tentire,
417 3629 521 3668 nec
549 3629 656 3668 non
717 3612 944 3668 cavendi
991 3612 1467 3682 Longobardorum
1511 3612 1736 3665 anathe-

149 3707 310 3761 matis
331 3706 836 3770 commonitoriola,
866 3707 933 3760 ad
962 3707 1190 3760 invicem
1224 3703 1736 3772 sibicolloquentes,

151 3815 243 3854 rex
273 3809 499 3870 accepta
532 3799 832 3868 apostolica
878 3798 1096 3854 licentia
1128 3807 1182 3852 et
1207 3796 1587 3852 benedictione
1615 3811 1736 3850 eum

152 3892 262 3945 suis
301 3892 426 3946 inde
481 3890 750 3953 discessit,
798 3898 998 3960 praeter
1053 3886 1553 3958 episcopos,'qnos
1603 3900 1737 3955 papa

147 3984 307 4054 jussit
337 3985 448 4040 illic
489 3984 842 4049 incarccrari,
867 3993 1031 4054 prout
1061 3983 1162 4039 sibi
1207 3983 1344 4038 bene
1385 3981 1737 4050 complacuit.

153 4076 374 4145 Insuper
396 4085 614 4146 paetum
642 4076 974 4130 sacramenti
1008 4075 1316 4142 cujusdam,
1346 4073 1490 4144 quod
1521 4089 1549 4127 a
1577 4071 1739 4126 fanti-

155 4163 380 4222 liaribns
421 4168 569 4237 regis
600 4181 754 4236 papae
789 4166 966 4218 adhuc
993 4163 1412 4235 persolvendum
1443 4163 1740 4222 restiterat,

156 4255 226 4311 ab
254 4257 335 4313 eis
368 4256 605 4312 ﬁcndum
659 4257 1000 4326 exigebatur.
1049 4256 1202 4320 Quod
1255 4255 1353 4323 ipsi
1404 4255 1744 4308 contentiosa

158 4349 388 4418 quadam
433 4347 705 4402 discordia
757 4348 918 4417 longe
976 4346 1136 4400 aliter
1181 4360 1345 4414 quam
1389 4345 1744 4407 conderetur,

161 4453 468 4510 pervertere
497 4451 788 4502 conantes,
812 4453 933 4494 sese
957 4449 1108 4493 reatu
1133 4437 1356 4508 perjurii
1390 4437 1499 4491 cito
1530 4453 1559 4491 a
1607 4451 1744 4506 papa

162 4535 450 4604 capiendos
470 4533 596 4588 dum
629 4541 964 4597 metuerant,
991 4547 1060 4586 ne
1081 4532 1304 4588 omnino
1347 4531 1446 4602 ipsi
1471 4529 1747 4599 iurarent,

165 4626 334 4680 modis
359 4625 612 4680 omnibus
635 4624 880 4680 cavillosi
912 4621 1260 4694 dillugerant.
1295 4623 1372 4677 Ex
1411 4623 1610 4692 quibus
1637 4621 1749 4674 Au-

165 4714 429 4783 gustensis
455 4713 746 4784 cpisc0pus
771 4715 975 4782 absque
1003 4712 1219 4767 licentia
1254 4721 1414 4767 noctu
1447 4710 1571 4765 inde
1592 4709 1746 4765 clan-

167 4805 369 4858 destina
392 4803 516 4874 fuga
541 4820 646 4859 non
674 4806 1061 4859 reconciliatus
1081 4803 1538 4870 evaserat.Sic,in
1568 4803 1750 4872 primo

167 4907 344 4966 pacto,
391 4895 536 4967 quod
578 4899 644 4952 ad
675 4899 902 4954 invicem
957 4906 1282 4965 statuerant,
1334 4911 1528 4968 papam
1575 4896 1750 4950 artili-

169 4987 308 5041 ciosc
337 4988 581 5043 delusum
613 4999 667 5042 et
699 4990 986 5060 deceptum
1034 4988 1209 5058 (122),
1265 4991 1554 5046 mendaces
1599 4989 1746 5043 abiev

170 5088 311 5135 Eant.

1839 3345 1954 3399 rat;
1989 3333 2186 3404 quippe
2232 3331 2322 3398 qui
2357 3345 2461 3383 non
2490 3329 2729 3384 modicas
2776 3340 3063 3382 munerum
3102 3334 3283 3396 grates
3318 3338 3426 3377 non

1837 3426 2008 3480 solum
2043 3439 2140 3494 pro
2170 3422 2430 3492 episcoui,
2457 3436 2645 3476 verum
2672 3435 2887 3490 quoth
2913 3435 3013 3490 pro
3030 3427 3134 3473 tam
3153 3418 3420 3486 sacrilega

1838 3519 2020 3575 domui
2077 3515 2354 3586 apostolici
2386 3515 2656 3584 captione,
2689 3515 2755 3567 ah
2794 3515 2910 3580 ipso
2955 3512 3058 3567 sibi
3117 3510 3431 3566 referendas

1841 3612 2206 3682 promeruisse
2270 3608 2584 3663 nullatenus
2639 3605 2941 3662 dubitabat.
3000 3604 3102 3671 Qui
3143 3613 3430 3674 postquam

1840 3705 1904 3760 ad
1938 3704 2147 3759 curiam
2192 3711 2543 3772 pervenerat,
2595 3715 2831 3767 eumque
2879 3713 2972 3752 rex
3026 3699 3096 3752 ob
3140 3697 3430 3751 anathema

1841 3805 2000 3850 caute
2033 3794 2327 3848 devitatum
2361 3791 2599 3845 osculari
2636 3801 2711 3851 et,
2745 3799 2803 3842 ut
2834 3789 2970 3844 solct
3004 3787 3231 3852 amicos,
3283 3787 3432 3841 salu-

1845 3898 1961 3942 tare
1990 3901 2094 3940 nou
2135 3899 2298 3937 ausus
2320 3883 2518 3947 fuerat,
2544 3883 2697 3952 quasi
2739 3881 2812 3936 ob
2851 3879 3116 3946 quasdam
3161 3879 3433 3932 maximas

1843 3995 1970 4034 suas
1997 3975 2385 4046 occupationes
2410 3973 2644 4027 nondum
2676 3981 2734 4025 nt
2761 3973 2955 4041 dignus
2980 3968 3165 4034 fuerit,
3191 3977 3246 4020 et
3272 3974 3436 4036 prout

1843 4070 2135 4141 plurimum
2173 4065 2563 4136 promeruerit,
2587 4064 2763 4134 ipsum
2808 4071 3094 4130 acceptare
3126 4074 3228 4112 non
3275 4073 3436 4128 posse

1847 4162 2158 4226 simulavit;
2190 4169 2244 4216 et
2281 4160 2352 4214 ita
2397 4159 2449 4213 in
2488 4158 2605 4213 dies
2651 4153 3043 4227 acceptabilem
3090 4165 3246 4206 suum
3305 4147 3440 4203 dila-

1849 4264 1962 4309 tum
1996 4251 2439 4324 procrastinavit.
2469 4249 2590 4318 Ipse
2642 4257 2822 4302 autem
2865 4241 3262 4315 aliquantulum
3313 4237 3442 4294 sub-

1849 4348 2040 4409 iratus,
2067 4359 2124 4399 se
2147 4342 2522 4413 dedignationi
2554 4352 2608 4396 et
2649 4336 2912 4393 delusioni
2947 4333 3189 4389 habitum
3225 4331 3442 4401 procla-

1851 4438 2038 4501 mavit,
2072 4435 2244 4490 donec
2278 4434 2494 4488 tandem
2551 4430 2888 4486 certissimas
2933 4426 3000 4459 ‘3’
3032 4424 3208 4494 digna:
3239 4422 3443 4477 saluta-

1855 4529 2016 4582 tionis
2043 4527 2288 4581 inducias
2317 4533 2372 4579 et
2411 4534 2592 4594 grates
2623 4537 2651 4576 a
2682 4538 2808 4592 rege
2833 4521 2933 4576 sibi
2963 4518 3285 4575 deferendas
3314 4532 3438 4587 pcr-

1857 4617 2006 4671 tinax
2047 4617 2296 4672 extorsit.
2324 4615 2419 4668 Set
2451 4615 2503 4669 in
2534 4613 2646 4684 ipsa
2676 4625 2834 4667 nocte
2867 4610 3056 4665 statuti
3086 4609 3190 4663 diei
3215 4616 3445 4677 guttura:

1850 4706 1967 4775 ejus
2018 4707 2203 4762 lctliali
2252 4707 2488 4776 quodam
2563 4713 2774 4758 tumore
2838 4710 3059 4770 repente
3125 4697 3446 4769 praelocato,

1853 4804 2028 4851 morte
2057 4795 2393 4849 damnandus
2431 4803 2658 4853 :eterna,
2721 4805 2848 4861 rege
2891 4805 2996 4842 non
3031 4788 3150 4842 viso
3201 4782 3269 4842 et
3299 4787 3448 4839 insa-

1851 4887 2044 4950 lntato,
2093 4885 2144 4939 in
2206 4885 2425 4954 puncto]
2446 4879 2771 4938 celerrimus
2813 4877 3098 4932 descendit
3157 4879 3224 4931 ad
3276 4870 3450 4928 infer-

1851 4994 1941 5035 na.

1932 5069 2006 5123 Ita
2039 5082 2132 5121 rex
2167 5067 2409 5138 partibus
2436 5066 2540 5120 illis
2585 5074 2943 5133 quaecumque
2992 5066 3047 5113 et
3074 5057 3460 5122 undecumque

1496 5191 1726 5247 VARI/li
1787 5177 2203 5244 LECTIONES.
2243 5194 2247 5200 '

245 5283 307 5315 *ετ
334 5287 470 5358 regis
503 5288 553 5343 l‘
658 5288 721 5320 ⁸⁸⁸
756 5287 1067 5347 Cumadum
1089 5287 1143 5342 ‘2.

1220 5293 1286 5325 “"
1317 5285 1692 5348 dilationis/rio
1717 5280 1906 5340 inserit
1943 5273 2066 5330 Uss.
