3940 5382
457 351 624 449 ἐδδ

1359 388 1754 472 acernam
1789 387 2219 447 PRESBYTERI
2259 369 2855 459 CONS’I‘ANTI'ENSIS

3673 374 3777 435 585

513 477 749 578 poterat,
775 506 916 573 auri,
948 505 1151 579 argenti
1180 505 1541 578 etpalliormn
1593 506 1813 578 copiosa
1859 508 2096 575 pondera
2129 512 2176 568 Α
2276 504 2393 558 Dux
2444 504 2628 558 etiam
2670 496 2967 556 Randolqu
3014 512 3137 553 cum
3169 481 3428 552 -consilio
3462 501 3775 550 exterarum

513 599 1017 671 percupientissime
1055 600 1407 664 eurradendo,
1430 615 1527 668 per
1548 608 1714 653 totam
1744 597 2093 668 quadragesi-

515 707 662 762 mam
686 694 1007 763 peragratis,
1032 693 1233 748 nullam
1255 694 1509 764 deinceps
1532 695 1599 747 ab
1624 692 1918 763 apostolico
1947 692 2095 761 regni

509 782 623 853 jam
646 783 940 859 interdicti,
972 793 1031 837 ttt
1054 792 1351 853 Oporteret,
1391 783 1663 839 licentiam
1688 790 1900 850 petens,
1931 779 2097 836 Vero-

517 890 606 931 na:
646 875 789 931 diem
830 876 1128 946 palmarum
1168 877 1445 931 animosus
1475 876 1764 947 plurimum
1794 888 1851 932 et
1886 885 2097 945 pertur-

511 966 671 1024 batus
699 968 1161 1038 celebravit.;_lnde
1184 971 1347 1025 etiam
1372 969 1595 1025 intimus
1633 985 1853 1026 suorum
1880 969 2099 1026 Vercel-

512 1057 682 1113 lensis
711 1057 1113 1130 antiepiscopus
1150 1060 1446 1131 digressus,
1480 1060 1668 1125 invia,
1704 1076 1807 1131 qua
1852 1061 2099 1117 laetanter

510 1151 794 1220 pergebat,
825 1150 1136 1218 .subitanea
1180 1161 1356 1206 morte
1402 1161 1459 1207 et
1509 1151 1623 1222 ipse
1671 1162 2098 1223 pra30ccupatus,

514 1256 680 1311 equo,
727 1242 815 1297 cui
876 1243 1218 1313 praesidebat,
1283 1245 1409 1300 ilico
1460 1244 1660 1315 lapsus,
1721 1246 1777 1301 in
1821 1254 2098 1302 momento

512 1332 646 1388 satis
671 1332 964 1391 infeliciter
985 1336 1304 1411 exspiravit,

584 1424 879 1495 Postquam
939 1441 1070 1482 vero
1121 1429 1267 1496 regni
1315 1429 1573 1498 primates
1626 1430 1909 1500 perfidiam
1956 1432 2100 1503 regis

514 1515 604 1582 m,
641 1525 695 1571 et
721 1517 865 1586 pacti
916 1518 1061 1588 quod
1106 1518 1172 1573 ad
1211 1518 1533 1590 Oppinlteitu
1586 1531 1765 1578 actum
1796 1533 1882 1578 est
1930 1523 2097 1578 infra-

511 1612 770 1678 ctionem,
801 1613 980 1683 fugam
1010 1614 1153 1670 illius
1195 1624 1252 1671 et
1291 1617 1785 1672 reconciliationem
1816 1618 2096 1675 simulato-

512 1704 673 1770 riam,
713 1714 769 1760 et
800 1716 995 1762 cuncta
1026 1723 1122 1779 per
1168 1706 1598 1778 Longobardiam
1650 1709 1767 1779 ejus
1822 1711 2098 1767 molimina

511 1795 807 1853 artificiosa
840 1808 1235 1868 compererant,
1269 1798 1437 1855 Ulmte
1473 1810 1591 1869 post
1616 1801 1852 1857 natalem
1884 1803 2093 1859 Domini

2198 592 2347 662 regni
2375 591 2699 662 principmn,
2732 599 3017 659 postquam
3067 599 3248 656 regem
3289 598 3417 659 vere
3465 583 3780 659 reconcilia-

2201 692 2310 737 lttm
2345 682 2610 748 audierat,
2639 680 2885 734 nuntium
2916 677 3116 733 direxit
3143 677 3212 731 ad
3236 675 3560 740 eum,nimis
3580 674 3778 730 obnixe

2195 783 2253 828 ct
2280 773 2566 843 dignanter
2588 772 2904 834 obsecrans,
2936 785 3005 825 ne
3033 768 3146 839 ipse
3186 768 3407 823 omnino
3452 766 3507 821 in
3538 766 3777 821 Theuto-

2197 863 2349 919 nicas
2376 874 2560 933 partes
2584 863 2793 918 veniret
2817 862 2967 931 prius
2991 875 3152 930 quam
3178 869 3270 913 aut
3292 873 3486 928 papam
3536 857 3650 912 sive
3681 855 3772 911 itu-

2197 955 2520 1025 pcratricem
2545 953 2671 1008 illuc
2701 951 3105 1027 praetnitteret,_
3144 948 3239 1020 qui
3279 948 3380 1018 ipsi
3420 947 3636 1018 dignam
3665 961 3779 1001 sus-

2199 1048 2502 1118 ceptionem
2532 1056 2588 1101 et
2625 1046 2912 1118 paciﬁcum
2967 1042 3208 1099 studiose
3262 1046 3651 1110 praepararent.
3699 1037 3777 1091 Ad

2198 1140 2302 1196 hoc
2325 1154 2456 1195 sane
2488 1155 2648 1210 papa,
2683 1138 2752 1193 ab
2790 1139 2980 1193 eodem
3021 1135 3199 1205 legato
3238 1140 3537 1198 conventus
3553 1140 3608 1186 et
3644 1130 3778 1186 invio

2200 1238 2495 1308 tatus,sese
2517 1228 2920 1300 paratissimum
2948 1226 3389 1293 exhibuerat,set
3418 1239 3528 1279 non
3554 1222 3658 1279 nisi
3689 1237 3784 1277 ac-

2204 1333 2354 1393 cepta
2385 1322 2453 1378 ab
2496 1323 2613 1392 ipso
2654 1336 2778 1393 rege
2806 1321 2956 1392 pacis
2995 1330 3052 1376 et
3091 1318 3213 1374 tidei
3242 1317 3538 1384 securitate
3574 1314 3780 1393 jureju-

2199 1390 2367 1469 rando
2395 1413 2499 1468 sibi
2518 1390 2861 1483 contestata.
2919 1410 3035 1465 Rex
3064 1425 3196 1465 vero
3245 1390 3777 1478 legationem'pervi-

2200 1505 2409 1562 caciter
2456 1504 2801 1576 dedignatus,
2862 1517 2962 1559 nec
3007 1488 3159 1573 papa-
3206 1500 3779 1568 securitatem,neque

2199 1611 2479 1668 oportuna:
2522 1595 2914 1669 prxmissionis
2965 1595 3220 1665 dignatus
3267 1601 3353 1648 est
3396 1605 3659 1662 peragere
3683 1605 3778 1660 po-

2198 1688 2562 1747 stulationem.
2984 1727 2988 1731 .

2270 1782 2512 1852 Denique
2535 1781 2589 1835 iu
2632 1777 2813 1834 Idibus
2847 1776 3140 1848 prtedictis,
3173 1782 3235 1831 ut
3279 1773 3634 1830 deliberatum
3668 1781 3787 1838 cst,

510 1888 714 1958 aliquid
739 1905 904 1961 super
933 1865 1039 1946 tam
1066 1892 1255 1962 grandi
1288 1865 1503 1962 negotio
1531 1894 1867 1949 consiliaturi
1892 1910 2089 1948 convc-

2202 1890 2260 1930 ωε
2292 1888 2483 1945 magna
2514 1882 2670 1942 parte
2697 1871 2984 1941 optimates
3005 1870 3155 1940 regni
3178 1877 3577 1925 convenerunt.
3599 1865 3780 1936 Ibique

508 1991 724 2037 nerunt.
755 1983 817 2038 Et
848 1983 974 2054 quia
1005 1982 1162 2053 pauci
1189 1999 1299 2053 prae
1337 1985 1529 2042 hiemis
1565 1987 1767 2041 nivosa:
1795 1998 1847 2042 et
1877 1986 2095 2058 frigoris

508 2071 787 2143 nimietate
812 2073 1113 2142 asperrima
1145 2073 1385 2143 impediti
1416 2074 1525 2129 illic
1546 2085 1934 2139 convenerunt,
1965 2077 2096 2133 mis-

510 2161 586 2218 sis
612 2160 815 2217 litteris
849 2172 904 2216 et
950 2162 1142 2234 legatis
1188 2164 1302 2220 suis
1354 2165 1690 2235 principibus
1744 2176 1800 2221 et
1830 2168 1959 2236 epis;
1978 2169 2095 2238 opis

507 2251 962 2326 Lotharingorum
989 2265 1042 2311 et
1082 2255 1382 2324 Saxonum,
1410 2274 1508 2314 nec
1564 2274 1669 2312 non
1706 2258 2093 2328 BJjOiil’iOl'lllll,

508 2344 639 2401 item
667 2361 760 2402 eos
785 2362 880 2418 per
910 2347 1090 2413 fidem,
1121 2364 1282 2420 quam
1306 2349 1449 2405 inter
1483 2352 1631 2421 send
1678 2352 1904 2408 iuticem
1950 2354 2100 2425 pepi-

508 2447 723 2507 gerant,
752 2448 809 2494 et
852 2439 1118 2510 imprimis
1144 2455 1242 2510 per
1280 2441 1704 2497 misericordiam
1730 2442 1822 2497 Dei
1852 2443 2076 2500 obsecra
2091 2473 2111 2495 -.

508 2529 875 2603 tessellerter
897 2530 1309 2596 admonuerant,
1338 2540 1389 2584 et
1422 2532 1711 2603 plurimum
1741 2534 2098 2591 sollicitantes

507 2622 900 2691 rogitavcrant,
931 2631 1010 2688 ut
1036 2623 1119 2678 vel
1172 2622 1366 2678 saltem
1426 2623 1477 2678 in
1518 2625 1552 2681 5
1595 2624 1716 2680 ldus
1747 2623 1921 2680 Martii
1956 2625 2098 2694 apud

509 2710 860 2768 Foricltheim
896 2714 1272 2780 convenirent,
1307 2714 1487 2785 ibique
1539 2716 1724 2773 habito
1753 2716 2023 2785 colloquio
2043 2725 2109 2771 et.

508 2803 761 2874 prudenti
800 2804 1026 2860 consilio
1051 2805 1278 2862 dillinite
1321 2807 1678 2861 terminareut
1714 2807 1973 2877 quicquid
2017 2807 2096 2863 eis

510 2894 774 2965 optimum
808 2895 1086 2950 vi.lcretur
1114 2894 1181 2951 de
1231 2905 1378 2951 statu
1422 2899 1572 2967 regni
1618 2908 1673 2952 et
1723 2898 2002 2961 mcclesim,
2043 2906 2098 2952 et

510 2986 640 3041 vita:
666 2985 882 3041 illorqu
916 2988 1228 3042 necessaria
1262 2988 1617 3045 contuitione.
1650 2988 1864 3045 Abhinc
1908 2991 2096 3057 etiam,

512 3085 700 3148 utpote
731 3078 821 3147 qui
874 3078 1167 3148 plurimum
1218 3081 1421 3135 anxiati
1475 3082 1852 3151 undecumque
1874 3097 1933 3138 se
1962 3099 2101 3154 pra:-

511 3172 713 3227 muniri
737 3172 1048 3242 qtueritant,
1067 3173 1265 3229 domno
1287 3174 1603 3245 apostolico,
1631 3176 1725 3246 qui
1751 3176 1927 3231 adhuc
1957 3176 2098 3242 apud

510 3263 804 3321 Canusium
832 3276 1074 3322 moratus
1094 3276 1200 3332 est,
1225 3266 1438 3324 litteras
1470 3269 1741 3338 supplices
1764 3279 1819 3323 et
1841 3270 2100 3346 sollicitu-
2128 3286 2173 3349 ρ

512 3355 703 3412 diuum
738 3356 1056 3412 instantium
1094 3356 1281 3428 plenas
1326 3357 1654 3428 dirigebant,
1689 3368 1744 3414 ct
1773 3359 2103 3430 colloquium

516 3449 826 3505 condictum
858 3459 913 3505 et
942 3465 1054 3505 suae
1103 3450 1399 3506 voluntatis
1448 3453 1782 3521 propositum
1826 3453 1945 3520 'ipsi
1978 3452 2103 3506 inti-

512 3543 878 3612 mantes,cjus
900 3559 1063 3614 super
1093 3545 1228 3609 haec,
1252 3552 1311 3601 ut
1337 3545 1389 3599 in
1417 3544 1894 3600 omnibusillorum
1920 3544 2102 3599 causis

511 3633 834 3703 Oportuerit,
880 3635 1196 3699 consilium,
1241 3636 1649 3703 auctoritatem,
1678 3636 1962 3701 auxilium,
2001 3652 2102 3692 nec

515 3740 624 3779 non
644 3724 855 3787 litteras
885 3726 1189 3796 hujusmodi
1217 3728 1424 3787 indices
1450 3729 1514 3760 ⁸⁹¹
1542 3744 1663 3783 cum
1692 3729 1886 3798 legatis
1908 3729 2099 3798 ipsius,

515 3813 584 3871 ad
631 3829 691 3884 se
750 3818 1066 3886 quantotius
1113 3819 1182 3875 ab
1228 3834 1294 3875 eo
1348 3819 1506 3890 dirigi
1558 3821 1852 3876 humillime
1902 3821 2102 3889 rogita-

509 3903 662 3962 bunt.
1371 3952 1380 3960 .

580 3998 824 4057 Domnus
860 4010 1042 4058 autem
1087 4004 1439 4075 apostolicus,
1473 4013 1532 4060 ut
1574 4012 1657 4060 est
1711 4018 1816 4059 non
1862 4002 2102 4058 minima)

508 4093 906 4163 compassiouis
960 4104 1015 4150 et
1057 4095 1432 4168 benignitatis,
1477 4096 1633 4165 juxta
1677 4097 1821 4169 quod
1853 4096 1949 4165 ipsi
1990 4106 2099 4150 tam

508 4182 913 4247 desiderabant,
968 4195 1080 4242 toto
1111 4187 1527 4243 sollertissimus
1557 4196 1755 4242 conatu
1810 4186 2101 4255 dignanter

508 4284 821 4344 peregerat,
851 4285 906 4329 et
936 4277 1004 4331 ad
1032 4277 1173 4330 idem
1217 4277 1542 4347 colloquium
1598 4285 1799 4332 sancta:
1845 4275 2103 4330 Romana:

508 4371 773 4427 :ecclesiae
809 4370 1098 4429 diaconum
1123 4368 1480 4432 cardinalem,
1518 4383 1620 4423 nec
1644 4382 1749 4421 non
1802 4364 2103 4421 Massilien-

507 4475 621 4517 sem
647 4458 1283 4529 abbatemlegatos(l‘26)
1310 4474 1434 4515 cum
1454 4459 1651 4513 litteris
1675 4458 1788 4513 suis
1801 4459 2103 4514 commoui-

510 4551 666 4607 toriis
707 4550 1102 4606 transmiserat.
1152 4551 1272 4622 Ipse
1308 4560 1490 4606 autem
1535 4551 1586 4604 in
1628 4550 1855 4605 castello
1884 4550 2098 4614 eodem,

504 4657 842 4713 quamquam
883 4658 984 4714 pro
1006 4651 1087 4698 tot
1115 4652 1167 4698 et
1193 4643 1358 4698 tantis
1402 4644 1764 4699 hereticorum
1792 4650 1849 4698 et
1877 4643 2101 4697 scisma-
2130 4658 2178 4719 ι)

520 4735 751 4798 ticorum
796 4735 1068 4791 scandalis
1094 4744 1151 4791 et
1179 4735 1548 4807 repugnantiis
1610 4750 1716 4790 non
1747 4748 1939 4805 parum
1968 4747 2100 4787 moe-

514 4822 799 4890 stiﬁcatus,
824 4840 997 4896 usque
1019 4827 1072 4881 iu
1095 4826 1394 4897 Augustum
1418 4839 1659 4882 mensem
1691 4822 1926 4894 perstitit
1949 4814 2098 4893 (127)

510 4914 705 4976 etinde
742 4918 966 4976 Romam
990 4935 1166 4984 suam,
1191 4919 1316 4975 dum
1345 4919 1431 4973 via
1462 4918 1566 4973 sibi
1608 4917 1663 4971 in
1703 4924 1884 4987 partes
1914 4913 2095 4969 Theu-

2199 1967 2385 2024 habito
2410 1965 2703 2035 colloquio,
2736 1959 3241 2033 perquam..multis
3274 1960 3340 1991 ¹⁹²
3392 1957 3779 2029 injustitiarum

2196 2069 2250 2116 et
2275 2059 2594 2131 iniuriarum
2643 2054 3129 2112 calamitosissimis
3164 2054 3234 2086 ¹⁹³
3262 2052 3781 2124 proclamatiouibus

2197 2162 2251 2208 et
2280 2150 2657 2222 querimoniis,
2696 2164 2832 2219 quas
2863 2149 2965 2203 sibi
2995 2156 3050 2204 et
3077 2146 3243 2202 totius
3281 2147 3431 2217 regni
3464 2144 3780 2215 primatibus

2202 2243 2769 2302 etaecclesiisinlatas
2805 2240 3050 2307 haberet,
3106 2254 3288 2308 regem
3346 2237 3787 2300 accusabant;ct

2198 2339 2323 2409 quia
2354 2352 2511 2408 papa,
2545 2350 2615 2392 ne
2641 2343 2701 2389 ut
2722 2333 2841 2407 regi
2872 2333 3184 2389 obmdirent
3207 2341 3301 2386 aut
3339 2331 3632 2396 servirent,
3661 2329 3782 2399 ipsis

2199 2438 2310 2491 tam
2336 2429 2696 2495 interdixerit,
2722 2428 2875 2498 regni
2931 2426 3194 2498 dignitate
3252 2425 3567 2495 privabant,
3614 2437 3783 2492 neque

2201 2519 2345 2588 regis
2405 2517 2596 2573 saltem
2651 2516 2868 2572 nomine
2924 2514 3145 2585 dignum
3186 2513 3258 2569 ob
3314 2511 3558 2577 inaudita
3622 2511 3783 2580 ipsius

2201 2607 2490 2663 tnillcfaria
2520 2607 2719 2677 flagitia
2761 2605 3174 2673 adjudicabant;
3218 2612 3301 2658 set
3327 2603 3494 2657 alium
3547 2601 3652 2656 sibi
3690 2616 3781 2671 pro

2200 2698 2293 2755 illo
2329 2698 2533 2771 eligere
2560 2707 2615 2753 et
2636 2696 2971 2752 constituere
3031 2695 3364 2750 unanimiter
3416 2693 3780 2748 destinabant.

2200 2789 2385 2861 Legati
2417 2797 2595 2844 autem
2646 2788 2793 2845 sedis
2838 2786 3146 2859 apostolica
3197 2785 3384 2840 audito
3429 2783 3544 2839 illic
3575 2794 3684 2838 tam
3705 2800 3784 2838 sa-

2200 2881 2403 2950 erilego
2456 2880 2697 2944 homine,
2739 2894 2846 2933 non
2900 2893 3086 2948 parum
3137 2876 3355 2947 quidem
3396 2874 3587 2949 mirati
3640 2884 3782 2943 sunt,

2199 2960 2343 3043 quod
2374 2969 2584 3025 "tamdiu
2617 2969 2768 3023 illum
2807 2984 2969 3038 super
2992 2983 3048 3042 se
3073 2966 3472 3040 sustinuerunt.
3501 2965 3783 3020 Verumta-

2203 3077 2328 3118 men
2353 3061 2406 3116 id
2429 3060 2575 3131 quod
2623 3058 2922 3130 injunctum
2973 3067 3092 3117 erat
3139 3054 3243 3123 eis,
3296 3071 3403 3111 non
3464 3055 3793 3119 reticebaut,

2206 3154 2337 3224 quin
2381 3152 2563 3223 potius
2618 3150 2673 3205 in
2724 3148 2996 3205 audientia
3054 3156 3373 3203 cunctorum
3433 3146 3787 3217 propalabant

2204 3262 2314 3305 suae
2357 3244 2641 3316 legationis
2672 3241 3168 3302 commonitorium,
3193 3248 3252 3293 ut
3301 3240 3346 3294 si
3393 3239 3640 3308 quolibet
3683 3253 3789 3293 sua:

2202 3338 2470 3411 cautionis
2493 3336 2727 3407 artificio
2756 3342 2941 3406 posset
2964 3332 3105 3396 fieri,
3132 3333 3238 3387 isto
3264 3330 3439 3387 adhuc
3458 3328 3787 3401 aliquamdiu

2204 3434 2674 3505 qualitercumque
2699 3438 3025 3501 sustentato,
3051 3426 3215 3482 alium
3244 3427 3347 3482 sibi
3376 3440 3562 3497 regem
3588 3440 3783 3495 nequa-

2200 3542 2362 3597 quam
2385 3524 2815 3587 constituerent;
2866 3519 3102 3588 alioquin
3145 3518 3272 3588 ipsi,
3302 3517 3431 3589 quia
3476 3514 3647 3570 multo
3679 3530 3785 3569 me-

2202 3620 2306 3676 lius
2332 3635 2443 3675 sua:
2472 3612 2814 3673 necessitatis
2839 3624 3124 3685 expertum
3158 3627 3262 3665 non
3304 3609 3622 3680 ignorarent
3651 3607 3787 3678 peri-

2205 3712 2412 3776 culum,
2446 3708 2828 3780 quodcumque
2868 3706 2969 3761 sibi
3000 3705 3261 3776 Optimum
3286 3717 3397 3772 prae
3419 3701 3637 3757 exteris
3657 3699 3789 3754 indi-

2202 3813 2415 3868 carent,
2449 3801 2747 3872 apostolico
2771 3815 2876 3855 non
2903 3797 3313 3854 contradicente
3335 3802 3682 3863 peragerent.
3713 3791 3789 3847 Ad

2203 3898 2317 3953 haec
2339 3898 2501 3951 etiam
2521 3895 2714 3950 litterae
2739 3889 3111 3962 apostolicmin
3126 3888 3538 3959 praesentiarum
3555 3885 3789 3941 recitata.

2202 3998 2329 4045 sunt
2358 3987 2528 4057 (128),
2554 3986 2608 4040 ἰη
2638 3985 2833 4055 quibus
2859 3991 3053 4053 praeter
3076 3981 3275 4036 seriem
3301 3988 3357 4034 et
3384 3977 3638 4049 notitiam
3660 3976 3790 4030 data“.

2203 4081 2314 4152 regi
2348 4079 2660 4135 christiana:
2673 4073 3073 4132 communionis
3086 4088 3203 4127 com
3212 4076 3567 4125 memoratam
3584 4078 3641 4123 et
3665 4064 3788 4121 illud

2202 4172 2600 4243 continebatur,
2630 4168 2755 4238 quia
2792 4182 2899 4221 non
2934 4165 3161 4219 multum
3187 4162 3253 4216 de
3283 4160 3623 4231 poenitentia:
3651 4157 3789 4214 illius

2201 4281 2296 4337 Spe
2325 4274 2383 4320 et
2406 4270 2665 4334 provectu
2717 4262 2785 4293 ¹⁹⁵
2841 4258 3134 4315 Ιωιτιιιᾶιιιη
3193 4255 3307 4310 suis
3350 4252 3589 4308 subditis
3634 4250 3786 4310 foret,

2203 4354 2459 4423 quoniam
2490 4352 2707 4422 quidem
2748 4348 3157 4420 Longobardos,
3201 4360 3337 4415 quos
3396 4342 3788 4399 inohtndientes

2205 4445 2340 4501 satis
2364 4445 2670 4510 invenerat,
2715 4437 3269 4497 inobtedientissimos
3296 4443 3350 4490 et
3374 4450 3440 4490 ex
3476 4432 3639 4487 malis
3666 4445 3782 4501 pes-

2209 4537 2381 4593 simos
2418 4535 2733 4595 reddiderit.
2765 4542 2820 4587 et
2844 4532 3046 4588 idcirco
3092 4528 3325 4592 cunctis,
3347 4525 3437 4596 qui
3477 4524 3788 4593 subfmanus

2203 4628 2346 4683 illius
2371 4635 2592 4698 sceptro
2615 4633 2775 4680 antea
2800 4622 3020 4688 fuerint,
3052 4619 3344 4692 apostolica
3370 4616 3653 4688 vigilantia
3682 4612 3784 4670 sol-

2210 4721 2380 4787 lerter
2411 4720 2638 4776 multum
2685 4720 3033 4776 exhortatum
3068 4725 3125 4772 et
3147 4713 3454 4771 consultum
3484 4720 3592 4777 est,
3622 4708 3790 4779 quati-

2207 4831 2310 4872 nus
2332 4816 2402 4872 ob
2439 4813 2745 4885 huiusmodi
2780 4810 3151 4876 necessitates.
3182 4806 3412 4865 feliciter
3456 4802 3790 4873 superamus

2205 4909 2422 4966 domino
2451 4908 2561 4963 Deo
2596 4922 2656 4963 se
2682 4906 2841 4962 unice
2878 4902 3303 4965 commendatos,
3328 4900 3383 4953 in
3410 4897 3499 4962 via
3525 4904 3582 4951 et
3609 4905 3788 4948 amore

3007 5002 3042 5018 ιι
3055 4992 3285 5018 ..-εἰλουμ-
3345 4996 3392 5018 ΔΙ
3422 4992 3644 5018 nonnon.
3656 4984 3785 5018 iam

2717 5010 2930 5018 ιιι-.-.ιιι-
