3940 5382
503 181 612 248 $87

1344 188 1732 245 BEllTHOLDl
1769 187 2206 245 PRESBYTERI
2245 187 2834 246 CONSTANTIENSIS

3685 192 3777 248 388

509 318 781 376 quaquam
827 312 1061 373 poterat,
1108 311 1307 358 exttmc
1333 304 1589 359 ordinare
1617 303 1866 367 clericos,
1897 302 2092 359 :eccle-
2121 323 2166 380 Α
2197 315 2330 371 pace
2379 301 2608 358 dixerim
2642 343 2657 370 ,
2710 303 2964 358 heretica:
3007 311 3063 358 ct
3109 303 3506 377 incorrigibiles
3548 322 3774 379 persona

505 399 618 456 sias
640 412 984 462 consecrare,
1006 404 1061 450 et
1086 401 1280 450 caetera
1305 395 1634 465 episc0palia
1655 394 1778 462 jura
1804 394 2097 464 perduellis

507 501 564 546 et
623 500 813 546 contra
884 489 966 544 fas
1017 489 1268 558 pertinax
1341 487 1691 558 frequentare
1757 503 2098 558 nequaquam

508 580 813 650 quieverat.
865 578 1162 648 Apostolici
1210 593 1337 632 vero
1387 578 1590 648 legati,
1642 589 1940 635 convocato
1993 579 2102 634 illic

510 671 742 725 fratrum
775 669 1024 739 collegio,
1059 667 1353 738 capitulum
1399 685 1498 739 pro
1528 669 1650 740 fuga
1679 679 1735 724 et
1767 669 2103 725 iuobmdieu-

512 762 586 816 tia
635 761 873 830 episcopi
924 760 1163 824 illorum,
1220 776 1320 815 nec
1370 776 1474 815 non
1526 777 1623 830 pro
1675 763 1886 816 czeteris
1931 761 2102 830 ipsius

518 851 938 915 temeritatibus,
971 849 1326 920 neglegentiis
1349 859 1401 904 et
1438 849 1950 918 prmsumptionibus
1977 862 2097 904 cum

508 943 588 998 eis
633 942 879 996 fecerunt
929 941 1102 1013 (154).
1136 941 1212 997 lbi
1254 941 1398 996 datis
1431 941 1664 996 induciis
1690 941 2004 1010 episcopum
2033 939 2100 1006 ad

508 1049 571 1087 se
598 1043 955 1096 vocaverunt,
987 1040 1043 1088 et
1079 1047 1148 1086 ne
1193 1032 1318 1102 quis
1363 1030 1596 1088 oﬁicium
1631 1031 1776 1086 illius
1811 1032 2100 1100 reciperet,

507 1139 574 1176 ex
619 1123 915 1192 apostolica
968 1123 1293 1177 auctoritate
1344 1121 1658 1176 lirmissime
1703 1129 2101 1191 princeperuut.

509 1215 892 1286 Symoniacatn
923 1215 1160 1270 heresim
1210 1224 1264 1269 et
1301 1214 1628 1270 Nicolaicam
1682 1213 1747 1245 ¹⁹⁹
1780 1213 1950 1284 (155),
1983 1229 2104 1283 qua:

509 1308 566 1362 in
599 1307 914 1376 episcopatu
956 1305 1048 1361 illo
1076 1345 1091 1372 ,
1131 1306 1218 1361 cui
1251 1305 1405 1360 valde
1445 1305 1691 1360 inﬁnitus
1721 1305 1909 1359 subest
1936 1320 2098 1374 popu-

508 1398 615 1463 lus,
645 1399 787 1453 ultra
820 1397 1038 1451 modum
1070 1406 1283 1467 regnat,
1325 1395 1483 1465 juxta
1513 1394 1848 1450 sententiam
1894 1395 1947 1449 in
1997 1396 2106 1450 Ho-

512 1504 675 1543 tnana
715 1488 922 1559 synodo
951 1488 1132 1542 datam
1171 1487 1394 1542 omnino
1421 1487 1831 1541 damnaverant.
1887 1485 1953 1540 Et
1985 1503 2105 1557 spe-

511 1578 654 1634 ciale
697 1588 1023 1648 prteceptum
1052 1595 1163 1649 pra:
1207 1578 1420 1634 cmteris
1450 1576 1524 1632 ibi
1575 1575 1992 1646 replicavcrant,
2037 1591 2105 1631 ne

2202 393 2742 450 antichristianorum
2769 395 3167 464 episcoporum,
3214 412 3312 452 nec
3344 412 3450 452 non
3479 401 3777 470 supparium

2201 483 2417 538 illorum
2465 485 2784 541 clericorum
2804 526 2819 550 ,
2849 480 3235 542 canonicorum
3260 529 3274 553 ,
3304 489 3776 561 tnonasterialium,

2201 573 2529 629 villanorunt
2562 577 2931 641 sacerdotum,
2961 586 3016 632 et
3061 576 3370 645 ltujusmodi
3401 581 3603 635 chorus
3628 599 3777 653 synao

2200 683 2483 738 gogarutu,
2529 671 2900 741 dogmatizare
2945 680 3001 727 et
3044 673 3284 742 undique
3328 674 3703 739 disseminare,
3731 686 3778 732 et

2205 763 2505 817 mendaciis
2538 763 2794 818 inauditis
2823 763 3079 818 attestari
3106 779 3213 818 non
3243 766 3581 834 quiescebat.
3613 765 3778 823 Turba

2201 862 2381 906 autem
2414 853 2748 921 plebeiorum
2780 851 2852 907 ab
2901 853 3208 923 lmjusmodi
3253 855 3505 924 personis
3552 858 3771 917 seducta.

2201 942 2368 996 nichil
2397 941 2540 996 aliud
2570 942 2800 996 credidit
2825 982 2840 1006 ,
2888 942 2961 996 nil
2990 941 3134 998 aliud
3178 945 3290 1016 egit
3335 961 3429 1000 seu
3459 947 3618 1001 scivit
3643 988 3658 1012 ,
3687 950 3778 1002 nisi

2200 1033 2346 1102 quod
2428 1034 2642 1088 illorum
2715 1034 3060 1089 sermociniis‘
3134 1046 3189 1090 et
3263 1039 3780 1107 pseudotestitnoniis

2202 1139 2420 1195 semper
2447 1124 2674 1179 audivit.
2726 1123 2876 1180 Unde
2905 1125 3109 1194 liquido
3156 1143 3262 1182 non
3295 1129 3521 1184 minima
3571 1131 3781 1186 scisma.

2206 1223 2322 1270 tum
2372 1215 2739 1270 diversicliuia
2787 1228 2884 1285 per
2928 1224 3099 1270 totum
3146 1230 3368 1287 regnum
3414 1228 3604 1274 exorta
3647 1228 3780 1274 sunt.

2208 1306 2364 1361 Nulla
2433 1307 2897 1377 propinquitatum
2970 1315 3160 1361 natura
3193 1347 3208 1370 ,
3262 1325 3367 1362 nou
3423 1311 3779 1365 amicitiarum

2210 1397 2427 1463 ﬁducia,
2457 1413 2564 1451 non
2594 1397 2787 1452 debitae
2812 1395 3524 1465 subjectionis'obmdientia
3551 1441 3566 1466 ,
3617 1401 3783 1455 nullus

2205 1487 2374 1541 divini
2409 1486 2637 1542 'timoris
2693 1485 2808 1540 sive
2857 1487 3061 1542 amoris
3112 1497 3391 1556 respectus
3421 1530 3436 1555 ,
3502 1505 3610 1544 nou
3668 1490 3781 1545 ﬁdei

2205 1584 2448 1646 pactum,
2501 1591 2609 1630 non
2655 1574 2882 1644 iustitiae
2935 1575 3220 1641 debitum,
3252 1577 3451 1632 nullius
3497 1579 3669 1633 honor
3709 1579 3784 1648 vel

513 1671 638 1740 quis
667 1670 995 1726 christianos
1019 1670 1341 1725 clericorum
1372 1669 1440 1725 ob
1465 1667 1914 1724 incontinentiam
1955 1670 2104 1722 dam-
2134 1680 2180 1740 Β
2210 1665 2510 1721 reverentia
2542 1681 2786 1736 personte
2812 1706 2826 1732 ,
2879 1680 2980 1721 nec
3028 1665 3143 1722 fere
3185 1668 3440 1737 quicquid
3490 1668 3574 1724 fas
3615 1679 3670 1726 et
3703 1669 3785 1738 jus

513 1767 766 1814 natorum
795 1759 965 1815 oﬁicia
994 1760 1218 1816 omnino
1268 1761 1556 1831 reciperet.
1600 1760 1678 1816 lbi
1727 1775 1941 1832 quoque
1973 1760 2101 1814 dtttn

514 1851 871 1918 quorumdam
917 1853 1258 1906 sacerdotum
1295 1849 1499 1918 judicia
1546 1861 1602 1906 et
1642 1861 1848 1920 septem
1887 1849 2105 1906 confra-

514 1948 657 1992 trum
681 1955 902 1993 suorum
927 1954 1090 2009 super
1119 1941 1233 1995 hinc
1256 1940 1626 1995 testimonium
1649 1955 1748 2010 pro
1776 1940 2098 2009 recipiendis

509 2035 773 2092 :ecclesiis
804 2035 935 2099 suis,
955 2051 1090 2104 quas
1119 2034 1444 2107 Symoniace
1469 2034 1767 2105 acquisisse
1797 2033 2105 2089 testimonio

513 2129 808 2183 multorum
836 2128 1101 2183 laicorum
1127 2126 1539 2182 evidentissimo
1566 2126 2004 2190 convinceretur,
2037 2125 2106 2180 ab

513 2220 769 2290 episcopo
817 2219 908 2274 illo
953 2219 1120 2290 recipi
1171 2219 1346 2276 solere
1393 2219 1805 2288 comperissent,
1849 2217 2107 2272 canonica

514 2310 728 2365 ratione
785 2309 902 2364 haec
950 2308 1153 2377 judicia
1207 2318 1264 2364 et
1320 2308 1627 2363 testimonia
1673 2322 1896 2378 prorsus
1943 2307 2106 2376 recipi

509 2417 617 2456 non
666 2401 833 2457 licere
861 2401 1316 2473 inrefragabiliter
1341 2402 1788 2472 comprobabaut.
1823 2400 1880 2454 Si
1925 2411 2107 2454 autem

516 2494 758 2561 exceptis
798 2491 1081 2546 beresibus
1111 2508 1210 2561 pro
1243 2492 1472 2546 crimine
1516 2491 1758 2561 quolibet
1784 2506 2111 2546 accusaren-

514 2593 626 2649 tur,
661 2582 968 2651 ltujusntodi
1007 2583 1208 2653 judicia
1254 2592 1308 2638 et
1355 2583 1658 2637 testimonia
1693 2598 1798 2636 ttou
1847 2580 2104 2650 reproba-

513 2675 666 2728 bant.
750 2675 855 2730 l‘ro
922 2674 1205 2730 ltcresibus
1261 2689 1390 2729 vero
1463 2674 1509 2728 si
1577 2674 1698 2744 quis
1760 2682 2113 2728 accusaretur

519 2765 890 2831 clericorum,
927 2782 1115 2835 super
1179 2767 1324 2822 hunc
1389 2767 1631 2821 omnium
1686 2766 2111 2820 Christianorum

515 2856 839 2911 catholicam
872 2857 1030 2911 ﬁdem
1065 2857 1400 2920 habentium,
1430 2857 1778 2922 clericorum,
1825 2856 2108 2922 laicornm,

513 2945 756 3000 virorum
807 2961 870 3000 ac
919 2947 1209 3002 mulierqu
1261 2947 1631 3002 testimonium
1695 2947 1862 3016 recipi
1917 2948 2112 3004 debere

2207 1759 2450 1812 divinum
2481 1773 2696 1828 semper
2733 1757 2786 1812 in
2833 1757 2946 1812 suis
2977 1759 3196 1814 statutis
3224 1759 3514 1824 continuit,
3556 1775 3654 1816 sua
3684 1761 3786 1833 lege

2207 1857 2261 1903 et
2292 1848 2482 1901 ordine
2507 1847 2916 1917 dispensatoria:
2943 1848 3137 1902 saltem
3169 1850 3575 1906 consuetudinis
3616 1853 3787 1907 obser-

2207 1939 2390 1993 vantia
2419 1938 2500 1992 vel
2527 1939 2881 2009 itnagiuatum
2918 1941 3275 2006 constiterat;
3309 1950 3393 1996 set
3421 1957 3450 1994 a
3483 1943 3708 1998 minimo
3725 1945 3785 1998 ad

2209 2045 2377 2100 usque
2441 2031 2734 2085 maximum
2786 2033 2968 2086 cuncti
3026 2032 3270 2088 avaritia:
3319 2033 3698 2092 sollertissime
3737 2046 3786 2089 et

2209 2123 2605 2181 indill'erenter.
2639 2139 2744 2178 non
2791 2124 2967 2178 divina
3002 2139 3103 2179 nec
3147 2125 3381 2179 ltutuana
3433 2127 3785 2191 attendentes,

2209 2213 2548 2268 studuerant.
2585 2211 2881 2284 Disciplina
2923 2229 3187 2284 nusquam
3213 2255 3226 2281 ,
3256 2216 3430 2284 pudor
3461 2231 3648 2272 revera
3677 2233 3788 2289 pre-

2210 2306 2402 2369 tiosus,
2437 2305 2636 2359 veritas
2695 2305 2971 2359 rarissima
3019 2314 3162 2371 erat,
3221 2307 3627 2364 mendaciorum
3681 2325 3786 2380 my-

2208 2395 2388 2448 riades
2427 2395 2753 2464 ubicumque
2786 2395 3106 2465 regnabant.
3145 2395 3239 2450 Sic
3265 2394 3541 2451 fraudium
3577 2397 3789 2452 inmani-

2211 2494 2295 2539 tas
2327 2525 2342 2549 ,
2392 2483 2772 2540 scandalorutn
2828 2487 3135 2555 asperitas,
3198 2501 3298 2540 uec
3369 2501 3476 2543 non
3536 2487 3787 2544 malorum

2209 2573 2532 2629 omnifaritts
2578 2576 2822 2630 omnium
2873 2590 3134 2630 numerus
3163 2615 3178 2640 ,
3211 2591 3333 2631 sese
3385 2575 3530 2632 ultra
3581 2580 3787 2634 modum

2211 2665 2498 2736 propalare
2527 2681 2870 2736 nequaquatn
2902 2680 3205 2722 cessavcre.

2287 2758 2398 2812 Rex
2435 2772 2566 2812 vero
2597 2755 2882 2812 lieinricus
2918 2758 3121 2828 pascha
3149 2757 3203 2812 in
3232 2757 3569 2828 Aquileiensi
3597 2761 3790 2829 episco-

2214 2861 2344 2923 patu
2417 2860 2785 2907 commoratus
2819 2892 2832 2915 ,
2888 2860 3172 2921 postquam
3247 2851 3350 2906 sibi
3417 2851 3792 2923 Langobardos

2214 2943 2466 2998 omnibus
2507 2943 2681 2997 modis
2711 2943 2954 3007 allectos,
3000 2952 3055 2996 et
3085 2943 3138 2996 itt
3183 2942 3397 2998 solitam
3447 2945 3790 3015 subjectiouis

512 3037 916 3091 rationabiliter
945 3037 1305 3092 afﬁrmabant.
1362 3039 1593 3094 Proinde
1622 3041 1745 3103 hoc,
1777 3039 1920 3110 quod
1945 3055 2108 3094 eano—
2138 3052 2178 3112 ρ
2212 3035 2527 3091 ﬁdelitatem
2561 3035 2631 3066 ²⁰⁰
2679 3035 2959 3105 adjuratos
2983 3075 2997 3098 ,
3041 3051 3152 3091 sua:
3197 3035 3460 3095 voluntati
3507 3047 3786 3094 consenta-

510 3129 636 3184 nica
692 3133 1090 3200 scripturarum
1162 3133 1485 3188 auctoritate
1538 3133 1773 3188 liendum
1820 3134 2106 3190 contestati

511 3227 661 3286 sunt,
717 3236 815 3290 pro
861 3221 1168 3292 ltttjusmodi
1217 3224 1396 3279 causis
1442 3225 1665 3280 omnino
1712 3225 2108 3282 observandum

514 3313 814 3383 apostolica
844 3315 1126 3370 sanctione
1154 3323 1209 3370 et
1239 3315 1520 3372 coercione
1552 3325 1946 3386 praeceperunt.

585 3402 701 3458 Rex
736 3399 966 3476 denique
1004 3406 1128 3462 ittde
1161 3407 1428 3479 Turegum
1467 3409 1789 3479 perveniens
1814 3450 1828 3474 ,
1879 3408 1985 3464 illic
2015 3409 2112 3464 ali-

512 3495 836 3566 quantisper
871 3497 1205 3550 morabatur.
1237 3497 1313 3552 Ea
1360 3508 1676 3568 tempestate
1706 3499 1939 3554 maxima
1986 3515 2112 3568 pars

515 3587 970 3643 ineontinentium
1011 3588 1332 3644 clericorum
1378 3599 1434 3643 et
1476 3589 1954 3660 Symoniacorum,
1985 3605 2116 3645 cond

517 3689 724 3749 tempta
781 3681 1073 3750 apostolica
1126 3682 1393 3737 sententia
1425 3722 1440 3747 ,
1485 3681 1840 3750 pertinaciter
1880 3681 1992 3751 jam
2023 3697 2110 3735 re-

519 3787 678 3828 versa
708 3783 790 3830 est
819 3773 886 3828 ad
919 3775 1176 3830 vomitum
1217 3791 1395 3837 suum,
1431 3777 1669 3829 animata
1702 3774 1846 3846 regis
1873 3773 2112 3828 lleinrici

521 3878 735 3917 necnon
812 3863 1300 3933 antiepisc0porum
1373 3864 1517 3919 illius
1587 3879 1681 3934 spe
1739 3864 2002 3934 adjutoria
2059 3873 2114 3918 et

521 3952 855 4007 defensione.
889 3953 956 4006 Et
1003 3955 1127 4023 quia
1161 3954 1360 4024 corrigi
1408 3970 1504 4024 per
1557 3954 1880 4009 ltottdoll‘um
1927 3969 2112 4023 regem

517 4057 629 4098 non
665 4058 854 4114 parum
885 4042 1275 4105 formidabant.
1312 4045 1483 4114 ipsum
1516 4045 2115 4124 damnandouanatlteo

516 4137 917 4198 matizaudo,et
941 4137 1115 4191 modis
1137 4137 1386 4192 omnibus
1411 4138 1749 4198 detestando,
1766 4135 2115 4191 omnifariam

516 4227 568 4280 ei
601 4227 876 4282 adversari
902 4227 1296 4282 etcalumniari
1328 4244 1432 4282 tton
1458 4229 1767 4284 cessabant.
1799 4227 2113 4283 lleinricum

515 4328 719 4381 autem,
751 4335 913 4389 quem
969 4321 1036 4374 ab
1085 4320 1212 4374 olim
1257 4320 1368 4388 jam
1417 4321 1589 4377 ferme
1637 4331 1804 4376 totum
1840 4335 2066 4391 regnum
2095 4359 2112 4386 ,

2211 3144 2343 3184 neos
2392 3127 2711 3182 auxiliarios
2734 3138 2789 3182 et
2818 3143 3044 3200 prorsus
3093 3127 3399 3183 individuus
3443 3130 3583 3185 satis
3628 3131 3791 3184 artiﬁ-

2209 3217 2358 3273 ciose
2409 3218 2766 3281 conduxerat,
2813 3217 3088 3289 etpﬁlium
3138 3233 3296 3274 suum
3335 3219 3687 3292 Syntonianis
3731 3222 3791 3252 ”‘

2213 3311 2624 3380 auticpiscopis,
2673 3309 3057 3366 Mediolanensi
3085 3352 3099 3378 ,
3131 3311 3467 3378 Placentino,
3501 3324 3558 3369 et
3591 3315 3793 3370 cmteris

2212 3417 2308 3472 per
2337 3401 2546 3456 ltaliant
2587 3405 3072 3460 cxcommuuicatis
3095 3405 3496 3475 procurandum
3521 3422 3793 3461 commcn-

2211 3492 2456 3560 daverat,
2492 3495 2606 3564 ipse
2652 3509 2823 3549 uxore
2854 3506 3097 3550 assumta
3136 3506 3212 3561 et,
3245 3512 3406 3567 quam
3451 3513 3516 3553 eo
3559 3497 3791 3554 locorum

2214 3589 2682 3660 qualitercumque
2711 3598 3038 3654 corraserat,
3065 3605 3172 3644 non
3197 3605 3359 3659 parva
3392 3591 3680 3660 peccunia,
3708 3605 3795 3660 per

2213 3680 2553 3736 Carautattiat
2616 3683 2877 3750 abruptas
2954 3681 3234 3752 angustias
3296 3680 3605 3748 Bajoariam
3681 3697 3792 3736 euut

2215 3773 2402 3844 paucis
2465 3771 2803 3826 clandestina
2875 3781 2930 3827 et
2987 3773 3266 3843 inopinata
3320 3774 3665 3842 surreptione
3711 3774 3791 3826 vis

2214 3866 2532 3920 intraverat.
2583 3864 2703 3919 Mox
2740 3865 3053 3935 Ratispona:
3082 3881 3205 3920 cum
3247 3865 3639 3938 Pagoariorum
3670 3866 3794 3922 Boe-

2219 3957 2452 4012 tniorum
2485 3972 2721 4027 quoque,
2745 3972 2843 4012 nec
2869 3974 2976 4012 non
3000 3957 3429 4014 Carantauorum
3462 3959 3794 4029 principibus

2213 4060 2291 4118 et,
2331 4067 2490 4122 quem
2519 4069 2701 4108 secum
2735 4052 2862 4107 inde
2892 4054 2997 4108 huc
3041 4053 3339 4109 adduxerat
3367 4094 3382 4117 ,
3416 4069 3523 4108 non
3573 4053 3792 4107 multum

2213 4142 2332 4198 viro
2361 4143 2624 4213 probabili
2654 4143 2964 4212 patriarcha
3009 4142 3370 4212 Aquileiensi,
3417 4142 3607 4196 habito
3635 4139 3795 4196 collo~

2216 4235 2345 4303 quio
2384 4237 2450 4290 de
2502 4234 2586 4290 his
2635 4235 2889 4289 omnibus
2922 4249 3042 4304 quae
3091 4234 3424 4299 acciderant,
3475 4234 3609 4303 ipsis
3661 4242 3797 4287 utet

2217 4343 2389 4396 nuper
2433 4327 2805 4396 Longobardis
2842 4344 2947 4380 non
2998 4327 3250 4381 minimas
3300 4343 3413 4380 sua:
3449 4326 3795 4396 depositimis

518 4421 704 4479 utpote
727 4411 946 4482 ﬂagitiis
974 4421 1028 4466 et
1055 4412 1383 4467 facinoribus
1411 4413 1796 4484 vulgatissimis
1826 4412 2105 4479 infamem,
2143 4402 2189 4458 Ῑ)
2215 4418 2681 4487 querimoniarum
2735 4418 3188 4487 proclamationes
3237 4417 3558 4472 lacrimosus
3612 4433 3725 4486 [ιι-οι
3745 4431 3796 4484 o-

496 4502 586 4571 _ab
621 4501 863 4555 :ncclesia
896 4501 1051 4572 longe
1086 4503 1480 4573 profanandum
1517 4505 1850 4560 calumniose
1889 4504 2105 4574 procul-

517 4599 756 4654 caverat,
811 4591 1058 4648 laudibus
1111 4609 1252 4648 nunc
1299 4610 1330 4651 c
1378 4597 1656 4650 contrario
1713 4595 2104 4650 iumauissimis

519 4696 682 4752 super
711 4683 879 4738 cmlos
907 4685 1200 4740 exaltatum
1229 4697 1283 4741 et
1308 4687 1463 4757 quasi
1494 4686 1847 4756 iniustissime
1875 4686 2102 4741 damna-

522 4781 637 4828 tum
689 4776 824 4830 satis
896 4777 1223 4846 cjulabilitcr
1280 4778 1728 4849 proclamaverat.
1797 4777 1892 4833 Set
1961 4778 2104 4833 istud

521 4878 862 4937 summopere
909 4867 1072 4937 hujus
1100 4869 1469 4924 adulatorium
1503 4869 1929 4934 laudameutum,
1963 4868 2106 4922 illius

518 4968 701 5012 autem
733 4959 930 5016 hostile
958 4961 1302 5032 vituperittm,
1333 4961 1474 5032 quod
1501 4975 1678 5016 tamen
1711 4960 1860 5015 salva
1889 4960 2104 5014 illorum

2214 4509 2344 4572 suit,
2375 4516 2428 4562 et
2460 4518 2517 4561 ut
2545 4523 2602 4562 se
2630 4523 2732 4578 ope
2763 4507 2978 4563 illorum
3027 4507 3276 4563 astitrice
3306 4508 3370 4562 de
3400 4507 3485 4562 his
3519 4509 3589 4562 ad
3620 4518 3794 4562 votum

2212 4614 2370 4652 suum
2423 4597 2592 4652 altqu
2646 4599 2710 4652 iri
2767 4609 2988 4668 posset,
3018 4615 3154 4670 quos
3197 4599 3311 4670 ipse
3361 4614 3428 4653 ex
3478 4598 3794 4670 quibusdam

2210 4689 2536 4760 pauperibus
2565 4687 2616 4742 itt
2648 4697 2758 4742 tattt
2789 4705 3014 4760 magnos
3043 4691 3291 4745 dominos
3331 4689 3661 4744 sublimatos
3701 4703 3796 4742 ex-

2214 4779 2432 4842 tttlerat,
2463 4779 2816 4848 dignitatibus
2853 4788 2909 4833 et
2937 4780 3216 4834 beneﬁciis
3254 4781 3495 4850 ipsorum
3527 4792 3626 4832 eos
3673 4791 3702 4828 a
3744 4790 3796 4826 se

2211 4879 2488 4941 gratanter
2517 4880 2570 4926 et
2616 4871 3001 4934 munerandus,
3053 4870 3463 4940 digniﬁcaudos,
3495 4880 3554 4924 ut
3596 4866 3770 4923 ﬁdelis

2213 4960 2366 5014 simis
2394 4959 2507 5014 suis
2547 4960 2893 5029 promiserat.
2937 4959 3019 5014 Ad
3054 4960 3170 5015 haec
3217 4957 3519 5029 magnilicis
3559 4955 3792 5014 muneri.

1814 5093 2050 5150 νΑΙιΙΑΕ
2089 5091 2495 5151 LECTIONES.

594 5226 664 5265 ¹⁹⁹
699 5229 963 5288 nicolaica
983 5233 1038 5286 2.
1112 5233 1184 5264 ’θ’
1213 5231 1471 5289 ﬁdelitate
1494 5231 1550 5286 :2.

1627 5229 1696 5260 ὀί
1737 5229 2070 5299 symonianis
2093 5239 2140 5282 et
2165 5227 2308 5298 infra
2336 5244 2458 5298 pag.
2483 5228 2608 5284 302.
2633 5227 2852 5298 legitur;
2884 5229 3212 5301 syntoniacis
3249 5229 3332 5282 ed.

2052 5361 2184 5382 nvnm
2209 5361 2255 5382 Ι)
