  <div class='ocr_page' id='page_1' title='image "/cluster/home/n/w/nwhite01/storage/ocr_20150623/147/hvd.32044010574002/200.png"; bbox 0 0 3940 5382; ppageno 0'>
   <div class='ocr_carea' id='block_1_1' title="bbox 1321 250 2126 310">
    <p class='ocr_par' dir='ltr' id='par_1_1' title="bbox 1321 250 2126 310">
     <span class='ocr_line' id='line_1_1' title="bbox 1321 250 2126 310; baseline 0 0"><span class='ocrx_word' id='word_1_1' title='bbox 1321 250 1661 310; x_wconf 63' lang='grc' dir='ltr'><strong>ΑΝΝΑιεε.</strong></span> <span class='ocrx_word' id='word_1_2' title='bbox 1705 281 1771 295; x_wconf 90' lang='lat'><em>-</em></span> <span class='ocrx_word' id='word_1_3' title='bbox 1809 250 1921 309; x_wconf 72' lang='lat' dir='ltr'><strong>AN.</strong></span> <span class='ocrx_word' id='word_1_4' title='bbox 1966 252 2126 310; x_wconf 74' lang='grc'><strong>1077.</strong></span> 
     </span>
    </p>
   </div>
   <div class='ocr_carea' id='block_1_2' title="bbox 3307 260 3420 322">
    <p class='ocr_par' dir='ltr' id='par_1_2' title="bbox 3307 260 3420 322">
     <span class='ocr_line' id='line_1_2' title="bbox 3307 260 3420 322; baseline 0 0"><span class='ocrx_word' id='word_1_5' title='bbox 3307 260 3420 322; x_wconf 79' lang='grc'><strong>390</strong></span> 
     </span>
    </p>
   </div>
   <div class='ocr_carea' id='block_1_3' title="bbox 145 368 3435 448">
    <p class='ocr_par' dir='ltr' id='par_1_3' title="bbox 145 368 3435 448">
     <span class='ocr_line' id='line_1_3' title="bbox 145 368 3435 448; baseline 0.001 -14"><span class='ocrx_word' id='word_1_6' title='bbox 145 379 252 443; x_wconf 76' lang='lat' dir='ltr'><strong>bus</strong></span> <span class='ocrx_word' id='word_1_7' title='bbox 301 389 435 434; x_wconf 70' lang='lat' dir='ltr'><strong>mox</strong></span> <span class='ocrx_word' id='word_1_8' title='bbox 476 374 581 447; x_wconf 83' lang='lat' dir='ltr'><strong>ipsi</strong></span> <span class='ocrx_word' id='word_1_9' title='bbox 628 373 699 407; x_wconf 68' lang='grc' dir='ltr'><strong>’θ’</strong></span> <span class='ocrx_word' id='word_1_10' title='bbox 762 372 1137 429; x_wconf 67' lang='lat' dir='ltr'><strong>indifferenter</strong></span> <span class='ocrx_word' id='word_1_11' title='bbox 1186 371 1427 442; x_wconf 77' lang='lat' dir='ltr'><strong>corrupti</strong></span> <span class='ocrx_word' id='word_1_12' title='bbox 1475 378 1643 435; x_wconf 85' lang='lat' dir='ltr'><strong>sunt,</strong></span> <span class='ocrx_word' id='word_1_13' title='bbox 1692 377 1748 424; x_wconf 86' lang='lat' dir='ltr'><strong>et</strong></span> <span class='ocrx_word' id='word_1_14' title='bbox 1775 374 1820 435; x_wconf 75' lang='grc' dir='ltr'>Α</span> <span class='ocrx_word' id='word_1_15' title='bbox 1850 384 1958 441; x_wconf 87' lang='lat' dir='ltr'><strong>que</strong></span> <span class='ocrx_word' id='word_1_16' title='bbox 1986 368 2243 440; x_wconf 73' lang='lat' dir='ltr'><strong>colligere</strong></span> <span class='ocrx_word' id='word_1_17' title='bbox 2274 368 2327 425; x_wconf 87' lang='lat' dir='ltr'><strong>in</strong></span> <span class='ocrx_word' id='word_1_18' title='bbox 2357 368 2570 428; x_wconf 88' lang='lat' dir='ltr'><strong>tantillo</strong></span> <span class='ocrx_word' id='word_1_19' title='bbox 2599 368 2862 441; x_wconf 85' lang='lat' dir='ltr'><strong>temporis</strong></span> <span class='ocrx_word' id='word_1_20' title='bbox 2891 368 3123 431; x_wconf 87' lang='lat' dir='ltr'><strong>articulo</strong></span> <span class='ocrx_word' id='word_1_21' title='bbox 3168 385 3435 448; x_wconf 79' lang='lat' dir='ltr'><strong>potuerit,</strong></span> 
     </span>
    </p>
   </div>
   <div class='ocr_carea' id='block_1_4' title="bbox 144 459 2565 538">
    <p class='ocr_par' dir='ltr' id='par_1_4' title="bbox 144 459 2565 538">
     <span class='ocr_line' id='line_1_4' title="bbox 144 459 2565 538; baseline -0.001 -18"><span class='ocrx_word' id='word_1_22' title='bbox 144 466 539 538; x_wconf 84' lang='lat' dir='ltr'><strong>qualicumque</strong></span> <span class='ocrx_word' id='word_1_23' title='bbox 608 464 826 537; x_wconf 81' lang='lat' dir='ltr'><strong>ingenio</strong></span> <span class='ocrx_word' id='word_1_24' title='bbox 882 462 1194 535; x_wconf 78' lang='lat' dir='ltr'><strong>excogitare</strong></span> <span class='ocrx_word' id='word_1_25' title='bbox 1248 461 1459 533; x_wconf 89' lang='lat' dir='ltr'><strong>potuit,</strong></span> <span class='ocrx_word' id='word_1_26' title='bbox 1512 460 1616 517; x_wconf 93' lang='lat' dir='ltr'><strong>sibi</strong></span> <span class='ocrx_word' id='word_1_27' title='bbox 1688 459 1743 514; x_wconf 92' lang='lat' dir='ltr'><strong>iu</strong></span> <span class='ocrx_word' id='word_1_28' title='bbox 1842 471 2167 518; x_wconf 82' lang='lat' dir='ltr'><strong>conventum</strong></span> <span class='ocrx_word' id='word_1_29' title='bbox 2197 470 2565 532; x_wconf 72' lang='lat' dir='ltr'><strong>exspectasse.</strong></span> 
     </span>
    </p>
   </div>
   <div class='ocr_carea' id='block_1_5' title="bbox 145 551 1744 627">
    <p class='ocr_par' dir='ltr' id='par_1_5' title="bbox 145 551 1744 627">
     <span class='ocr_line' id='line_1_5' title="bbox 145 551 1744 627; baseline -0.003 -16"><span class='ocrx_word' id='word_1_30' title='bbox 145 557 414 614; x_wconf 76' lang='lat' dir='ltr'><strong>auxilium</strong></span> <span class='ocrx_word' id='word_1_31' title='bbox 437 558 798 627; x_wconf 83' lang='lat' dir='ltr'><strong>undecunque</strong></span> <span class='ocrx_word' id='word_1_32' title='bbox 825 556 958 611; x_wconf 86' lang='lat' dir='ltr'><strong>satis</strong></span> <span class='ocrx_word' id='word_1_33' title='bbox 978 554 1178 610; x_wconf 75' lang='lat' dir='ltr'><strong>obnixe</strong></span> <span class='ocrx_word' id='word_1_34' title='bbox 1203 553 1470 610; x_wconf 87' lang='lat' dir='ltr'><strong>contracti</strong></span> <span class='ocrx_word' id='word_1_35' title='bbox 1491 563 1618 608; x_wconf 88' lang='lat' dir='ltr'><strong>sunt</strong></span> <span class='ocrx_word' id='word_1_36' title='bbox 1649 551 1744 612; x_wconf 70' lang='lat' dir='ltr'><strong>m.</strong></span> 
     </span>
    </p>
   </div>
   <div class='ocr_carea' id='block_1_6' title="bbox 148 641 1747 711">
    <p class='ocr_par' dir='ltr' id='par_1_6' title="bbox 148 641 1747 711">
     <span class='ocr_line' id='line_1_6' title="bbox 148 641 1747 711; baseline -0.004 -9"><span class='ocrx_word' id='word_1_37' title='bbox 148 663 260 703; x_wconf 86' lang='lat' dir='ltr'><strong>non</strong></span> <span class='ocrx_word' id='word_1_38' title='bbox 312 647 587 704; x_wconf 85' lang='lat' dir='ltr'><strong>modicam</strong></span> <span class='ocrx_word' id='word_1_39' title='bbox 634 645 1047 702; x_wconf 73' lang='lat' dir='ltr'><strong>auxiliariorum</strong></span> <span class='ocrx_word' id='word_1_40' title='bbox 1095 644 1368 711; x_wconf 84' lang='lat' dir='ltr'><strong>militiam,</strong></span> <span class='ocrx_word' id='word_1_41' title='bbox 1418 643 1632 699; x_wconf 89' lang='lat' dir='ltr'><strong>scilicet</strong></span> <span class='ocrx_word' id='word_1_42' title='bbox 1676 641 1747 697; x_wconf 88' lang='lat' dir='ltr'><strong>ad</strong></span> 
     </span>
    </p>
   </div>
   <div class='ocr_carea' id='block_1_7' title="bbox 144 735 1748 806">
    <p class='ocr_par' dir='ltr' id='par_1_7' title="bbox 144 735 1748 806">
     <span class='ocr_line' id='line_1_7' title="bbox 144 735 1748 806; baseline -0.007 -9"><span class='ocrx_word' id='word_1_43' title='bbox 144 739 438 797; x_wconf 77' lang='lat' dir='ltr'><strong>duodecim</strong></span> <span class='ocrx_word' id='word_1_44' title='bbox 484 738 658 795; x_wconf 69' lang='lat' dir='ltr'><strong>.‘erme</strong></span> <span class='ocrx_word' id='word_1_45' title='bbox 713 737 881 803; x_wconf 88' lang='lat' dir='ltr'><strong>milia,</strong></span> <span class='ocrx_word' id='word_1_46' title='bbox 938 738 993 792; x_wconf 91' lang='lat' dir='ltr'><strong>in</strong></span> <span class='ocrx_word' id='word_1_47' title='bbox 1047 737 1201 792; x_wconf 74' lang='lat' dir='ltr'><strong>breti</strong></span> <span class='ocrx_word' id='word_1_48' title='bbox 1252 736 1495 806; x_wconf 87' lang='lat' dir='ltr'><strong>collegit;</strong></span> <span class='ocrx_word' id='word_1_49' title='bbox 1549 735 1748 804; x_wconf 84' lang='lat' dir='ltr'><strong>quibus</strong></span> 
     </span>
    </p>
   </div>
   <div class='ocr_carea' id='block_1_8' title="bbox 144 833 1747 906">
    <p class='ocr_par' dir='ltr' id='par_1_8' title="bbox 144 833 1747 906">
     <span class='ocr_line' id='line_1_8' title="bbox 144 833 1747 906; baseline -0.003 -18"><span class='ocrx_word' id='word_1_50' title='bbox 144 834 263 904; x_wconf 84' lang='lat' dir='ltr'><strong>regi</strong></span> <span class='ocrx_word' id='word_1_51' title='bbox 296 849 441 890; x_wconf 72' lang='lat' dir='ltr'><strong>novo</strong></span> <span class='ocrx_word' id='word_1_52' title='bbox 476 833 734 906; x_wconf 79' lang='lat' dir='ltr'><strong>congredi</strong></span> <span class='ocrx_word' id='word_1_53' title='bbox 766 842 1097 903; x_wconf 84' lang='lat' dir='ltr'><strong>attemptans</strong></span> <span class='ocrx_word' id='word_1_54' title='bbox 1125 872 1141 897; x_wconf 86' lang='lat'><strong>,</strong></span> <span class='ocrx_word' id='word_1_55' title='bbox 1188 846 1309 887; x_wconf 85' lang='lat' dir='ltr'><strong>sese</strong></span> <span class='ocrx_word' id='word_1_56' title='bbox 1358 833 1411 885; x_wconf 90' lang='lat' dir='ltr'><strong>in</strong></span> <span class='ocrx_word' id='word_1_57' title='bbox 1460 844 1747 885; x_wconf 80' lang='lat' dir='ltr'><strong>uertitsum</strong></span> 
     </span>
    </p>
   </div>
   <div class='ocr_carea' id='block_1_9' title="bbox 146 923 1747 996">
    <p class='ocr_par' dir='ltr' id='par_1_9' title="bbox 146 923 1747 996">
     <span class='ocr_line' id='line_1_9' title="bbox 146 923 1747 996; baseline -0.002 -16"><span class='ocrx_word' id='word_1_58' title='bbox 146 926 297 981; x_wconf 84' lang='lat' dir='ltr'><strong>illius</strong></span> <span class='ocrx_word' id='word_1_59' title='bbox 326 942 493 981; x_wconf 87' lang='lat' dir='ltr'><strong>manu</strong></span> <span class='ocrx_word' id='word_1_60' title='bbox 531 926 814 982; x_wconf 69' lang='lat' dir='ltr'><strong>bellatoria</strong></span> <span class='ocrx_word' id='word_1_61' title='bbox 847 925 1223 996; x_wconf 77' lang='lat' dir='ltr'><strong>promovebat.</strong></span> <span class='ocrx_word' id='word_1_62' title='bbox 1266 923 1469 979; x_wconf 59' lang='lat' dir='ltr'><strong>Praeter</strong></span> <span class='ocrx_word' id='word_1_63' title='bbox 1499 924 1600 978; x_wconf 88' lang='lat' dir='ltr'><strong>bos</strong></span> <span class='ocrx_word' id='word_1_64' title='bbox 1639 930 1747 978; x_wconf 87' lang='lat' dir='ltr'><strong>tota</strong></span> 
     </span>
    </p>
   </div>
   <div class='ocr_carea' id='block_1_10' title="bbox 147 1017 1750 1090">
    <p class='ocr_par' dir='ltr' id='par_1_10' title="bbox 147 1017 1750 1090">
     <span class='ocr_line' id='line_1_10' title="bbox 147 1017 1750 1090; baseline -0.001 -19"><span class='ocrx_word' id='word_1_65' title='bbox 147 1017 268 1075; x_wconf 88' lang='lat' dir='ltr'><strong>fere</strong></span> <span class='ocrx_word' id='word_1_66' title='bbox 319 1018 769 1090; x_wconf 71' lang='lat' dir='ltr'><strong>Burgundionum</strong></span> <span class='ocrx_word' id='word_1_67' title='bbox 819 1018 1031 1083; x_wconf 84' lang='lat' dir='ltr'><strong>virtus,</strong></span> <span class='ocrx_word' id='word_1_68' title='bbox 1081 1017 1400 1073; x_wconf 85' lang='lat' dir='ltr'><strong>Basiliensis</strong></span> <span class='ocrx_word' id='word_1_69' title='bbox 1444 1024 1501 1073; x_wconf 86' lang='lat' dir='ltr'><strong>et</strong></span> <span class='ocrx_word' id='word_1_70' title='bbox 1543 1018 1750 1086; x_wconf 75' lang='lat' dir='ltr'><strong>Argen-</strong></span> 
     </span>
    </p>
   </div>
   <div class='ocr_carea' id='block_1_11' title="bbox 147 1107 1750 1179">
    <p class='ocr_par' dir='ltr' id='par_1_11' title="bbox 147 1107 1750 1179">
     <span class='ocr_line' id='line_1_11' title="bbox 147 1107 1750 1179; baseline 0.001 -18"><span class='ocrx_word' id='word_1_71' title='bbox 147 1107 300 1164; x_wconf 83' lang='lat' dir='ltr'><strong>tinus</strong></span> <span class='ocrx_word' id='word_1_72' title='bbox 343 1107 494 1179; x_wconf 68' lang='grc'><strong>(156)</strong></span> <span class='ocrx_word' id='word_1_73' title='bbox 553 1108 931 1178; x_wconf 88' lang='lat' dir='ltr'><strong>antiepiscopi,</strong></span> <span class='ocrx_word' id='word_1_74' title='bbox 979 1109 1070 1177; x_wconf 86' lang='lat' dir='ltr'><strong>qui</strong></span> <span class='ocrx_word' id='word_1_75' title='bbox 1119 1123 1293 1179; x_wconf 86' lang='lat' dir='ltr'><strong>nuper</strong></span> <span class='ocrx_word' id='word_1_76' title='bbox 1332 1108 1401 1163; x_wconf 87' lang='lat' dir='ltr'><strong>ab</strong></span> <span class='ocrx_word' id='word_1_77' title='bbox 1452 1107 1750 1178; x_wconf 81' lang='lat' dir='ltr'><strong>apostolico</strong></span> 
     </span>
    </p>
   </div>
   <div class='ocr_carea' id='block_1_12' title="bbox 152 1197 1748 1270">
    <p class='ocr_par' dir='ltr' id='par_1_12' title="bbox 152 1197 1748 1270">
     <span class='ocr_line' id='line_1_12' title="bbox 152 1197 1748 1270; baseline -0.001 -17"><span class='ocrx_word' id='word_1_78' title='bbox 152 1199 496 1254; x_wconf 71' lang='lat' dir='ltr'><strong>reconciliati</strong></span> <span class='ocrx_word' id='word_1_79' title='bbox 524 1208 578 1254; x_wconf 90' lang='lat' dir='ltr'><strong>et</strong></span> <span class='ocrx_word' id='word_1_80' title='bbox 607 1198 661 1254; x_wconf 89' lang='lat' dir='ltr'><strong>in</strong></span> <span class='ocrx_word' id='word_1_81' title='bbox 692 1209 846 1268; x_wconf 90' lang='lat' dir='ltr'><strong>parte</strong></span> <span class='ocrx_word' id='word_1_82' title='bbox 876 1197 1106 1270; x_wconf 76' lang='lat' dir='ltr'><strong>justitim</strong></span> <span class='ocrx_word' id='word_1_83' title='bbox 1132 1214 1193 1255; x_wconf 86' lang='lat' dir='ltr'><strong>se</strong></span> <span class='ocrx_word' id='word_1_84' title='bbox 1216 1200 1473 1269; x_wconf 88' lang='lat' dir='ltr'><strong>deinceps</strong></span> <span class='ocrx_word' id='word_1_85' title='bbox 1501 1214 1748 1270; x_wconf 81' lang='lat' dir='ltr'><strong>perman-</strong></span> 
     </span>
    </p>
   </div>
   <div class='ocr_carea' id='block_1_13' title="bbox 148 1287 1751 1359">
    <p class='ocr_par' dir='ltr' id='par_1_13' title="bbox 148 1287 1751 1359">
     <span class='ocr_line' id='line_1_13' title="bbox 148 1287 1751 1359; baseline 0.001 -19"><span class='ocrx_word' id='word_1_86' title='bbox 148 1300 315 1342; x_wconf 83' lang='lat' dir='ltr'><strong>suros</strong></span> <span class='ocrx_word' id='word_1_87' title='bbox 375 1287 611 1359; x_wconf 80' lang='lat' dir='ltr'><strong>professi</strong></span> <span class='ocrx_word' id='word_1_88' title='bbox 661 1296 836 1353; x_wconf 89' lang='lat' dir='ltr'><strong>sunt,</strong></span> <span class='ocrx_word' id='word_1_89' title='bbox 903 1304 1011 1343; x_wconf 89' lang='lat' dir='ltr'><strong>non</strong></span> <span class='ocrx_word' id='word_1_90' title='bbox 1067 1288 1277 1343; x_wconf 87' lang='lat' dir='ltr'><strong>modica</strong></span> <span class='ocrx_word' id='word_1_91' title='bbox 1342 1303 1558 1357; x_wconf 87' lang='lat' dir='ltr'><strong>quoque</strong></span> <span class='ocrx_word' id='word_1_92' title='bbox 1624 1303 1751 1357; x_wconf 87' lang='lat' dir='ltr'><strong>pars</strong></span> 
     </span>
    </p>
   </div>
   <div class='ocr_carea' id='block_1_14' title="bbox 148 1375 1751 1449">
    <p class='ocr_par' dir='ltr' id='par_1_14' title="bbox 148 1375 1751 1449">
     <span class='ocr_line' id='line_1_14' title="bbox 148 1375 1751 1449; baseline 0.001 -17"><span class='ocrx_word' id='word_1_93' title='bbox 148 1375 191 1432; x_wconf 72' lang='grc' dir='ltr'><strong><em>Ε</em></strong></span> <span class='ocrx_word' id='word_1_94' title='bbox 197 1393 523 1445; x_wconf 89' lang='lat' dir='ltr'><strong>raucorum,</strong></span> <span class='ocrx_word' id='word_1_95' title='bbox 559 1377 920 1434; x_wconf 87' lang='lat' dir='ltr'><strong>llerimaunus</strong></span> <span class='ocrx_word' id='word_1_96' title='bbox 944 1392 1130 1434; x_wconf 79' lang='lat' dir='ltr'><strong>cernes</strong></span> <span class='ocrx_word' id='word_1_97' title='bbox 1153 1378 1434 1434; x_wconf 83' lang='lat' dir='ltr'><strong>Palatinus</strong></span> <span class='ocrx_word' id='word_1_98' title='bbox 1461 1380 1632 1449; x_wconf 74' lang='grc'><strong>(137),</strong></span> <span class='ocrx_word' id='word_1_99' title='bbox 1657 1378 1751 1449; x_wconf 88' lang='lat' dir='ltr'><strong>qui</strong></span> 
     </span>
    </p>
   </div>
   <div class='ocr_carea' id='block_1_15' title="bbox 149 1469 1742 1542">
    <p class='ocr_par' dir='ltr' id='par_1_15' title="bbox 149 1469 1742 1542">
     <span class='ocr_line' id='line_1_15' title="bbox 149 1469 1742 1542; baseline 0.001 -19"><span class='ocrx_word' id='word_1_100' title='bbox 149 1483 321 1540; x_wconf 81' lang='lat' dir='ltr'><strong>gener</strong></span> <span class='ocrx_word' id='word_1_101' title='bbox 359 1470 504 1542; x_wconf 76' lang='lat' dir='ltr'><strong>regis</strong></span> <span class='ocrx_word' id='word_1_102' title='bbox 544 1469 795 1527; x_wconf 81' lang='lat' dir='ltr'><strong>Roudolft</strong></span> <span class='ocrx_word' id='word_1_103' title='bbox 826 1469 1044 1526; x_wconf 90' lang='lat' dir='ltr'><strong>futurus</strong></span> <span class='ocrx_word' id='word_1_104' title='bbox 1071 1478 1211 1537; x_wconf 89' lang='lat' dir='ltr'><strong>erat,</strong></span> <span class='ocrx_word' id='word_1_105' title='bbox 1255 1480 1310 1526; x_wconf 89' lang='lat' dir='ltr'><strong>et</strong></span> <span class='ocrx_word' id='word_1_106' title='bbox 1338 1472 1574 1525; x_wconf 71' lang='lat' dir='ltr'><strong>maxima</strong></span> <span class='ocrx_word' id='word_1_107' title='bbox 1613 1484 1742 1539; x_wconf 87' lang='lat' dir='ltr'><strong>pars</strong></span> 
     </span>
    </p>
   </div>
   <div class='ocr_carea' id='block_1_16' title="bbox 150 1558 1750 1634">
    <p class='ocr_par' dir='ltr' id='par_1_16' title="bbox 150 1558 1750 1634">
     <span class='ocr_line' id='line_1_16' title="bbox 150 1558 1750 1634; baseline 0.003 -19"><span class='ocrx_word' id='word_1_108' title='bbox 150 1558 394 1617; x_wconf 78' lang='lat' dir='ltr'><strong>militum</strong></span> <span class='ocrx_word' id='word_1_109' title='bbox 434 1566 598 1634; x_wconf 75' lang='lat' dir='ltr'><strong>regis,</strong></span> <span class='ocrx_word' id='word_1_110' title='bbox 625 1579 763 1633; x_wconf 87' lang='lat' dir='ltr'><strong>quos</strong></span> <span class='ocrx_word' id='word_1_111' title='bbox 785 1562 900 1633; x_wconf 87' lang='lat' dir='ltr'><strong>jam</strong></span> <span class='ocrx_word' id='word_1_112' title='bbox 936 1565 1027 1619; x_wconf 88' lang='lat' dir='ltr'><strong>diu</strong></span> <span class='ocrx_word' id='word_1_113' title='bbox 1056 1564 1337 1634; x_wconf 87' lang='lat' dir='ltr'><strong>adjuratos</strong></span> <span class='ocrx_word' id='word_1_114' title='bbox 1365 1563 1466 1619; x_wconf 89' lang='lat' dir='ltr'><strong>sibi</strong></span> <span class='ocrx_word' id='word_1_115' title='bbox 1497 1563 1750 1620; x_wconf 76' lang='lat' dir='ltr'><strong>fidelissi-</strong></span> 
     </span>
    </p>
   </div>
   <div class='ocr_carea' id='block_1_17' title="bbox 150 1651 1752 1723">
    <p class='ocr_par' dir='ltr' id='par_1_17' title="bbox 150 1651 1752 1723">
     <span class='ocr_line' id='line_1_17' title="bbox 150 1651 1752 1723; baseline 0.002 -17"><span class='ocrx_word' id='word_1_116' title='bbox 150 1666 274 1708; x_wconf 85' lang='lat' dir='ltr'><strong>mos</strong></span> <span class='ocrx_word' id='word_1_117' title='bbox 328 1651 446 1709; x_wconf 89' lang='lat' dir='ltr'><strong>fore</strong></span> <span class='ocrx_word' id='word_1_118' title='bbox 494 1670 602 1710; x_wconf 90' lang='lat' dir='ltr'><strong>non</strong></span> <span class='ocrx_word' id='word_1_119' title='bbox 658 1655 1021 1723; x_wconf 80' lang='lat' dir='ltr'><strong>dubitaverat,</strong></span> <span class='ocrx_word' id='word_1_120' title='bbox 1075 1669 1180 1712; x_wconf 88' lang='lat' dir='ltr'><strong>nec</strong></span> <span class='ocrx_word' id='word_1_121' title='bbox 1232 1671 1343 1711; x_wconf 88' lang='lat' dir='ltr'><strong>non</strong></span> <span class='ocrx_word' id='word_1_122' title='bbox 1391 1669 1585 1711; x_wconf 88' lang='lat' dir='ltr'><strong>omnes</strong></span> <span class='ocrx_word' id='word_1_123' title='bbox 1638 1654 1752 1710; x_wconf 84' lang='lat' dir='ltr'><strong>fere</strong></span> 
     </span>
    </p>
   </div>
   <div class='ocr_carea' id='block_1_18' title="bbox 151 1745 1752 1817">
    <p class='ocr_par' dir='ltr' id='par_1_18' title="bbox 151 1745 1752 1817">
     <span class='ocr_line' id='line_1_18' title="bbox 151 1745 1752 1817; baseline 0 -17"><span class='ocrx_word' id='word_1_124' title='bbox 151 1745 549 1816; x_wconf 74' lang='lat' dir='ltr'><strong>consanguinei</strong></span> <span class='ocrx_word' id='word_1_125' title='bbox 596 1756 654 1801; x_wconf 92' lang='lat' dir='ltr'><strong>ct</strong></span> <span class='ocrx_word' id='word_1_126' title='bbox 681 1747 913 1817; x_wconf 81' lang='lat' dir='ltr'><strong>proximi</strong></span> <span class='ocrx_word' id='word_1_127' title='bbox 943 1747 1106 1815; x_wconf 79' lang='lat' dir='ltr'><strong>illius,</strong></span> <span class='ocrx_word' id='word_1_128' title='bbox 1150 1748 1349 1817; x_wconf 81' lang='lat' dir='ltr'><strong>quibus</strong></span> <span class='ocrx_word' id='word_1_129' title='bbox 1381 1746 1497 1817; x_wconf 88' lang='lat' dir='ltr'><strong>ipse</strong></span> <span class='ocrx_word' id='word_1_130' title='bbox 1536 1763 1752 1816; x_wconf 80' lang='lat' dir='ltr'><strong>semper</strong></span> 
     </span>
    </p>
   </div>
   <div class='ocr_carea' id='block_1_19' title="bbox 151 1835 1750 1908">
    <p class='ocr_par' dir='ltr' id='par_1_19' title="bbox 151 1835 1750 1908">
     <span class='ocr_line' id='line_1_19' title="bbox 151 1835 1750 1908; baseline 0.001 -17"><span class='ocrx_word' id='word_1_131' title='bbox 151 1835 508 1893; x_wconf 79' lang='lat' dir='ltr'><strong>ﬁdel&#39;ssimus</strong></span> <span class='ocrx_word' id='word_1_132' title='bbox 549 1838 780 1902; x_wconf 69' lang='lat' dir='ltr'><strong>exstitit,</strong></span> <span class='ocrx_word' id='word_1_133' title='bbox 818 1838 872 1893; x_wconf 92' lang='lat' dir='ltr'><strong>in</strong></span> <span class='ocrx_word' id='word_1_134' title='bbox 900 1839 1154 1894; x_wconf 89' lang='lat' dir='ltr'><strong>omnibus</strong></span> <span class='ocrx_word' id='word_1_135' title='bbox 1182 1837 1438 1894; x_wconf 87' lang='lat' dir='ltr'><strong>lleinrico</strong></span> <span class='ocrx_word' id='word_1_136' title='bbox 1481 1838 1595 1908; x_wconf 84' lang='lat' dir='ltr'><strong>regi</strong></span> <span class='ocrx_word' id='word_1_137' title='bbox 1645 1854 1750 1893; x_wconf 90' lang='lat' dir='ltr'><strong>una</strong></span> 
     </span>
    </p>
   </div>
   <div class='ocr_carea' id='block_1_20' title="bbox 152 1926 1753 1999">
    <p class='ocr_par' dir='ltr' id='par_1_20' title="bbox 152 1926 1753 1999">
     <span class='ocr_line' id='line_1_20' title="bbox 152 1926 1753 1999; baseline 0.001 -18"><span class='ocrx_word' id='word_1_138' title='bbox 152 1926 531 1992; x_wconf 65' lang='lat' dir='ltr'><strong>adhaeserant;</strong></span> <span class='ocrx_word' id='word_1_139' title='bbox 561 1927 631 1983; x_wconf 83' lang='lat' dir='ltr'><strong>ab</strong></span> <span class='ocrx_word' id='word_1_140' title='bbox 661 1927 766 1985; x_wconf 80' lang='lat' dir='ltr'><strong>isto</strong></span> <span class='ocrx_word' id='word_1_141' title='bbox 808 1939 993 1984; x_wconf 85' lang='lat' dir='ltr'><strong>autem</strong></span> <span class='ocrx_word' id='word_1_142' title='bbox 1019 1930 1260 1993; x_wconf 88' lang='lat' dir='ltr'><strong>viritim,</strong></span> <span class='ocrx_word' id='word_1_143' title='bbox 1290 1929 1453 1985; x_wconf 80' lang='lat' dir='ltr'><strong>fidem</strong></span> <span class='ocrx_word' id='word_1_144' title='bbox 1479 1937 1536 1984; x_wconf 91' lang='lat' dir='ltr'><strong>et</strong></span> <span class='ocrx_word' id='word_1_145' title='bbox 1571 1929 1753 1999; x_wconf 87' lang='lat' dir='ltr'><strong>jusju-</strong></span> 
     </span>
    </p>
   </div>
   <div class='ocr_carea' id='block_1_21' title="bbox 154 2020 1749 2091">
    <p class='ocr_par' dir='ltr' id='par_1_21' title="bbox 154 2020 1749 2091">
     <span class='ocr_line' id='line_1_21' title="bbox 154 2020 1749 2091; baseline 0.001 -17"><span class='ocrx_word' id='word_1_146' title='bbox 154 2020 384 2074; x_wconf 80' lang='lat' dir='ltr'><strong>randum</strong></span> <span class='ocrx_word' id='word_1_147' title='bbox 412 2020 876 2091; x_wconf 69' lang='lat' dir='ltr'><strong>parripendeudo,</strong></span> <span class='ocrx_word' id='word_1_148' title='bbox 915 2035 975 2076; x_wconf 88' lang='lat' dir='ltr'><strong>se</strong></span> <span class='ocrx_word' id='word_1_149' title='bbox 1002 2022 1392 2076; x_wconf 79' lang='lat' dir='ltr'><strong>subtraxerant</strong></span> <span class='ocrx_word' id='word_1_150' title='bbox 1410 2020 1502 2073; x_wconf 68' lang='grc'><strong>⁸⁸⁵.</strong></span> <span class='ocrx_word' id='word_1_151' title='bbox 1535 2020 1601 2076; x_wconf 83' lang='grc' dir='ltr'><strong>Ει</strong></span> <span class='ocrx_word' id='word_1_152' title='bbox 1627 2022 1749 2085; x_wconf 91' lang='lat' dir='ltr'><strong>hoc,</strong></span> 
     </span>
    </p>
   </div>
   <div class='ocr_carea' id='block_1_22' title="bbox 153 2112 1751 2181">
    <p class='ocr_par' dir='ltr' id='par_1_22' title="bbox 153 2112 1751 2181">
     <span class='ocr_line' id='line_1_22' title="bbox 153 2112 1751 2181; baseline 0.003 -19"><span class='ocrx_word' id='word_1_153' title='bbox 153 2125 292 2181; x_wconf 85' lang='lat' dir='ltr'><strong>quas</strong></span> <span class='ocrx_word' id='word_1_154' title='bbox 328 2112 569 2171; x_wconf 75' lang='lat' dir='ltr'><strong>maxime</strong></span> <span class='ocrx_word' id='word_1_155' title='bbox 595 2127 705 2181; x_wconf 78' lang='lat' dir='ltr'><strong>pra:</strong></span> <span class='ocrx_word' id='word_1_156' title='bbox 745 2112 958 2167; x_wconf 77' lang='lat' dir='ltr'><strong>czeteris</strong></span> <span class='ocrx_word' id='word_1_157' title='bbox 988 2112 1300 2168; x_wconf 78' lang='lat' dir='ltr'><strong>notavimus</strong></span> <span class='ocrx_word' id='word_1_158' title='bbox 1319 2152 1335 2178; x_wconf 93' lang='lat'><strong>,</strong></span> <span class='ocrx_word' id='word_1_159' title='bbox 1368 2112 1544 2167; x_wconf 91' lang='lat' dir='ltr'><strong>tribus</strong></span> <span class='ocrx_word' id='word_1_160' title='bbox 1572 2122 1751 2168; x_wconf 89' lang='lat' dir='ltr'><strong>actum</strong></span> 
     </span>
    </p>
   </div>
   <div class='ocr_carea' id='block_1_23' title="bbox 152 2200 1752 2271">
    <p class='ocr_par' dir='ltr' id='par_1_23' title="bbox 152 2200 1752 2271">
     <span class='ocr_line' id='line_1_23' title="bbox 152 2200 1752 2271; baseline 0 -16"><span class='ocrx_word' id='word_1_161' title='bbox 152 2210 239 2255; x_wconf 87' lang='lat' dir='ltr'><strong>est</strong></span> <span class='ocrx_word' id='word_1_162' title='bbox 265 2216 334 2255; x_wconf 77' lang='lat' dir='ltr'><strong>ex</strong></span> <span class='ocrx_word' id='word_1_163' title='bbox 362 2202 565 2263; x_wconf 78' lang='lat' dir='ltr'><strong>causis.</strong></span> <span class='ocrx_word' id='word_1_164' title='bbox 609 2202 745 2269; x_wconf 79' lang='lat' dir='ltr'><strong>Quia</strong></span> <span class='ocrx_word' id='word_1_165' title='bbox 789 2217 888 2271; x_wconf 88' lang='lat' dir='ltr'><strong>per</strong></span> <span class='ocrx_word' id='word_1_166' title='bbox 938 2200 1088 2256; x_wconf 86' lang='lat' dir='ltr'><strong>illum</strong></span> <span class='ocrx_word' id='word_1_167' title='bbox 1120 2201 1189 2255; x_wconf 90' lang='lat' dir='ltr'><strong>ad</strong></span> <span class='ocrx_word' id='word_1_168' title='bbox 1233 2201 1461 2271; x_wconf 68' lang='lat' dir='ltr'><strong>justitize</strong></span> <span class='ocrx_word' id='word_1_169' title='bbox 1507 2200 1752 2271; x_wconf 78' lang='lat' dir='ltr'><strong>regulam</strong></span> 
     </span>
    </p>
   </div>
   <div class='ocr_carea' id='block_1_24' title="bbox 154 2293 1752 2364">
    <p class='ocr_par' dir='ltr' id='par_1_24' title="bbox 154 2293 1752 2364">
     <span class='ocr_line' id='line_1_24' title="bbox 154 2293 1752 2364; baseline -0.001 -16"><span class='ocrx_word' id='word_1_170' title='bbox 154 2294 465 2364; x_wconf 81' lang='lat' dir='ltr'><strong>carrigi,ut</strong></span> <span class='ocrx_word' id='word_1_171' title='bbox 499 2303 555 2351; x_wconf 89' lang='lat' dir='ltr'><strong>et</strong></span> <span class='ocrx_word' id='word_1_172' title='bbox 578 2294 894 2363; x_wconf 75' lang='lat' dir='ltr'><strong>prmdictum</strong></span> <span class='ocrx_word' id='word_1_173' title='bbox 925 2303 1031 2357; x_wconf 89' lang='lat' dir='ltr'><strong>est,</strong></span> <span class='ocrx_word' id='word_1_174' title='bbox 1081 2308 1188 2348; x_wconf 90' lang='lat' dir='ltr'><strong>non</strong></span> <span class='ocrx_word' id='word_1_175' title='bbox 1228 2293 1514 2349; x_wconf 87' lang='lat' dir='ltr'><strong>minimum</strong></span> <span class='ocrx_word' id='word_1_176' title='bbox 1560 2293 1752 2348; x_wconf 82' lang='lat' dir='ltr'><strong>fortui-</strong></span> 
     </span>
    </p>
   </div>
   <div class='ocr_carea' id='block_1_25' title="bbox 155 2384 1756 2456">
    <p class='ocr_par' dir='ltr' id='par_1_25' title="bbox 155 2384 1756 2456">
     <span class='ocr_line' id='line_1_25' title="bbox 155 2384 1756 2456; baseline 0.001 -17"><span class='ocrx_word' id='word_1_177' title='bbox 155 2386 445 2440; x_wconf 73' lang='lat' dir='ltr'><strong>davcruut.</strong></span> <span class='ocrx_word' id='word_1_178' title='bbox 474 2385 540 2441; x_wconf 82' lang='lat' dir='ltr'><strong>Et</strong></span> <span class='ocrx_word' id='word_1_179' title='bbox 566 2387 690 2456; x_wconf 86' lang='lat' dir='ltr'><strong>quia</strong></span> <span class='ocrx_word' id='word_1_180' title='bbox 719 2386 1105 2456; x_wconf 83' lang='lat' dir='ltr'><strong>propemodum</strong></span> <span class='ocrx_word' id='word_1_181' title='bbox 1135 2384 1384 2439; x_wconf 83' lang='lat' dir='ltr'><strong>naturale</strong></span> <span class='ocrx_word' id='word_1_182' title='bbox 1405 2393 1511 2450; x_wconf 89' lang='lat' dir='ltr'><strong>est,</strong></span> <span class='ocrx_word' id='word_1_183' title='bbox 1536 2399 1756 2453; x_wconf 61' lang='lat' dir='ltr'><strong>semper</strong></span> 
     </span>
    </p>
   </div>
   <div class='ocr_carea' id='block_1_26' title="bbox 158 2476 1756 2545">
    <p class='ocr_par' dir='ltr' id='par_1_26' title="bbox 158 2476 1756 2545">
     <span class='ocr_line' id='line_1_26' title="bbox 158 2476 1756 2545; baseline 0.001 -14"><span class='ocrx_word' id='word_1_184' title='bbox 158 2477 310 2534; x_wconf 86' lang='lat' dir='ltr'><strong>cives</strong></span> <span class='ocrx_word' id='word_1_185' title='bbox 358 2479 588 2535; x_wconf 85' lang='lat' dir='ltr'><strong>vitiosos</strong></span> <span class='ocrx_word' id='word_1_186' title='bbox 634 2479 897 2533; x_wconf 75' lang='lat' dir='ltr'><strong>virtuosis</strong></span> <span class='ocrx_word' id='word_1_187' title='bbox 947 2476 1158 2533; x_wconf 79' lang='lat' dir='ltr'><strong>civibus</strong></span> <span class='ocrx_word' id='word_1_188' title='bbox 1204 2476 1470 2533; x_wconf 87' lang='lat' dir='ltr'><strong>invidere.</strong></span> <span class='ocrx_word' id='word_1_189' title='bbox 1517 2477 1584 2530; x_wconf 86' lang='lat' dir='ltr'><strong>Et</strong></span> <span class='ocrx_word' id='word_1_190' title='bbox 1610 2477 1756 2545; x_wconf 75' lang='lat' dir='ltr'><strong>quad</strong></span> 
     </span>
    </p>
   </div>
   <div class='ocr_carea' id='block_1_27' title="bbox 154 2564 1751 2637">
    <p class='ocr_par' dir='ltr' id='par_1_27' title="bbox 154 2564 1751 2637">
     <span class='ocr_line' id='line_1_27' title="bbox 154 2564 1751 2637; baseline 0.001 -16"><span class='ocrx_word' id='word_1_191' title='bbox 154 2567 380 2637; x_wconf 81' lang='lat' dir='ltr'><strong>proprie</strong></span> <span class='ocrx_word' id='word_1_192' title='bbox 419 2566 577 2622; x_wconf 83' lang='lat' dir='ltr'><strong>idolis</strong></span> <span class='ocrx_word' id='word_1_193' title='bbox 621 2566 828 2622; x_wconf 80' lang='lat' dir='ltr'><strong>servire</strong></span> <span class='ocrx_word' id='word_1_194' title='bbox 869 2574 975 2622; x_wconf 84' lang='lat' dir='ltr'><strong>est.</strong></span> <span class='ocrx_word' id='word_1_195' title='bbox 1015 2564 1214 2622; x_wconf 86' lang='lat' dir='ltr'><strong>Omnes</strong></span> <span class='ocrx_word' id='word_1_196' title='bbox 1259 2566 1460 2637; x_wconf 85' lang='lat' dir='ltr'><strong>quippe</strong></span> <span class='ocrx_word' id='word_1_197' title='bbox 1494 2569 1751 2636; x_wconf 65' lang='lat' dir='ltr'><strong>quaerita-</strong></span> 
     </span>
    </p>
   </div>
   <div class='ocr_carea' id='block_1_28' title="bbox 156 2656 1754 2729">
    <p class='ocr_par' dir='ltr' id='par_1_28' title="bbox 156 2656 1754 2729">
     <span class='ocr_line' id='line_1_28' title="bbox 156 2656 1754 2729; baseline 0 -16"><span class='ocrx_word' id='word_1_198' title='bbox 156 2660 290 2715; x_wconf 79' lang='lat' dir='ltr'><strong>bant</strong></span> <span class='ocrx_word' id='word_1_199' title='bbox 313 2667 369 2713; x_wconf 87' lang='lat' dir='ltr'><strong>et</strong></span> <span class='ocrx_word' id='word_1_200' title='bbox 398 2657 692 2729; x_wconf 72' lang='lat' dir='ltr'><strong>exigebant</strong></span> <span class='ocrx_word' id='word_1_201' title='bbox 719 2657 787 2713; x_wconf 77' lang='lat' dir='ltr'><strong>ab</strong></span> <span class='ocrx_word' id='word_1_202' title='bbox 813 2673 879 2713; x_wconf 90' lang='lat' dir='ltr'><strong>eo</strong></span> <span class='ocrx_word' id='word_1_203' title='bbox 903 2656 1267 2713; x_wconf 87' lang='lat' dir='ltr'><strong>insatiabilem</strong></span> <span class='ocrx_word' id='word_1_204' title='bbox 1295 2672 1409 2713; x_wconf 65' lang='lat' dir='ltr'><strong>sum</strong></span> <span class='ocrx_word' id='word_1_205' title='bbox 1434 2657 1754 2728; x_wconf 87' lang='lat' dir='ltr'><strong>cupiditatis</strong></span> 
     </span>
    </p>
   </div>
   <div class='ocr_carea' id='block_1_29' title="bbox 157 2747 1754 2820">
    <p class='ocr_par' dir='ltr' id='par_1_29' title="bbox 157 2747 1754 2820">
     <span class='ocr_line' id='line_1_29' title="bbox 157 2747 1754 2820; baseline 0.002 -18"><span class='ocrx_word' id='word_1_206' title='bbox 157 2748 478 2819; x_wconf 78' lang='lat' dir='ltr'><strong>voraginem</strong></span> <span class='ocrx_word' id='word_1_207' title='bbox 505 2747 816 2820; x_wconf 78' lang='lat' dir='ltr'><strong>prod&#39;giosa</strong></span> <span class='ocrx_word' id='word_1_208' title='bbox 850 2747 1130 2805; x_wconf 72' lang='lat' dir='ltr'><strong>eli‘usiunis</strong></span> <span class='ocrx_word' id='word_1_209' title='bbox 1155 2748 1407 2803; x_wconf 80' lang='lat' dir='ltr'><strong>inauditae</strong></span> <span class='ocrx_word' id='word_1_210' title='bbox 1435 2747 1754 2818; x_wconf 80' lang='lat' dir='ltr'><strong>ingurgitari</strong></span> 
     </span>
    </p>
   </div>
   <div class='ocr_carea' id='block_1_30' title="bbox 156 2837 1755 2910">
    <p class='ocr_par' dir='ltr' id='par_1_30' title="bbox 156 2837 1755 2910">
     <span class='ocr_line' id='line_1_30' title="bbox 156 2837 1755 2910; baseline 0 -17"><span class='ocrx_word' id='word_1_211' title='bbox 156 2838 459 2903; x_wconf 78' lang='lat' dir='ltr'><strong>abusione;</strong></span> <span class='ocrx_word' id='word_1_212' title='bbox 502 2838 714 2896; x_wconf 87' lang='lat' dir='ltr'><strong>scilicet</strong></span> <span class='ocrx_word' id='word_1_213' title='bbox 761 2848 819 2893; x_wconf 92' lang='lat' dir='ltr'><strong>ut</strong></span> <span class='ocrx_word' id='word_1_214' title='bbox 864 2854 1129 2910; x_wconf 84' lang='lat' dir='ltr'><strong>regnum,</strong></span> <span class='ocrx_word' id='word_1_215' title='bbox 1181 2838 1325 2910; x_wconf 90' lang='lat' dir='ltr'><strong>quod</strong></span> <span class='ocrx_word' id='word_1_216' title='bbox 1375 2846 1434 2893; x_wconf 90' lang='lat' dir='ltr'><strong>ut</strong></span> <span class='ocrx_word' id='word_1_217' title='bbox 1476 2837 1755 2909; x_wconf 76' lang='lat' dir='ltr'><strong>colligeret</strong></span> 
     </span>
    </p>
   </div>
   <div class='ocr_carea' id='block_1_31' title="bbox 132 2930 1756 3003">
    <p class='ocr_par' dir='ltr' id='par_1_31' title="bbox 132 2930 1756 3003">
     <span class='ocr_line' id='line_1_31' title="bbox 132 2930 1756 3003; baseline 0.001 -18"><span class='ocrx_word' id='word_1_218' title='bbox 132 2982 133 2985; x_wconf 44' lang='grc' dir='ltr'><strong>η</strong></span> <span class='ocrx_word' id='word_1_219' title='bbox 158 2930 549 2986; x_wconf 87' lang='lat' dir='ltr'><strong>miserabiliter</strong></span> <span class='ocrx_word' id='word_1_220' title='bbox 570 2930 646 2962; x_wconf 79' lang='lat'><strong>“&#39;</strong></span> <span class='ocrx_word' id='word_1_221' title='bbox 674 2931 998 3003; x_wconf 87' lang='lat' dir='ltr'><strong>dissipatum</strong></span> <span class='ocrx_word' id='word_1_222' title='bbox 1031 2941 1255 2988; x_wconf 89' lang='lat' dir='ltr'><strong>coactus</strong></span> <span class='ocrx_word' id='word_1_223' title='bbox 1301 2932 1565 2999; x_wconf 88' lang='lat' dir='ltr'><strong>suscepit,</strong></span> <span class='ocrx_word' id='word_1_224' title='bbox 1595 2931 1756 2986; x_wconf 84' lang='lat' dir='ltr'><strong>inise-</strong></span> 
     </span>
    </p>
   </div>
   <div class='ocr_carea' id='block_1_32' title="bbox 158 3022 1753 3094">
    <p class='ocr_par' dir='ltr' id='par_1_32' title="bbox 158 3022 1753 3094">
     <span class='ocr_line' id='line_1_32' title="bbox 158 3022 1753 3094; baseline 0.002 -18"><span class='ocrx_word' id='word_1_225' title='bbox 158 3022 392 3078; x_wconf 84' lang='lat' dir='ltr'><strong>rabilius</strong></span> <span class='ocrx_word' id='word_1_226' title='bbox 434 3022 508 3055; x_wconf 79' lang='lat'><strong>’“</strong></span> <span class='ocrx_word' id='word_1_227' title='bbox 551 3022 696 3078; x_wconf 85' lang='lat' dir='ltr'><strong>inter</strong></span> <span class='ocrx_word' id='word_1_228' title='bbox 723 3038 819 3079; x_wconf 89' lang='lat' dir='ltr'><strong>eos</strong></span> <span class='ocrx_word' id='word_1_229' title='bbox 847 3022 1274 3094; x_wconf 76' lang='lat' dir='ltr'><strong>diSpertiendum</strong></span> <span class='ocrx_word' id='word_1_230' title='bbox 1316 3024 1541 3079; x_wconf 88' lang='lat' dir='ltr'><strong>omnino</strong></span> <span class='ocrx_word' id='word_1_231' title='bbox 1588 3024 1753 3079; x_wconf 88' lang='lat' dir='ltr'><strong>dissi-</strong></span> 
     </span>
    </p>
   </div>
   <div class='ocr_carea' id='block_1_33' title="bbox 157 3084 1826 3201">
    <p class='ocr_par' dir='ltr' id='par_1_33' title="bbox 157 3084 1826 3201">
     <span class='ocr_line' id='line_1_33' title="bbox 157 3084 1826 3201; baseline 0.001 -31"><span class='ocrx_word' id='word_1_232' title='bbox 157 3125 335 3186; x_wconf 85' lang='lat' dir='ltr'><strong>paret.</strong></span> <span class='ocrx_word' id='word_1_233' title='bbox 386 3116 453 3172; x_wconf 83' lang='lat' dir='ltr'><strong>Et</strong></span> <span class='ocrx_word' id='word_1_234' title='bbox 492 3115 632 3187; x_wconf 84' lang='lat' dir='ltr'><strong>quia</strong></span> <span class='ocrx_word' id='word_1_235' title='bbox 681 3084 1057 3186; x_wconf 48' lang='lat' dir='ltr'><strong>prudens-eis</strong></span> <span class='ocrx_word' id='word_1_236' title='bbox 1112 3117 1167 3172; x_wconf 91' lang='lat' dir='ltr'><strong>in</strong></span> <span class='ocrx_word' id='word_1_237' title='bbox 1217 3116 1320 3173; x_wconf 89' lang='lat' dir='ltr'><strong>hoc</strong></span> <span class='ocrx_word' id='word_1_238' title='bbox 1374 3132 1483 3173; x_wconf 89' lang='lat' dir='ltr'><strong>non</strong></span> <span class='ocrx_word' id='word_1_239' title='bbox 1527 3084 1826 3201; x_wconf 83' lang='lat' dir='ltr'><strong>consen-C</strong></span> 
     </span>
    </p>
   </div>
   <div class='ocr_carea' id='block_1_34' title="bbox 152 3209 1755 3280">
    <p class='ocr_par' dir='ltr' id='par_1_34' title="bbox 152 3209 1755 3280">
     <span class='ocr_line' id='line_1_34' title="bbox 152 3209 1755 3280; baseline 0 -15"><span class='ocrx_word' id='word_1_240' title='bbox 152 3217 349 3276; x_wconf 77' lang='lat' dir='ltr'><strong>serat,</strong></span> <span class='ocrx_word' id='word_1_241' title='bbox 421 3209 490 3265; x_wconf 85' lang='lat' dir='ltr'><strong>ad</strong></span> <span class='ocrx_word' id='word_1_242' title='bbox 543 3209 832 3280; x_wconf 85' lang='lat' dir='ltr'><strong>antiquum</strong></span> <span class='ocrx_word' id='word_1_243' title='bbox 899 3209 1283 3278; x_wconf 67' lang='lat' dir='ltr'><strong>dissipatorem</strong></span> <span class='ocrx_word' id='word_1_244' title='bbox 1336 3224 1495 3265; x_wconf 91' lang='lat' dir='ltr'><strong>suum</strong></span> <span class='ocrx_word' id='word_1_245' title='bbox 1556 3219 1755 3280; x_wconf 74' lang='lat' dir='ltr'><strong>przeter</strong></span> 
     </span>
    </p>
   </div>
   <div class='ocr_carea' id='block_1_35' title="bbox 158 3301 1755 3374">
    <p class='ocr_par' dir='ltr' id='par_1_35' title="bbox 158 3301 1755 3374">
     <span class='ocr_line' id='line_1_35' title="bbox 158 3301 1755 3374; baseline 0.002 -18"><span class='ocrx_word' id='word_1_246' title='bbox 158 3316 306 3358; x_wconf 67' lang='lat' dir='ltr'><strong>sanae</strong></span> <span class='ocrx_word' id='word_1_247' title='bbox 381 3301 587 3359; x_wconf 87' lang='lat' dir='ltr'><strong>mentis</strong></span> <span class='ocrx_word' id='word_1_248' title='bbox 647 3302 908 3373; x_wconf 88' lang='lat' dir='ltr'><strong>pauculas</strong></span> <span class='ocrx_word' id='word_1_249' title='bbox 958 3302 1128 3359; x_wconf 87' lang='lat' dir='ltr'><strong>nimis</strong></span> <span class='ocrx_word' id='word_1_250' title='bbox 1200 3317 1508 3374; x_wconf 83' lang='lat' dir='ltr'><strong>personas,</strong></span> <span class='ocrx_word' id='word_1_251' title='bbox 1565 3318 1755 3359; x_wconf 88' lang='lat' dir='ltr'><strong>omnes</strong></span> 
     </span>
    </p>
   </div>
   <div class='ocr_carea' id='block_1_36' title="bbox 157 3391 1757 3462">
    <p class='ocr_par' dir='ltr' id='par_1_36' title="bbox 157 3391 1757 3462">
     <span class='ocr_line' id='line_1_36' title="bbox 157 3391 1757 3462; baseline 0 -17"><span class='ocrx_word' id='word_1_252' title='bbox 157 3391 492 3448; x_wconf 79' lang='lat' dir='ltr'><strong>mirabiliter</strong></span> <span class='ocrx_word' id='word_1_253' title='bbox 539 3391 690 3450; x_wconf 80' lang='lat' dir='ltr'><strong>velut</strong></span> <span class='ocrx_word' id='word_1_254' title='bbox 754 3392 812 3448; x_wconf 87' lang='lat' dir='ltr'><strong>in</strong></span> <span class='ocrx_word' id='word_1_255' title='bbox 863 3392 1136 3448; x_wconf 86' lang='lat' dir='ltr'><strong>sentinam</strong></span> <span class='ocrx_word' id='word_1_256' title='bbox 1187 3391 1576 3462; x_wconf 86' lang='lat' dir='ltr'><strong>coinquinattdi</strong></span> <span class='ocrx_word' id='word_1_257' title='bbox 1625 3407 1757 3448; x_wconf 89' lang='lat' dir='ltr'><strong>con-</strong></span> 
     </span>
    </p>
   </div>
   <div class='ocr_carea' id='block_1_37' title="bbox 159 3485 1068 3562">
    <p class='ocr_par' dir='ltr' id='par_1_37' title="bbox 159 3485 1068 3562">
     <span class='ocr_line' id='line_1_37' title="bbox 159 3485 1068 3562; baseline 0.004 -23"><span class='ocrx_word' id='word_1_258' title='bbox 159 3485 455 3540; x_wconf 76' lang='lat' dir='ltr'><strong>ﬂuxerant.</strong></span> <span class='ocrx_word' id='word_1_259' title='bbox 1052 3551 1068 3562; x_wconf 36' lang='grc' dir='ltr'><strong><em>θ</em></strong></span> 
     </span>
    </p>
   </div>
   <div class='ocr_carea' id='block_1_38' title="bbox 234 3574 1756 3646">
    <p class='ocr_par' dir='ltr' id='par_1_38' title="bbox 234 3574 1756 3646">
     <span class='ocr_line' id='line_1_38' title="bbox 234 3574 1756 3646; baseline -0.001 -15"><span class='ocrx_word' id='word_1_260' title='bbox 234 3575 389 3632; x_wconf 79' lang='lat' dir='ltr'><strong>Unde</strong></span> <span class='ocrx_word' id='word_1_261' title='bbox 412 3574 703 3632; x_wconf 77' lang='lat' dir='ltr'><strong>licinricus</strong></span> <span class='ocrx_word' id='word_1_262' title='bbox 723 3590 843 3642; x_wconf 76' lang='lat' dir='ltr'><strong>rex,</strong></span> <span class='ocrx_word' id='word_1_263' title='bbox 874 3584 1024 3631; x_wconf 88' lang='lat' dir='ltr'><strong>tanta</strong></span> <span class='ocrx_word' id='word_1_264' title='bbox 1049 3574 1439 3631; x_wconf 73' lang='lat' dir='ltr'><strong>auxiliatorum</strong></span> <span class='ocrx_word' id='word_1_265' title='bbox 1482 3576 1636 3646; x_wconf 88' lang='lat' dir='ltr'><strong>copia</strong></span> <span class='ocrx_word' id='word_1_266' title='bbox 1666 3590 1756 3630; x_wconf 87' lang='lat' dir='ltr'><strong>ro-</strong></span> 
     </span>
    </p>
   </div>
   <div class='ocr_carea' id='block_1_39' title="bbox 156 3663 1754 3735">
    <p class='ocr_par' dir='ltr' id='par_1_39' title="bbox 156 3663 1754 3735">
     <span class='ocr_line' id='line_1_39' title="bbox 156 3663 1754 3735; baseline -0.002 -12"><span class='ocrx_word' id='word_1_267' title='bbox 156 3667 419 3730; x_wconf 85' lang='lat' dir='ltr'><strong>boratus,</strong></span> <span class='ocrx_word' id='word_1_268' title='bbox 477 3665 853 3721; x_wconf 79' lang='lat' dir='ltr'><strong>Alemanniam</strong></span> <span class='ocrx_word' id='word_1_269' title='bbox 897 3664 1093 3735; x_wconf 68' lang='lat' dir='ltr'><strong>praedis</strong></span> <span class='ocrx_word' id='word_1_270' title='bbox 1139 3663 1347 3734; x_wconf 89' lang='lat' dir='ltr'><strong>rapinis</strong></span> <span class='ocrx_word' id='word_1_271' title='bbox 1388 3673 1444 3720; x_wconf 90' lang='lat' dir='ltr'><strong>et</strong></span> <span class='ocrx_word' id='word_1_272' title='bbox 1490 3664 1754 3721; x_wconf 85' lang='lat' dir='ltr'><strong>incendiis</strong></span> 
     </span>
    </p>
   </div>
   <div class='ocr_carea' id='block_1_40' title="bbox 156 3754 1757 3812">
    <p class='ocr_par' dir='ltr' id='par_1_40' title="bbox 156 3754 1757 3812">
     <span class='ocr_line' id='line_1_40' title="bbox 156 3754 1757 3812; baseline -0.001 0"><span class='ocrx_word' id='word_1_273' title='bbox 156 3754 544 3812; x_wconf 79' lang='lat' dir='ltr'><strong>devastaturus</strong></span> <span class='ocrx_word' id='word_1_274' title='bbox 575 3756 865 3810; x_wconf 79' lang='lat' dir='ltr'><strong>invaserat.</strong></span> <span class='ocrx_word' id='word_1_275' title='bbox 890 3754 1043 3810; x_wconf 83' lang='lat' dir='ltr'><strong>Nulla</strong></span> <span class='ocrx_word' id='word_1_276' title='bbox 1069 3770 1196 3810; x_wconf 89' lang='lat' dir='ltr'><strong>vero</strong></span> <span class='ocrx_word' id='word_1_277' title='bbox 1239 3755 1381 3809; x_wconf 89' lang='lat' dir='ltr'><strong>inter</strong></span> <span class='ocrx_word' id='word_1_278' title='bbox 1426 3765 1673 3810; x_wconf 81' lang='lat' dir='ltr'><strong>sane:utu</strong></span> <span class='ocrx_word' id='word_1_279' title='bbox 1700 3763 1757 3810; x_wconf 90' lang='lat' dir='ltr'><strong>et</strong></span> 
     </span>
    </p>
   </div>
   <div class='ocr_carea' id='block_1_41' title="bbox 150 3845 1756 3919">
    <p class='ocr_par' dir='ltr' id='par_1_41' title="bbox 150 3845 1756 3919">
     <span class='ocr_line' id='line_1_41' title="bbox 150 3845 1756 3919; baseline 0.001 -17"><span class='ocrx_word' id='word_1_280' title='bbox 150 3845 445 3919; x_wconf 79' lang='lat' dir='ltr'><strong>profanum</strong></span> <span class='ocrx_word' id='word_1_281' title='bbox 478 3846 785 3903; x_wconf 75' lang='lat' dir='ltr'><strong>differentia</strong></span> <span class='ocrx_word' id='word_1_282' title='bbox 807 3855 946 3903; x_wconf 86' lang='lat' dir='ltr'><strong>erat.</strong></span> <span class='ocrx_word' id='word_1_283' title='bbox 1005 3845 1209 3903; x_wconf 71' lang='lat' dir='ltr'><strong>liocmii</strong></span> <span class='ocrx_word' id='word_1_284' title='bbox 1262 3845 1460 3917; x_wconf 85' lang='lat' dir='ltr'><strong>quippe</strong></span> <span class='ocrx_word' id='word_1_285' title='bbox 1502 3845 1756 3903; x_wconf 70' lang='lat' dir='ltr'><strong>muiieres</strong></span> 
     </span>
    </p>
   </div>
   <div class='ocr_carea' id='block_1_42' title="bbox 154 3939 1756 4013">
    <p class='ocr_par' dir='ltr' id='par_1_42' title="bbox 154 3939 1756 4013">
     <span class='ocr_line' id='line_1_42' title="bbox 154 3939 1756 4013; baseline 0 -16"><span class='ocrx_word' id='word_1_286' title='bbox 154 3941 209 3997; x_wconf 89' lang='lat' dir='ltr'><strong>in</strong></span> <span class='ocrx_word' id='word_1_287' title='bbox 226 3941 500 3998; x_wconf 68' lang='lat' dir='ltr'><strong>:ecclesiis</strong></span> <span class='ocrx_word' id='word_1_288' title='bbox 548 3939 730 4012; x_wconf 85' lang='lat' dir='ltr'><strong>palam</strong></span> <span class='ocrx_word' id='word_1_289' title='bbox 765 3950 1272 4013; x_wconf 85' lang='lat' dir='ltr'><strong>constupravcrant,</strong></span> <span class='ocrx_word' id='word_1_290' title='bbox 1312 3941 1555 4011; x_wconf 89' lang='lat' dir='ltr'><strong>captivas</strong></span> <span class='ocrx_word' id='word_1_291' title='bbox 1606 3956 1756 3997; x_wconf 87' lang='lat' dir='ltr'><strong>more</strong></span> 
     </span>
    </p>
   </div>
   <div class='ocr_carea' id='block_1_43' title="bbox 152 4029 1757 4100">
    <p class='ocr_par' dir='ltr' id='par_1_43' title="bbox 152 4029 1757 4100">
     <span class='ocr_line' id='line_1_43' title="bbox 152 4029 1757 4100; baseline 0.001 -15"><span class='ocrx_word' id='word_1_292' title='bbox 152 4046 255 4085; x_wconf 77' lang='lat' dir='ltr'><strong>suo</strong></span> <span class='ocrx_word' id='word_1_293' title='bbox 282 4030 649 4095; x_wconf 75' lang='lat' dir='ltr'><strong>abduxerunt,</strong></span> <span class='ocrx_word' id='word_1_294' title='bbox 678 4029 978 4087; x_wconf 69' lang='lat' dir='ltr'><strong>atcclesiam</strong></span> <span class='ocrx_word' id='word_1_295' title='bbox 1005 4042 1059 4085; x_wconf 83' lang='lat' dir='ltr'><strong>et</strong></span> <span class='ocrx_word' id='word_1_296' title='bbox 1085 4030 1357 4086; x_wconf 82' lang='lat' dir='ltr'><strong>stabulum</strong></span> <span class='ocrx_word' id='word_1_297' title='bbox 1402 4029 1642 4100; x_wconf 81' lang='lat' dir='ltr'><strong>ejusdem</strong></span> <span class='ocrx_word' id='word_1_298' title='bbox 1671 4047 1757 4087; x_wconf 84' lang='lat' dir='ltr'><strong>rc-</strong></span> 
     </span>
    </p>
   </div>
   <div class='ocr_carea' id='block_1_44' title="bbox 155 4120 1755 4193">
    <p class='ocr_par' dir='ltr' id='par_1_44' title="bbox 155 4120 1755 4193">
     <span class='ocr_line' id='line_1_44' title="bbox 155 4120 1755 4193; baseline 0.002 -19"><span class='ocrx_word' id='word_1_299' title='bbox 155 4122 417 4177; x_wconf 62' lang='lat' dir='ltr'><strong>verentiie</strong></span> <span class='ocrx_word' id='word_1_300' title='bbox 444 4130 927 4192; x_wconf 76' lang='lat' dir='ltr'><strong>compntarerant;</strong></span> <span class='ocrx_word' id='word_1_301' title='bbox 980 4131 1036 4177; x_wconf 86' lang='lat' dir='ltr'><strong>et</strong></span> <span class='ocrx_word' id='word_1_302' title='bbox 1063 4122 1144 4178; x_wconf 88' lang='lat' dir='ltr'><strong>sic</strong></span> <span class='ocrx_word' id='word_1_303' title='bbox 1179 4120 1262 4178; x_wconf 88' lang='lat' dir='ltr'><strong>fas</strong></span> <span class='ocrx_word' id='word_1_304' title='bbox 1290 4120 1552 4193; x_wconf 86' lang='lat' dir='ltr'><strong>nefasque</strong></span> <span class='ocrx_word' id='word_1_305' title='bbox 1592 4121 1755 4178; x_wconf 86' lang='lat' dir='ltr'><strong>simul</strong></span> 
     </span>
    </p>
   </div>
   <div class='ocr_carea' id='block_1_45' title="bbox 155 4210 1754 4285">
    <p class='ocr_par' dir='ltr' id='par_1_45' title="bbox 155 4210 1754 4285">
     <span class='ocr_line' id='line_1_45' title="bbox 155 4210 1754 4285; baseline 0.003 -21"><span class='ocrx_word' id='word_1_306' title='bbox 155 4226 351 4267; x_wconf 80' lang='lat' dir='ltr'><strong>omnes</strong></span> <span class='ocrx_word' id='word_1_307' title='bbox 396 4210 834 4278; x_wconf 87' lang='lat' dir='ltr'><strong>confundentes,</strong></span> <span class='ocrx_word' id='word_1_308' title='bbox 890 4212 1233 4269; x_wconf 89' lang='lat' dir='ltr'><strong>ethnicorum</strong></span> <span class='ocrx_word' id='word_1_309' title='bbox 1286 4213 1493 4269; x_wconf 89' lang='lat' dir='ltr'><strong>insania</strong></span> <span class='ocrx_word' id='word_1_310' title='bbox 1543 4224 1754 4285; x_wconf 89' lang='lat' dir='ltr'><strong>partem</strong></span> 
     </span>
    </p>
   </div>
   <div class='ocr_carea' id='block_1_46' title="bbox 156 4302 1757 4373">
    <p class='ocr_par' dir='ltr' id='par_1_46' title="bbox 156 4302 1757 4373">
     <span class='ocr_line' id='line_1_46' title="bbox 156 4302 1757 4373; baseline 0.001 -16"><span class='ocrx_word' id='word_1_311' title='bbox 156 4317 267 4357; x_wconf 89' lang='lat' dir='ltr'><strong>non</strong></span> <span class='ocrx_word' id='word_1_312' title='bbox 296 4303 567 4358; x_wconf 85' lang='lat' dir='ltr'><strong>modicam</strong></span> <span class='ocrx_word' id='word_1_313' title='bbox 587 4302 734 4358; x_wconf 89' lang='lat' dir='ltr'><strong>illius</strong></span> <span class='ocrx_word' id='word_1_314' title='bbox 756 4304 946 4373; x_wconf 83' lang='lat' dir='ltr'><strong>patriae</strong></span> <span class='ocrx_word' id='word_1_315' title='bbox 973 4303 1245 4359; x_wconf 88' lang='lat' dir='ltr'><strong>hostiliter</strong></span> <span class='ocrx_word' id='word_1_316' title='bbox 1272 4304 1435 4360; x_wconf 88' lang='lat' dir='ltr'><strong>nimis</strong></span> <span class='ocrx_word' id='word_1_317' title='bbox 1465 4304 1757 4373; x_wconf 82' lang='lat' dir='ltr'><strong>perlustra-</strong></span> 
     </span>
    </p>
   </div>
   <div class='ocr_carea' id='block_1_47' title="bbox 159 4393 1757 4465">
    <p class='ocr_par' dir='ltr' id='par_1_47' title="bbox 159 4393 1757 4465">
     <span class='ocr_line' id='line_1_47' title="bbox 159 4393 1757 4465; baseline 0.003 -18"><span class='ocrx_word' id='word_1_318' title='bbox 159 4393 324 4460; x_wconf 83' lang='lat' dir='ltr'><strong>bant;</strong></span> <span class='ocrx_word' id='word_1_319' title='bbox 356 4393 568 4450; x_wconf 86' lang='lat' dir='ltr'><strong>scilicet</strong></span> <span class='ocrx_word' id='word_1_320' title='bbox 596 4410 627 4448; x_wconf 87' lang='lat' dir='ltr'><strong>a</strong></span> <span class='ocrx_word' id='word_1_321' title='bbox 652 4396 896 4465; x_wconf 87' lang='lat' dir='ltr'><strong>patribus</strong></span> <span class='ocrx_word' id='word_1_322' title='bbox 924 4394 1383 4452; x_wconf 68' lang='lat' dir='ltr'><strong>Austri-Francia:</strong></span> <span class='ocrx_word' id='word_1_323' title='bbox 1410 4406 1464 4452; x_wconf 89' lang='lat' dir='ltr'><strong>et</strong></span> <span class='ocrx_word' id='word_1_324' title='bbox 1489 4395 1757 4452; x_wconf 75' lang='lat' dir='ltr'><strong>Iloinonis</strong></span> 
     </span>
    </p>
   </div>
   <div class='ocr_carea' id='block_1_48' title="bbox 160 4482 1755 4560">
    <p class='ocr_par' dir='ltr' id='par_1_48' title="bbox 160 4482 1755 4560">
     <span class='ocr_line' id='line_1_48' title="bbox 160 4482 1755 4560; baseline 0.004 -21"><span class='ocrx_word' id='word_1_325' title='bbox 160 4482 304 4540; x_wconf 86' lang='lat' dir='ltr'><strong>fluvii</strong></span> <span class='ocrx_word' id='word_1_326' title='bbox 332 4501 436 4558; x_wconf 92' lang='lat' dir='ltr'><strong>per</strong></span> <span class='ocrx_word' id='word_1_327' title='bbox 477 4486 783 4543; x_wconf 69' lang='lat' dir='ltr'><strong>Nechoram</strong></span> <span class='ocrx_word' id='word_1_328' title='bbox 831 4487 1053 4543; x_wconf 79' lang='lat' dir='ltr'><strong>fluvium</strong></span> <span class='ocrx_word' id='word_1_329' title='bbox 1094 4498 1151 4544; x_wconf 92' lang='lat' dir='ltr'><strong>et</strong></span> <span class='ocrx_word' id='word_1_330' title='bbox 1199 4488 1475 4560; x_wconf 81' lang='lat' dir='ltr'><strong>Ezzilinga</strong></span> <span class='ocrx_word' id='word_1_331' title='bbox 1500 4488 1755 4560; x_wconf 88' lang='lat' dir='ltr'><strong>oppidum</strong></span> 
     </span>
    </p>
   </div>
   <div class='ocr_carea' id='block_1_49' title="bbox 161 4578 1756 4654">
    <p class='ocr_par' dir='ltr' id='par_1_49' title="bbox 161 4578 1756 4654">
     <span class='ocr_line' id='line_1_49' title="bbox 161 4578 1756 4654; baseline 0.003 -21"><span class='ocrx_word' id='word_1_332' title='bbox 161 4578 230 4633; x_wconf 81' lang='lat' dir='ltr'><strong>ad</strong></span> <span class='ocrx_word' id='word_1_333' title='bbox 248 4593 425 4650; x_wconf 87' lang='lat' dir='ltr'><strong>usque</strong></span> <span class='ocrx_word' id='word_1_334' title='bbox 452 4578 645 4635; x_wconf 82' lang='lat' dir='ltr'><strong>Ulman</strong></span> <span class='ocrx_word' id='word_1_335' title='bbox 669 4588 725 4634; x_wconf 91' lang='lat' dir='ltr'><strong>et</strong></span> <span class='ocrx_word' id='word_1_336' title='bbox 762 4580 1079 4648; x_wconf 88' lang='lat' dir='ltr'><strong>Danubium,</strong></span> <span class='ocrx_word' id='word_1_337' title='bbox 1106 4596 1435 4654; x_wconf 90' lang='lat' dir='ltr'><strong>quamquam</strong></span> <span class='ocrx_word' id='word_1_338' title='bbox 1482 4597 1588 4637; x_wconf 90' lang='lat' dir='ltr'><strong>non</strong></span> <span class='ocrx_word' id='word_1_339' title='bbox 1638 4582 1756 4637; x_wconf 84' lang='lat' dir='ltr'><strong>sine</strong></span> 
     </span>
    </p>
   </div>
   <div class='ocr_carea' id='block_1_50' title="bbox 165 4670 1781 4754">
    <p class='ocr_par' dir='ltr' id='par_1_50' title="bbox 165 4670 1781 4754">
     <span class='ocr_line' id='line_1_50' title="bbox 165 4670 1781 4754; baseline 0.003 -32"><span class='ocrx_word' id='word_1_340' title='bbox 165 4670 399 4726; x_wconf 75' lang='lat' dir='ltr'><strong>maximo</strong></span> <span class='ocrx_word' id='word_1_341' title='bbox 431 4679 600 4738; x_wconf 90' lang='lat' dir='ltr'><strong>metu,</strong></span> <span class='ocrx_word' id='word_1_342' title='bbox 624 4671 1097 4742; x_wconf 88' lang='lat' dir='ltr'><strong>qualitercumque</strong></span> <span class='ocrx_word' id='word_1_343' title='bbox 1141 4672 1542 4745; x_wconf 75' lang='lat' dir='ltr'><strong>pertingebant.</strong></span> <span class='ocrx_word' id='word_1_344' title='bbox 1603 4671 1781 4754; x_wconf 80' lang='lat' dir='ltr'><strong>Scie-_</strong></span> 
     </span>
    </p>
   </div>
   <div class='ocr_carea' id='block_1_51' title="bbox 169 4762 1754 4838">
    <p class='ocr_par' dir='ltr' id='par_1_51' title="bbox 169 4762 1754 4838">
     <span class='ocr_line' id='line_1_51' title="bbox 169 4762 1754 4838; baseline 0.003 -21"><span class='ocrx_word' id='word_1_345' title='bbox 169 4762 296 4819; x_wconf 88' lang='lat' dir='ltr'><strong>baut</strong></span> <span class='ocrx_word' id='word_1_346' title='bbox 319 4764 547 4836; x_wconf 89' lang='lat' dir='ltr'><strong>quippe,</strong></span> <span class='ocrx_word' id='word_1_347' title='bbox 580 4780 764 4838; x_wconf 89' lang='lat' dir='ltr'><strong>regem</strong></span> <span class='ocrx_word' id='word_1_348' title='bbox 812 4765 1141 4821; x_wconf 78' lang='lat' dir='ltr'><strong>Roudolfum</strong></span> <span class='ocrx_word' id='word_1_349' title='bbox 1172 4766 1227 4821; x_wconf 91' lang='lat' dir='ltr'><strong>in</strong></span> <span class='ocrx_word' id='word_1_350' title='bbox 1257 4766 1542 4823; x_wconf 86' lang='lat' dir='ltr'><strong>obsidione</strong></span> <span class='ocrx_word' id='word_1_351' title='bbox 1573 4766 1754 4836; x_wconf 89' lang='lat' dir='ltr'><strong>cujus-</strong></span> 
     </span>
    </p>
   </div>
   <div class='ocr_carea' id='block_1_52' title="bbox 1916 552 3435 629">
    <p class='ocr_par' dir='ltr' id='par_1_52' title="bbox 1916 552 3435 629">
     <span class='ocr_line' id='line_1_52' title="bbox 1916 552 3435 629; baseline 0.007 -20"><span class='ocrx_word' id='word_1_352' title='bbox 1916 553 2031 609; x_wconf 79' lang='lat' dir='ltr'><strong>Rex</strong></span> <span class='ocrx_word' id='word_1_353' title='bbox 2053 562 2235 609; x_wconf 86' lang='lat' dir='ltr'><strong>autem</strong></span> <span class='ocrx_word' id='word_1_354' title='bbox 2262 552 2549 611; x_wconf 84' lang='lat' dir='ltr'><strong>lleinrieus</strong></span> <span class='ocrx_word' id='word_1_355' title='bbox 2586 554 2772 610; x_wconf 88' lang='lat' dir='ltr'><strong>habito</strong></span> <span class='ocrx_word' id='word_1_356' title='bbox 2819 553 3007 621; x_wconf 76' lang='lat' dir='ltr'><strong>Ulmte,</strong></span> <span class='ocrx_word' id='word_1_357' title='bbox 3065 572 3191 614; x_wconf 88' lang='lat' dir='ltr'><strong>cum</strong></span> <span class='ocrx_word' id='word_1_358' title='bbox 3238 561 3435 629; x_wconf 75' lang='lat' dir='ltr'><strong>quibus</strong></span> 
     </span>
    </p>
   </div>
   <div class='ocr_carea' id='block_1_53' title="bbox 1844 642 3438 714">
    <p class='ocr_par' dir='ltr' id='par_1_53' title="bbox 1844 642 3438 714">
     <span class='ocr_line' id='line_1_53' title="bbox 1844 642 3438 714; baseline 0.008 -18"><span class='ocrx_word' id='word_1_359' title='bbox 1844 652 2076 712; x_wconf 75' lang='lat' dir='ltr'><strong>poterat,</strong></span> <span class='ocrx_word' id='word_1_360' title='bbox 2111 642 2401 712; x_wconf 84' lang='lat' dir='ltr'><strong>colloquio,</strong></span> <span class='ocrx_word' id='word_1_361' title='bbox 2451 658 2630 714; x_wconf 79' lang='lat' dir='ltr'><strong>regem</strong></span> <span class='ocrx_word' id='word_1_362' title='bbox 2679 643 3004 700; x_wconf 73' lang='lat' dir='ltr'><strong>Roudolfum</strong></span> <span class='ocrx_word' id='word_1_363' title='bbox 3041 660 3166 703; x_wconf 89' lang='lat' dir='ltr'><strong>cum</strong></span> <span class='ocrx_word' id='word_1_364' title='bbox 3207 650 3438 709; x_wconf 65' lang='lat' dir='ltr'><strong>ducibus</strong></span> 
     </span>
    </p>
   </div>
   <div class='ocr_carea' id='block_1_54' title="bbox 1846 734 3436 799">
    <p class='ocr_par' dir='ltr' id='par_1_54' title="bbox 1846 734 3436 799">
     <span class='ocr_line' id='line_1_54' title="bbox 1846 734 3436 799; baseline 0.007 -11"><span class='ocrx_word' id='word_1_365' title='bbox 1846 736 1959 789; x_wconf 69' lang='lat' dir='ltr'><strong>suis</strong></span> <span class='ocrx_word' id='word_1_366' title='bbox 1982 734 2271 791; x_wconf 83' lang='lat' dir='ltr'><strong>Berbtoldo</strong></span> <span class='ocrx_word' id='word_1_367' title='bbox 2315 744 2370 790; x_wconf 88' lang='lat' dir='ltr'><strong>et</strong></span> <span class='ocrx_word' id='word_1_368' title='bbox 2421 734 2600 792; x_wconf 79' lang='lat' dir='ltr'><strong>\Vell‘o</strong></span> <span class='ocrx_word' id='word_1_369' title='bbox 2650 745 2706 792; x_wconf 90' lang='lat' dir='ltr'><strong>et</strong></span> <span class='ocrx_word' id='word_1_370' title='bbox 2754 736 2968 793; x_wconf 82' lang='lat' dir='ltr'><strong>caeteris</strong></span> <span class='ocrx_word' id='word_1_371' title='bbox 3011 738 3436 799; x_wconf 80' lang='lat' dir='ltr'><strong>Alemannorum</strong></span> 
     </span>
    </p>
   </div>
   <div class='ocr_carea' id='block_1_55' title="bbox 1848 825 3435 904">
    <p class='ocr_par' dir='ltr' id='par_1_55' title="bbox 1848 825 3435 904">
     <span class='ocr_line' id='line_1_55' title="bbox 1848 825 3435 904; baseline 0.006 -24"><span class='ocrx_word' id='word_1_372' title='bbox 1848 825 1949 897; x_wconf 86' lang='lat' dir='ltr'><strong>ipsi</strong></span> <span class='ocrx_word' id='word_1_373' title='bbox 1993 834 2485 899; x_wconf 85' lang='lat' dir='ltr'><strong>consentaneorum</strong></span> <span class='ocrx_word' id='word_1_374' title='bbox 2532 825 2867 896; x_wconf 89' lang='lat' dir='ltr'><strong>majoribus,</strong></span> <span class='ocrx_word' id='word_1_375' title='bbox 2918 829 3216 887; x_wconf 85' lang='lat' dir='ltr'><strong>secundum</strong></span> <span class='ocrx_word' id='word_1_376' title='bbox 3260 832 3435 904; x_wconf 84' lang='lat' dir='ltr'><strong>legem</strong></span> 
     </span>
    </p>
   </div>
   <div class='ocr_carea' id='block_1_56' title="bbox 1846 917 3437 990">
    <p class='ocr_par' dir='ltr' id='par_1_56' title="bbox 1846 917 3437 990">
     <span class='ocr_line' id='line_1_56' title="bbox 1846 917 3437 990; baseline 0.007 -20"><span class='ocrx_word' id='word_1_377' title='bbox 1846 917 2276 983; x_wconf 83' lang='lat' dir='ltr'><strong>Alemannicam,</strong></span> <span class='ocrx_word' id='word_1_378' title='bbox 2297 917 2451 988; x_wconf 87' lang='lat' dir='ltr'><strong>quasi</strong></span> <span class='ocrx_word' id='word_1_379' title='bbox 2483 917 2675 989; x_wconf 84' lang='lat' dir='ltr'><strong>dignos</strong></span> <span class='ocrx_word' id='word_1_380' title='bbox 2690 919 2948 990; x_wconf 80' lang='lat' dir='ltr'><strong>jugulari,</strong></span> <span class='ocrx_word' id='word_1_381' title='bbox 2985 920 3115 978; x_wconf 85' lang='lat' dir='ltr'><strong>fecit</strong></span> <span class='ocrx_word' id='word_1_382' title='bbox 3141 926 3437 981; x_wconf 80' lang='lat' dir='ltr'><strong>sententia-</strong></span> 
     </span>
    </p>
   </div>
   <div class='ocr_carea' id='block_1_57' title="bbox 1850 1009 3436 1088">
    <p class='ocr_par' dir='ltr' id='par_1_57' title="bbox 1850 1009 3436 1088">
     <span class='ocr_line' id='line_1_57' title="bbox 1850 1009 3436 1088; baseline 0.007 -22"><span class='ocrx_word' id='word_1_383' title='bbox 1850 1010 1976 1087; x_wconf 86' lang='lat' dir='ltr'><strong>liter</strong></span> <span class='ocrx_word' id='word_1_384' title='bbox 1996 1009 2332 1079; x_wconf 82' lang='lat' dir='ltr'><strong>adjudicatos</strong></span> <span class='ocrx_word' id='word_1_385' title='bbox 2357 1011 2626 1077; x_wconf 87' lang='lat' dir='ltr'><strong>damnari,</strong></span> <span class='ocrx_word' id='word_1_386' title='bbox 2651 1022 2706 1069; x_wconf 86' lang='lat' dir='ltr'><strong>et</strong></span> <span class='ocrx_word' id='word_1_387' title='bbox 2737 1014 2941 1083; x_wconf 87' lang='lat' dir='ltr'><strong>pariter</strong></span> <span class='ocrx_word' id='word_1_388' title='bbox 2981 1017 3333 1088; x_wconf 87' lang='lat' dir='ltr'><strong>dignitatibus</strong></span> <span class='ocrx_word' id='word_1_389' title='bbox 3380 1034 3436 1077; x_wconf 86' lang='lat' dir='ltr'><strong>et</strong></span> 
     </span>
    </p>
   </div>
   <div class='ocr_carea' id='block_1_58' title="bbox 1848 1103 3438 1175">
    <p class='ocr_par' dir='ltr' id='par_1_58' title="bbox 1848 1103 3438 1175">
     <span class='ocr_line' id='line_1_58' title="bbox 1848 1103 3438 1175; baseline 0.006 -14"><span class='ocrx_word' id='word_1_390' title='bbox 1848 1103 2131 1161; x_wconf 77' lang='lat' dir='ltr'><strong>beneﬁciis</strong></span> <span class='ocrx_word' id='word_1_391' title='bbox 2155 1106 2269 1161; x_wconf 90' lang='lat' dir='ltr'><strong>suis</strong></span> <span class='ocrx_word' id='word_1_392' title='bbox 2296 1104 2535 1174; x_wconf 78' lang='lat' dir='ltr'><strong>privari;</strong></span> <span class='ocrx_word' id='word_1_393' title='bbox 2585 1105 2783 1175; x_wconf 89' lang='lat' dir='ltr'><strong>quibus</strong></span> <span class='ocrx_word' id='word_1_394' title='bbox 2823 1108 3108 1165; x_wconf 86' lang='lat' dir='ltr'><strong>confestim</strong></span> <span class='ocrx_word' id='word_1_395' title='bbox 3152 1110 3438 1170; x_wconf 81' lang='lat' dir='ltr'><strong>nonnullos</strong></span> 
     </span>
    </p>
   </div>
   <div class='ocr_carea' id='block_1_59' title="bbox 1849 1195 3434 1264">
    <p class='ocr_par' dir='ltr' id='par_1_59' title="bbox 1849 1195 3434 1264">
     <span class='ocr_line' id='line_1_59' title="bbox 1849 1195 3434 1264; baseline 0.005 -10"><span class='ocrx_word' id='word_1_396' title='bbox 1849 1213 2070 1254; x_wconf 83' lang='lat' dir='ltr'><strong>suorum</strong></span> <span class='ocrx_word' id='word_1_397' title='bbox 2096 1195 2446 1254; x_wconf 78' lang='lat' dir='ltr'><strong>benelieiatos</strong></span> <span class='ocrx_word' id='word_1_398' title='bbox 2466 1197 2689 1264; x_wconf 85' lang='lat' dir='ltr'><strong>ditavit;</strong></span> <span class='ocrx_word' id='word_1_399' title='bbox 2713 1209 2769 1254; x_wconf 89' lang='lat' dir='ltr'><strong>et</strong></span> <span class='ocrx_word' id='word_1_400' title='bbox 2795 1199 2877 1256; x_wconf 90' lang='lat' dir='ltr'><strong>sic</strong></span> <span class='ocrx_word' id='word_1_401' title='bbox 2902 1201 2958 1255; x_wconf 81' lang='lat' dir='ltr'><strong>ir:</strong></span> <span class='ocrx_word' id='word_1_402' title='bbox 3016 1204 3278 1260; x_wconf 79' lang='lat' dir='ltr'><strong>auxilium</strong></span> <span class='ocrx_word' id='word_1_403' title='bbox 3327 1205 3434 1263; x_wconf 89' lang='lat' dir='ltr'><strong>sibi</strong></span> 
     </span>
    </p>
   </div>
   <div class='ocr_carea' id='block_1_60' title="bbox 1851 1290 3438 1363">
    <p class='ocr_par' dir='ltr' id='par_1_60' title="bbox 1851 1290 3438 1363">
     <span class='ocr_line' id='line_1_60' title="bbox 1851 1290 3438 1363; baseline 0.004 -16"><span class='ocrx_word' id='word_1_404' title='bbox 1851 1292 1972 1355; x_wconf 88' lang='lat' dir='ltr'><strong>hos,</strong></span> <span class='ocrx_word' id='word_1_405' title='bbox 2001 1298 2055 1347; x_wconf 91' lang='lat' dir='ltr'><strong>et</strong></span> <span class='ocrx_word' id='word_1_406' title='bbox 2085 1304 2275 1345; x_wconf 90' lang='lat' dir='ltr'><strong>omnes</strong></span> <span class='ocrx_word' id='word_1_407' title='bbox 2295 1304 2431 1359; x_wconf 84' lang='lat' dir='ltr'><strong>quos</strong></span> <span class='ocrx_word' id='word_1_408' title='bbox 2455 1290 2648 1359; x_wconf 88' lang='lat' dir='ltr'><strong>potuit,</strong></span> <span class='ocrx_word' id='word_1_409' title='bbox 2694 1306 2845 1347; x_wconf 90' lang='lat' dir='ltr'><strong>more</strong></span> <span class='ocrx_word' id='word_1_410' title='bbox 2870 1307 2971 1348; x_wconf 89' lang='lat' dir='ltr'><strong>suo</strong></span> <span class='ocrx_word' id='word_1_411' title='bbox 3019 1293 3296 1363; x_wconf 86' lang='lat' dir='ltr'><strong>adjuratos</strong></span> <span class='ocrx_word' id='word_1_412' title='bbox 3339 1296 3438 1353; x_wconf 81' lang='lat' dir='ltr'><strong>ob-</strong></span> 
     </span>
    </p>
   </div>
   <div class='ocr_carea' id='block_1_61' title="bbox 1851 1380 3440 1453">
    <p class='ocr_par' dir='ltr' id='par_1_61' title="bbox 1851 1380 3440 1453">
     <span class='ocr_line' id='line_1_61' title="bbox 1851 1380 3440 1453; baseline 0.006 -17"><span class='ocrx_word' id='word_1_413' title='bbox 1851 1381 1981 1437; x_wconf 79' lang='lat' dir='ltr'><strong>nixe</strong></span> <span class='ocrx_word' id='word_1_414' title='bbox 2005 1381 2285 1436; x_wconf 75' lang='lat' dir='ltr'><strong>conduxit.</strong></span> <span class='ocrx_word' id='word_1_415' title='bbox 2314 1380 2389 1436; x_wconf 88' lang='lat' dir='ltr'><strong>lbi</strong></span> <span class='ocrx_word' id='word_1_416' title='bbox 2420 1380 2731 1449; x_wconf 86' lang='lat' dir='ltr'><strong>patriarcha</strong></span> <span class='ocrx_word' id='word_1_417' title='bbox 2776 1383 3064 1453; x_wconf 71' lang='lat' dir='ltr'><strong>pranlictus</strong></span> <span class='ocrx_word' id='word_1_418' title='bbox 3091 1401 3213 1442; x_wconf 88' lang='lat' dir='ltr'><strong>cum</strong></span> <span class='ocrx_word' id='word_1_419' title='bbox 3241 1387 3440 1446; x_wconf 82' lang='lat' dir='ltr'><strong>litteris</strong></span> 
     </span>
    </p>
   </div>
   <div class='ocr_carea' id='block_1_62' title="bbox 1851 1471 3436 1548">
    <p class='ocr_par' dir='ltr' id='par_1_62' title="bbox 1851 1471 3436 1548">
     <span class='ocr_line' id='line_1_62' title="bbox 1851 1471 3436 1548; baseline 0.003 -20"><span class='ocrx_word' id='word_1_420' title='bbox 1851 1471 2301 1543; x_wconf 84' lang='lat' dir='ltr'><strong>pseudograpbis,</strong></span> <span class='ocrx_word' id='word_1_421' title='bbox 2327 1472 2480 1541; x_wconf 87' lang='lat' dir='ltr'><strong>quasi</strong></span> <span class='ocrx_word' id='word_1_422' title='bbox 2505 1487 2537 1525; x_wconf 88' lang='lat' dir='ltr'><strong>a</strong></span> <span class='ocrx_word' id='word_1_423' title='bbox 2562 1472 2763 1528; x_wconf 88' lang='lat' dir='ltr'><strong>domno</strong></span> <span class='ocrx_word' id='word_1_424' title='bbox 2785 1473 3083 1543; x_wconf 80' lang='lat' dir='ltr'><strong>apostolico</strong></span> <span class='ocrx_word' id='word_1_425' title='bbox 3109 1475 3164 1530; x_wconf 91' lang='lat' dir='ltr'><strong>in</strong></span> <span class='ocrx_word' id='word_1_426' title='bbox 3189 1475 3292 1531; x_wconf 86' lang='lat' dir='ltr'><strong>has</strong></span> <span class='ocrx_word' id='word_1_427' title='bbox 3312 1493 3436 1548; x_wconf 85' lang='lat' dir='ltr'><strong>par-</strong></span> 
     </span>
    </p>
   </div>
   <div class='ocr_carea' id='block_1_63' title="bbox 1853 1561 3437 1636">
    <p class='ocr_par' dir='ltr' id='par_1_63' title="bbox 1853 1561 3437 1636">
     <span class='ocr_line' id='line_1_63' title="bbox 1853 1561 3437 1636; baseline 0.004 -20"><span class='ocrx_word' id='word_1_428' title='bbox 1853 1572 1936 1618; x_wconf 90' lang='lat' dir='ltr'><strong>tes</strong></span> <span class='ocrx_word' id='word_1_429' title='bbox 1962 1577 2059 1633; x_wconf 89' lang='lat' dir='ltr'><strong>per</strong></span> <span class='ocrx_word' id='word_1_430' title='bbox 2109 1561 2259 1617; x_wconf 85' lang='lat' dir='ltr'><strong>ilium</strong></span> <span class='ocrx_word' id='word_1_431' title='bbox 2293 1562 2648 1625; x_wconf 85' lang='lat' dir='ltr'><strong>transmissis,</strong></span> <span class='ocrx_word' id='word_1_432' title='bbox 2696 1578 2882 1619; x_wconf 89' lang='lat' dir='ltr'><strong>coram</strong></span> <span class='ocrx_word' id='word_1_433' title='bbox 2929 1565 3129 1635; x_wconf 89' lang='lat' dir='ltr'><strong>popqu</strong></span> <span class='ocrx_word' id='word_1_434' title='bbox 3174 1567 3437 1636; x_wconf 72' lang='lat' dir='ltr'><strong>recitatis,</strong></span> 
     </span>
    </p>
   </div>
   <div class='ocr_carea' id='block_1_64' title="bbox 1855 1655 3441 1732">
    <p class='ocr_par' dir='ltr' id='par_1_64' title="bbox 1855 1655 3441 1732">
     <span class='ocr_line' id='line_1_64' title="bbox 1855 1655 3441 1732; baseline 0.006 -22"><span class='ocrx_word' id='word_1_435' title='bbox 1855 1669 2037 1726; x_wconf 83' lang='lat' dir='ltr'><strong>regem</strong></span> <span class='ocrx_word' id='word_1_436' title='bbox 2068 1669 2226 1711; x_wconf 89' lang='lat' dir='ltr'><strong>suum</strong></span> <span class='ocrx_word' id='word_1_437' title='bbox 2255 1655 2584 1711; x_wconf 83' lang='lat' dir='ltr'><strong>omnimodis</strong></span> <span class='ocrx_word' id='word_1_438' title='bbox 2612 1656 2682 1689; x_wconf 83' lang='grc'><strong>¹⁰⁷</strong></span> <span class='ocrx_word' id='word_1_439' title='bbox 2725 1658 3127 1726; x_wconf 78' lang='lat' dir='ltr'><strong>defensitando,</strong></span> <span class='ocrx_word' id='word_1_440' title='bbox 3173 1670 3230 1716; x_wconf 89' lang='lat' dir='ltr'><strong>et</strong></span> <span class='ocrx_word' id='word_1_441' title='bbox 3281 1662 3441 1732; x_wconf 86' lang='lat' dir='ltr'><strong>quasi</strong></span> 
     </span>
    </p>
   </div>
   <div class='ocr_carea' id='block_1_65' title="bbox 1784 1729 3438 1825">
    <p class='ocr_par' dir='ltr' id='par_1_65' title="bbox 1784 1729 3438 1825">
     <span class='ocr_line' id='line_1_65' title="bbox 1784 1729 3438 1825; baseline 0.005 -22"><span class='ocrx_word' id='word_1_442' title='bbox 1784 1729 1822 1788; x_wconf 70' lang='grc' dir='ltr'><strong>Β</strong></span> <span class='ocrx_word' id='word_1_443' title='bbox 1851 1748 2163 1804; x_wconf 89' lang='lat' dir='ltr'><strong>authentica</strong></span> <span class='ocrx_word' id='word_1_444' title='bbox 2188 1749 2289 1803; x_wconf 91' lang='lat' dir='ltr'><strong>hac</strong></span> <span class='ocrx_word' id='word_1_445' title='bbox 2311 1748 2594 1820; x_wconf 86' lang='lat' dir='ltr'><strong>majestate</strong></span> <span class='ocrx_word' id='word_1_446' title='bbox 2614 1764 2742 1805; x_wconf 89' lang='lat' dir='ltr'><strong>eum</strong></span> <span class='ocrx_word' id='word_1_447' title='bbox 2765 1752 2977 1807; x_wconf 89' lang='lat' dir='ltr'><strong>cunctis</strong></span> <span class='ocrx_word' id='word_1_448' title='bbox 2988 1729 3438 1825; x_wconf 41' lang='lat' dir='ltr'><strong>commenda—udo,</strong></span> 
     </span>
    </p>
   </div>
   <div class='ocr_carea' id='block_1_66' title="bbox 1855 1838 3443 1912">
    <p class='ocr_par' dir='ltr' id='par_1_66' title="bbox 1855 1838 3443 1912">
     <span class='ocr_line' id='line_1_66' title="bbox 1855 1838 3443 1912; baseline 0.007 -20"><span class='ocrx_word' id='word_1_449' title='bbox 1855 1838 2031 1909; x_wconf 89' lang='lat' dir='ltr'><strong>ipsum</strong></span> <span class='ocrx_word' id='word_1_450' title='bbox 2069 1838 2124 1893; x_wconf 88' lang='lat' dir='ltr'><strong>in</strong></span> <span class='ocrx_word' id='word_1_451' title='bbox 2158 1840 2309 1910; x_wconf 82' lang='lat' dir='ltr'><strong>regni</strong></span> <span class='ocrx_word' id='word_1_452' title='bbox 2338 1840 2518 1896; x_wconf 81' lang='lat' dir='ltr'><strong>fasces</strong></span> <span class='ocrx_word' id='word_1_453' title='bbox 2542 1840 2918 1912; x_wconf 86' lang='lat' dir='ltr'><strong>dignissimum</strong></span> <span class='ocrx_word' id='word_1_454' title='bbox 2973 1846 3331 1902; x_wconf 86' lang='lat' dir='ltr'><strong>assentatorie</strong></span> <span class='ocrx_word' id='word_1_455' title='bbox 3352 1862 3443 1903; x_wconf 82' lang='lat' dir='ltr'><strong>sa-</strong></span> 
     </span>
    </p>
   </div>
   <div class='ocr_carea' id='block_1_67' title="bbox 1854 1928 3443 2003">
    <p class='ocr_par' dir='ltr' id='par_1_67' title="bbox 1854 1928 3443 2003">
     <span class='ocr_line' id='line_1_67' title="bbox 1854 1928 3443 2003; baseline 0.006 -18"><span class='ocrx_word' id='word_1_456' title='bbox 1854 1929 1925 1985; x_wconf 88' lang='lat' dir='ltr'><strong>tis</strong></span> <span class='ocrx_word' id='word_1_457' title='bbox 1964 1928 2251 1984; x_wconf 85' lang='lat' dir='ltr'><strong>idoneavit.</strong></span> <span class='ocrx_word' id='word_1_458' title='bbox 2278 1928 2382 1997; x_wconf 86' lang='lat' dir='ltr'><strong>Qui</strong></span> <span class='ocrx_word' id='word_1_459' title='bbox 2412 1930 2625 1986; x_wconf 86' lang='lat' dir='ltr'><strong>tandem</strong></span> <span class='ocrx_word' id='word_1_460' title='bbox 2653 1943 2774 2000; x_wconf 90' lang='lat' dir='ltr'><strong>post</strong></span> <span class='ocrx_word' id='word_1_461' title='bbox 2798 1932 3101 2003; x_wconf 87' lang='lat' dir='ltr'><strong>hujusmodi</strong></span> <span class='ocrx_word' id='word_1_462' title='bbox 3126 1936 3443 1995; x_wconf 77' lang='lat' dir='ltr'><strong>mendacem</strong></span> 
     </span>
    </p>
   </div>
   <div class='ocr_carea' id='block_1_68' title="bbox 1852 2020 3443 2098">
    <p class='ocr_par' dir='ltr' id='par_1_68' title="bbox 1852 2020 3443 2098">
     <span class='ocr_line' id='line_1_68' title="bbox 1852 2020 3443 2098; baseline 0.006 -23"><span class='ocrx_word' id='word_1_463' title='bbox 1852 2020 2283 2076; x_wconf 84' lang='lat' dir='ltr'><strong>assentationem</strong></span> <span class='ocrx_word' id='word_1_464' title='bbox 2311 2036 2371 2076; x_wconf 90' lang='lat' dir='ltr'><strong>se</strong></span> <span class='ocrx_word' id='word_1_465' title='bbox 2399 2022 2619 2078; x_wconf 88' lang='lat' dir='ltr'><strong>domum</strong></span> <span class='ocrx_word' id='word_1_466' title='bbox 2650 2022 2972 2079; x_wconf 88' lang='lat' dir='ltr'><strong>festinanter</strong></span> <span class='ocrx_word' id='word_1_467' title='bbox 2995 2028 3325 2098; x_wconf 64' lang='lat' dir='ltr'><strong>proripiens,</strong></span> <span class='ocrx_word' id='word_1_468' title='bbox 3385 2036 3443 2085; x_wconf 90' lang='lat' dir='ltr'><strong>et</strong></span> 
     </span>
    </p>
   </div>
   <div class='ocr_carea' id='block_1_69' title="bbox 1854 2110 3442 2187">
    <p class='ocr_par' dir='ltr' id='par_1_69' title="bbox 1854 2110 3442 2187">
     <span class='ocr_line' id='line_1_69' title="bbox 1854 2110 3442 2187; baseline 0.006 -22"><span class='ocrx_word' id='word_1_469' title='bbox 1854 2121 2172 2181; x_wconf 88' lang='lat' dir='ltr'><strong>sumptuoso</strong></span> <span class='ocrx_word' id='word_1_470' title='bbox 2194 2110 2422 2166; x_wconf 90' lang='lat' dir='ltr'><strong>multum</strong></span> <span class='ocrx_word' id='word_1_471' title='bbox 2452 2121 2718 2181; x_wconf 88' lang='lat' dir='ltr'><strong>apparatu</strong></span> <span class='ocrx_word' id='word_1_472' title='bbox 2748 2127 2809 2168; x_wconf 90' lang='lat' dir='ltr'><strong>se</strong></span> <span class='ocrx_word' id='word_1_473' title='bbox 2837 2114 2889 2169; x_wconf 91' lang='lat' dir='ltr'><strong>in</strong></span> <span class='ocrx_word' id='word_1_474' title='bbox 2950 2116 3097 2186; x_wconf 85' lang='lat' dir='ltr'><strong>regis</strong></span> <span class='ocrx_word' id='word_1_475' title='bbox 3130 2118 3442 2187; x_wconf 83' lang='lat' dir='ltr'><strong>qualecum-</strong></span> 
     </span>
    </p>
   </div>
   <div class='ocr_carea' id='block_1_70' title="bbox 1854 2198 3442 2277">
    <p class='ocr_par' dir='ltr' id='par_1_70' title="bbox 1854 2198 3442 2277">
     <span class='ocr_line' id='line_1_70' title="bbox 1854 2198 3442 2277; baseline 0.009 -26"><span class='ocrx_word' id='word_1_476' title='bbox 1854 2216 1960 2270; x_wconf 91' lang='lat' dir='ltr'><strong>que</strong></span> <span class='ocrx_word' id='word_1_477' title='bbox 1986 2198 2299 2269; x_wconf 78' lang='lat' dir='ltr'><strong>sull‘ragium</strong></span> <span class='ocrx_word' id='word_1_478' title='bbox 2323 2200 2717 2258; x_wconf 84' lang='lat' dir='ltr'><strong>studiosissime</strong></span> <span class='ocrx_word' id='word_1_479' title='bbox 2740 2202 3095 2260; x_wconf 86' lang='lat' dir='ltr'><strong>militaturum</strong></span> <span class='ocrx_word' id='word_1_480' title='bbox 3118 2209 3442 2277; x_wconf 73' lang='lat' dir='ltr'><strong>rependens,</strong></span> 
     </span>
    </p>
   </div>
   <div class='ocr_carea' id='block_1_71' title="bbox 1855 2292 3444 2367">
    <p class='ocr_par' dir='ltr' id='par_1_71' title="bbox 1855 2292 3444 2367">
     <span class='ocr_line' id='line_1_71' title="bbox 1855 2292 3444 2367; baseline 0.008 -22"><span class='ocrx_word' id='word_1_481' title='bbox 1855 2292 2108 2348; x_wconf 85' lang='lat' dir='ltr'><strong>maniaco</strong></span> <span class='ocrx_word' id='word_1_482' title='bbox 2132 2292 2314 2349; x_wconf 89' lang='lat' dir='ltr'><strong>furore</strong></span> <span class='ocrx_word' id='word_1_483' title='bbox 2346 2293 2642 2363; x_wconf 85' lang='lat' dir='ltr'><strong>derepente</strong></span> <span class='ocrx_word' id='word_1_484' title='bbox 2669 2293 2843 2351; x_wconf 90' lang='lat' dir='ltr'><strong>factus</strong></span> <span class='ocrx_word' id='word_1_485' title='bbox 2863 2305 2951 2352; x_wconf 89' lang='lat' dir='ltr'><strong>est</strong></span> <span class='ocrx_word' id='word_1_486' title='bbox 2974 2298 3318 2367; x_wconf 85' lang='lat' dir='ltr'><strong>arreptieius.</strong></span> <span class='ocrx_word' id='word_1_487' title='bbox 3376 2300 3444 2357; x_wconf 79' lang='lat' dir='ltr'><strong>Et</strong></span> 
     </span>
    </p>
   </div>
   <div class='ocr_carea' id='block_1_72' title="bbox 1857 2382 3441 2459">
    <p class='ocr_par' dir='ltr' id='par_1_72' title="bbox 1857 2382 3441 2459">
     <span class='ocr_line' id='line_1_72' title="bbox 1857 2382 3441 2459; baseline 0.004 -21"><span class='ocrx_word' id='word_1_488' title='bbox 1857 2382 2237 2446; x_wconf 62' lang='lat' dir='ltr'><strong>haeiamentiae</strong></span> <span class='ocrx_word' id='word_1_489' title='bbox 2263 2385 2550 2440; x_wconf 85' lang='lat' dir='ltr'><strong>metuenda</strong></span> <span class='ocrx_word' id='word_1_490' title='bbox 2572 2386 2785 2441; x_wconf 86' lang='lat' dir='ltr'><strong>cunctis</strong></span> <span class='ocrx_word' id='word_1_491' title='bbox 2811 2387 3066 2456; x_wconf 81' lang='lat' dir='ltr'><strong>passione</strong></span> <span class='ocrx_word' id='word_1_492' title='bbox 3092 2388 3165 2421; x_wconf 75' lang='lat'><strong>&#39;°‘</strong></span> <span class='ocrx_word' id='word_1_493' title='bbox 3188 2388 3441 2459; x_wconf 87' lang='lat' dir='ltr'><strong>aliquan-</strong></span> 
     </span>
    </p>
   </div>
   <div class='ocr_carea' id='block_1_73' title="bbox 1856 2472 3443 2547">
    <p class='ocr_par' dir='ltr' id='par_1_73' title="bbox 1856 2472 3443 2547">
     <span class='ocr_line' id='line_1_73' title="bbox 1856 2472 3443 2547; baseline 0.005 -20"><span class='ocrx_word' id='word_1_494' title='bbox 1856 2473 2026 2542; x_wconf 84' lang='lat' dir='ltr'><strong>tisper</strong></span> <span class='ocrx_word' id='word_1_495' title='bbox 2054 2473 2120 2526; x_wconf 89' lang='lat' dir='ltr'><strong>ad</strong></span> <span class='ocrx_word' id='word_1_496' title='bbox 2150 2472 2457 2543; x_wconf 76' lang='lat' dir='ltr'><strong>exemplum</strong></span> <span class='ocrx_word' id='word_1_497' title='bbox 2506 2475 2858 2532; x_wconf 85' lang='lat' dir='ltr'><strong>mendacibus</strong></span> <span class='ocrx_word' id='word_1_498' title='bbox 2883 2486 2938 2532; x_wconf 91' lang='lat' dir='ltr'><strong>et</strong></span> <span class='ocrx_word' id='word_1_499' title='bbox 2962 2478 3222 2547; x_wconf 89' lang='lat' dir='ltr'><strong>apostatis</strong></span> <span class='ocrx_word' id='word_1_500' title='bbox 3242 2479 3443 2536; x_wconf 54' lang='lat' dir='ltr'><strong>demto.</strong></span> 
     </span>
    </p>
   </div>
   <div class='ocr_carea' id='block_1_74' title="bbox 1856 2563 3443 2627">
    <p class='ocr_par' dir='ltr' id='par_1_74' title="bbox 1856 2563 3443 2627">
     <span class='ocr_line' id='line_1_74' title="bbox 1856 2563 3443 2627; baseline 0.005 -10"><span class='ocrx_word' id='word_1_501' title='bbox 1856 2563 2013 2618; x_wconf 89' lang='lat' dir='ltr'><strong>niace</strong></span> <span class='ocrx_word' id='word_1_502' title='bbox 2032 2563 2166 2619; x_wconf 87' lang='lat' dir='ltr'><strong>satis</strong></span> <span class='ocrx_word' id='word_1_503' title='bbox 2200 2564 2576 2627; x_wconf 79' lang='lat' dir='ltr'><strong>discruciatus.</strong></span> <span class='ocrx_word' id='word_1_504' title='bbox 2631 2565 2929 2621; x_wconf 87' lang='lat' dir='ltr'><strong>damnabili</strong></span> <span class='ocrx_word' id='word_1_505' title='bbox 2971 2570 3443 2625; x_wconf 83' lang='lat' dir='ltr'><strong>consummatione</strong></span> 
     </span>
    </p>
   </div>
   <div class='ocr_carea' id='block_1_75' title="bbox 1855 2650 3442 2722">
    <p class='ocr_par' dir='ltr' id='par_1_75' title="bbox 1855 2650 3442 2722">
     <span class='ocr_line' id='line_1_75' title="bbox 1855 2650 3442 2722; baseline 0.006 -16"><span class='ocrx_word' id='word_1_506' title='bbox 1855 2650 2236 2708; x_wconf 83' lang='lat' dir='ltr'><strong>insanissintus</strong></span> <span class='ocrx_word' id='word_1_507' title='bbox 2258 2653 2579 2722; x_wconf 79' lang='lat' dir='ltr'><strong>exspiravit.</strong></span> <span class='ocrx_word' id='word_1_508' title='bbox 2617 2652 2687 2707; x_wconf 83' lang='lat' dir='ltr'><strong>Et</strong></span> <span class='ocrx_word' id='word_1_509' title='bbox 2715 2653 2795 2710; x_wconf 88' lang='lat' dir='ltr'><strong>sic</strong></span> <span class='ocrx_word' id='word_1_510' title='bbox 2818 2670 2943 2709; x_wconf 91' lang='lat' dir='ltr'><strong>cum</strong></span> <span class='ocrx_word' id='word_1_511' title='bbox 2992 2658 3269 2715; x_wconf 87' lang='lat' dir='ltr'><strong>nonnullis</strong></span> <span class='ocrx_word' id='word_1_512' title='bbox 3314 2675 3442 2716; x_wconf 90' lang='lat' dir='ltr'><strong>suo-</strong></span> 
     </span>
    </p>
   </div>
   <div class='ocr_carea' id='block_1_76' title="bbox 1856 2745 3442 2820">
    <p class='ocr_par' dir='ltr' id='par_1_76' title="bbox 1856 2745 3442 2820">
     <span class='ocr_line' id='line_1_76' title="bbox 1856 2745 3442 2820; baseline 0.006 -20"><span class='ocrx_word' id='word_1_513' title='bbox 1856 2759 1976 2801; x_wconf 85' lang='lat' dir='ltr'><strong>rum</strong></span> <span class='ocrx_word' id='word_1_514' title='bbox 2006 2745 2287 2801; x_wconf 87' lang='lat' dir='ltr'><strong>subitanea</strong></span> <span class='ocrx_word' id='word_1_515' title='bbox 2319 2745 2505 2801; x_wconf 90' lang='lat' dir='ltr'><strong>itidem</strong></span> <span class='ocrx_word' id='word_1_516' title='bbox 2535 2753 2712 2803; x_wconf 88' lang='lat' dir='ltr'><strong>morte</strong></span> <span class='ocrx_word' id='word_1_517' title='bbox 2759 2747 3097 2820; x_wconf 83' lang='lat' dir='ltr'><strong>direptarum</strong></span> <span class='ocrx_word' id='word_1_518' title='bbox 3142 2752 3211 2807; x_wconf 88' lang='lat' dir='ltr'><strong>ad</strong></span> <span class='ocrx_word' id='word_1_519' title='bbox 3256 2754 3442 2808; x_wconf 81' lang='lat' dir='ltr'><strong>sedem</strong></span> 
     </span>
    </p>
   </div>
   <div class='ocr_carea' id='block_1_77' title="bbox 1855 2834 3444 2912">
    <p class='ocr_par' dir='ltr' id='par_1_77' title="bbox 1855 2834 3444 2912">
     <span class='ocr_line' id='line_1_77' title="bbox 1855 2834 3444 2912; baseline 0.005 -22"><span class='ocrx_word' id='word_1_520' title='bbox 1855 2850 2011 2890; x_wconf 88' lang='lat' dir='ltr'><strong>suam</strong></span> <span class='ocrx_word' id='word_1_521' title='bbox 2045 2834 2390 2891; x_wconf 79' lang='lat' dir='ltr'><strong>tumulandus</strong></span> <span class='ocrx_word' id='word_1_522' title='bbox 2420 2846 2729 2907; x_wconf 85' lang='lat' dir='ltr'><strong>reportatus</strong></span> <span class='ocrx_word' id='word_1_523' title='bbox 2749 2848 2839 2895; x_wconf 88' lang='lat' dir='ltr'><strong>est</strong></span> <span class='ocrx_word' id='word_1_524' title='bbox 2881 2840 3056 2911; x_wconf 81' lang='lat' dir='ltr'><strong>(l58).</strong></span> <span class='ocrx_word' id='word_1_525' title='bbox 3088 2841 3132 2897; x_wconf 92' lang='lat'>0</span> <span class='ocrx_word' id='word_1_526' title='bbox 3161 2857 3325 2912; x_wconf 88' lang='lat' dir='ltr'><strong>quam</strong></span> <span class='ocrx_word' id='word_1_527' title='bbox 3374 2842 3444 2897; x_wconf 89' lang='lat' dir='ltr'><strong>ti-</strong></span> 
     </span>
    </p>
   </div>
   <div class='ocr_carea' id='block_1_78' title="bbox 1856 2927 3437 3004">
    <p class='ocr_par' dir='ltr' id='par_1_78' title="bbox 1856 2927 3437 3004">
     <span class='ocr_line' id='line_1_78' title="bbox 1856 2927 3437 3004; baseline 0.006 -22"><span class='ocrx_word' id='word_1_528' title='bbox 1856 2928 2086 2985; x_wconf 88' lang='lat' dir='ltr'><strong>mendus</strong></span> <span class='ocrx_word' id='word_1_529' title='bbox 2120 2927 2263 2985; x_wconf 85' lang='lat' dir='ltr'><strong>Deus</strong></span> <span class='ocrx_word' id='word_1_530' title='bbox 2292 2927 2557 2998; x_wconf 68' lang='lat' dir='ltr'><strong>ultiobum</strong></span> <span class='ocrx_word' id='word_1_531' title='bbox 2586 2930 2869 2988; x_wconf 83' lang='lat' dir='ltr'><strong>dominus!</strong></span> <span class='ocrx_word' id='word_1_532' title='bbox 2898 2941 2955 2990; x_wconf 89' lang='lat' dir='ltr'><strong>et</strong></span> <span class='ocrx_word' id='word_1_533' title='bbox 2984 2949 3149 3004; x_wconf 89' lang='lat' dir='ltr'><strong>quam</strong></span> <span class='ocrx_word' id='word_1_534' title='bbox 3177 2935 3437 2993; x_wconf 86' lang='lat' dir='ltr'><strong>terribilis</strong></span> 
     </span>
    </p>
   </div>
   <div class='ocr_carea' id='block_1_79' title="bbox 1856 3018 3442 3099">
    <p class='ocr_par' dir='ltr' id='par_1_79' title="bbox 1856 3018 3442 3099">
     <span class='ocr_line' id='line_1_79' title="bbox 1856 3018 3442 3099; baseline 0.007 -25"><span class='ocrx_word' id='word_1_535' title='bbox 1856 3018 1925 3098; x_wconf 79' lang='lat' dir='ltr'><strong>in</strong></span> <span class='ocrx_word' id='word_1_536' title='bbox 1943 3018 2184 3081; x_wconf 87' lang='lat' dir='ltr'><strong>consiliis</strong></span> <span class='ocrx_word' id='word_1_537' title='bbox 2229 3034 2394 3090; x_wconf 83' lang='lat' dir='ltr'><strong>super</strong></span> <span class='ocrx_word' id='word_1_538' title='bbox 2430 3021 2572 3076; x_wconf 76' lang='lat' dir='ltr'><strong>filios</strong></span> <span class='ocrx_word' id='word_1_539' title='bbox 2616 3022 2927 3081; x_wconf 85' lang='lat' dir='ltr'><strong>hominum!</strong></span> <span class='ocrx_word' id='word_1_540' title='bbox 2973 3026 3080 3081; x_wconf 80' lang='lat' dir='ltr'><strong>iste</strong></span> <span class='ocrx_word' id='word_1_541' title='bbox 3123 3022 3303 3082; x_wconf 80' lang='lat' dir='ltr'><strong>homo</strong></span> <span class='ocrx_word' id='word_1_542' title='bbox 3324 3028 3442 3099; x_wconf 87' lang='lat' dir='ltr'><strong>jam</strong></span> 
     </span>
    </p>
   </div>
   <div class='ocr_carea' id='block_1_80' title="bbox 1858 3106 3443 3179">
    <p class='ocr_par' dir='ltr' id='par_1_80' title="bbox 1858 3106 3443 3179">
     <span class='ocr_line' id='line_1_80' title="bbox 1858 3106 3443 3179; baseline 0.009 -19"><span class='ocrx_word' id='word_1_543' title='bbox 1858 3106 2069 3176; x_wconf 86' lang='lat' dir='ltr'><strong>pridem</strong></span> <span class='ocrx_word' id='word_1_544' title='bbox 2092 3107 2215 3163; x_wconf 84' lang='lat' dir='ltr'><strong>zeio</strong></span> <span class='ocrx_word' id='word_1_545' title='bbox 2264 3108 2361 3163; x_wconf 88' lang='lat' dir='ltr'><strong>Dei</strong></span> <span class='ocrx_word' id='word_1_546' title='bbox 2393 3124 2712 3179; x_wconf 84' lang='lat' dir='ltr'><strong>succensus,</strong></span> <span class='ocrx_word' id='word_1_547' title='bbox 2767 3120 2824 3170; x_wconf 89' lang='lat' dir='ltr'><strong>et</strong></span> <span class='ocrx_word' id='word_1_548' title='bbox 2875 3128 2998 3169; x_wconf 88' lang='lat' dir='ltr'><strong>cum</strong></span> <span class='ocrx_word' id='word_1_549' title='bbox 3040 3115 3443 3174; x_wconf 87' lang='lat' dir='ltr'><strong>honestissimis</strong></span> 
     </span>
    </p>
   </div>
   <div class='ocr_carea' id='block_1_81' title="bbox 1858 3196 3439 3276">
    <p class='ocr_par' dir='ltr' id='par_1_81' title="bbox 1858 3196 3439 3276">
     <span class='ocr_line' id='line_1_81' title="bbox 1858 3196 3439 3276; baseline 0.008 -24"><span class='ocrx_word' id='word_1_550' title='bbox 1858 3196 1954 3252; x_wconf 85' lang='lat' dir='ltr'><strong>Dei</strong></span> <span class='ocrx_word' id='word_1_551' title='bbox 1978 3198 2131 3264; x_wconf 87' lang='lat' dir='ltr'><strong>viris,</strong></span> <span class='ocrx_word' id='word_1_552' title='bbox 2154 3199 2564 3271; x_wconf 86' lang='lat' dir='ltr'><strong>archiepiscopo</strong></span> <span class='ocrx_word' id='word_1_553' title='bbox 2582 3198 2875 3259; x_wconf 78' lang='lat' dir='ltr'><strong>Juvavensi</strong></span> <span class='ocrx_word' id='word_1_554' title='bbox 2906 3213 2964 3261; x_wconf 87' lang='lat' dir='ltr'><strong>et</strong></span> <span class='ocrx_word' id='word_1_555' title='bbox 2988 3205 3248 3276; x_wconf 88' lang='lat' dir='ltr'><strong>episcopo</strong></span> <span class='ocrx_word' id='word_1_556' title='bbox 3273 3206 3439 3264; x_wconf 79' lang='lat' dir='ltr'><strong>Pate-</strong></span> 
     </span>
    </p>
   </div>
   <div class='ocr_carea' id='block_1_82' title="bbox 1858 3289 3444 3369">
    <p class='ocr_par' dir='ltr' id='par_1_82' title="bbox 1858 3289 3444 3369">
     <span class='ocr_line' id='line_1_82' title="bbox 1858 3289 3444 3369; baseline 0.008 -26"><span class='ocrx_word' id='word_1_557' title='bbox 1858 3289 2031 3344; x_wconf 85' lang='lat' dir='ltr'><strong>viensi</strong></span> <span class='ocrx_word' id='word_1_558' title='bbox 2062 3299 2116 3344; x_wconf 90' lang='lat' dir='ltr'><strong>et</strong></span> <span class='ocrx_word' id='word_1_559' title='bbox 2140 3306 2264 3345; x_wconf 90' lang='lat' dir='ltr'><strong>eum</strong></span> <span class='ocrx_word' id='word_1_560' title='bbox 2292 3292 2504 3348; x_wconf 72' lang='lat' dir='ltr'><strong>ueteris</strong></span> <span class='ocrx_word' id='word_1_561' title='bbox 2532 3293 2736 3350; x_wconf 85' lang='lat' dir='ltr'><strong>Christi</strong></span> <span class='ocrx_word' id='word_1_562' title='bbox 2763 3293 3048 3361; x_wconf 87' lang='lat' dir='ltr'><strong>militibus,</strong></span> <span class='ocrx_word' id='word_1_563' title='bbox 3096 3297 3165 3352; x_wconf 91' lang='lat' dir='ltr'><strong>ad</strong></span> <span class='ocrx_word' id='word_1_564' title='bbox 3190 3297 3444 3369; x_wconf 80' lang='lat' dir='ltr'><strong>Oppinei-</strong></span> 
     </span>
    </p>
   </div>
   <div class='ocr_carea' id='block_1_83' title="bbox 1858 3380 3441 3456">
    <p class='ocr_par' dir='ltr' id='par_1_83' title="bbox 1858 3380 3441 3456">
     <span class='ocr_line' id='line_1_83' title="bbox 1858 3380 3441 3456; baseline 0.006 -21"><span class='ocrx_word' id='word_1_565' title='bbox 1858 3394 2046 3436; x_wconf 89' lang='lat' dir='ltr'><strong>mense</strong></span> <span class='ocrx_word' id='word_1_566' title='bbox 2090 3380 2160 3413; x_wconf 85' lang='grc'><strong>²⁰⁹</strong></span> <span class='ocrx_word' id='word_1_567' title='bbox 2208 3381 2539 3452; x_wconf 89' lang='lat' dir='ltr'><strong>colloquium</strong></span> <span class='ocrx_word' id='word_1_568' title='bbox 2584 3384 2860 3454; x_wconf 61' lang='lat' dir='ltr'><strong>praeterito</strong></span> <span class='ocrx_word' id='word_1_569' title='bbox 2910 3400 3055 3442; x_wconf 89' lang='lat' dir='ltr'><strong>anno</strong></span> <span class='ocrx_word' id='word_1_570' title='bbox 3097 3390 3441 3456; x_wconf 81' lang='lat' dir='ltr'><strong>perveniens,</strong></span> 
     </span>
    </p>
   </div>
   <div class='ocr_carea' id='block_1_84' title="bbox 1857 3472 3443 3548">
    <p class='ocr_par' dir='ltr' id='par_1_84' title="bbox 1857 3472 3443 3548">
     <span class='ocr_line' id='line_1_84' title="bbox 1857 3472 3443 3548; baseline 0.004 -21"><span class='ocrx_word' id='word_1_571' title='bbox 1857 3485 1964 3527; x_wconf 87' lang='lat' dir='ltr'><strong>non</strong></span> <span class='ocrx_word' id='word_1_572' title='bbox 1987 3487 2179 3542; x_wconf 90' lang='lat' dir='ltr'><strong>parum</strong></span> <span class='ocrx_word' id='word_1_573' title='bbox 2227 3472 2446 3542; x_wconf 86' lang='lat' dir='ltr'><strong>quidem</strong></span> <span class='ocrx_word' id='word_1_574' title='bbox 2493 3488 2604 3543; x_wconf 72' lang='lat' dir='ltr'><strong>pra:</strong></span> <span class='ocrx_word' id='word_1_575' title='bbox 2648 3474 2860 3531; x_wconf 66' lang='lat' dir='ltr'><strong>ueteris</strong></span> <span class='ocrx_word' id='word_1_576' title='bbox 2915 3475 3066 3548; x_wconf 87' lang='lat' dir='ltr'><strong>regni</strong></span> <span class='ocrx_word' id='word_1_577' title='bbox 3122 3478 3443 3548; x_wconf 72' lang='lat' dir='ltr'><strong>primatibus</strong></span> 
     </span>
    </p>
   </div>
   <div class='ocr_carea' id='block_1_85' title="bbox 1855 3563 3442 3640">
    <p class='ocr_par' dir='ltr' id='par_1_85' title="bbox 1855 3563 3442 3640">
     <span class='ocr_line' id='line_1_85' title="bbox 1855 3563 3442 3640; baseline 0.005 -22"><span class='ocrx_word' id='word_1_578' title='bbox 1855 3563 2254 3619; x_wconf 67' lang='lat' dir='ltr'><strong>accclesiastica:</strong></span> <span class='ocrx_word' id='word_1_579' title='bbox 2305 3565 2630 3620; x_wconf 88' lang='lat' dir='ltr'><strong>correctioni</strong></span> <span class='ocrx_word' id='word_1_580' title='bbox 2684 3575 2742 3622; x_wconf 86' lang='lat' dir='ltr'><strong>et</strong></span> <span class='ocrx_word' id='word_1_581' title='bbox 2799 3566 3115 3625; x_wconf 69' lang='lat' dir='ltr'><strong>christiana:</strong></span> <span class='ocrx_word' id='word_1_582' title='bbox 3170 3567 3442 3640; x_wconf 77' lang='lat' dir='ltr'><strong>religionis</strong></span> 
     </span>
    </p>
   </div>
   <div class='ocr_carea' id='block_1_86' title="bbox 1856 3654 3442 3725">
    <p class='ocr_par' dir='ltr' id='par_1_86' title="bbox 1856 3654 3442 3725">
     <span class='ocr_line' id='line_1_86' title="bbox 1856 3654 3442 3725; baseline 0.004 -15"><span class='ocrx_word' id='word_1_583' title='bbox 1856 3654 2155 3725; x_wconf 80' lang='lat' dir='ltr'><strong>disciplina:</strong></span> <span class='ocrx_word' id='word_1_584' title='bbox 2182 3656 2615 3711; x_wconf 82' lang='lat' dir='ltr'><strong>etmeliorationi</strong></span> <span class='ocrx_word' id='word_1_585' title='bbox 2662 3658 2986 3713; x_wconf 60' lang='lat' dir='ltr'><strong>necessaria:</strong></span> <span class='ocrx_word' id='word_1_586' title='bbox 3035 3658 3442 3717; x_wconf 79' lang='lat' dir='ltr'><strong>sollertissimus</strong></span> 
     </span>
    </p>
   </div>
   <div class='ocr_carea' id='block_1_87' title="bbox 1857 3743 3441 3815">
    <p class='ocr_par' dir='ltr' id='par_1_87' title="bbox 1857 3743 3441 3815">
     <span class='ocr_line' id='line_1_87' title="bbox 1857 3743 3441 3815; baseline 0.004 -16"><span class='ocrx_word' id='word_1_587' title='bbox 1857 3743 2084 3809; x_wconf 87' lang='lat' dir='ltr'><strong>studuit,</strong></span> <span class='ocrx_word' id='word_1_588' title='bbox 2111 3753 2168 3799; x_wconf 91' lang='lat' dir='ltr'><strong>et</strong></span> <span class='ocrx_word' id='word_1_589' title='bbox 2189 3743 2342 3813; x_wconf 87' lang='lat' dir='ltr'><strong>quasi</strong></span> <span class='ocrx_word' id='word_1_590' title='bbox 2368 3743 2594 3815; x_wconf 81' lang='lat' dir='ltr'><strong>angelus</strong></span> <span class='ocrx_word' id='word_1_591' title='bbox 2618 3743 2829 3799; x_wconf 84' lang='lat' dir='ltr'><strong>Domini</strong></span> <span class='ocrx_word' id='word_1_592' title='bbox 2858 3745 3221 3814; x_wconf 77' lang='lat' dir='ltr'><strong>exercituum,</strong></span> <span class='ocrx_word' id='word_1_593' title='bbox 3277 3758 3329 3804; x_wconf 89' lang='lat' dir='ltr'><strong>et</strong></span> <span class='ocrx_word' id='word_1_594' title='bbox 3358 3764 3441 3806; x_wconf 83' lang='lat' dir='ltr'><strong>se-</strong></span> 
     </span>
    </p>
   </div>
   <div class='ocr_carea' id='block_1_88' title="bbox 1856 3834 3439 3910">
    <p class='ocr_par' dir='ltr' id='par_1_88' title="bbox 1856 3834 3439 3910">
     <span class='ocr_line' id='line_1_88' title="bbox 1856 3834 3439 3910; baseline 0.002 -18"><span class='ocrx_word' id='word_1_595' title='bbox 1856 3834 2092 3892; x_wconf 89' lang='lat' dir='ltr'><strong>cundum</strong></span> <span class='ocrx_word' id='word_1_596' title='bbox 2125 3849 2285 3890; x_wconf 90' lang='lat' dir='ltr'><strong>suum</strong></span> <span class='ocrx_word' id='word_1_597' title='bbox 2306 3849 2505 3890; x_wconf 88' lang='lat' dir='ltr'><strong>nomen</strong></span> <span class='ocrx_word' id='word_1_598' title='bbox 2538 3834 2685 3906; x_wconf 76' lang='lat'><strong>(159)</strong></span> <span class='ocrx_word' id='word_1_599' title='bbox 2742 3835 2995 3906; x_wconf 88' lang='lat' dir='ltr'><strong>princeps</strong></span> <span class='ocrx_word' id='word_1_600' title='bbox 3037 3848 3275 3906; x_wconf 86' lang='lat' dir='ltr'><strong>patrum,</strong></span> <span class='ocrx_word' id='word_1_601' title='bbox 3326 3842 3439 3910; x_wconf 79' lang='lat' dir='ltr'><strong>regi</strong></span> 
     </span>
    </p>
   </div>
   <div class='ocr_carea' id='block_1_89' title="bbox 1859 3925 3442 3986">
    <p class='ocr_par' dir='ltr' id='par_1_89' title="bbox 1859 3925 3442 3986">
     <span class='ocr_line' id='line_1_89' title="bbox 1859 3925 3442 3986; baseline -0.001 -2"><span class='ocrx_word' id='word_1_602' title='bbox 1859 3928 2114 3986; x_wconf 87' lang='lat' dir='ltr'><strong>lleinrico</strong></span> <span class='ocrx_word' id='word_1_603' title='bbox 2137 3943 2237 3983; x_wconf 91' lang='lat' dir='ltr'><strong>nec</strong></span> <span class='ocrx_word' id='word_1_604' title='bbox 2271 3942 2377 3982; x_wconf 88' lang='lat' dir='ltr'><strong>non</strong></span> <span class='ocrx_word' id='word_1_605' title='bbox 2408 3927 2618 3982; x_wconf 88' lang='lat' dir='ltr'><strong>cunctis</strong></span> <span class='ocrx_word' id='word_1_606' title='bbox 2661 3925 2774 3982; x_wconf 92' lang='lat' dir='ltr'><strong>Deo</strong></span> <span class='ocrx_word' id='word_1_607' title='bbox 2808 3935 2863 3982; x_wconf 89' lang='lat' dir='ltr'><strong>et</strong></span> <span class='ocrx_word' id='word_1_608' title='bbox 2908 3938 3099 3984; x_wconf 89' lang='lat' dir='ltr'><strong>sancto</strong></span> <span class='ocrx_word' id='word_1_609' title='bbox 3147 3928 3309 3986; x_wconf 85' lang='lat' dir='ltr'><strong>Petro</strong></span> <span class='ocrx_word' id='word_1_610' title='bbox 3359 3930 3442 3985; x_wconf 81' lang='lat' dir='ltr'><strong>in-</strong></span> 
     </span>
    </p>
   </div>
   <div class='ocr_carea' id='block_1_90' title="bbox 1856 4018 3442 4090">
    <p class='ocr_par' dir='ltr' id='par_1_90' title="bbox 1856 4018 3442 4090">
     <span class='ocr_line' id='line_1_90' title="bbox 1856 4018 3442 4090; baseline -0.001 -12"><span class='ocrx_word' id='word_1_611' title='bbox 1856 4020 2254 4078; x_wconf 76' lang='lat' dir='ltr'><strong>obmdientibus</strong></span> <span class='ocrx_word' id='word_1_612' title='bbox 2281 4030 2337 4075; x_wconf 86' lang='lat' dir='ltr'><strong>et</strong></span> <span class='ocrx_word' id='word_1_613' title='bbox 2362 4018 2784 4089; x_wconf 80' lang='lat' dir='ltr'><strong>repugnantibus</strong></span> <span class='ocrx_word' id='word_1_614' title='bbox 2817 4019 3000 4090; x_wconf 87' lang='lat' dir='ltr'><strong>gladio</strong></span> <span class='ocrx_word' id='word_1_615' title='bbox 3028 4020 3254 4090; x_wconf 84' lang='lat' dir='ltr'><strong>spiritus</strong></span> <span class='ocrx_word' id='word_1_616' title='bbox 3294 4022 3442 4077; x_wconf 88' lang='lat' dir='ltr'><strong>anci-</strong></span> 
     </span>
    </p>
   </div>
   <div class='ocr_carea' id='block_1_91' title="bbox 1857 4110 3443 4187">
    <p class='ocr_par' dir='ltr' id='par_1_91' title="bbox 1857 4110 3443 4187">
     <span class='ocr_line' id='line_1_91' title="bbox 1857 4110 3443 4187; baseline -0.001 -17"><span class='ocrx_word' id='word_1_617' title='bbox 1857 4115 1955 4187; x_wconf 91' lang='lat' dir='ltr'><strong>piti</strong></span> <span class='ocrx_word' id='word_1_618' title='bbox 1984 4116 2164 4170; x_wconf 81' lang='lat' dir='ltr'><strong>minax</strong></span> <span class='ocrx_word' id='word_1_619' title='bbox 2189 4112 2415 4168; x_wconf 90' lang='lat' dir='ltr'><strong>multum</strong></span> <span class='ocrx_word' id='word_1_620' title='bbox 2466 4123 2523 4166; x_wconf 89' lang='lat' dir='ltr'><strong>et</strong></span> <span class='ocrx_word' id='word_1_621' title='bbox 2569 4110 2873 4168; x_wconf 88' lang='lat' dir='ltr'><strong>horrendus</strong></span> <span class='ocrx_word' id='word_1_622' title='bbox 2928 4111 3159 4167; x_wconf 87' lang='lat' dir='ltr'><strong>viriliter</strong></span> <span class='ocrx_word' id='word_1_623' title='bbox 3203 4113 3443 4184; x_wconf 86' lang='lat' dir='ltr'><strong>undique</strong></span> 
     </span>
    </p>
   </div>
   <div class='ocr_carea' id='block_1_92' title="bbox 1856 4202 3438 4264">
    <p class='ocr_par' dir='ltr' id='par_1_92' title="bbox 1856 4202 3438 4264">
     <span class='ocr_line' id='line_1_92' title="bbox 1856 4202 3438 4264; baseline -0.005 0"><span class='ocrx_word' id='word_1_624' title='bbox 1856 4208 2157 4264; x_wconf 88' lang='lat' dir='ltr'><strong>obstiterat.</strong></span> <span class='ocrx_word' id='word_1_625' title='bbox 2196 4203 2346 4259; x_wconf 83' lang='lat' dir='ltr'><strong>Nunc</strong></span> <span class='ocrx_word' id='word_1_626' title='bbox 2366 4212 2546 4257; x_wconf 85' lang='lat' dir='ltr'><strong>autent</strong></span> <span class='ocrx_word' id='word_1_627' title='bbox 2578 4217 2686 4256; x_wconf 91' lang='lat' dir='ltr'><strong>non</strong></span> <span class='ocrx_word' id='word_1_628' title='bbox 2717 4202 2943 4258; x_wconf 88' lang='lat' dir='ltr'><strong>modicis</strong></span> <span class='ocrx_word' id='word_1_629' title='bbox 2965 4218 3285 4259; x_wconf 82' lang='lat' dir='ltr'><strong>mammome</strong></span> <span class='ocrx_word' id='word_1_630' title='bbox 3312 4218 3438 4259; x_wconf 86' lang='lat' dir='ltr'><strong>cor-</strong></span> 
     </span>
    </p>
   </div>
   <div class='ocr_carea' id='block_1_93' title="bbox 1857 4293 3441 4368">
    <p class='ocr_par' dir='ltr' id='par_1_93' title="bbox 1857 4293 3441 4368">
     <span class='ocr_line' id='line_1_93' title="bbox 1857 4293 3441 4368; baseline -0.004 -11"><span class='ocrx_word' id='word_1_631' title='bbox 1857 4308 2049 4368; x_wconf 82' lang='lat' dir='ltr'><strong>ruptus</strong></span> <span class='ocrx_word' id='word_1_632' title='bbox 2078 4296 2367 4362; x_wconf 85' lang='lat' dir='ltr'><strong>illecebris,</strong></span> <span class='ocrx_word' id='word_1_633' title='bbox 2397 4310 2428 4350; x_wconf 90' lang='lat' dir='ltr'><strong>a</strong></span> <span class='ocrx_word' id='word_1_634' title='bbox 2455 4294 2571 4350; x_wconf 88' lang='lat' dir='ltr'><strong>zelo</strong></span> <span class='ocrx_word' id='word_1_635' title='bbox 2595 4294 2667 4328; x_wconf 81' lang='grc'><strong>³¹⁰</strong></span> <span class='ocrx_word' id='word_1_636' title='bbox 2691 4304 2747 4351; x_wconf 89' lang='lat' dir='ltr'><strong>et</strong></span> <span class='ocrx_word' id='word_1_637' title='bbox 2760 4294 2967 4365; x_wconf 88' lang='lat' dir='ltr'><strong>justitia</strong></span> <span class='ocrx_word' id='word_1_638' title='bbox 2996 4294 3090 4350; x_wconf 88' lang='lat' dir='ltr'><strong>Dei</strong></span> <span class='ocrx_word' id='word_1_639' title='bbox 3133 4293 3441 4351; x_wconf 87' lang='lat' dir='ltr'><strong>levissimus</strong></span> 
     </span>
    </p>
   </div>
   <div class='ocr_carea' id='block_1_94' title="bbox 1858 4386 3439 4462">
    <p class='ocr_par' dir='ltr' id='par_1_94' title="bbox 1858 4386 3439 4462">
     <span class='ocr_line' id='line_1_94' title="bbox 1858 4386 3439 4462; baseline -0.002 -17"><span class='ocrx_word' id='word_1_640' title='bbox 1858 4399 2102 4462; x_wconf 86' lang='lat' dir='ltr'><strong>apostata</strong></span> <span class='ocrx_word' id='word_1_641' title='bbox 2138 4398 2197 4445; x_wconf 88' lang='lat' dir='ltr'><strong>et</strong></span> <span class='ocrx_word' id='word_1_642' title='bbox 2243 4389 2494 4459; x_wconf 89' lang='lat' dir='ltr'><strong>princeps</strong></span> <span class='ocrx_word' id='word_1_643' title='bbox 2543 4387 2748 4443; x_wconf 91' lang='lat' dir='ltr'><strong>erroris</strong></span> <span class='ocrx_word' id='word_1_644' title='bbox 2782 4386 3071 4442; x_wconf 83' lang='lat' dir='ltr'><strong>infeliciter</strong></span> <span class='ocrx_word' id='word_1_645' title='bbox 3125 4387 3439 4444; x_wconf 71' lang='lat' dir='ltr'><strong>declinavit.</strong></span> 
     </span>
    </p>
   </div>
   <div class='ocr_carea' id='block_1_95' title="bbox 1860 4478 3442 4553">
    <p class='ocr_par' dir='ltr' id='par_1_95' title="bbox 1860 4478 3442 4553">
     <span class='ocr_line' id='line_1_95' title="bbox 1860 4478 3442 4553; baseline -0.005 -13"><span class='ocrx_word' id='word_1_646' title='bbox 1860 4482 2013 4540; x_wconf 86' lang='lat' dir='ltr'><strong>Unde</strong></span> <span class='ocrx_word' id='word_1_647' title='bbox 2039 4481 2150 4538; x_wconf 90' lang='lat' dir='ltr'><strong>Deo</strong></span> <span class='ocrx_word' id='word_1_648' title='bbox 2163 4481 2370 4553; x_wconf 88' lang='lat' dir='ltr'><strong>judice,</strong></span> <span class='ocrx_word' id='word_1_649' title='bbox 2401 4479 2675 4552; x_wconf 82' lang='lat' dir='ltr'><strong>aequitatis</strong></span> <span class='ocrx_word' id='word_1_650' title='bbox 2695 4478 3126 4545; x_wconf 85' lang='lat' dir='ltr'><strong>servantissimo,</strong></span> <span class='ocrx_word' id='word_1_651' title='bbox 3172 4487 3227 4534; x_wconf 90' lang='lat' dir='ltr'><strong>et</strong></span> <span class='ocrx_word' id='word_1_652' title='bbox 3268 4478 3356 4534; x_wconf 91' lang='lat' dir='ltr'><strong>hic</strong></span> <span class='ocrx_word' id='word_1_653' title='bbox 3387 4479 3442 4533; x_wconf 89' lang='lat' dir='ltr'><strong>in</strong></span> 
     </span>
    </p>
   </div>
   <div class='ocr_carea' id='block_1_96' title="bbox 1855 4566 3442 4644">
    <p class='ocr_par' dir='ltr' id='par_1_96' title="bbox 1855 4566 3442 4644">
     <span class='ocr_line' id='line_1_96' title="bbox 1855 4566 3442 4644; baseline -0.006 -13"><span class='ocrx_word' id='word_1_654' title='bbox 1855 4571 2103 4644; x_wconf 80' lang='lat' dir='ltr'><strong>exemplo</strong></span> <span class='ocrx_word' id='word_1_655' title='bbox 2139 4572 2351 4629; x_wconf 85' lang='lat' dir='ltr'><strong>cunctis</strong></span> <span class='ocrx_word' id='word_1_656' title='bbox 2400 4569 2599 4626; x_wconf 91' lang='lat' dir='ltr'><strong>intueri</strong></span> <span class='ocrx_word' id='word_1_657' title='bbox 2650 4569 2954 4626; x_wconf 82' lang='lat' dir='ltr'><strong>volentibus</strong></span> <span class='ocrx_word' id='word_1_658' title='bbox 2996 4576 3206 4640; x_wconf 88' lang='lat' dir='ltr'><strong>partem</strong></span> <span class='ocrx_word' id='word_1_659' title='bbox 3255 4566 3442 4622; x_wconf 83' lang='lat' dir='ltr'><strong>colicis</strong></span> 
     </span>
    </p>
   </div>
   <div class='ocr_carea' id='block_1_97' title="bbox 1857 4660 3446 4738">
    <p class='ocr_par' dir='ltr' id='par_1_97' title="bbox 1857 4660 3446 4738">
     <span class='ocr_line' id='line_1_97' title="bbox 1857 4660 3446 4738; baseline -0.005 -16"><span class='ocrx_word' id='word_1_660' title='bbox 1857 4666 1940 4723; x_wconf 88' lang='lat' dir='ltr'><strong>sui</strong></span> <span class='ocrx_word' id='word_1_661' title='bbox 1971 4678 2265 4738; x_wconf 88' lang='lat' dir='ltr'><strong>parumper</strong></span> <span class='ocrx_word' id='word_1_662' title='bbox 2290 4660 2666 4733; x_wconf 65' lang='lat' dir='ltr'><strong>praegustarit,</strong></span> <span class='ocrx_word' id='word_1_663' title='bbox 2696 4670 2750 4716; x_wconf 90' lang='lat' dir='ltr'><strong>et</strong></span> <span class='ocrx_word' id='word_1_664' title='bbox 2774 4667 3164 4732; x_wconf 68' lang='lat' dir='ltr'><strong>praegustatum</strong></span> <span class='ocrx_word' id='word_1_665' title='bbox 3210 4660 3263 4715; x_wconf 90' lang='lat' dir='ltr'><strong>in</strong></span> <span class='ocrx_word' id='word_1_666' title='bbox 3288 4667 3446 4716; x_wconf 75' lang='lat' dir='ltr'><strong>teter-</strong></span> 
     </span>
    </p>
   </div>
   <div class='ocr_carea' id='block_1_98' title="bbox 1854 4751 3507 4822">
    <p class='ocr_par' dir='ltr' id='par_1_98' title="bbox 1854 4751 3507 4822">
     <span class='ocr_line' id='line_1_98' title="bbox 1854 4751 3507 4822; baseline -0.008 -6"><span class='ocrx_word' id='word_1_667' title='bbox 1854 4774 1985 4817; x_wconf 90' lang='lat' dir='ltr'><strong>num</strong></span> <span class='ocrx_word' id='word_1_668' title='bbox 2011 4767 2069 4814; x_wconf 89' lang='lat' dir='ltr'><strong>et</strong></span> <span class='ocrx_word' id='word_1_669' title='bbox 2097 4757 2240 4814; x_wconf 90' lang='lat' dir='ltr'><strong>ultra</strong></span> <span class='ocrx_word' id='word_1_670' title='bbox 2271 4770 2378 4810; x_wconf 91' lang='lat' dir='ltr'><strong>non</strong></span> <span class='ocrx_word' id='word_1_671' title='bbox 2421 4752 2851 4809; x_wconf 77' lang='lat' dir='ltr'><strong>exhauriendum</strong></span> <span class='ocrx_word' id='word_1_672' title='bbox 2883 4760 3106 4822; x_wconf 89' lang='lat' dir='ltr'><strong>epotare</strong></span> <span class='ocrx_word' id='word_1_673' title='bbox 3137 4751 3447 4808; x_wconf 76' lang='lat' dir='ltr'><strong>siticulosus</strong></span> <span class='ocrx_word' id='word_1_674' title='bbox 3506 4768 3507 4771; x_wconf 48' lang='grc' dir='ltr'><strong>η</strong></span> 
     </span>
    </p>
   </div>
   <div class='ocr_carea' id='block_1_99' title="bbox 170 4846 2599 4928">
    <p class='ocr_par' dir='ltr' id='par_1_99' title="bbox 170 4846 2599 4928">
     <span class='ocr_line' id='line_1_99' title="bbox 170 4846 2599 4928; baseline -0.005 -16"><span class='ocrx_word' id='word_1_675' title='bbox 170 4853 287 4912; x_wconf 80' lang='lat' dir='ltr'><strong>datu</strong></span> <span class='ocrx_word' id='word_1_676' title='bbox 311 4855 697 4926; x_wconf 78' lang='lat' dir='ltr'><strong>castellijuxta</strong></span> <span class='ocrx_word' id='word_1_677' title='bbox 736 4857 1038 4915; x_wconf 89' lang='lat' dir='ltr'><strong>Danubium</strong></span> <span class='ocrx_word' id='word_1_678' title='bbox 1067 4871 1175 4913; x_wconf 90' lang='lat' dir='ltr'><strong>non</strong></span> <span class='ocrx_word' id='word_1_679' title='bbox 1204 4871 1328 4914; x_wconf 92' lang='lat' dir='ltr'><strong>cum</strong></span> <span class='ocrx_word' id='word_1_680' title='bbox 1360 4870 1528 4928; x_wconf 87' lang='lat' dir='ltr'><strong>parva</strong></span> <span class='ocrx_word' id='word_1_681' title='bbox 1559 4856 1752 4912; x_wconf 85' lang='lat' dir='ltr'><strong>militia</strong></span> <span class='ocrx_word' id='word_1_682' title='bbox 1853 4865 2069 4920; x_wconf 82' lang='lat' dir='ltr'><strong>semper</strong></span> <span class='ocrx_word' id='word_1_683' title='bbox 2095 4849 2316 4904; x_wconf 89' lang='lat' dir='ltr'><strong>minime</strong></span> <span class='ocrx_word' id='word_1_684' title='bbox 2342 4846 2599 4903; x_wconf 86' lang='lat' dir='ltr'><strong>cessabit.</strong></span> 
     </span>
    </p>
   </div>
   <div class='ocr_carea' id='block_1_100' title="bbox 172 4947 1754 5021">
    <p class='ocr_par' dir='ltr' id='par_1_100' title="bbox 172 4947 1754 5021">
     <span class='ocr_line' id='line_1_100' title="bbox 172 4947 1754 5021; baseline -0.001 -17"><span class='ocrx_word' id='word_1_685' title='bbox 172 4950 497 5017; x_wconf 79' lang='lat' dir='ltr'><strong>consedisse,</strong></span> <span class='ocrx_word' id='word_1_686' title='bbox 525 4958 585 5006; x_wconf 89' lang='lat' dir='ltr'><strong>et</strong></span> <span class='ocrx_word' id='word_1_687' title='bbox 612 4949 724 5005; x_wconf 89' lang='lat' dir='ltr'><strong>illic</strong></span> <span class='ocrx_word' id='word_1_688' title='bbox 745 4949 981 5006; x_wconf 79' lang='lat' dir='ltr'><strong>militum</strong></span> <span class='ocrx_word' id='word_1_689' title='bbox 1003 4963 1247 5018; x_wconf 87' lang='lat' dir='ltr'><strong>suorum,</strong></span> <span class='ocrx_word' id='word_1_690' title='bbox 1290 4963 1429 5021; x_wconf 86' lang='lat' dir='ltr'><strong>quos</strong></span> <span class='ocrx_word' id='word_1_691' title='bbox 1458 4947 1754 5003; x_wconf 85' lang='lat' dir='ltr'><strong>undecum-</strong></span> 
     </span>
    </p>
   </div>
   <div class='ocr_carea' id='block_1_101' title="bbox 1926 4929 3449 5010">
    <p class='ocr_par' dir='ltr' id='par_1_101' title="bbox 1926 4929 3449 5010">
     <span class='ocr_line' id='line_1_101' title="bbox 1926 4929 3449 5010; baseline -0.009 -15"><span class='ocrx_word' id='word_1_692' title='bbox 1926 4939 2099 5009; x_wconf 86' lang='lat' dir='ltr'><strong>Quem</strong></span> <span class='ocrx_word' id='word_1_693' title='bbox 2123 4935 2485 5010; x_wconf 78' lang='lat' dir='ltr'><strong>Augustensis</strong></span> <span class='ocrx_word' id='word_1_694' title='bbox 2513 4932 2799 5006; x_wconf 81' lang='lat' dir='ltr'><strong>episcopus</strong></span> <span class='ocrx_word' id='word_1_695' title='bbox 2823 4942 2933 4986; x_wconf 87' lang='lat' dir='ltr'><strong>non</strong></span> <span class='ocrx_word' id='word_1_696' title='bbox 2955 4929 3142 4989; x_wconf 89' lang='lat' dir='ltr'><strong>minus</strong></span> <span class='ocrx_word' id='word_1_697' title='bbox 3159 4930 3449 4989; x_wconf 87' lang='lat' dir='ltr'><strong>infeliciter</strong></span> 
     </span>
    </p>
   </div>
   <div class='ocr_carea' id='block_1_102' title="bbox 1455 5073 2139 5137">
    <p class='ocr_par' dir='ltr' id='par_1_102' title="bbox 1455 5073 2139 5137">
     <span class='ocr_line' id='line_1_102' title="bbox 1455 5073 2139 5137; baseline -0.009 0"><span class='ocrx_word' id='word_1_698' title='bbox 1455 5079 1694 5137; x_wconf 67' lang='lat' dir='ltr'><strong>VARUS</strong></span> <span class='ocrx_word' id='word_1_699' title='bbox 1731 5073 2139 5136; x_wconf 80' lang='lat' dir='ltr'><strong>LECTIONES.</strong></span> 
     </span>
    </p>
   </div>
   <div class='ocr_carea' id='block_1_103' title="bbox 232 5157 3434 5246">
    <p class='ocr_par' dir='ltr' id='par_1_103' title="bbox 232 5157 3434 5246">
     <span class='ocr_line' id='line_1_103' title="bbox 232 5157 3434 5246; baseline -0.006 -13"><span class='ocrx_word' id='word_1_700' title='bbox 232 5174 301 5207; x_wconf 85' lang='grc'><strong>²⁶¹</strong></span> <span class='ocrx_word' id='word_1_701' title='bbox 332 5175 471 5246; x_wconf 88' lang='lat' dir='ltr'><strong>ipsis</strong></span> <span class='ocrx_word' id='word_1_702' title='bbox 520 5174 578 5246; x_wconf 76' lang='grc'><strong>2.</strong></span> <span class='ocrx_word' id='word_1_703' title='bbox 626 5175 720 5246; x_wconf 13' lang='grc' dir='ltr'><strong>θ’θ’</strong></span> <span class='ocrx_word' id='word_1_704' title='bbox 752 5187 899 5234; x_wconf 86' lang='lat' dir='ltr'><strong>sunt.</strong></span> <span class='ocrx_word' id='word_1_705' title='bbox 937 5174 1032 5231; x_wconf 87' lang='lat' dir='ltr'><strong>Sic</strong></span> <span class='ocrx_word' id='word_1_706' title='bbox 1061 5191 1167 5233; x_wconf 91' lang='lat' dir='ltr'><strong>non</strong></span> <span class='ocrx_word' id='word_1_707' title='bbox 1193 5180 1277 5236; x_wconf 83' lang='lat' dir='ltr'><strong>ed.</strong></span> <span class='ocrx_word' id='word_1_708' title='bbox 1356 5175 1427 5209; x_wconf 67' lang='grc'><strong>’⁸⁸</strong></span> <span class='ocrx_word' id='word_1_709' title='bbox 1450 5183 1622 5246; x_wconf 83' lang='lat' dir='ltr'><strong>sttplr.</strong></span> <span class='ocrx_word' id='word_1_710' title='bbox 1648 5174 1704 5246; x_wconf 66' lang='lat'><strong>2.</strong></span> <span class='ocrx_word' id='word_1_711' title='bbox 1774 5173 1856 5246; x_wconf 46' lang='grc' dir='ltr'><strong>ξοδ-³</strong></span> <span class='ocrx_word' id='word_1_712' title='bbox 1890 5170 2217 5246; x_wconf 72' lang='lat' dir='ltr'><strong>mirabiliter</strong></span> <span class='ocrx_word' id='word_1_713' title='bbox 2250 5162 2406 5246; x_wconf 58' lang='lat' dir='ltr'><strong>c9431.</strong></span> <span class='ocrx_word' id='word_1_714' title='bbox 2437 5160 2662 5246; x_wconf 53' lang='grc' dir='ltr'><strong>δαίετο,</strong></span> <span class='ocrx_word' id='word_1_715' title='bbox 2695 5157 3434 5246; x_wconf 47' lang='lat' dir='ltr'><strong>quilgnffgemgﬁdatiqueg</strong></span> 
     </span>
    </p>
   </div>
   <div class='ocr_carea' id='block_1_104' title="bbox 163 5243 1303 5307">
    <p class='ocr_par' dir='ltr' id='par_1_104' title="bbox 163 5243 1303 5307">
     <span class='ocr_line' id='line_1_104' title="bbox 163 5243 1303 5307; baseline 0.005 -7"><span class='ocrx_word' id='word_1_716' title='bbox 163 5243 379 5302; x_wconf 59' lang='lat' dir='ltr'><strong>indicat.</strong></span> <span class='ocrx_word' id='word_1_717' title='bbox 457 5245 536 5279; x_wconf 76' lang='lat'><strong>&#39;°‘</strong></span> <span class='ocrx_word' id='word_1_718' title='bbox 566 5245 856 5307; x_wconf 89' lang='lat' dir='ltr'><strong>mirabilius</strong></span> <span class='ocrx_word' id='word_1_719' title='bbox 885 5246 1048 5302; x_wconf 68' lang='lat' dir='ltr'><strong>codd.</strong></span> <span class='ocrx_word' id='word_1_720' title='bbox 1090 5258 1137 5302; x_wconf 83' lang='lat' dir='ltr'><strong>ct</strong></span> <span class='ocrx_word' id='word_1_721' title='bbox 1184 5247 1303 5306; x_wconf 75' lang='lat' dir='ltr'><strong>Urs.</strong></span> 
     </span>
    </p>
   </div>
   <div class='ocr_carea' id='block_1_105' title="bbox 1421 5232 2376 5313">
    <p class='ocr_par' dir='ltr' id='par_1_105' title="bbox 1421 5232 2376 5313">
     <span class='ocr_line' id='line_1_105' title="bbox 1421 5232 2376 5313; baseline -0.006 -13"><span class='ocrx_word' id='word_1_722' title='bbox 1421 5244 1491 5277; x_wconf 79' lang='grc'><strong>²⁰⁷</strong></span> <span class='ocrx_word' id='word_1_723' title='bbox 1514 5232 1790 5300; x_wconf 74' lang='grc' dir='ltr'><strong>ὸιηιιὶιηοᾱ</strong></span> <span class='ocrx_word' id='word_1_724' title='bbox 1812 5244 1866 5299; x_wconf 59' lang='lat' dir='ltr'><strong>ﬁ.</strong></span> <span class='ocrx_word' id='word_1_725' title='bbox 1942 5241 2016 5275; x_wconf 73' lang='lat' dir='ltr'><strong>m</strong></span> <span class='ocrx_word' id='word_1_726' title='bbox 2046 5238 2299 5313; x_wconf 76' lang='lat' dir='ltr'><strong>passioné</strong></span> <span class='ocrx_word' id='word_1_727' title='bbox 2321 5232 2376 5288; x_wconf 75' lang='grc' dir='ltr'><strong>2ο</strong></span> 
     </span>
    </p>
   </div>
   <div class='ocr_carea' id='block_1_106' title="bbox 2478 5220 3432 5305">
    <p class='ocr_par' dir='ltr' id='par_1_106' title="bbox 2478 5220 3432 5305">
     <span class='ocr_line' id='line_1_106' title="bbox 2478 5220 3432 5305; baseline -0.015 -17"><span class='ocrx_word' id='word_1_728' title='bbox 2478 5235 2547 5269; x_wconf 70' lang='grc' dir='ltr'><strong>’θ’</strong></span> <span class='ocrx_word' id='word_1_729' title='bbox 2577 5220 2948 5305; x_wconf 77' lang='lat' dir='ltr'><strong>opineimeuse</strong></span> <span class='ocrx_word' id='word_1_730' title='bbox 2972 5224 3030 5281; x_wconf 72' lang='lat'><strong>2.</strong></span> <span class='ocrx_word' id='word_1_731' title='bbox 3106 5228 3181 5261; x_wconf 75' lang='grc'><strong>⁸³⁸</strong></span> <span class='ocrx_word' id='word_1_732' title='bbox 3210 5225 3350 5283; x_wconf 87' lang='lat' dir='ltr'><strong>coelo</strong></span> <span class='ocrx_word' id='word_1_733' title='bbox 3395 5220 3432 5274; x_wconf 77' lang='lat'><strong>2</strong></span> 
     </span>
    </p>
   </div>
  </div>
