  <div class='ocr_page' id='page_1' title='image "/cluster/home/n/w/nwhite01/storage/ocr_20150623/147/hvd.32044010574002/201.png"; bbox 0 0 3940 5382; ppageno 0'>
   <div class='ocr_carea' id='block_1_1' title="bbox 518 149 623 206">
    <p class='ocr_par' dir='ltr' id='par_1_1' title="bbox 518 149 623 206">
     <span class='ocr_line' id='line_1_1' title="bbox 518 149 623 206; baseline -0.019 0"><span class='ocrx_word' id='word_1_1' title='bbox 518 149 623 206; x_wconf 72' lang='grc'><strong>301</strong></span> 
     </span>
    </p>
   </div>
   <div class='ocr_carea' id='block_1_2' title="bbox 1384 144 2889 205">
    <p class='ocr_par' dir='ltr' id='par_1_2' title="bbox 1384 144 2889 205">
     <span class='ocr_line' id='line_1_2' title="bbox 1384 144 2889 205; baseline 0.001 -2"><span class='ocrx_word' id='word_1_2' title='bbox 1384 146 1773 204; x_wconf 77' lang='lat' dir='ltr'><strong>BERTIIOLN</strong></span> <span class='ocrx_word' id='word_1_3' title='bbox 1815 144 2258 203; x_wconf 62' lang='lat' dir='ltr'><strong>PRESBYTER!</strong></span> <span class='ocrx_word' id='word_1_4' title='bbox 2296 146 2889 205; x_wconf 65' lang='lat' dir='ltr'><strong>CONS&#39;I‘ANTIENSIS</strong></span> 
     </span>
    </p>
   </div>
   <div class='ocr_carea' id='block_1_3' title="bbox 3692 161 3789 221">
    <p class='ocr_par' dir='ltr' id='par_1_3' title="bbox 3692 161 3789 221">
     <span class='ocr_line' id='line_1_3' title="bbox 3692 161 3789 221; baseline 0 -3"><span class='ocrx_word' id='word_1_5' title='bbox 3692 161 3789 221; x_wconf 72' lang='lat'><strong>5!!</strong></span> 
     </span>
    </p>
   </div>
   <div class='ocr_carea' id='block_1_4' title="bbox 521 243 3789 341">
    <p class='ocr_par' dir='ltr' id='par_1_4' title="bbox 521 243 3789 341">
     <span class='ocr_line' id='line_1_4' title="bbox 521 243 3789 341; baseline 0.002 -22"><span class='ocrx_word' id='word_1_6' title='bbox 521 269 606 319; x_wconf 81' lang='lat' dir='ltr'><strong>est</strong></span> <span class='ocrx_word' id='word_1_7' title='bbox 630 243 977 316; x_wconf 73' lang='lat' dir='ltr'><strong>consecutus.</strong></span> <span class='ocrx_word' id='word_1_8' title='bbox 1007 256 1108 315; x_wconf 80' lang='lat' dir='ltr'><strong>Hic</strong></span> <span class='ocrx_word' id='word_1_9' title='bbox 1145 258 1254 330; x_wconf 78' lang='lat' dir='ltr'><strong>regi</strong></span> <span class='ocrx_word' id='word_1_10' title='bbox 1282 257 1544 314; x_wconf 76' lang='lat' dir='ltr'><strong>Roneolfo</strong></span> <span class='ocrx_word' id='word_1_11' title='bbox 1567 258 1620 314; x_wconf 91' lang='lat' dir='ltr'><strong>in</strong></span> <span class='ocrx_word' id='word_1_12' title='bbox 1643 261 1891 330; x_wconf 74' lang='lat' dir='ltr'><strong>proximo</strong></span> <span class='ocrx_word' id='word_1_13' title='bbox 1913 260 2112 330; x_wconf 86' lang='lat' dir='ltr'><strong>pascha</strong></span> <span class='ocrx_word' id='word_1_14' title='bbox 2141 266 2185 323; x_wconf 79' lang='grc' dir='ltr'><strong>Α</strong></span> <span class='ocrx_word' id='word_1_15' title='bbox 2220 277 2320 317; x_wconf 90' lang='lat' dir='ltr'><strong>nec</strong></span> <span class='ocrx_word' id='word_1_16' title='bbox 2351 261 2523 332; x_wconf 85' lang='lat' dir='ltr'><strong>ipsius</strong></span> <span class='ocrx_word' id='word_1_17' title='bbox 2553 278 2705 333; x_wconf 66' lang='lat' dir='ltr'><strong>papae</strong></span> <span class='ocrx_word' id='word_1_18' title='bbox 2728 279 2826 319; x_wconf 88' lang='lat' dir='ltr'><strong>nec</strong></span> <span class='ocrx_word' id='word_1_19' title='bbox 2854 263 3082 333; x_wconf 76' lang='lat' dir='ltr'><strong>alicujus</strong></span> <span class='ocrx_word' id='word_1_20' title='bbox 3109 265 3522 338; x_wconf 85' lang='lat' dir='ltr'><strong>magistratuum</strong></span> <span class='ocrx_word' id='word_1_21' title='bbox 3538 268 3789 341; x_wconf 80' lang='lat' dir='ltr'><strong>judicium</strong></span> 
     </span>
    </p>
   </div>
   <div class='ocr_carea' id='block_1_5' title="bbox 523 351 2117 424">
    <p class='ocr_par' dir='ltr' id='par_1_5' title="bbox 523 351 2117 424">
     <span class='ocr_line' id='line_1_5' title="bbox 523 351 2117 424; baseline 0.001 -18"><span class='ocrx_word' id='word_1_22' title='bbox 523 367 852 424; x_wconf 88' lang='lat' dir='ltr'><strong>qttamquam</strong></span> <span class='ocrx_word' id='word_1_23' title='bbox 882 352 967 407; x_wconf 81' lang='lat' dir='ltr'><strong>vix</strong></span> <span class='ocrx_word' id='word_1_24' title='bbox 999 351 1383 406; x_wconf 84' lang='lat' dir='ltr'><strong>hominatione</strong></span> <span class='ocrx_word' id='word_1_25' title='bbox 1420 361 1474 408; x_wconf 93' lang='lat' dir='ltr'><strong>et</strong></span> <span class='ocrx_word' id='word_1_26' title='bbox 1513 352 1633 407; x_wconf 83' lang='lat' dir='ltr'><strong>fidei</strong></span> <span class='ocrx_word' id='word_1_27' title='bbox 1676 369 1781 408; x_wconf 91' lang='lat' dir='ltr'><strong>non</strong></span> <span class='ocrx_word' id='word_1_28' title='bbox 1832 354 1969 409; x_wconf 75' lang='lat' dir='ltr'><strong>ﬁctze</strong></span> <span class='ocrx_word' id='word_1_29' title='bbox 2020 367 2117 423; x_wconf 90' lang='lat' dir='ltr'><strong>pa-</strong></span> 
     </span>
    </p>
   </div>
   <div class='ocr_carea' id='block_1_6' title="bbox 510 442 2118 507">
    <p class='ocr_par' dir='ltr' id='par_1_6' title="bbox 510 442 2118 507">
     <span class='ocr_line' id='line_1_6' title="bbox 510 442 2118 507; baseline 0.001 -9"><span class='ocrx_word' id='word_1_30' title='bbox 510 443 706 499; x_wconf 65' lang='lat' dir='ltr'><strong>‘ctione</strong></span> <span class='ocrx_word' id='word_1_31' title='bbox 736 444 1047 498; x_wconf 81' lang='lat' dir='ltr'><strong>ﬁrmissime</strong></span> <span class='ocrx_word' id='word_1_32' title='bbox 1075 442 1495 507; x_wconf 75' lang='lat' dir='ltr'><strong>confmderatus,</strong></span> <span class='ocrx_word' id='word_1_33' title='bbox 1530 445 1654 500; x_wconf 86' lang='lat' dir='ltr'><strong>ilico</strong></span> <span class='ocrx_word' id='word_1_34' title='bbox 1695 445 1821 499; x_wconf 88' lang='lat' dir='ltr'><strong>dum</strong></span> <span class='ocrx_word' id='word_1_35' title='bbox 1868 460 2118 501; x_wconf 85' lang='lat' dir='ltr'><strong>reversus</strong></span> 
     </span>
    </p>
   </div>
   <div class='ocr_carea' id='block_1_7' title="bbox 524 533 2123 604">
    <p class='ocr_par' dir='ltr' id='par_1_7' title="bbox 524 533 2123 604">
     <span class='ocr_line' id='line_1_7' title="bbox 524 533 2123 604; baseline 0.001 -15"><span class='ocrx_word' id='word_1_36' title='bbox 524 543 611 591; x_wconf 74' lang='lat' dir='ltr'><strong>est</strong></span> <span class='ocrx_word' id='word_1_37' title='bbox 643 550 736 588; x_wconf 72' lang='lat' dir='ltr'><strong>rex</strong></span> <span class='ocrx_word' id='word_1_38' title='bbox 769 533 1074 599; x_wconf 83' lang='lat' dir='ltr'><strong>lleinrieus,</strong></span> <span class='ocrx_word' id='word_1_39' title='bbox 1121 534 1219 603; x_wconf 83' lang='lat' dir='ltr'><strong>ipsi</strong></span> <span class='ocrx_word' id='word_1_40' title='bbox 1255 536 1588 604; x_wconf 78' lang='lat' dir='ltr'><strong>gratulanter</strong></span> <span class='ocrx_word' id='word_1_41' title='bbox 1635 552 1953 604; x_wconf 78' lang='lat' dir='ltr'><strong>occurrens,</strong></span> <span class='ocrx_word' id='word_1_42' title='bbox 2003 534 2123 591; x_wconf 82' lang='lat' dir='ltr'><strong>om-</strong></span> 
     </span>
    </p>
   </div>
   <div class='ocr_carea' id='block_1_8' title="bbox 525 626 2120 698">
    <p class='ocr_par' dir='ltr' id='par_1_8' title="bbox 525 626 2120 698">
     <span class='ocr_line' id='line_1_8' title="bbox 525 626 2120 698; baseline 0.003 -16"><span class='ocrx_word' id='word_1_43' title='bbox 525 626 781 683; x_wconf 87' lang='lat' dir='ltr'><strong>nifariam</strong></span> <span class='ocrx_word' id='word_1_44' title='bbox 816 628 1134 698; x_wconf 79' lang='lat' dir='ltr'><strong>mquoque</strong></span> <span class='ocrx_word' id='word_1_45' title='bbox 1185 629 1436 685; x_wconf 85' lang='lat' dir='ltr'><strong>adulatus</strong></span> <span class='ocrx_word' id='word_1_46' title='bbox 1491 636 1604 690; x_wconf 68' lang='lat' dir='ltr'><strong>est.</strong></span> <span class='ocrx_word' id='word_1_47' title='bbox 1648 642 1703 686; x_wconf 88' lang='lat' dir='ltr'><strong>ct</strong></span> <span class='ocrx_word' id='word_1_48' title='bbox 1756 633 1807 686; x_wconf 91' lang='lat' dir='ltr'><strong>in</strong></span> <span class='ocrx_word' id='word_1_49' title='bbox 1858 632 2120 687; x_wconf 89' lang='lat' dir='ltr'><strong>comitatu</strong></span> 
     </span>
    </p>
   </div>
   <div class='ocr_carea' id='block_1_9' title="bbox 514 717 2121 791">
    <p class='ocr_par' dir='ltr' id='par_1_9' title="bbox 514 717 2121 791">
     <span class='ocr_line' id='line_1_9' title="bbox 514 717 2121 791; baseline 0.004 -21"><span class='ocrx_word' id='word_1_50' title='bbox 514 718 786 789; x_wconf 65' lang='lat' dir='ltr'><strong>praedicto</strong></span> <span class='ocrx_word' id='word_1_51' title='bbox 813 732 985 787; x_wconf 90' lang='lat' dir='ltr'><strong>usque</strong></span> <span class='ocrx_word' id='word_1_52' title='bbox 1020 719 1087 774; x_wconf 91' lang='lat' dir='ltr'><strong>ad</strong></span> <span class='ocrx_word' id='word_1_53' title='bbox 1129 717 1337 773; x_wconf 89' lang='lat' dir='ltr'><strong>Ulmam</strong></span> <span class='ocrx_word' id='word_1_54' title='bbox 1385 721 1486 790; x_wconf 85' lang='lat' dir='ltr'><strong>ipsi</strong></span> <span class='ocrx_word' id='word_1_55' title='bbox 1517 722 1756 777; x_wconf 84' lang='lat' dir='ltr'><strong>studiose</strong></span> <span class='ocrx_word' id='word_1_56' title='bbox 1792 721 2121 791; x_wconf 74' lang='lat' dir='ltr'><strong>obsequi-alis</strong></span> 
     </span>
    </p>
   </div>
   <div class='ocr_carea' id='block_1_10' title="bbox 508 810 2123 869">
    <p class='ocr_par' dir='ltr' id='par_1_10' title="bbox 508 810 2123 869">
     <span class='ocr_line' id='line_1_10' title="bbox 508 810 2123 869; baseline -0.001 -2"><span class='ocrx_word' id='word_1_57' title='bbox 508 820 581 867; x_wconf 45' lang='lat' dir='ltr'><strong>‘et</strong></span> <span class='ocrx_word' id='word_1_58' title='bbox 605 810 863 865; x_wconf 87' lang='lat' dir='ltr'><strong>favoralis</strong></span> <span class='ocrx_word' id='word_1_59' title='bbox 889 826 994 864; x_wconf 90' lang='lat' dir='ltr'><strong>non</strong></span> <span class='ocrx_word' id='word_1_60' title='bbox 1018 812 1224 866; x_wconf 88' lang='lat' dir='ltr'><strong>deerat.</strong></span> <span class='ocrx_word' id='word_1_61' title='bbox 1260 811 1372 867; x_wconf 81' lang='lat' dir='ltr'><strong>Illic</strong></span> <span class='ocrx_word' id='word_1_62' title='bbox 1392 813 1557 867; x_wconf 89' lang='lat' dir='ltr'><strong>etiam</strong></span> <span class='ocrx_word' id='word_1_63' title='bbox 1589 814 1877 868; x_wconf 90' lang='lat' dir='ltr'><strong>missarum</strong></span> <span class='ocrx_word' id='word_1_64' title='bbox 1905 813 2123 869; x_wconf 86' lang='lat' dir='ltr'><strong>sollem-</strong></span> 
     </span>
    </p>
   </div>
   <div class='ocr_carea' id='block_1_11' title="bbox 524 902 2120 974">
    <p class='ocr_par' dir='ltr' id='par_1_11' title="bbox 524 902 2120 974">
     <span class='ocr_line' id='line_1_11' title="bbox 524 902 2120 974; baseline 0.001 -16"><span class='ocrx_word' id='word_1_65' title='bbox 524 904 632 959; x_wconf 87' lang='lat' dir='ltr'><strong>niis</strong></span> <span class='ocrx_word' id='word_1_66' title='bbox 669 917 840 972; x_wconf 86' lang='lat' dir='ltr'><strong>usque</strong></span> <span class='ocrx_word' id='word_1_67' title='bbox 872 903 937 956; x_wconf 90' lang='lat' dir='ltr'><strong>ad</strong></span> <span class='ocrx_word' id='word_1_68' title='bbox 962 902 1139 958; x_wconf 91' lang='lat' dir='ltr'><strong>locum</strong></span> <span class='ocrx_word' id='word_1_69' title='bbox 1191 903 1589 959; x_wconf 91' lang='lat' dir='ltr'><strong>communionis</strong></span> <span class='ocrx_word' id='word_1_70' title='bbox 1626 906 1694 959; x_wconf 92' lang='lat' dir='ltr'><strong>ab</strong></span> <span class='ocrx_word' id='word_1_71' title='bbox 1741 917 1806 959; x_wconf 91' lang='lat' dir='ltr'><strong>co</strong></span> <span class='ocrx_word' id='word_1_72' title='bbox 1860 902 2120 974; x_wconf 86' lang='lat' dir='ltr'><strong>peractis,</strong></span> 
     </span>
    </p>
   </div>
   <div class='ocr_carea' id='block_1_12' title="bbox 524 996 2120 1069">
    <p class='ocr_par' dir='ltr' id='par_1_12' title="bbox 524 996 2120 1069">
     <span class='ocr_line' id='line_1_12' title="bbox 524 996 2120 1069; baseline 0.001 -18"><span class='ocrx_word' id='word_1_73' title='bbox 524 996 593 1051; x_wconf 90' lang='lat' dir='ltr'><strong>ad</strong></span> <span class='ocrx_word' id='word_1_74' title='bbox 619 1010 800 1067; x_wconf 84' lang='lat' dir='ltr'><strong>regem</strong></span> <span class='ocrx_word' id='word_1_75' title='bbox 822 1005 877 1050; x_wconf 92' lang='lat' dir='ltr'><strong>et</strong></span> <span class='ocrx_word' id='word_1_76' title='bbox 903 1004 1133 1052; x_wconf 73' lang='lat' dir='ltr'><strong>caeteros</strong></span> <span class='ocrx_word' id='word_1_77' title='bbox 1154 997 1428 1053; x_wconf 88' lang='lat' dir='ltr'><strong>auditores</strong></span> <span class='ocrx_word' id='word_1_78' title='bbox 1453 1014 1511 1053; x_wconf 89' lang='lat' dir='ltr'><strong>se</strong></span> <span class='ocrx_word' id='word_1_79' title='bbox 1539 999 1828 1063; x_wconf 90' lang='lat' dir='ltr'><strong>convertit,</strong></span> <span class='ocrx_word' id='word_1_80' title='bbox 1855 1008 1910 1054; x_wconf 91' lang='lat' dir='ltr'><strong>et</strong></span> <span class='ocrx_word' id='word_1_81' title='bbox 1932 1015 2120 1069; x_wconf 88' lang='lat' dir='ltr'><strong>parum</strong></span> 
     </span>
    </p>
   </div>
   <div class='ocr_carea' id='block_1_13' title="bbox 528 1087 2124 1157">
    <p class='ocr_par' dir='ltr' id='par_1_13' title="bbox 528 1087 2124 1157">
     <span class='ocr_line' id='line_1_13' title="bbox 528 1087 2124 1157; baseline 0.003 -17"><span class='ocrx_word' id='word_1_82' title='bbox 528 1087 662 1157; x_wconf 92' lang='lat' dir='ltr'><strong>quid</strong></span> <span class='ocrx_word' id='word_1_83' title='bbox 725 1101 980 1141; x_wconf 88' lang='lat' dir='ltr'><strong>sermone</strong></span> <span class='ocrx_word' id='word_1_84' title='bbox 1025 1088 1391 1142; x_wconf 88' lang='lat' dir='ltr'><strong>assentatorio</strong></span> <span class='ocrx_word' id='word_1_85' title='bbox 1441 1090 1508 1143; x_wconf 91' lang='lat' dir='ltr'><strong>de</strong></span> <span class='ocrx_word' id='word_1_86' title='bbox 1548 1089 1875 1144; x_wconf 85' lang='lat' dir='ltr'><strong>instantibus</strong></span> <span class='ocrx_word' id='word_1_87' title='bbox 1944 1089 2124 1143; x_wconf 86' lang='lat' dir='ltr'><strong>causis</strong></span> 
     </span>
    </p>
   </div>
   <div class='ocr_carea' id='block_1_14' title="bbox 526 1178 2126 1249">
    <p class='ocr_par' dir='ltr' id='par_1_14' title="bbox 526 1178 2126 1249">
     <span class='ocr_line' id='line_1_14' title="bbox 526 1178 2126 1249; baseline 0.001 -17"><span class='ocrx_word' id='word_1_88' title='bbox 526 1178 1014 1248; x_wconf 70' lang='lat' dir='ltr'><strong>pmcontionatus,</strong></span> <span class='ocrx_word' id='word_1_89' title='bbox 1047 1192 1233 1232; x_wconf 91' lang='lat' dir='ltr'><strong>coram</strong></span> <span class='ocrx_word' id='word_1_90' title='bbox 1291 1179 1544 1233; x_wconf 88' lang='lat' dir='ltr'><strong>onmibus</strong></span> <span class='ocrx_word' id='word_1_91' title='bbox 1574 1194 1667 1233; x_wconf 88' lang='lat' dir='ltr'><strong>sua</strong></span> <span class='ocrx_word' id='word_1_92' title='bbox 1697 1189 1887 1249; x_wconf 85' lang='lat' dir='ltr'><strong>sponte</strong></span> <span class='ocrx_word' id='word_1_93' title='bbox 1916 1178 2050 1249; x_wconf 64' lang='lat' dir='ltr'><strong>proft</strong></span> <span class='ocrx_word' id='word_1_94' title='bbox 2072 1192 2126 1234; x_wconf 90' lang='lat' dir='ltr'><strong>s-</strong></span> 
     </span>
    </p>
   </div>
   <div class='ocr_carea' id='block_1_15' title="bbox 525 1269 2126 1340">
    <p class='ocr_par' dir='ltr' id='par_1_15' title="bbox 525 1269 2126 1340">
     <span class='ocr_line' id='line_1_15' title="bbox 525 1269 2126 1340; baseline -0.001 -15"><span class='ocrx_word' id='word_1_95' title='bbox 525 1285 620 1325; x_wconf 87' lang='lat' dir='ltr'><strong>sus</strong></span> <span class='ocrx_word' id='word_1_96' title='bbox 655 1277 741 1323; x_wconf 91' lang='lat' dir='ltr'><strong>est</strong></span> <span class='ocrx_word' id='word_1_97' title='bbox 766 1284 826 1324; x_wconf 90' lang='lat' dir='ltr'><strong>se</strong></span> <span class='ocrx_word' id='word_1_98' title='bbox 871 1276 1116 1324; x_wconf 90' lang='lat' dir='ltr'><strong>sanetam</strong></span> <span class='ocrx_word' id='word_1_99' title='bbox 1145 1269 1534 1324; x_wconf 78' lang='lat' dir='ltr'><strong>eucharistiam</strong></span> <span class='ocrx_word' id='word_1_100' title='bbox 1583 1270 1634 1324; x_wconf 87' lang='lat' dir='ltr'><strong>in</strong></span> <span class='ocrx_word' id='word_1_101' title='bbox 1665 1270 2042 1340; x_wconf 74' lang='lat' dir='ltr'><strong>probationem</strong></span> <span class='ocrx_word' id='word_1_102' title='bbox 2070 1277 2126 1325; x_wconf 91' lang='lat' dir='ltr'><strong>et</strong></span> 
     </span>
    </p>
   </div>
   <div class='ocr_carea' id='block_1_16' title="bbox 527 1360 2125 1432">
    <p class='ocr_par' dir='ltr' id='par_1_16' title="bbox 527 1360 2125 1432">
     <span class='ocr_line' id='line_1_16' title="bbox 527 1360 2125 1432; baseline 0.003 -18"><span class='ocrx_word' id='word_1_103' title='bbox 527 1360 838 1428; x_wconf 86' lang='lat' dir='ltr'><strong>hujusmodi</strong></span> <span class='ocrx_word' id='word_1_104' title='bbox 888 1361 1155 1429; x_wconf 88' lang='lat' dir='ltr'><strong>judicium</strong></span> <span class='ocrx_word' id='word_1_105' title='bbox 1189 1369 1537 1431; x_wconf 85' lang='lat' dir='ltr'><strong>accepturum</strong></span> <span class='ocrx_word' id='word_1_106' title='bbox 1580 1362 1719 1428; x_wconf 79' lang='lat' dir='ltr'><strong>fore,</strong></span> <span class='ocrx_word' id='word_1_107' title='bbox 1767 1364 1910 1432; x_wconf 85' lang='lat' dir='ltr'><strong>quod</strong></span> <span class='ocrx_word' id='word_1_108' title='bbox 1960 1378 2125 1418; x_wconf 90' lang='lat' dir='ltr'><strong>causa</strong></span> 
     </span>
    </p>
   </div>
   <div class='ocr_carea' id='block_1_17' title="bbox 528 1451 2127 1524">
    <p class='ocr_par' dir='ltr' id='par_1_17' title="bbox 528 1451 2127 1524">
     <span class='ocr_line' id='line_1_17' title="bbox 528 1451 2127 1524; baseline 0 -15"><span class='ocrx_word' id='word_1_109' title='bbox 528 1453 733 1509; x_wconf 80' lang='lat' dir='ltr'><strong>domini</strong></span> <span class='ocrx_word' id='word_1_110' title='bbox 770 1457 853 1508; x_wconf 92' lang='lat' dir='ltr'><strong>sui</strong></span> <span class='ocrx_word' id='word_1_111' title='bbox 885 1453 1123 1508; x_wconf 85' lang='lat' dir='ltr'><strong>ileinrici</strong></span> <span class='ocrx_word' id='word_1_112' title='bbox 1172 1454 1313 1524; x_wconf 85' lang='lat' dir='ltr'><strong>regis</strong></span> <span class='ocrx_word' id='word_1_113' title='bbox 1338 1451 1487 1523; x_wconf 79' lang='lat' dir='ltr'><strong>justa</strong></span> <span class='ocrx_word' id='word_1_114' title='bbox 1517 1451 1714 1521; x_wconf 89' lang='lat' dir='ltr'><strong>fuerit,</strong></span> <span class='ocrx_word' id='word_1_115' title='bbox 1753 1454 1998 1510; x_wconf 67' lang='lat' dir='ltr'><strong>lioudolii</strong></span> <span class='ocrx_word' id='word_1_116' title='bbox 2029 1471 2127 1509; x_wconf 83' lang='lat' dir='ltr'><strong>au-</strong></span> 
     </span>
    </p>
   </div>
   <div class='ocr_carea' id='block_1_18' title="bbox 528 1543 2124 1614">
    <p class='ocr_par' dir='ltr' id='par_1_18' title="bbox 528 1543 2124 1614">
     <span class='ocr_line' id='line_1_18' title="bbox 528 1543 2124 1614; baseline 0.001 -14"><span class='ocrx_word' id='word_1_117' title='bbox 528 1552 640 1600; x_wconf 87' lang='lat' dir='ltr'><strong>tem</strong></span> <span class='ocrx_word' id='word_1_118' title='bbox 668 1543 1138 1614; x_wconf 87' lang='lat' dir='ltr'><strong>prorsusinjusta.</strong></span> <span class='ocrx_word' id='word_1_119' title='bbox 1191 1544 1257 1598; x_wconf 86' lang='lat' dir='ltr'><strong>Et</strong></span> <span class='ocrx_word' id='word_1_120' title='bbox 1287 1545 1385 1608; x_wconf 89' lang='lat' dir='ltr'><strong>sic,</strong></span> <span class='ocrx_word' id='word_1_121' title='bbox 1429 1555 1487 1598; x_wconf 89' lang='lat' dir='ltr'><strong>ut</strong></span> <span class='ocrx_word' id='word_1_122' title='bbox 1534 1546 1586 1598; x_wconf 92' lang='lat' dir='ltr'><strong>in</strong></span> <span class='ocrx_word' id='word_1_123' title='bbox 1642 1544 1862 1613; x_wconf 89' lang='lat' dir='ltr'><strong>judiciis</strong></span> <span class='ocrx_word' id='word_1_124' title='bbox 1906 1547 2124 1602; x_wconf 89' lang='lat' dir='ltr'><strong>solitum</strong></span> 
     </span>
    </p>
   </div>
   <div class='ocr_carea' id='block_1_19' title="bbox 2218 354 3794 420">
    <p class='ocr_par' dir='ltr' id='par_1_19' title="bbox 2218 354 3794 420">
     <span class='ocr_line' id='line_1_19' title="bbox 2218 354 3794 420; baseline 0.01 -15"><span class='ocrx_word' id='word_1_125' title='bbox 2218 359 2273 406; x_wconf 90' lang='lat' dir='ltr'><strong>et</strong></span> <span class='ocrx_word' id='word_1_126' title='bbox 2298 354 2625 408; x_wconf 87' lang='lat' dir='ltr'><strong>sententiam</strong></span> <span class='ocrx_word' id='word_1_127' title='bbox 2657 355 2853 409; x_wconf 79' lang='lat' dir='ltr'><strong>cadere</strong></span> <span class='ocrx_word' id='word_1_128' title='bbox 2884 369 2989 409; x_wconf 90' lang='lat' dir='ltr'><strong>non</strong></span> <span class='ocrx_word' id='word_1_129' title='bbox 3023 355 3242 412; x_wconf 79' lang='lat' dir='ltr'><strong>debere.</strong></span> <span class='ocrx_word' id='word_1_130' title='bbox 3305 356 3422 413; x_wconf 84' lang='lat' dir='ltr'><strong>Non</strong></span> <span class='ocrx_word' id='word_1_131' title='bbox 3451 362 3596 415; x_wconf 90' lang='lat' dir='ltr'><strong>enim</strong></span> <span class='ocrx_word' id='word_1_132' title='bbox 3629 373 3794 420; x_wconf 84' lang='lat' dir='ltr'><strong>atten-</strong></span> 
     </span>
    </p>
   </div>
   <div class='ocr_carea' id='block_1_20' title="bbox 2218 441 3794 516">
    <p class='ocr_par' dir='ltr' id='par_1_20' title="bbox 2218 441 3794 516">
     <span class='ocr_line' id='line_1_20' title="bbox 2218 441 3794 516; baseline 0.008 -19"><span class='ocrx_word' id='word_1_133' title='bbox 2218 441 2429 507; x_wconf 79' lang='lat' dir='ltr'><strong>derant,</strong></span> <span class='ocrx_word' id='word_1_134' title='bbox 2462 443 2876 499; x_wconf 87' lang='lat' dir='ltr'><strong>Constantinum</strong></span> <span class='ocrx_word' id='word_1_135' title='bbox 2908 445 3312 516; x_wconf 88' lang='lat' dir='ltr'><strong>imperatorem,</strong></span> <span class='ocrx_word' id='word_1_136' title='bbox 3342 446 3495 506; x_wconf 87' lang='lat' dir='ltr'><strong>Pauli</strong></span> <span class='ocrx_word' id='word_1_137' title='bbox 3541 453 3613 484; x_wconf 72' lang='grc'><strong>⁸⁸⁸</strong></span> <span class='ocrx_word' id='word_1_138' title='bbox 3660 453 3794 509; x_wconf 86' lang='lat' dir='ltr'><strong>Con-</strong></span> 
     </span>
    </p>
   </div>
   <div class='ocr_carea' id='block_1_21' title="bbox 2220 535 3795 610">
    <p class='ocr_par' dir='ltr' id='par_1_21' title="bbox 2220 535 3795 610">
     <span class='ocr_line' id='line_1_21' title="bbox 2220 535 3795 610; baseline 0.008 -23"><span class='ocrx_word' id='word_1_139' title='bbox 2220 535 2684 603; x_wconf 89' lang='lat' dir='ltr'><strong>stantinopolitani</strong></span> <span class='ocrx_word' id='word_1_140' title='bbox 2725 536 2963 606; x_wconf 86' lang='lat' dir='ltr'><strong>episcopi</strong></span> <span class='ocrx_word' id='word_1_141' title='bbox 2999 546 3054 592; x_wconf 91' lang='lat' dir='ltr'><strong>et</strong></span> <span class='ocrx_word' id='word_1_142' title='bbox 3083 537 3312 595; x_wconf 91' lang='lat' dir='ltr'><strong>heretici</strong></span> <span class='ocrx_word' id='word_1_143' title='bbox 3349 552 3676 598; x_wconf 74' lang='lat' dir='ltr'><strong>sectatorem</strong></span> <span class='ocrx_word' id='word_1_144' title='bbox 3702 585 3718 610; x_wconf 90' lang='lat'><strong>,</strong></span> <span class='ocrx_word' id='word_1_145' title='bbox 3748 545 3795 599; x_wconf 90' lang='lat' dir='ltr'><strong>in</strong></span> 
     </span>
    </p>
   </div>
   <div class='ocr_carea' id='block_1_22' title="bbox 2222 624 3796 704">
    <p class='ocr_par' dir='ltr' id='par_1_22' title="bbox 2222 624 3796 704">
     <span class='ocr_line' id='line_1_22' title="bbox 2222 624 3796 704; baseline 0.008 -26"><span class='ocrx_word' id='word_1_146' title='bbox 2222 624 2463 680; x_wconf 79' lang='lat' dir='ltr'><strong>Romana</strong></span> <span class='ocrx_word' id='word_1_147' title='bbox 2497 629 2703 697; x_wconf 81' lang='lat' dir='ltr'><strong>synodo</strong></span> <span class='ocrx_word' id='word_1_148' title='bbox 2734 641 2763 680; x_wconf 89' lang='lat' dir='ltr'><strong>a</strong></span> <span class='ocrx_word' id='word_1_149' title='bbox 2826 636 3014 683; x_wconf 89' lang='lat' dir='ltr'><strong>sancto</strong></span> <span class='ocrx_word' id='word_1_150' title='bbox 3043 629 3272 685; x_wconf 85' lang='lat' dir='ltr'><strong>Martino</strong></span> <span class='ocrx_word' id='word_1_151' title='bbox 3299 647 3438 704; x_wconf 89' lang='lat' dir='ltr'><strong>papa</strong></span> <span class='ocrx_word' id='word_1_152' title='bbox 3486 631 3590 688; x_wconf 79' lang='lat'><strong>650</strong></span> <span class='ocrx_word' id='word_1_153' title='bbox 3638 634 3796 689; x_wconf 90' lang='lat' dir='ltr'><strong>domi-</strong></span> 
     </span>
    </p>
   </div>
   <div class='ocr_carea' id='block_1_23' title="bbox 2220 716 3798 779">
    <p class='ocr_par' dir='ltr' id='par_1_23' title="bbox 2220 716 3798 779">
     <span class='ocr_line' id='line_1_23' title="bbox 2220 716 3798 779; baseline 0.005 -8"><span class='ocrx_word' id='word_1_154' title='bbox 2220 716 2357 771; x_wconf 68' lang='lat' dir='ltr'><strong>nicae</strong></span> <span class='ocrx_word' id='word_1_155' title='bbox 2421 716 2814 773; x_wconf 88' lang='lat' dir='ltr'><strong>incarnationis</strong></span> <span class='ocrx_word' id='word_1_156' title='bbox 2863 733 3009 773; x_wconf 89' lang='lat' dir='ltr'><strong>anno</strong></span> <span class='ocrx_word' id='word_1_157' title='bbox 3062 723 3588 778; x_wconf 73' lang='lat' dir='ltr'><strong>cxcommunicatunt</strong></span> <span class='ocrx_word' id='word_1_158' title='bbox 3646 723 3798 779; x_wconf 77' lang='lat' dir='ltr'><strong>fuisse</strong></span> 
     </span>
    </p>
   </div>
   <div class='ocr_carea' id='block_1_24' title="bbox 2222 806 3800 878">
    <p class='ocr_par' dir='ltr' id='par_1_24' title="bbox 2222 806 3800 878">
     <span class='ocr_line' id='line_1_24' title="bbox 2222 806 3800 878; baseline 0.006 -17"><span class='ocrx_word' id='word_1_159' title='bbox 2222 806 2392 877; x_wconf 78' lang='lat' dir='ltr'><strong>(HO).</strong></span> <span class='ocrx_word' id='word_1_160' title='bbox 2433 807 2715 862; x_wconf 71' lang='lat' dir='ltr'><strong>Notandus</strong></span> <span class='ocrx_word' id='word_1_161' title='bbox 2741 808 2810 840; x_wconf 73' lang='grc'><strong>²¹³</strong></span> <span class='ocrx_word' id='word_1_162' title='bbox 2835 810 2999 864; x_wconf 82' lang='lat' dir='ltr'><strong>etiam</strong></span> <span class='ocrx_word' id='word_1_163' title='bbox 3028 812 3109 864; x_wconf 88' lang='lat' dir='ltr'><strong>eis</strong></span> <span class='ocrx_word' id='word_1_164' title='bbox 3135 811 3488 869; x_wconf 85' lang='lat' dir='ltr'><strong>Constantius</strong></span> <span class='ocrx_word' id='word_1_165' title='bbox 3507 823 3608 878; x_wconf 83' lang='lat' dir='ltr'><strong>est,</strong></span> <span class='ocrx_word' id='word_1_166' title='bbox 3651 831 3679 868; x_wconf 88' lang='lat' dir='ltr'><strong>a</strong></span> <span class='ocrx_word' id='word_1_167' title='bbox 3709 815 3800 870; x_wconf 79' lang='lat' dir='ltr'><strong>Fe-</strong></span> 
     </span>
    </p>
   </div>
   <div class='ocr_carea' id='block_1_25' title="bbox 2222 898 3795 978">
    <p class='ocr_par' dir='ltr' id='par_1_25' title="bbox 2222 898 3795 978">
     <span class='ocr_line' id='line_1_25' title="bbox 2222 898 3795 978; baseline 0.005 -26"><span class='ocrx_word' id='word_1_168' title='bbox 2222 898 2323 953; x_wconf 84' lang='lat' dir='ltr'><strong>lice</strong></span> <span class='ocrx_word' id='word_1_169' title='bbox 2337 912 2473 969; x_wconf 85' lang='lat' dir='ltr'><strong>papa</strong></span> <span class='ocrx_word' id='word_1_170' title='bbox 2486 899 2558 954; x_wconf 91' lang='lat' dir='ltr'><strong>ob</strong></span> <span class='ocrx_word' id='word_1_171' title='bbox 2572 899 2611 953; x_wconf 78' lang='grc' dir='ltr'>Α</span> <span class='ocrx_word' id='word_1_172' title='bbox 2622 900 2855 953; x_wconf 87' lang='lat' dir='ltr'><strong>rrianam</strong></span> <span class='ocrx_word' id='word_1_173' title='bbox 2873 900 3106 955; x_wconf 86' lang='lat' dir='ltr'><strong>heresim</strong></span> <span class='ocrx_word' id='word_1_174' title='bbox 3123 905 3624 960; x_wconf 82' lang='lat' dir='ltr'><strong>excomtuunicatus</strong></span> <span class='ocrx_word' id='word_1_175' title='bbox 3639 905 3657 976; x_wconf 93' lang='lat'>(</span> <span class='ocrx_word' id='word_1_176' title='bbox 3670 906 3795 978; x_wconf 70' lang='lat' dir='ltr'><strong>Ml).</strong></span> 
     </span>
    </p>
   </div>
   <div class='ocr_carea' id='block_1_26' title="bbox 2226 989 3799 1059">
    <p class='ocr_par' dir='ltr' id='par_1_26' title="bbox 2226 989 3799 1059">
     <span class='ocr_line' id='line_1_26' title="bbox 2226 989 3799 1059; baseline 0.006 -17"><span class='ocrx_word' id='word_1_177' title='bbox 2226 989 2568 1044; x_wconf 86' lang='lat' dir='ltr'><strong>llaribcrtum</strong></span> <span class='ocrx_word' id='word_1_178' title='bbox 2617 990 3170 1059; x_wconf 26' lang='lat' dir='ltr'><strong>regem‘Francorum</strong></span> <span class='ocrx_word' id='word_1_179' title='bbox 3226 1010 3255 1048; x_wconf 91' lang='lat' dir='ltr'><strong>a</strong></span> <span class='ocrx_word' id='word_1_180' title='bbox 3309 1004 3499 1051; x_wconf 89' lang='lat' dir='ltr'><strong>sancto</strong></span> <span class='ocrx_word' id='word_1_181' title='bbox 3541 996 3799 1053; x_wconf 65' lang='lat' dir='ltr'><strong>Germano</strong></span> 
     </span>
    </p>
   </div>
   <div class='ocr_carea' id='block_1_27' title="bbox 2226 1082 3800 1160">
    <p class='ocr_par' dir='ltr' id='par_1_27' title="bbox 2226 1082 3800 1160">
     <span class='ocr_line' id='line_1_27' title="bbox 2226 1082 3800 1160; baseline 0.004 -24"><span class='ocrx_word' id='word_1_182' title='bbox 2226 1082 2554 1137; x_wconf 82' lang='lat' dir='ltr'><strong>Parisiorum</strong></span> <span class='ocrx_word' id='word_1_183' title='bbox 2582 1082 2837 1152; x_wconf 80' lang='lat' dir='ltr'><strong>episcopo</strong></span> <span class='ocrx_word' id='word_1_184' title='bbox 2861 1082 2931 1137; x_wconf 91' lang='lat' dir='ltr'><strong>ob</strong></span> <span class='ocrx_word' id='word_1_185' title='bbox 2959 1083 3198 1139; x_wconf 89' lang='lat' dir='ltr'><strong>libidinis</strong></span> <span class='ocrx_word' id='word_1_186' title='bbox 3224 1085 3486 1157; x_wconf 82' lang='lat' dir='ltr'><strong>ﬂagitium</strong></span> <span class='ocrx_word' id='word_1_187' title='bbox 3515 1103 3617 1142; x_wconf 90' lang='lat' dir='ltr'><strong>non</strong></span> <span class='ocrx_word' id='word_1_188' title='bbox 3653 1089 3800 1160; x_wconf 85' lang='lat' dir='ltr'><strong>igno-</strong></span> 
     </span>
    </p>
   </div>
   <div class='ocr_carea' id='block_1_28' title="bbox 2224 1174 3798 1238">
    <p class='ocr_par' dir='ltr' id='par_1_28' title="bbox 2224 1174 3798 1238">
     <span class='ocr_line' id='line_1_28' title="bbox 2224 1174 3798 1238; baseline 0.003 -7"><span class='ocrx_word' id='word_1_189' title='bbox 2224 1185 2346 1232; x_wconf 90' lang='lat' dir='ltr'><strong>rent</strong></span> <span class='ocrx_word' id='word_1_190' title='bbox 2372 1174 2927 1238; x_wconf 79' lang='lat' dir='ltr'><strong>excommunicatum,</strong></span> <span class='ocrx_word' id='word_1_191' title='bbox 2954 1185 3009 1231; x_wconf 87' lang='lat' dir='ltr'><strong>et</strong></span> <span class='ocrx_word' id='word_1_192' title='bbox 3036 1177 3111 1232; x_wconf 88' lang='lat' dir='ltr'><strong>ita</strong></span> <span class='ocrx_word' id='word_1_193' title='bbox 3143 1179 3208 1233; x_wconf 88' lang='lat' dir='ltr'><strong>ad</strong></span> <span class='ocrx_word' id='word_1_194' title='bbox 3242 1179 3445 1234; x_wconf 86' lang='lat' dir='ltr'><strong>inferos</strong></span> <span class='ocrx_word' id='word_1_195' title='bbox 3466 1181 3798 1236; x_wconf 82' lang='lat' dir='ltr'><strong>descendisse</strong></span> 
     </span>
    </p>
   </div>
   <div class='ocr_carea' id='block_1_29' title="bbox 2224 1240 3799 1339">
    <p class='ocr_par' dir='ltr' id='par_1_29' title="bbox 2224 1240 3799 1339">
     <span class='ocr_line' id='line_1_29' title="bbox 2224 1240 3799 1339; baseline 0.007 -23"><span class='ocrx_word' id='word_1_196' title='bbox 2224 1267 2539 1321; x_wconf 87' lang='lat' dir='ltr'><strong>danmatum</strong></span> <span class='ocrx_word' id='word_1_197' title='bbox 2573 1264 2743 1337; x_wconf 70' lang='grc'><strong>(14⁸2).</strong></span> <span class='ocrx_word' id='word_1_198' title='bbox 2799 1240 3060 1323; x_wconf 67' lang='grc' dir='ltr'><strong>Νδνυτῑιιι</strong></span> <span class='ocrx_word' id='word_1_199' title='bbox 3105 1285 3318 1339; x_wconf 90' lang='lat' dir='ltr'><strong>quoque</strong></span> <span class='ocrx_word' id='word_1_200' title='bbox 3365 1270 3682 1327; x_wconf 81' lang='lat' dir='ltr'><strong>lliltcricum</strong></span> <span class='ocrx_word' id='word_1_201' title='bbox 3720 1287 3799 1327; x_wconf 88' lang='lat' dir='ltr'><strong>rc-</strong></span> 
     </span>
    </p>
   </div>
   <div class='ocr_carea' id='block_1_30' title="bbox 2224 1357 3802 1435">
    <p class='ocr_par' dir='ltr' id='par_1_30' title="bbox 2224 1357 3802 1435">
     <span class='ocr_line' id='line_1_30' title="bbox 2224 1357 3802 1435; baseline 0.004 -23"><span class='ocrx_word' id='word_1_202' title='bbox 2224 1373 2344 1428; x_wconf 83' lang='lat' dir='ltr'><strong>gem</strong></span> <span class='ocrx_word' id='word_1_203' title='bbox 2384 1357 2720 1412; x_wconf 82' lang='lat' dir='ltr'><strong>Francorum</strong></span> <span class='ocrx_word' id='word_1_204' title='bbox 2751 1358 3079 1414; x_wconf 90' lang='lat' dir='ltr'><strong>auctoritate</strong></span> <span class='ocrx_word' id='word_1_205' title='bbox 3123 1359 3383 1431; x_wconf 87' lang='lat' dir='ltr'><strong>Stephani</strong></span> <span class='ocrx_word' id='word_1_206' title='bbox 3440 1377 3595 1433; x_wconf 75' lang='lat' dir='ltr'><strong>papae</strong></span> <span class='ocrx_word' id='word_1_207' title='bbox 3648 1379 3802 1435; x_wconf 81' lang='lat' dir='ltr'><strong>regno</strong></span> 
     </span>
    </p>
   </div>
   <div class='ocr_carea' id='block_1_31' title="bbox 2201 1449 3800 1520">
    <p class='ocr_par' dir='ltr' id='par_1_31' title="bbox 2201 1449 3800 1520">
     <span class='ocr_line' id='line_1_31' title="bbox 2201 1449 3800 1520; baseline 0.003 -17"><span class='ocrx_word' id='word_1_208' title='bbox 2201 1449 2552 1519; x_wconf 80' lang='lat' dir='ltr'><strong>depositum,</strong></span> <span class='ocrx_word' id='word_1_209' title='bbox 2583 1457 2924 1504; x_wconf 88' lang='lat' dir='ltr'><strong>tonsuratum</strong></span> <span class='ocrx_word' id='word_1_210' title='bbox 2951 1459 3008 1505; x_wconf 92' lang='lat' dir='ltr'><strong>et</strong></span> <span class='ocrx_word' id='word_1_211' title='bbox 3040 1450 3092 1505; x_wconf 90' lang='lat' dir='ltr'><strong>in</strong></span> <span class='ocrx_word' id='word_1_212' title='bbox 3119 1456 3509 1508; x_wconf 86' lang='lat' dir='ltr'><strong>monasterium</strong></span> <span class='ocrx_word' id='word_1_213' title='bbox 3569 1454 3800 1520; x_wconf 87' lang='lat' dir='ltr'><strong>missum,</strong></span> 
     </span>
    </p>
   </div>
   <div class='ocr_carea' id='block_1_32' title="bbox 2226 1540 3800 1616">
    <p class='ocr_par' dir='ltr' id='par_1_32' title="bbox 2226 1540 3800 1616">
     <span class='ocr_line' id='line_1_32' title="bbox 2226 1540 3800 1616; baseline 0.003 -19"><span class='ocrx_word' id='word_1_214' title='bbox 2226 1550 2282 1598; x_wconf 87' lang='lat' dir='ltr'><strong>et</strong></span> <span class='ocrx_word' id='word_1_215' title='bbox 2311 1544 2385 1596; x_wconf 90' lang='lat' dir='ltr'><strong>ita</strong></span> <span class='ocrx_word' id='word_1_216' title='bbox 2415 1542 2701 1613; x_wconf 82' lang='lat' dir='ltr'><strong>Pippinum</strong></span> <span class='ocrx_word' id='word_1_217' title='bbox 2726 1542 2778 1595; x_wconf 91' lang='lat' dir='ltr'><strong>in</strong></span> <span class='ocrx_word' id='word_1_218' title='bbox 2808 1555 2989 1613; x_wconf 83' lang='lat' dir='ltr'><strong>regem</strong></span> <span class='ocrx_word' id='word_1_219' title='bbox 3017 1542 3247 1603; x_wconf 71' lang='lat' dir='ltr'><strong>electum</strong></span> <span class='ocrx_word' id='word_1_220' title='bbox 3279 1546 3615 1601; x_wconf 85' lang='lat' dir='ltr'><strong>Francorum</strong></span> <span class='ocrx_word' id='word_1_221' title='bbox 3646 1540 3800 1616; x_wconf 71' lang='grc' dir='ltr'><strong>(ηδ),</strong></span> 
     </span>
    </p>
   </div>
   <div class='ocr_carea' id='block_1_33' title="bbox 529 1632 3803 1709">
    <p class='ocr_par' dir='ltr' id='par_1_33' title="bbox 529 1632 3803 1709">
     <span class='ocr_line' id='line_1_33' title="bbox 529 1632 3803 1709; baseline 0 -17"><span class='ocrx_word' id='word_1_222' title='bbox 529 1646 634 1702; x_wconf 85' lang='lat' dir='ltr'><strong>est,</strong></span> <span class='ocrx_word' id='word_1_223' title='bbox 665 1638 767 1692; x_wconf 91' lang='lat' dir='ltr'><strong>hac</strong></span> <span class='ocrx_word' id='word_1_224' title='bbox 790 1634 1171 1691; x_wconf 90' lang='lat' dir='ltr'><strong>sacramentali</strong></span> <span class='ocrx_word' id='word_1_225' title='bbox 1200 1636 1512 1691; x_wconf 90' lang='lat' dir='ltr'><strong>conditione</strong></span> <span class='ocrx_word' id='word_1_226' title='bbox 1561 1639 1865 1706; x_wconf 81' lang='lat' dir='ltr'><strong>praemissa,</strong></span> <span class='ocrx_word' id='word_1_227' title='bbox 1921 1637 2131 1694; x_wconf 89' lang='lat' dir='ltr'><strong>scilicet</strong></span> <span class='ocrx_word' id='word_1_228' title='bbox 2161 1638 2204 1697; x_wconf 84' lang='grc' dir='ltr'><strong><em>Β</em></strong></span> <span class='ocrx_word' id='word_1_229' title='bbox 2233 1644 2289 1690; x_wconf 91' lang='lat' dir='ltr'><strong>et</strong></span> <span class='ocrx_word' id='word_1_230' title='bbox 2316 1649 2347 1689; x_wconf 88' lang='lat' dir='ltr'><strong>a</strong></span> <span class='ocrx_word' id='word_1_231' title='bbox 2381 1644 2573 1689; x_wconf 89' lang='lat' dir='ltr'><strong>sancto</strong></span> <span class='ocrx_word' id='word_1_232' title='bbox 2613 1632 2906 1689; x_wconf 84' lang='lat' dir='ltr'><strong>Bonefacio</strong></span> <span class='ocrx_word' id='word_1_233' title='bbox 2938 1636 3192 1706; x_wconf 86' lang='lat' dir='ltr'><strong>episcopo</strong></span> <span class='ocrx_word' id='word_1_234' title='bbox 3248 1634 3559 1709; x_wconf 78' lang='lat' dir='ltr'><strong>Mogontino</strong></span> <span class='ocrx_word' id='word_1_235' title='bbox 3608 1640 3673 1692; x_wconf 87' lang='lat' dir='ltr'><strong>ad</strong></span> <span class='ocrx_word' id='word_1_236' title='bbox 3727 1653 3803 1693; x_wconf 77' lang='lat' dir='ltr'><strong>re-</strong></span> 
     </span>
    </p>
   </div>
   <div class='ocr_carea' id='block_1_34' title="bbox 536 1728 2122 1798">
    <p class='ocr_par' dir='ltr' id='par_1_34' title="bbox 536 1728 2122 1798">
     <span class='ocr_line' id='line_1_34' title="bbox 536 1728 2122 1798; baseline 0.001 -14"><span class='ocrx_word' id='word_1_237' title='bbox 536 1738 594 1784; x_wconf 90' lang='lat' dir='ltr'><strong>ut</strong></span> <span class='ocrx_word' id='word_1_238' title='bbox 619 1730 671 1784; x_wconf 88' lang='lat' dir='ltr'><strong>id</strong></span> <span class='ocrx_word' id='word_1_239' title='bbox 702 1730 967 1785; x_wconf 88' lang='lat' dir='ltr'><strong>Dominiei</strong></span> <span class='ocrx_word' id='word_1_240' title='bbox 993 1728 1241 1798; x_wconf 87' lang='lat' dir='ltr'><strong>corporis</strong></span> <span class='ocrx_word' id='word_1_241' title='bbox 1296 1737 1350 1782; x_wconf 90' lang='lat' dir='ltr'><strong>et</strong></span> <span class='ocrx_word' id='word_1_242' title='bbox 1401 1730 1683 1798; x_wconf 80' lang='lat' dir='ltr'><strong>sanguinis</strong></span> <span class='ocrx_word' id='word_1_243' title='bbox 1717 1741 2122 1786; x_wconf 86' lang='lat' dir='ltr'><strong>sacramentum</strong></span> 
     </span>
    </p>
   </div>
   <div class='ocr_carea' id='block_1_35' title="bbox 537 1818 2125 1890">
    <p class='ocr_par' dir='ltr' id='par_1_35' title="bbox 537 1818 2125 1890">
     <span class='ocr_line' id='line_1_35' title="bbox 537 1818 2125 1890; baseline 0 -15"><span class='ocrx_word' id='word_1_244' title='bbox 537 1821 616 1875; x_wconf 89' lang='lat' dir='ltr'><strong>ita</strong></span> <span class='ocrx_word' id='word_1_245' title='bbox 650 1821 754 1877; x_wconf 93' lang='lat' dir='ltr'><strong>sibi</strong></span> <span class='ocrx_word' id='word_1_246' title='bbox 793 1820 859 1875; x_wconf 92' lang='lat' dir='ltr'><strong>ad</strong></span> <span class='ocrx_word' id='word_1_247' title='bbox 906 1819 1139 1876; x_wconf 84' lang='lat' dir='ltr'><strong>salutem</strong></span> <span class='ocrx_word' id='word_1_248' title='bbox 1189 1820 1437 1888; x_wconf 91' lang='lat' dir='ltr'><strong>corporis</strong></span> <span class='ocrx_word' id='word_1_249' title='bbox 1487 1828 1539 1873; x_wconf 89' lang='lat' dir='ltr'><strong>et</strong></span> <span class='ocrx_word' id='word_1_250' title='bbox 1585 1820 1779 1874; x_wconf 80' lang='lat' dir='ltr'><strong>anima:</strong></span> <span class='ocrx_word' id='word_1_251' title='bbox 1815 1818 2125 1890; x_wconf 81' lang='lat' dir='ltr'><strong>profecerit,</strong></span> 
     </span>
    </p>
   </div>
   <div class='ocr_carea' id='block_1_36' title="bbox 532 1907 2128 1978">
    <p class='ocr_par' dir='ltr' id='par_1_36' title="bbox 532 1907 2128 1978">
     <span class='ocr_line' id='line_1_36' title="bbox 532 1907 2128 1978; baseline 0.003 -16"><span class='ocrx_word' id='word_1_252' title='bbox 532 1908 615 1963; x_wconf 87' lang='lat' dir='ltr'><strong>uti</strong></span> <span class='ocrx_word' id='word_1_253' title='bbox 645 1924 808 1965; x_wconf 90' lang='lat' dir='ltr'><strong>causa</strong></span> <span class='ocrx_word' id='word_1_254' title='bbox 838 1908 1116 1964; x_wconf 88' lang='lat' dir='ltr'><strong>obtinendi</strong></span> <span class='ocrx_word' id='word_1_255' title='bbox 1152 1908 1300 1978; x_wconf 78' lang='lat' dir='ltr'><strong>regni</strong></span> <span class='ocrx_word' id='word_1_256' title='bbox 1331 1907 1585 1963; x_wconf 84' lang='lat' dir='ltr'><strong>ileinrico</strong></span> <span class='ocrx_word' id='word_1_257' title='bbox 1618 1909 1727 1978; x_wconf 84' lang='lat' dir='ltr'><strong>regi</strong></span> <span class='ocrx_word' id='word_1_258' title='bbox 1779 1910 1998 1965; x_wconf 83' lang='lat' dir='ltr'><strong>domino</strong></span> <span class='ocrx_word' id='word_1_259' title='bbox 2029 1926 2128 1966; x_wconf 87' lang='lat' dir='ltr'><strong>suo</strong></span> 
     </span>
    </p>
   </div>
   <div class='ocr_carea' id='block_1_37' title="bbox 529 1999 2129 2072">
    <p class='ocr_par' dir='ltr' id='par_1_37' title="bbox 529 1999 2129 2072">
     <span class='ocr_line' id='line_1_37' title="bbox 529 1999 2129 2072; baseline 0.003 -18"><span class='ocrx_word' id='word_1_260' title='bbox 529 1999 675 2070; x_wconf 88' lang='lat' dir='ltr'><strong>justa</strong></span> <span class='ocrx_word' id='word_1_261' title='bbox 722 2008 779 2055; x_wconf 86' lang='lat' dir='ltr'><strong>et</strong></span> <span class='ocrx_word' id='word_1_262' title='bbox 838 2009 956 2055; x_wconf 90' lang='lat' dir='ltr'><strong>rata</strong></span> <span class='ocrx_word' id='word_1_263' title='bbox 994 2001 1179 2065; x_wconf 87' lang='lat' dir='ltr'><strong>fuerit,</strong></span> <span class='ocrx_word' id='word_1_264' title='bbox 1230 2002 1346 2071; x_wconf 86' lang='lat' dir='ltr'><strong>ipse</strong></span> <span class='ocrx_word' id='word_1_265' title='bbox 1398 2012 1863 2072; x_wconf 84' lang='lat' dir='ltr'><strong>praesumptuosns</strong></span> <span class='ocrx_word' id='word_1_266' title='bbox 1905 2002 2129 2071; x_wconf 64' lang='lat' dir='ltr'><strong>justitite</strong></span> 
     </span>
    </p>
   </div>
   <div class='ocr_carea' id='block_1_38' title="bbox 535 2092 2131 2164">
    <p class='ocr_par' dir='ltr' id='par_1_38' title="bbox 535 2092 2131 2164">
     <span class='ocr_line' id='line_1_38' title="bbox 535 2092 2131 2164; baseline 0.006 -21"><span class='ocrx_word' id='word_1_267' title='bbox 535 2094 691 2163; x_wconf 85' lang='lat' dir='ltr'><strong>quasi</strong></span> <span class='ocrx_word' id='word_1_268' title='bbox 724 2092 937 2164; x_wconf 82' lang='lat' dir='ltr'><strong>pepulis</strong></span> <span class='ocrx_word' id='word_1_269' title='bbox 980 2094 1431 2149; x_wconf 75' lang='lat' dir='ltr'><strong>commendanda:</strong></span> <span class='ocrx_word' id='word_1_270' title='bbox 1488 2096 1851 2160; x_wconf 83' lang='lat' dir='ltr'><strong>examinator,</strong></span> <span class='ocrx_word' id='word_1_271' title='bbox 1909 2096 1962 2150; x_wconf 90' lang='lat' dir='ltr'><strong>in</strong></span> <span class='ocrx_word' id='word_1_272' title='bbox 2014 2098 2131 2152; x_wconf 73' lang='lat' dir='ltr'><strong>hzec</strong></span> 
     </span>
    </p>
   </div>
   <div class='ocr_carea' id='block_1_39' title="bbox 536 2184 2133 2255">
    <p class='ocr_par' dir='ltr' id='par_1_39' title="bbox 536 2184 2133 2255">
     <span class='ocr_line' id='line_1_39' title="bbox 536 2184 2133 2255; baseline 0.003 -19"><span class='ocrx_word' id='word_1_273' title='bbox 536 2186 701 2241; x_wconf 85' lang='lat' dir='ltr'><strong>verba</strong></span> <span class='ocrx_word' id='word_1_274' title='bbox 745 2185 1187 2241; x_wconf 84' lang='lat' dir='ltr'><strong>communicavit.</strong></span> <span class='ocrx_word' id='word_1_275' title='bbox 1221 2185 1430 2239; x_wconf 82' lang='lat' dir='ltr'><strong>Extunc</strong></span> <span class='ocrx_word' id='word_1_276' title='bbox 1455 2184 1699 2255; x_wconf 87' lang='lat' dir='ltr'><strong>profecto</strong></span> <span class='ocrx_word' id='word_1_277' title='bbox 1743 2186 1994 2255; x_wconf 85' lang='lat' dir='ltr'><strong>passione</strong></span> <span class='ocrx_word' id='word_1_278' title='bbox 2045 2202 2133 2241; x_wconf 87' lang='lat' dir='ltr'><strong>ar-</strong></span> 
     </span>
    </p>
   </div>
   <div class='ocr_carea' id='block_1_40' title="bbox 545 2275 2128 2347">
    <p class='ocr_par' dir='ltr' id='par_1_40' title="bbox 545 2275 2128 2347">
     <span class='ocr_line' id='line_1_40' title="bbox 545 2275 2128 2347; baseline 0 -16"><span class='ocrx_word' id='word_1_279' title='bbox 545 2286 733 2347; x_wconf 89' lang='lat' dir='ltr'><strong>reptus</strong></span> <span class='ocrx_word' id='word_1_280' title='bbox 760 2276 928 2341; x_wconf 85' lang='lat' dir='ltr'><strong>letali,</strong></span> <span class='ocrx_word' id='word_1_281' title='bbox 963 2277 1015 2331; x_wconf 92' lang='lat' dir='ltr'><strong>in</strong></span> <span class='ocrx_word' id='word_1_282' title='bbox 1045 2276 1161 2331; x_wconf 85' lang='lat' dir='ltr'><strong>dies</strong></span> <span class='ocrx_word' id='word_1_283' title='bbox 1190 2291 1408 2345; x_wconf 84' lang='lat' dir='ltr'><strong>semper</strong></span> <span class='ocrx_word' id='word_1_284' title='bbox 1434 2292 1493 2331; x_wconf 90' lang='lat' dir='ltr'><strong>se</strong></span> <span class='ocrx_word' id='word_1_285' title='bbox 1537 2275 1801 2331; x_wconf 83' lang='lat' dir='ltr'><strong>dolentior</strong></span> <span class='ocrx_word' id='word_1_286' title='bbox 1829 2277 2128 2343; x_wconf 82' lang='lat' dir='ltr'><strong>contabuit,</strong></span> 
     </span>
    </p>
   </div>
   <div class='ocr_carea' id='block_1_41' title="bbox 538 2366 2129 2437">
    <p class='ocr_par' dir='ltr' id='par_1_41' title="bbox 538 2366 2129 2437">
     <span class='ocr_line' id='line_1_41' title="bbox 538 2366 2129 2437; baseline -0.001 -13"><span class='ocrx_word' id='word_1_287' title='bbox 538 2369 712 2424; x_wconf 87' lang='lat' dir='ltr'><strong>donec</strong></span> <span class='ocrx_word' id='word_1_288' title='bbox 752 2367 1138 2423; x_wconf 84' lang='lat' dir='ltr'><strong>miserabiliter</strong></span> <span class='ocrx_word' id='word_1_289' title='bbox 1173 2366 1324 2437; x_wconf 79' lang='lat' dir='ltr'><strong>justo</strong></span> <span class='ocrx_word' id='word_1_290' title='bbox 1353 2367 1446 2421; x_wconf 87' lang='lat' dir='ltr'><strong>Dei</strong></span> <span class='ocrx_word' id='word_1_291' title='bbox 1487 2366 1695 2435; x_wconf 79' lang='lat' dir='ltr'><strong>judicio</strong></span> <span class='ocrx_word' id='word_1_292' title='bbox 1750 2368 2129 2434; x_wconf 84' lang='lat' dir='ltr'><strong>discruciatus,</strong></span> 
     </span>
    </p>
   </div>
   <div class='ocr_carea' id='block_1_42' title="bbox 513 2460 2135 2532">
    <p class='ocr_par' dir='ltr' id='par_1_42' title="bbox 513 2460 2135 2532">
     <span class='ocr_line' id='line_1_42' title="bbox 513 2460 2135 2532; baseline 0 -15"><span class='ocrx_word' id='word_1_293' title='bbox 513 2470 597 2518; x_wconf 75' lang='lat' dir='ltr'><strong>&#39;et</strong></span> <span class='ocrx_word' id='word_1_294' title='bbox 619 2461 1055 2532; x_wconf 84' lang='lat' dir='ltr'><strong>praesumptionis</strong></span> <span class='ocrx_word' id='word_1_295' title='bbox 1081 2461 1353 2530; x_wconf 66' lang='lat' dir='ltr'><strong>prmtlictte</strong></span> <span class='ocrx_word' id='word_1_296' title='bbox 1378 2460 1436 2515; x_wconf 86' lang='lat' dir='ltr'><strong>in</strong></span> <span class='ocrx_word' id='word_1_297' title='bbox 1467 2475 1526 2516; x_wconf 91' lang='lat' dir='ltr'><strong>se</strong></span> <span class='ocrx_word' id='word_1_298' title='bbox 1557 2461 1849 2515; x_wconf 87' lang='lat' dir='ltr'><strong>vindictam</strong></span> <span class='ocrx_word' id='word_1_299' title='bbox 1873 2463 2135 2517; x_wconf 83' lang='lat' dir='ltr'><strong>cecidisse</strong></span> 
     </span>
    </p>
   </div>
   <div class='ocr_carea' id='block_1_43' title="bbox 539 2552 2137 2625">
    <p class='ocr_par' dir='ltr' id='par_1_43' title="bbox 539 2552 2137 2625">
     <span class='ocr_line' id='line_1_43' title="bbox 539 2552 2137 2625; baseline -0.001 -14"><span class='ocrx_word' id='word_1_300' title='bbox 539 2555 846 2622; x_wconf 86' lang='lat' dir='ltr'><strong>confessus,</strong></span> <span class='ocrx_word' id='word_1_301' title='bbox 878 2570 985 2610; x_wconf 91' lang='lat' dir='ltr'><strong>non</strong></span> <span class='ocrx_word' id='word_1_302' title='bbox 1013 2563 1131 2625; x_wconf 91' lang='lat' dir='ltr'><strong>post</strong></span> <span class='ocrx_word' id='word_1_303' title='bbox 1156 2554 1355 2610; x_wconf 92' lang='lat' dir='ltr'><strong>multos</strong></span> <span class='ocrx_word' id='word_1_304' title='bbox 1375 2553 1491 2609; x_wconf 91' lang='lat' dir='ltr'><strong>dies</strong></span> <span class='ocrx_word' id='word_1_305' title='bbox 1514 2552 1569 2609; x_wconf 85' lang='lat' dir='ltr'><strong>et</strong></span> <span class='ocrx_word' id='word_1_306' title='bbox 1619 2554 1732 2623; x_wconf 91' lang='lat' dir='ltr'><strong>ipse</strong></span> <span class='ocrx_word' id='word_1_307' title='bbox 1784 2565 1959 2609; x_wconf 91' lang='lat' dir='ltr'><strong>morte</strong></span> <span class='ocrx_word' id='word_1_308' title='bbox 2000 2564 2137 2624; x_wconf 75' lang='lat' dir='ltr'><strong>pra:-</strong></span> 
     </span>
    </p>
   </div>
   <div class='ocr_carea' id='block_1_44' title="bbox 510 2638 2134 2724">
    <p class='ocr_par' dir='ltr' id='par_1_44' title="bbox 510 2638 2134 2724">
     <span class='ocr_line' id='line_1_44' title="bbox 510 2638 2134 2724; baseline 0.001 -26"><span class='ocrx_word' id='word_1_309' title='bbox 510 2654 739 2701; x_wconf 12' lang='lat' dir='ltr'><strong>tventus</strong></span> <span class='ocrx_word' id='word_1_310' title='bbox 770 2645 1136 2724; x_wconf 71' lang='lat' dir='ltr'><strong>amarissima,</strong></span> <span class='ocrx_word' id='word_1_311' title='bbox 1165 2644 1309 2700; x_wconf 89' lang='lat' dir='ltr'><strong>diem</strong></span> <span class='ocrx_word' id='word_1_312' title='bbox 1333 2638 1609 2699; x_wconf 78' lang='lat' dir='ltr'><strong>clauserat</strong></span> <span class='ocrx_word' id='word_1_313' title='bbox 1630 2652 1954 2699; x_wconf 81' lang='lat' dir='ltr'><strong>extremum.</strong></span> <span class='ocrx_word' id='word_1_314' title='bbox 1978 2644 2134 2712; x_wconf 80' lang='lat' dir='ltr'><strong>Quod</strong></span> 
     </span>
    </p>
   </div>
   <div class='ocr_carea' id='block_1_45' title="bbox 540 2734 2137 2809">
    <p class='ocr_par' dir='ltr' id='par_1_45' title="bbox 540 2734 2137 2809">
     <span class='ocr_line' id='line_1_45' title="bbox 540 2734 2137 2809; baseline -0.003 -16"><span class='ocrx_word' id='word_1_315' title='bbox 540 2739 727 2809; x_wconf 87' lang='lat' dir='ltr'><strong>itaque</strong></span> <span class='ocrx_word' id='word_1_316' title='bbox 774 2737 1038 2807; x_wconf 84' lang='lat' dir='ltr'><strong>judicium</strong></span> <span class='ocrx_word' id='word_1_317' title='bbox 1094 2740 1291 2793; x_wconf 88' lang='lat' dir='ltr'><strong>domno</strong></span> <span class='ocrx_word' id='word_1_318' title='bbox 1331 2752 1484 2808; x_wconf 63' lang='lat' dir='ltr'><strong>papa:</strong></span> <span class='ocrx_word' id='word_1_319' title='bbox 1514 2738 1621 2809; x_wconf 77' lang='lat' dir='ltr'><strong>dux</strong></span> <span class='ocrx_word' id='word_1_320' title='bbox 1650 2734 1802 2789; x_wconf 82' lang='lat' dir='ltr'><strong>Welf</strong></span> <span class='ocrx_word' id='word_1_321' title='bbox 1829 2752 1950 2790; x_wconf 77' lang='lat' dir='ltr'><strong>mox</strong></span> <span class='ocrx_word' id='word_1_322' title='bbox 2008 2736 2137 2792; x_wconf 82' lang='lat' dir='ltr'><strong>fecit</strong></span> 
     </span>
    </p>
   </div>
   <div class='ocr_carea' id='block_1_46' title="bbox 542 2808 2137 2899">
    <p class='ocr_par' dir='ltr' id='par_1_46' title="bbox 542 2808 2137 2899">
     <span class='ocr_line' id='line_1_46' title="bbox 542 2808 2137 2899; baseline -0.001 -16"><span class='ocrx_word' id='word_1_323' title='bbox 542 2808 843 2899; x_wconf 79' lang='lat' dir='ltr'><strong>dcligenter</strong></span> <span class='ocrx_word' id='word_1_324' title='bbox 864 2828 1127 2884; x_wconf 90' lang='lat' dir='ltr'><strong>iutimari.</strong></span> <span class='ocrx_word' id='word_1_325' title='bbox 1157 2828 1253 2882; x_wconf 81' lang='lat' dir='ltr'><strong>Cui</strong></span> <span class='ocrx_word' id='word_1_326' title='bbox 1289 2828 1401 2897; x_wconf 90' lang='lat' dir='ltr'><strong>ipse</strong></span> <span class='ocrx_word' id='word_1_327' title='bbox 1429 2808 1574 2891; x_wconf 59' lang='lat' dir='ltr'><strong>mo&#39;x,</strong></span> <span class='ocrx_word' id='word_1_328' title='bbox 1619 2842 1725 2880; x_wconf 86' lang='lat' dir='ltr'><strong>non</strong></span> <span class='ocrx_word' id='word_1_329' title='bbox 1755 2828 1985 2881; x_wconf 80' lang='lat' dir='ltr'><strong>mendax</strong></span> <span class='ocrx_word' id='word_1_330' title='bbox 2012 2843 2137 2895; x_wconf 90' lang='lat' dir='ltr'><strong>pro-</strong></span> 
     </span>
    </p>
   </div>
   <div class='ocr_carea' id='block_1_47' title="bbox 544 2920 2135 2991">
    <p class='ocr_par' dir='ltr' id='par_1_47' title="bbox 544 2920 2135 2991">
     <span class='ocr_line' id='line_1_47' title="bbox 544 2920 2135 2991; baseline -0.003 -11"><span class='ocrx_word' id='word_1_331' title='bbox 544 2926 729 2991; x_wconf 85' lang='lat' dir='ltr'><strong>pheta,</strong></span> <span class='ocrx_word' id='word_1_332' title='bbox 759 2920 1131 2976; x_wconf 85' lang='lat' dir='ltr'><strong>iudubitanler</strong></span> <span class='ocrx_word' id='word_1_333' title='bbox 1171 2920 1535 2985; x_wconf 62' lang='lat' dir='ltr'><strong>remandavit,</strong></span> <span class='ocrx_word' id='word_1_334' title='bbox 1586 2920 1730 2989; x_wconf 90' lang='lat' dir='ltr'><strong>quod</strong></span> <span class='ocrx_word' id='word_1_335' title='bbox 1786 2920 1900 2990; x_wconf 89' lang='lat' dir='ltr'><strong>ipse</strong></span> <span class='ocrx_word' id='word_1_336' title='bbox 1946 2934 2135 2976; x_wconf 88' lang='lat' dir='ltr'><strong>revera</strong></span> 
     </span>
    </p>
   </div>
   <div class='ocr_carea' id='block_1_48' title="bbox 2228 1724 3805 1798">
    <p class='ocr_par' dir='ltr' id='par_1_48' title="bbox 2228 1724 3805 1798">
     <span class='ocr_line' id='line_1_48' title="bbox 2228 1724 3805 1798; baseline 0.004 -21"><span class='ocrx_word' id='word_1_337' title='bbox 2228 1740 2392 1796; x_wconf 81' lang='lat' dir='ltr'><strong>gnum</strong></span> <span class='ocrx_word' id='word_1_338' title='bbox 2421 1733 2824 1779; x_wconf 87' lang='lat' dir='ltr'><strong>consecratum.</strong></span> <span class='ocrx_word' id='word_1_339' title='bbox 2848 1724 3102 1780; x_wconf 77' lang='lat' dir='ltr'><strong>Nicotaus</strong></span> <span class='ocrx_word' id='word_1_340' title='bbox 3127 1742 3261 1798; x_wconf 85' lang='lat' dir='ltr'><strong>papa</strong></span> <span class='ocrx_word' id='word_1_341' title='bbox 3289 1727 3605 1783; x_wconf 84' lang='lat' dir='ltr'><strong>Lotharium</strong></span> <span class='ocrx_word' id='word_1_342' title='bbox 3636 1745 3805 1798; x_wconf 83' lang='lat' dir='ltr'><strong>rcgcm</strong></span> 
     </span>
    </p>
   </div>
   <div class='ocr_carea' id='block_1_49' title="bbox 2229 1812 3807 1888">
    <p class='ocr_par' dir='ltr' id='par_1_49' title="bbox 2229 1812 3807 1888">
     <span class='ocr_line' id='line_1_49' title="bbox 2229 1812 3807 1888; baseline 0.003 -19"><span class='ocrx_word' id='word_1_343' title='bbox 2229 1812 2566 1869; x_wconf 82' lang='lat' dir='ltr'><strong>Francorum</strong></span> <span class='ocrx_word' id='word_1_344' title='bbox 2594 1814 3110 1879; x_wconf 75' lang='lat' dir='ltr'><strong>excantnnmieavit,</strong></span> <span class='ocrx_word' id='word_1_345' title='bbox 3141 1830 3207 1870; x_wconf 90' lang='lat' dir='ltr'><strong>eo</strong></span> <span class='ocrx_word' id='word_1_346' title='bbox 3232 1818 3401 1884; x_wconf 86' lang='lat' dir='ltr'><strong>quod,</strong></span> <span class='ocrx_word' id='word_1_347' title='bbox 3438 1819 3717 1888; x_wconf 84' lang='lat' dir='ltr'><strong>repudiata</strong></span> <span class='ocrx_word' id='word_1_348' title='bbox 3743 1819 3807 1873; x_wconf 83' lang='lat' dir='ltr'><strong>le-</strong></span> 
     </span>
    </p>
   </div>
   <div class='ocr_carea' id='block_1_50' title="bbox 2230 1905 3806 1975">
    <p class='ocr_par' dir='ltr' id='par_1_50' title="bbox 2230 1905 3806 1975">
     <span class='ocr_line' id='line_1_50' title="bbox 2230 1905 3806 1975; baseline 0.003 -16"><span class='ocrx_word' id='word_1_349' title='bbox 2230 1906 2441 1975; x_wconf 78' lang='lat' dir='ltr'><strong>gittima</strong></span> <span class='ocrx_word' id='word_1_350' title='bbox 2470 1919 2638 1960; x_wconf 79' lang='lat' dir='ltr'><strong>uxore</strong></span> <span class='ocrx_word' id='word_1_351' title='bbox 2673 1921 2795 1970; x_wconf 89' lang='lat' dir='ltr'><strong>sua,</strong></span> <span class='ocrx_word' id='word_1_352' title='bbox 2845 1905 3192 1963; x_wconf 85' lang='lat' dir='ltr'><strong>Waldradam</strong></span> <span class='ocrx_word' id='word_1_353' title='bbox 3224 1908 3295 1942; x_wconf 73' lang='grc'><strong>²¹⁵</strong></span> <span class='ocrx_word' id='word_1_354' title='bbox 3342 1911 3700 1966; x_wconf 88' lang='lat' dir='ltr'><strong>concubinam</strong></span> <span class='ocrx_word' id='word_1_355' title='bbox 3728 1910 3806 1964; x_wconf 76' lang='lat' dir='ltr'><strong>ha-</strong></span> 
     </span>
    </p>
   </div>
   <div class='ocr_carea' id='block_1_51' title="bbox 2230 1999 3808 2070">
    <p class='ocr_par' dir='ltr' id='par_1_51' title="bbox 2230 1999 3808 2070">
     <span class='ocr_line' id='line_1_51' title="bbox 2230 1999 3808 2070; baseline 0 -16"><span class='ocrx_word' id='word_1_356' title='bbox 2230 2000 2361 2054; x_wconf 88' lang='lat' dir='ltr'><strong>bere</strong></span> <span class='ocrx_word' id='word_1_357' title='bbox 2401 2000 2804 2069; x_wconf 61' lang='lat' dir='ltr'><strong>praesumpserit</strong></span> <span class='ocrx_word' id='word_1_358' title='bbox 2832 1999 3000 2070; x_wconf 64' lang='lat' dir='ltr'><strong>(lii),</strong></span> <span class='ocrx_word' id='word_1_359' title='bbox 3025 2001 3115 2069; x_wconf 85' lang='lat' dir='ltr'><strong>qui</strong></span> <span class='ocrx_word' id='word_1_360' title='bbox 3148 2016 3271 2056; x_wconf 91' lang='lat' dir='ltr'><strong>cum</strong></span> <span class='ocrx_word' id='word_1_361' title='bbox 3301 2000 3488 2057; x_wconf 71' lang='lat' dir='ltr'><strong>Romae</strong></span> <span class='ocrx_word' id='word_1_362' title='bbox 3527 2017 3589 2059; x_wconf 91' lang='lat' dir='ltr'><strong>se</strong></span> <span class='ocrx_word' id='word_1_363' title='bbox 3619 2004 3687 2059; x_wconf 91' lang='lat' dir='ltr'><strong>de</strong></span> <span class='ocrx_word' id='word_1_364' title='bbox 3710 2004 3808 2057; x_wconf 84' lang='lat' dir='ltr'><strong>ilia-</strong></span> 
     </span>
    </p>
   </div>
   <div class='ocr_carea' id='block_1_52' title="bbox 2199 2091 3807 2164">
    <p class='ocr_par' dir='ltr' id='par_1_52' title="bbox 2199 2091 3807 2164">
     <span class='ocr_line' id='line_1_52' title="bbox 2199 2091 3807 2164; baseline 0.002 -20"><span class='ocrx_word' id='word_1_365' title='bbox 2199 2112 2205 2123; x_wconf 68' lang='grc' dir='ltr'><strong>ι</strong></span> <span class='ocrx_word' id='word_1_366' title='bbox 2234 2091 2302 2145; x_wconf 90' lang='lat' dir='ltr'><strong>tis</strong></span> <span class='ocrx_word' id='word_1_367' title='bbox 2333 2091 2655 2146; x_wconf 79' lang='lat' dir='ltr'><strong>criminibus</strong></span> <span class='ocrx_word' id='word_1_368' title='bbox 2679 2104 2942 2145; x_wconf 80' lang='lat' dir='ltr'><strong>excusare</strong></span> <span class='ocrx_word' id='word_1_369' title='bbox 2964 2091 3144 2157; x_wconf 90' lang='lat' dir='ltr'><strong>vellet,</strong></span> <span class='ocrx_word' id='word_1_370' title='bbox 3192 2092 3404 2164; x_wconf 85' lang='lat' dir='ltr'><strong>sibique</strong></span> <span class='ocrx_word' id='word_1_371' title='bbox 3429 2095 3534 2149; x_wconf 90' lang='lat' dir='ltr'><strong>hoc</strong></span> <span class='ocrx_word' id='word_1_372' title='bbox 3558 2095 3807 2164; x_wconf 89' lang='lat' dir='ltr'><strong>judicium</strong></span> 
     </span>
    </p>
   </div>
   <div class='ocr_carea' id='block_1_53' title="bbox 2233 2181 3808 2252">
    <p class='ocr_par' dir='ltr' id='par_1_53' title="bbox 2233 2181 3808 2252">
     <span class='ocr_line' id='line_1_53' title="bbox 2233 2181 3808 2252; baseline 0.002 -16"><span class='ocrx_word' id='word_1_373' title='bbox 2233 2181 2627 2252; x_wconf 79' lang='lat' dir='ltr'><strong>injungeretur,</strong></span> <span class='ocrx_word' id='word_1_374' title='bbox 2681 2189 2737 2235; x_wconf 92' lang='lat' dir='ltr'><strong>ut</strong></span> <span class='ocrx_word' id='word_1_375' title='bbox 2772 2182 2814 2236; x_wconf 89' lang='lat' dir='ltr'><strong>si</strong></span> <span class='ocrx_word' id='word_1_376' title='bbox 2853 2181 3116 2237; x_wconf 90' lang='lat' dir='ltr'><strong>innocens</strong></span> <span class='ocrx_word' id='word_1_377' title='bbox 3168 2193 3335 2251; x_wconf 86' lang='lat' dir='ltr'><strong>esset,</strong></span> <span class='ocrx_word' id='word_1_378' title='bbox 3384 2184 3705 2241; x_wconf 84' lang='lat' dir='ltr'><strong>fiducialitcr</strong></span> <span class='ocrx_word' id='word_1_379' title='bbox 3752 2186 3808 2240; x_wconf 78' lang='lat' dir='ltr'><strong>ai</strong></span> 
     </span>
    </p>
   </div>
   <div class='ocr_carea' id='block_1_54' title="bbox 2233 2273 3810 2343">
    <p class='ocr_par' dir='ltr' id='par_1_54' title="bbox 2233 2273 3810 2343">
     <span class='ocr_line' id='line_1_54' title="bbox 2233 2273 3810 2343; baseline 0.001 -16"><span class='ocrx_word' id='word_1_380' title='bbox 2233 2273 2669 2327; x_wconf 88' lang='lat' dir='ltr'><strong>communionem</strong></span> <span class='ocrx_word' id='word_1_381' title='bbox 2702 2273 3011 2338; x_wconf 86' lang='lat' dir='ltr'><strong>accederet,</strong></span> <span class='ocrx_word' id='word_1_382' title='bbox 3034 2275 3262 2330; x_wconf 87' lang='lat' dir='ltr'><strong>accessit</strong></span> <span class='ocrx_word' id='word_1_383' title='bbox 3293 2277 3640 2343; x_wconf 86' lang='lat' dir='ltr'><strong>temerarius,</strong></span> <span class='ocrx_word' id='word_1_384' title='bbox 3681 2278 3810 2331; x_wconf 87' lang='lat' dir='ltr'><strong>etde</strong></span> 
     </span>
    </p>
   </div>
   <div class='ocr_carea' id='block_1_55' title="bbox 2198 2365 3810 2440">
    <p class='ocr_par' dir='ltr' id='par_1_55' title="bbox 2198 2365 3810 2440">
     <span class='ocr_line' id='line_1_55' title="bbox 2198 2365 3810 2440; baseline 0.002 -21"><span class='ocrx_word' id='word_1_385' title='bbox 2198 2394 2199 2397; x_wconf 57' lang='grc' dir='ltr'><strong>η</strong></span> <span class='ocrx_word' id='word_1_386' title='bbox 2236 2365 2602 2419; x_wconf 85' lang='lat' dir='ltr'><strong>manudomni</strong></span> <span class='ocrx_word' id='word_1_387' title='bbox 2645 2365 2931 2434; x_wconf 76' lang='lat' dir='ltr'><strong>apostolici</strong></span> <span class='ocrx_word' id='word_1_388' title='bbox 2954 2365 3220 2435; x_wconf 86' lang='lat' dir='ltr'><strong>judicium</strong></span> <span class='ocrx_word' id='word_1_389' title='bbox 3264 2367 3366 2424; x_wconf 88' lang='lat' dir='ltr'><strong>sibi</strong></span> <span class='ocrx_word' id='word_1_390' title='bbox 3393 2371 3646 2440; x_wconf 87' lang='lat' dir='ltr'><strong>sumpsit.</strong></span> <span class='ocrx_word' id='word_1_391' title='bbox 3692 2370 3810 2425; x_wconf 79' lang='lat' dir='ltr'><strong>Nam</strong></span> 
     </span>
    </p>
   </div>
   <div class='ocr_carea' id='block_1_56' title="bbox 2234 2462 3810 2537">
    <p class='ocr_par' dir='ltr' id='par_1_56' title="bbox 2234 2462 3810 2537">
     <span class='ocr_line' id='line_1_56' title="bbox 2234 2462 3810 2537; baseline 0.003 -20"><span class='ocrx_word' id='word_1_392' title='bbox 2234 2478 2343 2517; x_wconf 88' lang='lat' dir='ltr'><strong>non</strong></span> <span class='ocrx_word' id='word_1_393' title='bbox 2375 2462 2541 2517; x_wconf 91' lang='lat' dir='ltr'><strong>multo</strong></span> <span class='ocrx_word' id='word_1_394' title='bbox 2581 2472 2701 2531; x_wconf 87' lang='lat' dir='ltr'><strong>post</strong></span> <span class='ocrx_word' id='word_1_395' title='bbox 2734 2462 2846 2532; x_wconf 90' lang='lat' dir='ltr'><strong>ipse</strong></span> <span class='ocrx_word' id='word_1_396' title='bbox 2869 2472 2923 2517; x_wconf 84' lang='lat' dir='ltr'><strong>et</strong></span> <span class='ocrx_word' id='word_1_397' title='bbox 2945 2478 3135 2519; x_wconf 88' lang='lat' dir='ltr'><strong>omnes</strong></span> <span class='ocrx_word' id='word_1_398' title='bbox 3180 2463 3421 2522; x_wconf 79' lang='lat' dir='ltr'><strong>fautores</strong></span> <span class='ocrx_word' id='word_1_399' title='bbox 3481 2466 3602 2537; x_wconf 79' lang='lat' dir='ltr'><strong>ejus</strong></span> <span class='ocrx_word' id='word_1_400' title='bbox 3650 2468 3810 2522; x_wconf 77' lang='lat' dir='ltr'><strong>subita</strong></span> 
     </span>
    </p>
   </div>
   <div class='ocr_carea' id='block_1_57' title="bbox 2196 2552 3812 2628">
    <p class='ocr_par' dir='ltr' id='par_1_57' title="bbox 2196 2552 3812 2628">
     <span class='ocr_line' id='line_1_57' title="bbox 2196 2552 3812 2628; baseline 0.002 -20"><span class='ocrx_word' id='word_1_401' title='bbox 2196 2567 2201 2576; x_wconf 90' lang='lat'><em>&#39;</em></span> <span class='ocrx_word' id='word_1_402' title='bbox 2237 2562 2411 2608; x_wconf 83' lang='lat' dir='ltr'><strong>morte</strong></span> <span class='ocrx_word' id='word_1_403' title='bbox 2433 2553 2714 2623; x_wconf 86' lang='lat' dir='ltr'><strong>perierunt</strong></span> <span class='ocrx_word' id='word_1_404' title='bbox 2750 2552 2919 2624; x_wconf 76' lang='grc'><strong>(145).</strong></span> <span class='ocrx_word' id='word_1_405' title='bbox 2964 2552 3302 2612; x_wconf 85' lang='lat' dir='ltr'><strong>Theodosius</strong></span> <span class='ocrx_word' id='word_1_406' title='bbox 3327 2556 3629 2628; x_wconf 89' lang='lat' dir='ltr'><strong>imperator</strong></span> <span class='ocrx_word' id='word_1_407' title='bbox 3657 2574 3687 2611; x_wconf 90' lang='lat' dir='ltr'><strong>a</strong></span> <span class='ocrx_word' id='word_1_408' title='bbox 3711 2574 3812 2613; x_wconf 84' lang='lat' dir='ltr'><strong>san-</strong></span> 
     </span>
    </p>
   </div>
   <div class='ocr_carea' id='block_1_58' title="bbox 2240 2644 3812 2722">
    <p class='ocr_par' dir='ltr' id='par_1_58' title="bbox 2240 2644 3812 2722">
     <span class='ocr_line' id='line_1_58' title="bbox 2240 2644 3812 2722; baseline 0.003 -22"><span class='ocrx_word' id='word_1_409' title='bbox 2240 2655 2328 2700; x_wconf 84' lang='lat' dir='ltr'><strong>cto</strong></span> <span class='ocrx_word' id='word_1_410' title='bbox 2349 2645 2636 2701; x_wconf 82' lang='lat' dir='ltr'><strong>Ambrosio</strong></span> <span class='ocrx_word' id='word_1_411' title='bbox 2668 2644 2735 2701; x_wconf 86' lang='lat' dir='ltr'><strong>ab</strong></span> <span class='ocrx_word' id='word_1_412' title='bbox 2764 2647 2988 2702; x_wconf 81' lang='lat' dir='ltr'><strong>introitu</strong></span> <span class='ocrx_word' id='word_1_413' title='bbox 3020 2648 3089 2680; x_wconf 80' lang='grc'><strong>¹¹⁵</strong></span> <span class='ocrx_word' id='word_1_414' title='bbox 3117 2649 3379 2706; x_wconf 73' lang='lat' dir='ltr'><strong>mcclesite</strong></span> <span class='ocrx_word' id='word_1_415' title='bbox 3400 2652 3741 2722; x_wconf 89' lang='lat' dir='ltr'><strong>prOpellilur,</strong></span> <span class='ocrx_word' id='word_1_416' title='bbox 3767 2660 3812 2707; x_wconf 86' lang='lat' dir='ltr'><strong>et</strong></span> 
     </span>
    </p>
   </div>
   <div class='ocr_carea' id='block_1_59' title="bbox 2240 2738 3809 2815">
    <p class='ocr_par' dir='ltr' id='par_1_59' title="bbox 2240 2738 3809 2815">
     <span class='ocr_line' id='line_1_59' title="bbox 2240 2738 3809 2815; baseline 0.004 -20"><span class='ocrx_word' id='word_1_417' title='bbox 2240 2743 2309 2796; x_wconf 85' lang='lat' dir='ltr'><strong>ob</strong></span> <span class='ocrx_word' id='word_1_418' title='bbox 2339 2738 2546 2796; x_wconf 83' lang='lat' dir='ltr'><strong>scelera</strong></span> <span class='ocrx_word' id='word_1_419' title='bbox 2578 2757 2674 2797; x_wconf 88' lang='lat' dir='ltr'><strong>sua</strong></span> <span class='ocrx_word' id='word_1_420' title='bbox 2699 2742 2764 2795; x_wconf 90' lang='lat' dir='ltr'><strong>ad</strong></span> <span class='ocrx_word' id='word_1_421' title='bbox 2790 2745 3051 2814; x_wconf 83' lang='lat' dir='ltr'><strong>agendam</strong></span> <span class='ocrx_word' id='word_1_422' title='bbox 3081 2745 3459 2815; x_wconf 74' lang='lat' dir='ltr'><strong>pmnitcntiam</strong></span> <span class='ocrx_word' id='word_1_423' title='bbox 3504 2754 3631 2801; x_wconf 89' lang='lat' dir='ltr'><strong>octo</strong></span> <span class='ocrx_word' id='word_1_424' title='bbox 3681 2763 3809 2802; x_wconf 80' lang='lat' dir='ltr'><strong>men-</strong></span> 
     </span>
    </p>
   </div>
   <div class='ocr_carea' id='block_1_60' title="bbox 2239 2832 3813 2911">
    <p class='ocr_par' dir='ltr' id='par_1_60' title="bbox 2239 2832 3813 2911">
     <span class='ocr_line' id='line_1_60' title="bbox 2239 2832 3813 2911; baseline 0.001 -24"><span class='ocrx_word' id='word_1_425' title='bbox 2239 2832 2389 2887; x_wconf 87' lang='lat' dir='ltr'><strong>sibus</strong></span> <span class='ocrx_word' id='word_1_426' title='bbox 2420 2833 2471 2886; x_wconf 89' lang='lat' dir='ltr'><strong>in</strong></span> <span class='ocrx_word' id='word_1_427' title='bbox 2495 2832 2793 2887; x_wconf 78' lang='lat' dir='ltr'><strong>wstodiam</strong></span> <span class='ocrx_word' id='word_1_428' title='bbox 2829 2832 3061 2889; x_wconf 87' lang='lat' dir='ltr'><strong>mittitur</strong></span> <span class='ocrx_word' id='word_1_429' title='bbox 3086 2834 3258 2906; x_wconf 78' lang='lat' dir='ltr'><strong>(HG).</strong></span> <span class='ocrx_word' id='word_1_430' title='bbox 3306 2834 3636 2911; x_wconf 72' lang='lat' dir='ltr'><strong>Ludovvicus</strong></span> <span class='ocrx_word' id='word_1_431' title='bbox 3666 2837 3813 2907; x_wconf 85' lang='lat' dir='ltr'><strong>impc-</strong></span> 
     </span>
    </p>
   </div>
   <div class='ocr_carea' id='block_1_61' title="bbox 2242 2926 3815 3000">
    <p class='ocr_par' dir='ltr' id='par_1_61' title="bbox 2242 2926 3815 3000">
     <span class='ocr_line' id='line_1_61' title="bbox 2242 2926 3815 3000; baseline 0.001 -19"><span class='ocrx_word' id='word_1_432' title='bbox 2242 2935 2414 2991; x_wconf 89' lang='lat' dir='ltr'><strong>rator,</strong></span> <span class='ocrx_word' id='word_1_433' title='bbox 2443 2927 2612 2982; x_wconf 90' lang='lat' dir='ltr'><strong>armis</strong></span> <span class='ocrx_word' id='word_1_434' title='bbox 2631 2926 2910 2997; x_wconf 86' lang='lat' dir='ltr'><strong>depositis,</strong></span> <span class='ocrx_word' id='word_1_435' title='bbox 2934 2928 3001 2981; x_wconf 92' lang='lat' dir='ltr'><strong>ad</strong></span> <span class='ocrx_word' id='word_1_436' title='bbox 3031 2928 3296 2997; x_wconf 80' lang='lat' dir='ltr'><strong>agendam</strong></span> <span class='ocrx_word' id='word_1_437' title='bbox 3324 2928 3703 3000; x_wconf 65' lang='lat' dir='ltr'><strong>paenitentiam</strong></span> <span class='ocrx_word' id='word_1_438' title='bbox 3724 2929 3815 3000; x_wconf 81' lang='lat' dir='ltr'><strong>cpi-</strong></span> 
     </span>
    </p>
   </div>
   <div class='ocr_carea' id='block_1_62' title="bbox 543 3010 3110 3095">
    <p class='ocr_par' dir='ltr' id='par_1_62' title="bbox 543 3010 3110 3095">
     <span class='ocr_line' id='line_1_62' title="bbox 543 3010 3110 3095; baseline 0.001 -28"><span class='ocrx_word' id='word_1_439' title='bbox 543 3012 612 3067; x_wconf 89' lang='lat' dir='ltr'><strong>de</strong></span> <span class='ocrx_word' id='word_1_440' title='bbox 637 3011 739 3068; x_wconf 86' lang='lat' dir='ltr'><strong>hoc</strong></span> <span class='ocrx_word' id='word_1_441' title='bbox 773 3012 1034 3081; x_wconf 73' lang='lat' dir='ltr'><strong>praescius</strong></span> <span class='ocrx_word' id='word_1_442' title='bbox 1063 3016 1206 3067; x_wconf 81' lang='lat' dir='ltr'><strong>esset</strong></span> <span class='ocrx_word' id='word_1_443' title='bbox 1242 3013 1368 3081; x_wconf 88' lang='lat' dir='ltr'><strong>quia</strong></span> <span class='ocrx_word' id='word_1_444' title='bbox 1403 3010 1543 3065; x_wconf 88' lang='lat' dir='ltr'><strong>idem</strong></span> <span class='ocrx_word' id='word_1_445' title='bbox 1576 3011 1862 3081; x_wconf 89' lang='lat' dir='ltr'><strong>cpiscopus</strong></span> <span class='ocrx_word' id='word_1_446' title='bbox 1890 3010 1957 3067; x_wconf 90' lang='lat' dir='ltr'><strong>de</strong></span> <span class='ocrx_word' id='word_1_447' title='bbox 1985 3012 2140 3068; x_wconf 87' lang='lat' dir='ltr'><strong>novis</strong></span> <span class='ocrx_word' id='word_1_448' title='bbox 2168 3033 2212 3095; x_wconf 70' lang='grc' dir='ltr'>ρ</span> <span class='ocrx_word' id='word_1_449' title='bbox 2244 3032 2532 3087; x_wconf 78' lang='lat' dir='ltr'><strong>scaporum</strong></span> <span class='ocrx_word' id='word_1_450' title='bbox 2555 3015 2761 3087; x_wconf 87' lang='lat' dir='ltr'><strong>judicio</strong></span> <span class='ocrx_word' id='word_1_451' title='bbox 2792 3017 3110 3073; x_wconf 90' lang='lat' dir='ltr'><strong>includitur.</strong></span> 
     </span>
    </p>
   </div>
   <div class='ocr_carea' id='block_1_63' title="bbox 546 3101 2130 3173">
    <p class='ocr_par' dir='ltr' id='par_1_63' title="bbox 546 3101 2130 3173">
     <span class='ocr_line' id='line_1_63' title="bbox 546 3101 2130 3173; baseline 0.001 -17"><span class='ocrx_word' id='word_1_452' title='bbox 546 3101 693 3158; x_wconf 87' lang='lat' dir='ltr'><strong>illius</strong></span> <span class='ocrx_word' id='word_1_453' title='bbox 739 3103 863 3156; x_wconf 91' lang='lat' dir='ltr'><strong>anni</strong></span> <span class='ocrx_word' id='word_1_454' title='bbox 908 3102 1153 3173; x_wconf 81' lang='lat' dir='ltr'><strong>frttgibus</strong></span> <span class='ocrx_word' id='word_1_455' title='bbox 1199 3117 1493 3171; x_wconf 84' lang='lat' dir='ltr'><strong>numquam</strong></span> <span class='ocrx_word' id='word_1_456' title='bbox 1552 3111 1865 3173; x_wconf 79' lang='lat' dir='ltr'><strong>gustaturus</strong></span> <span class='ocrx_word' id='word_1_457' title='bbox 1908 3102 2130 3172; x_wconf 82' lang='lat' dir='ltr'><strong>fuisset;</strong></span> 
     </span>
    </p>
   </div>
   <div class='ocr_carea' id='block_1_64' title="bbox 513 3195 2136 3267">
    <p class='ocr_par' dir='ltr' id='par_1_64' title="bbox 513 3195 2136 3267">
     <span class='ocr_line' id='line_1_64' title="bbox 513 3195 2136 3267; baseline 0.001 -18"><span class='ocrx_word' id='word_1_458' title='bbox 513 3196 692 3267; x_wconf 63' lang='lat' dir='ltr'><strong>~quod</strong></span> <span class='ocrx_word' id='word_1_459' title='bbox 737 3195 896 3266; x_wconf 86' lang='lat' dir='ltr'><strong>paulo</strong></span> <span class='ocrx_word' id='word_1_460' title='bbox 925 3205 1066 3265; x_wconf 87' lang='lat' dir='ltr'><strong>post,</strong></span> <span class='ocrx_word' id='word_1_461' title='bbox 1114 3204 1174 3249; x_wconf 90' lang='lat' dir='ltr'><strong>ut</strong></span> <span class='ocrx_word' id='word_1_462' title='bbox 1217 3195 1479 3250; x_wconf 84' lang='lat' dir='ltr'><strong>divinavit</strong></span> <span class='ocrx_word' id='word_1_463' title='bbox 1524 3195 1608 3249; x_wconf 89' lang='lat' dir='ltr'><strong>vir</strong></span> <span class='ocrx_word' id='word_1_464' title='bbox 1653 3195 2003 3266; x_wconf 88' lang='lat' dir='ltr'><strong>apostolicus,</strong></span> <span class='ocrx_word' id='word_1_465' title='bbox 2059 3197 2136 3252; x_wconf 91' lang='lat' dir='ltr'><strong>rei</strong></span> 
     </span>
    </p>
   </div>
   <div class='ocr_carea' id='block_1_65' title="bbox 547 3286 2137 3360">
    <p class='ocr_par' dir='ltr' id='par_1_65' title="bbox 547 3286 2137 3360">
     <span class='ocr_line' id='line_1_65' title="bbox 547 3286 2137 3360; baseline 0 -17"><span class='ocrx_word' id='word_1_466' title='bbox 547 3286 926 3357; x_wconf 88' lang='lat' dir='ltr'><strong>comprobavit</strong></span> <span class='ocrx_word' id='word_1_467' title='bbox 956 3294 1204 3342; x_wconf 84' lang='lat' dir='ltr'><strong>eventus.</strong></span> <span class='ocrx_word' id='word_1_468' title='bbox 1236 3286 1575 3356; x_wconf 87' lang='lat' dir='ltr'><strong>Quamquam</strong></span> <span class='ocrx_word' id='word_1_469' title='bbox 1607 3302 1711 3341; x_wconf 88' lang='lat' dir='ltr'><strong>non</strong></span> <span class='ocrx_word' id='word_1_470' title='bbox 1745 3288 1946 3343; x_wconf 86' lang='lat' dir='ltr'><strong>idcirco</strong></span> <span class='ocrx_word' id='word_1_471' title='bbox 1971 3303 2137 3360; x_wconf 87' lang='lat' dir='ltr'><strong>popu-</strong></span> 
     </span>
    </p>
   </div>
   <div class='ocr_carea' id='block_1_66' title="bbox 549 3365 2138 3448">
    <p class='ocr_par' dir='ltr' id='par_1_66' title="bbox 549 3365 2138 3448">
     <span class='ocr_line' id='line_1_66' title="bbox 549 3365 2138 3448; baseline 0.004 -18"><span class='ocrx_word' id='word_1_472' title='bbox 549 3377 617 3432; x_wconf 91' lang='lat' dir='ltr'><strong>lis</strong></span> <span class='ocrx_word' id='word_1_473' title='bbox 648 3378 733 3432; x_wconf 91' lang='lat' dir='ltr'><strong>his</strong></span> <span class='ocrx_word' id='word_1_474' title='bbox 778 3385 834 3433; x_wconf 92' lang='lat' dir='ltr'><strong>et</strong></span> <span class='ocrx_word' id='word_1_475' title='bbox 882 3377 1189 3448; x_wconf 66' lang='lat' dir='ltr'><strong>hujusm’ocli</strong></span> <span class='ocrx_word' id='word_1_476' title='bbox 1234 3378 1513 3448; x_wconf 78' lang='lat' dir='ltr'><strong>signorum</strong></span> <span class='ocrx_word' id='word_1_477' title='bbox 1562 3378 1967 3432; x_wconf 85' lang='lat' dir='ltr'><strong>ostensionibus</strong></span> <span class='ocrx_word' id='word_1_478' title='bbox 2004 3365 2138 3437; x_wconf 83' lang='lat' dir='ltr'><strong>satis</strong></span> 
     </span>
    </p>
   </div>
   <div class='ocr_carea' id='block_1_67' title="bbox 549 3468 2207 3538">
    <p class='ocr_par' dir='ltr' id='par_1_67' title="bbox 549 3468 2207 3538">
     <span class='ocr_line' id='line_1_67' title="bbox 549 3468 2207 3538; baseline 0.002 -14"><span class='ocrx_word' id='word_1_479' title='bbox 549 3482 821 3538; x_wconf 86' lang='lat' dir='ltr'><strong>superque</strong></span> <span class='ocrx_word' id='word_1_480' title='bbox 850 3468 1219 3532; x_wconf 89' lang='lat' dir='ltr'><strong>commouitis,</strong></span> <span class='ocrx_word' id='word_1_481' title='bbox 1256 3468 1603 3524; x_wconf 69' lang='lat' dir='ltr'><strong>necessitatis</strong></span> <span class='ocrx_word' id='word_1_482' title='bbox 1648 3469 2047 3526; x_wconf 66' lang='lat' dir='ltr'><strong>tecclcsiasticm</strong></span> <span class='ocrx_word' id='word_1_483' title='bbox 2084 3482 2141 3527; x_wconf 93' lang='lat' dir='ltr'><strong>et</strong></span> <span class='ocrx_word' id='word_1_484' title='bbox 2200 3482 2207 3488; x_wconf 84' lang='lat'><strong>‘</strong></span> 
     </span>
    </p>
   </div>
   <div class='ocr_carea' id='block_1_68' title="bbox 550 3558 2141 3632">
    <p class='ocr_par' dir='ltr' id='par_1_68' title="bbox 550 3558 2141 3632">
     <span class='ocr_line' id='line_1_68' title="bbox 550 3558 2141 3632; baseline 0.001 -17"><span class='ocrx_word' id='word_1_485' title='bbox 550 3560 906 3616; x_wconf 87' lang='lat' dir='ltr'><strong>correctionis</strong></span> <span class='ocrx_word' id='word_1_486' title='bbox 931 3574 1043 3615; x_wconf 71' lang='lat' dir='ltr'><strong>socc</strong></span> <span class='ocrx_word' id='word_1_487' title='bbox 1070 3574 1257 3625; x_wconf 88' lang='lat' dir='ltr'><strong>causa,</strong></span> <span class='ocrx_word' id='word_1_488' title='bbox 1289 3560 1391 3614; x_wconf 89' lang='lat' dir='ltr'><strong>hoc</strong></span> <span class='ocrx_word' id='word_1_489' title='bbox 1416 3559 1560 3625; x_wconf 81' lang='lat' dir='ltr'><strong>regis</strong></span> <span class='ocrx_word' id='word_1_490' title='bbox 1602 3558 1849 3615; x_wconf 80' lang='lat' dir='ltr'><strong>Roudolli</strong></span> <span class='ocrx_word' id='word_1_491' title='bbox 1902 3561 2141 3632; x_wconf 82' lang='lat' dir='ltr'><strong>justissi-</strong></span> 
     </span>
    </p>
   </div>
   <div class='ocr_carea' id='block_1_69' title="bbox 553 3653 2141 3729">
    <p class='ocr_par' dir='ltr' id='par_1_69' title="bbox 553 3653 2141 3729">
     <span class='ocr_line' id='line_1_69' title="bbox 553 3653 2141 3729; baseline 0.003 -20"><span class='ocrx_word' id='word_1_492' title='bbox 553 3669 701 3709; x_wconf 89' lang='lat' dir='ltr'><strong>mum</strong></span> <span class='ocrx_word' id='word_1_493' title='bbox 726 3654 948 3708; x_wconf 89' lang='lat' dir='ltr'><strong>omnino</strong></span> <span class='ocrx_word' id='word_1_494' title='bbox 974 3661 1028 3709; x_wconf 91' lang='lat' dir='ltr'><strong>et</strong></span> <span class='ocrx_word' id='word_1_495' title='bbox 1062 3653 1416 3709; x_wconf 88' lang='lat' dir='ltr'><strong>desiderabile</strong></span> <span class='ocrx_word' id='word_1_496' title='bbox 1439 3653 1752 3726; x_wconf 82' lang='lat' dir='ltr'><strong>sttll&#39;ragium</strong></span> <span class='ocrx_word' id='word_1_497' title='bbox 1800 3654 1968 3712; x_wconf 85' lang='lat' dir='ltr'><strong>fuisse</strong></span> <span class='ocrx_word' id='word_1_498' title='bbox 2018 3674 2141 3729; x_wconf 83' lang='lat' dir='ltr'><strong>per—</strong></span> 
     </span>
    </p>
   </div>
   <div class='ocr_carea' id='block_1_70' title="bbox 554 3736 2141 3818">
    <p class='ocr_par' dir='ltr' id='par_1_70' title="bbox 554 3736 2141 3818">
     <span class='ocr_line' id='line_1_70' title="bbox 554 3736 2141 3818; baseline 0.003 -20"><span class='ocrx_word' id='word_1_499' title='bbox 554 3754 734 3800; x_wconf 87' lang='lat' dir='ltr'><strong>actum</strong></span> <span class='ocrx_word' id='word_1_500' title='bbox 760 3760 918 3800; x_wconf 89' lang='lat' dir='ltr'><strong>nemo</strong></span> <span class='ocrx_word' id='word_1_501' title='bbox 946 3743 1116 3800; x_wconf 83' lang='lat' dir='ltr'><strong>ferme</strong></span> <span class='ocrx_word' id='word_1_502' title='bbox 1147 3744 1418 3800; x_wconf 79' lang='lat' dir='ltr'><strong>suﬂiceret</strong></span> <span class='ocrx_word' id='word_1_503' title='bbox 1449 3746 1795 3815; x_wconf 84' lang='lat' dir='ltr'><strong>persuadere,</strong></span> <span class='ocrx_word' id='word_1_504' title='bbox 1852 3756 1933 3803; x_wconf 91' lang='lat' dir='ltr'><strong>sct</strong></span> <span class='ocrx_word' id='word_1_505' title='bbox 1961 3736 2141 3818; x_wconf 85' lang='lat' dir='ltr'><strong>potius</strong></span> 
     </span>
    </p>
   </div>
   <div class='ocr_carea' id='block_1_71' title="bbox 553 3840 2138 3912">
    <p class='ocr_par' dir='ltr' id='par_1_71' title="bbox 553 3840 2138 3912">
     <span class='ocr_line' id='line_1_71' title="bbox 553 3840 2138 3912; baseline 0.004 -17"><span class='ocrx_word' id='word_1_506' title='bbox 553 3841 665 3912; x_wconf 81' lang='lat' dir='ltr'><strong>regi</strong></span> <span class='ocrx_word' id='word_1_507' title='bbox 696 3840 1241 3907; x_wconf 75' lang='lat' dir='ltr'><strong>Ileittt‘ico,omnitnn</strong></span> <span class='ocrx_word' id='word_1_508' title='bbox 1287 3843 1550 3898; x_wconf 85' lang='lat' dir='ltr'><strong>bonorum</strong></span> <span class='ocrx_word' id='word_1_509' title='bbox 1605 3859 1824 3899; x_wconf 88' lang='lat' dir='ltr'><strong>suorum</strong></span> <span class='ocrx_word' id='word_1_510' title='bbox 1870 3846 2138 3902; x_wconf 83' lang='lat' dir='ltr'><strong>incensori</strong></span> 
     </span>
    </p>
   </div>
   <div class='ocr_carea' id='block_1_72' title="bbox 556 3933 2142 3996">
    <p class='ocr_par' dir='ltr' id='par_1_72' title="bbox 556 3933 2142 3996">
     <span class='ocr_line' id='line_1_72' title="bbox 556 3933 2142 3996; baseline 0.002 -7"><span class='ocrx_word' id='word_1_511' title='bbox 556 3943 610 3989; x_wconf 89' lang='lat' dir='ltr'><strong>et</strong></span> <span class='ocrx_word' id='word_1_512' title='bbox 633 3933 986 3996; x_wconf 86' lang='lat' dir='ltr'><strong>devastatori.</strong></span> <span class='ocrx_word' id='word_1_513' title='bbox 1013 3940 1065 3989; x_wconf 91' lang='lat' dir='ltr'><strong>et</strong></span> <span class='ocrx_word' id='word_1_514' title='bbox 1096 3942 1173 3989; x_wconf 92' lang='lat' dir='ltr'><strong>tot</strong></span> <span class='ocrx_word' id='word_1_515' title='bbox 1199 3934 1471 3990; x_wconf 89' lang='lat' dir='ltr'><strong>hcrcsium</strong></span> <span class='ocrx_word' id='word_1_516' title='bbox 1501 3944 1554 3990; x_wconf 91' lang='lat' dir='ltr'><strong>et</strong></span> <span class='ocrx_word' id='word_1_517' title='bbox 1585 3937 1900 3991; x_wconf 87' lang='lat' dir='ltr'><strong>scismatum</strong></span> <span class='ocrx_word' id='word_1_518' title='bbox 1931 3939 2142 3993; x_wconf 88' lang='lat' dir='ltr'><strong>auctori</strong></span> 
     </span>
    </p>
   </div>
   <div class='ocr_carea' id='block_1_73' title="bbox 554 4023 2133 4099">
    <p class='ocr_par' dir='ltr' id='par_1_73' title="bbox 554 4023 2133 4099">
     <span class='ocr_line' id='line_1_73' title="bbox 554 4023 2133 4099; baseline 0.002 -19"><span class='ocrx_word' id='word_1_519' title='bbox 554 4036 607 4080; x_wconf 91' lang='lat' dir='ltr'><strong>et</strong></span> <span class='ocrx_word' id='word_1_520' title='bbox 637 4023 932 4090; x_wconf 77' lang='lat' dir='ltr'><strong>defensori,</strong></span> <span class='ocrx_word' id='word_1_521' title='bbox 960 4034 1071 4081; x_wconf 85' lang='lat' dir='ltr'><strong>teto</strong></span> <span class='ocrx_word' id='word_1_522' title='bbox 1097 4026 1214 4080; x_wconf 90' lang='lat' dir='ltr'><strong>nisu</strong></span> <span class='ocrx_word' id='word_1_523' title='bbox 1243 4037 1605 4097; x_wconf 84' lang='lat' dir='ltr'><strong>pereuperent</strong></span> <span class='ocrx_word' id='word_1_524' title='bbox 1633 4027 1891 4081; x_wconf 86' lang='lat' dir='ltr'><strong>individui</strong></span> <span class='ocrx_word' id='word_1_525' title='bbox 1918 4044 2133 4099; x_wconf 85' lang='lat' dir='ltr'><strong>semper</strong></span> 
     </span>
    </p>
   </div>
   <div class='ocr_carea' id='block_1_74' title="bbox 549 4117 1581 4172">
    <p class='ocr_par' dir='ltr' id='par_1_74' title="bbox 549 4117 1581 4172">
     <span class='ocr_line' id='line_1_74' title="bbox 549 4117 1581 4172; baseline 0 0"><span class='ocrx_word' id='word_1_526' title='bbox 549 4117 849 4172; x_wconf 73' lang='lat' dir='ltr'><strong>adluerere.</strong></span> <span class='ocrx_word' id='word_1_527' title='bbox 1578 4126 1581 4131; x_wconf 83' lang='lat'>&#39;</span> 
     </span>
    </p>
   </div>
   <div class='ocr_carea' id='block_1_75' title="bbox 2315 3098 3815 3180">
    <p class='ocr_par' dir='ltr' id='par_1_75' title="bbox 2315 3098 3815 3180">
     <span class='ocr_line' id='line_1_75' title="bbox 2315 3098 3815 3180; baseline 0.001 -18"><span class='ocrx_word' id='word_1_528' title='bbox 2315 3108 2452 3176; x_wconf 84' lang='lat' dir='ltr'><strong>Quid</strong></span> <span class='ocrx_word' id='word_1_529' title='bbox 2471 3123 2707 3177; x_wconf 88' lang='lat' dir='ltr'><strong>namque</strong></span> <span class='ocrx_word' id='word_1_530' title='bbox 2727 3109 2828 3163; x_wconf 91' lang='lat' dir='ltr'><strong>hoc</strong></span> <span class='ocrx_word' id='word_1_531' title='bbox 2851 3117 2904 3162; x_wconf 81' lang='lat' dir='ltr'><strong>et</strong></span> <span class='ocrx_word' id='word_1_532' title='bbox 2925 3124 3044 3179; x_wconf 72' lang='lat' dir='ltr'><strong>qum</strong></span> <span class='ocrx_word' id='word_1_533' title='bbox 3066 3098 3320 3180; x_wconf 77' lang='lat' dir='ltr'><strong>perplura</strong></span> <span class='ocrx_word' id='word_1_534' title='bbox 3343 3104 3656 3179; x_wconf 64' lang='lat' dir='ltr'><strong>hujusniofli</strong></span> <span class='ocrx_word' id='word_1_535' title='bbox 3685 3118 3815 3173; x_wconf 77' lang='lat' dir='ltr'><strong>Sunt,</strong></span> 
     </span>
    </p>
   </div>
   <div class='ocr_carea' id='block_1_76' title="bbox 2239 3197 3816 3269">
    <p class='ocr_par' dir='ltr' id='par_1_76' title="bbox 2239 3197 3816 3269">
     <span class='ocr_line' id='line_1_76' title="bbox 2239 3197 3816 3269; baseline -0.001 -14"><span class='ocrx_word' id='word_1_536' title='bbox 2239 3215 2464 3256; x_wconf 85' lang='lat' dir='ltr'><strong>necesse</strong></span> <span class='ocrx_word' id='word_1_537' title='bbox 2512 3197 2677 3254; x_wconf 89' lang='lat' dir='ltr'><strong>fuerit</strong></span> <span class='ocrx_word' id='word_1_538' title='bbox 2719 3214 2909 3254; x_wconf 90' lang='lat' dir='ltr'><strong>sanum</strong></span> <span class='ocrx_word' id='word_1_539' title='bbox 2952 3199 3288 3269; x_wconf 89' lang='lat' dir='ltr'><strong>sapientibus</strong></span> <span class='ocrx_word' id='word_1_540' title='bbox 3334 3213 3816 3261; x_wconf 86' lang='lat' dir='ltr'><strong>commemorasse,</strong></span> 
     </span>
    </p>
   </div>
   <div class='ocr_carea' id='block_1_77' title="bbox 2240 3280 3818 3359">
    <p class='ocr_par' dir='ltr' id='par_1_77' title="bbox 2240 3280 3818 3359">
     <span class='ocr_line' id='line_1_77' title="bbox 2240 3280 3818 3359; baseline 0.001 -16"><span class='ocrx_word' id='word_1_541' title='bbox 2240 3290 2343 3343; x_wconf 91' lang='lat' dir='ltr'><strong>nisi</strong></span> <span class='ocrx_word' id='word_1_542' title='bbox 2398 3290 2469 3344; x_wconf 92' lang='lat' dir='ltr'><strong>ob</strong></span> <span class='ocrx_word' id='word_1_543' title='bbox 2524 3288 2900 3359; x_wconf 86' lang='lat' dir='ltr'><strong>responsiones</strong></span> <span class='ocrx_word' id='word_1_544' title='bbox 2952 3280 3411 3358; x_wconf 63' lang='lat' dir='ltr'><strong>inportunissimaé</strong></span> <span class='ocrx_word' id='word_1_545' title='bbox 3461 3298 3519 3346; x_wconf 90' lang='lat' dir='ltr'><strong>et</strong></span> <span class='ocrx_word' id='word_1_546' title='bbox 3562 3291 3818 3347; x_wconf 71' lang='lat' dir='ltr'><strong>mendosa:</strong></span> 
     </span>
    </p>
   </div>
   <div class='ocr_carea' id='block_1_78' title="bbox 2238 3379 3815 3452">
    <p class='ocr_par' dir='ltr' id='par_1_78' title="bbox 2238 3379 3815 3452">
     <span class='ocr_line' id='line_1_78' title="bbox 2238 3379 3815 3452; baseline -0.001 -17"><span class='ocrx_word' id='word_1_547' title='bbox 2238 3381 2579 3451; x_wconf 89' lang='lat' dir='ltr'><strong>quorundam</strong></span> <span class='ocrx_word' id='word_1_548' title='bbox 2616 3380 2919 3433; x_wconf 87' lang='lat' dir='ltr'><strong>morionum</strong></span> <span class='ocrx_word' id='word_1_549' title='bbox 2943 3379 3317 3450; x_wconf 84' lang='lat' dir='ltr'><strong>garrulitatis?</strong></span> <span class='ocrx_word' id='word_1_550' title='bbox 3348 3380 3588 3437; x_wconf 82' lang='lat' dir='ltr'><strong>Plurima</strong></span> <span class='ocrx_word' id='word_1_551' title='bbox 3613 3381 3815 3452; x_wconf 88' lang='lat' dir='ltr'><strong>quippe,</strong></span> 
     </span>
    </p>
   </div>
   <div class='ocr_carea' id='block_1_79' title="bbox 2242 3470 3819 3544">
    <p class='ocr_par' dir='ltr' id='par_1_79' title="bbox 2242 3470 3819 3544">
     <span class='ocr_line' id='line_1_79' title="bbox 2242 3470 3819 3544; baseline 0.001 -19"><span class='ocrx_word' id='word_1_552' title='bbox 2242 3472 2457 3542; x_wconf 67' lang='lat' dir='ltr'><strong>regibus</strong></span> <span class='ocrx_word' id='word_1_553' title='bbox 2495 3470 2735 3525; x_wconf 91' lang='lat' dir='ltr'><strong>inaudita</strong></span> <span class='ocrx_word' id='word_1_554' title='bbox 2779 3470 3043 3526; x_wconf 87' lang='lat' dir='ltr'><strong>hactenus</strong></span> <span class='ocrx_word' id='word_1_555' title='bbox 3069 3512 3083 3536; x_wconf 92' lang='lat'><strong>,</strong></span> <span class='ocrx_word' id='word_1_556' title='bbox 3126 3472 3178 3526; x_wconf 91' lang='lat' dir='ltr'><strong>in</strong></span> <span class='ocrx_word' id='word_1_557' title='bbox 3207 3474 3497 3544; x_wconf 83' lang='lat' dir='ltr'><strong>synagogis</strong></span> <span class='ocrx_word' id='word_1_558' title='bbox 3532 3474 3648 3530; x_wconf 91' lang='lat' dir='ltr'><strong>suis</strong></span> <span class='ocrx_word' id='word_1_559' title='bbox 3686 3472 3819 3527; x_wconf 86' lang='lat' dir='ltr'><strong>fabu-</strong></span> 
     </span>
    </p>
   </div>
   <div class='ocr_carea' id='block_1_80' title="bbox 2242 3563 3819 3637">
    <p class='ocr_par' dir='ltr' id='par_1_80' title="bbox 2242 3563 3819 3637">
     <span class='ocr_line' id='line_1_80' title="bbox 2242 3563 3819 3637; baseline 0.001 -20"><span class='ocrx_word' id='word_1_560' title='bbox 2242 3563 2373 3619; x_wconf 85' lang='lat' dir='ltr'><strong>losis</strong></span> <span class='ocrx_word' id='word_1_561' title='bbox 2433 3563 2753 3633; x_wconf 88' lang='lat' dir='ltr'><strong>ineptiarum</strong></span> <span class='ocrx_word' id='word_1_562' title='bbox 2799 3572 2854 3617; x_wconf 89' lang='lat' dir='ltr'><strong>et</strong></span> <span class='ocrx_word' id='word_1_563' title='bbox 2900 3578 3166 3635; x_wconf 85' lang='lat' dir='ltr'><strong>nugarum</strong></span> <span class='ocrx_word' id='word_1_564' title='bbox 3228 3564 3523 3620; x_wconf 82' lang='lat' dir='ltr'><strong>ludibriosa</strong></span> <span class='ocrx_word' id='word_1_565' title='bbox 3592 3565 3819 3637; x_wconf 71' lang='lat' dir='ltr'><strong>profere-</strong></span> 
     </span>
    </p>
   </div>
   <div class='ocr_carea' id='block_1_81' title="bbox 2241 3653 3816 3726">
    <p class='ocr_par' dir='ltr' id='par_1_81' title="bbox 2241 3653 3816 3726">
     <span class='ocr_line' id='line_1_81' title="bbox 2241 3653 3816 3726; baseline 0.001 -18"><span class='ocrx_word' id='word_1_566' title='bbox 2241 3655 2373 3709; x_wconf 87' lang='lat' dir='ltr'><strong>bant</strong></span> <span class='ocrx_word' id='word_1_567' title='bbox 2407 3655 2687 3726; x_wconf 84' lang='lat' dir='ltr'><strong>privilegia</strong></span> <span class='ocrx_word' id='word_1_568' title='bbox 2736 3653 2826 3724; x_wconf 91' lang='lat' dir='ltr'><strong>jtts</strong></span> <span class='ocrx_word' id='word_1_569' title='bbox 2880 3658 3153 3726; x_wconf 90' lang='lat' dir='ltr'><strong>publicum</strong></span> <span class='ocrx_word' id='word_1_570' title='bbox 3211 3655 3523 3726; x_wconf 86' lang='lat' dir='ltr'><strong>ignorantes</strong></span> <span class='ocrx_word' id='word_1_571' title='bbox 3552 3696 3567 3721; x_wconf 89' lang='lat'><strong>,</strong></span> <span class='ocrx_word' id='word_1_572' title='bbox 3606 3666 3816 3726; x_wconf 49' lang='lat' dir='ltr'><strong>segne-</strong></span> 
     </span>
    </p>
   </div>
   <div class='ocr_carea' id='block_1_82' title="bbox 2242 3745 3817 3816">
    <p class='ocr_par' dir='ltr' id='par_1_82' title="bbox 2242 3745 3817 3816">
     <span class='ocr_line' id='line_1_82' title="bbox 2242 3745 3817 3816; baseline 0.001 -20"><span class='ocrx_word' id='word_1_573' title='bbox 2242 3758 2346 3815; x_wconf 88' lang='lat' dir='ltr'><strong>que</strong></span> <span class='ocrx_word' id='word_1_574' title='bbox 2367 3746 2503 3800; x_wconf 88' lang='lat' dir='ltr'><strong>scita</strong></span> <span class='ocrx_word' id='word_1_575' title='bbox 2545 3759 2642 3799; x_wconf 89' lang='lat' dir='ltr'><strong>sua</strong></span> <span class='ocrx_word' id='word_1_576' title='bbox 2678 3745 2911 3815; x_wconf 86' lang='lat' dir='ltr'><strong>plebeia,</strong></span> <span class='ocrx_word' id='word_1_577' title='bbox 2943 3750 3191 3816; x_wconf 85' lang='lat' dir='ltr'><strong>quamvis</strong></span> <span class='ocrx_word' id='word_1_578' title='bbox 3232 3763 3260 3801; x_wconf 89' lang='lat' dir='ltr'><strong>a</strong></span> <span class='ocrx_word' id='word_1_579' title='bbox 3302 3748 3524 3802; x_wconf 87' lang='lat' dir='ltr'><strong>sciendo</strong></span> <span class='ocrx_word' id='word_1_580' title='bbox 3547 3755 3817 3807; x_wconf 81' lang='lat' dir='ltr'><strong>vocentur.</strong></span> 
     </span>
    </p>
   </div>
   <div class='ocr_carea' id='block_1_83' title="bbox 2243 3834 3820 3910">
    <p class='ocr_par' dir='ltr' id='par_1_83' title="bbox 2243 3834 3820 3910">
     <span class='ocr_line' id='line_1_83' title="bbox 2243 3834 3820 3910; baseline -0.001 -19"><span class='ocrx_word' id='word_1_581' title='bbox 2243 3838 2486 3910; x_wconf 87' lang='lat' dir='ltr'><strong>plcnarie</strong></span> <span class='ocrx_word' id='word_1_582' title='bbox 2527 3841 2660 3894; x_wconf 88' lang='lat' dir='ltr'><strong>satis</strong></span> <span class='ocrx_word' id='word_1_583' title='bbox 2710 3841 2964 3895; x_wconf 86' lang='lat' dir='ltr'><strong>scientes.</strong></span> <span class='ocrx_word' id='word_1_584' title='bbox 3019 3838 3264 3909; x_wconf 87' lang='lat' dir='ltr'><strong>Namque</strong></span> <span class='ocrx_word' id='word_1_585' title='bbox 3305 3854 3405 3908; x_wconf 89' lang='lat' dir='ltr'><strong>pro</strong></span> <span class='ocrx_word' id='word_1_586' title='bbox 3460 3848 3612 3894; x_wconf 89' lang='lat' dir='ltr'><strong>metu</strong></span> <span class='ocrx_word' id='word_1_587' title='bbox 3660 3840 3739 3894; x_wconf 81' lang='lat' dir='ltr'><strong>sui</strong></span> <span class='ocrx_word' id='word_1_588' title='bbox 3770 3834 3820 3890; x_wconf 84' lang='lat' dir='ltr'><strong>li-</strong></span> 
     </span>
    </p>
   </div>
   <div class='ocr_carea' id='block_1_84' title="bbox 2247 3930 3819 4003">
    <p class='ocr_par' dir='ltr' id='par_1_84' title="bbox 2247 3930 3819 4003">
     <span class='ocr_line' id='line_1_84' title="bbox 2247 3930 3819 4003; baseline -0.002 -17"><span class='ocrx_word' id='word_1_589' title='bbox 2247 3932 2397 3986; x_wconf 91' lang='lat' dir='ltr'><strong>bitus</strong></span> <span class='ocrx_word' id='word_1_590' title='bbox 2446 3932 2520 3964; x_wconf 73' lang='grc'><strong>’³⁸</strong></span> <span class='ocrx_word' id='word_1_591' title='bbox 2542 3932 2799 4002; x_wconf 65' lang='lat' dir='ltr'><strong>quaelibet</strong></span> <span class='ocrx_word' id='word_1_592' title='bbox 2824 3933 2875 3986; x_wconf 92' lang='lat' dir='ltr'><strong>in</strong></span> <span class='ocrx_word' id='word_1_593' title='bbox 2902 3944 3188 4003; x_wconf 90' lang='lat' dir='ltr'><strong>utramque</strong></span> <span class='ocrx_word' id='word_1_594' title='bbox 3213 3941 3423 4002; x_wconf 85' lang='lat' dir='ltr'><strong>partem</strong></span> <span class='ocrx_word' id='word_1_595' title='bbox 3458 3930 3819 3987; x_wconf 66' lang='lat' dir='ltr'><strong>indiﬂ‘ercntcr</strong></span> 
     </span>
    </p>
   </div>
   <div class='ocr_carea' id='block_1_85' title="bbox 2245 4024 3818 4096">
    <p class='ocr_par' dir='ltr' id='par_1_85' title="bbox 2245 4024 3818 4096">
     <span class='ocr_line' id='line_1_85' title="bbox 2245 4024 3818 4096; baseline -0.003 -16"><span class='ocrx_word' id='word_1_596' title='bbox 2245 4035 2299 4080; x_wconf 90' lang='lat' dir='ltr'><strong>et</strong></span> <span class='ocrx_word' id='word_1_597' title='bbox 2323 4024 2617 4080; x_wconf 87' lang='lat' dir='ltr'><strong>laudabant</strong></span> <span class='ocrx_word' id='word_1_598' title='bbox 2648 4034 2705 4080; x_wconf 93' lang='lat' dir='ltr'><strong>ct</strong></span> <span class='ocrx_word' id='word_1_599' title='bbox 2738 4025 3138 4094; x_wconf 86' lang='lat' dir='ltr'><strong>vituperahant.</strong></span> <span class='ocrx_word' id='word_1_600' title='bbox 3175 4025 3239 4079; x_wconf 82' lang='lat' dir='ltr'><strong>Et</strong></span> <span class='ocrx_word' id='word_1_601' title='bbox 3278 4034 3335 4079; x_wconf 91' lang='lat' dir='ltr'><strong>ut</strong></span> <span class='ocrx_word' id='word_1_602' title='bbox 3361 4024 3474 4093; x_wconf 87' lang='lat' dir='ltr'><strong>jam</strong></span> <span class='ocrx_word' id='word_1_603' title='bbox 3506 4025 3717 4096; x_wconf 89' lang='lat' dir='ltr'><strong>pridem</strong></span> <span class='ocrx_word' id='word_1_604' title='bbox 3744 4038 3818 4077; x_wconf 75' lang='lat' dir='ltr'><strong>res</strong></span> 
     </span>
    </p>
   </div>
   <div class='ocr_carea' id='block_1_86' title="bbox 2247 4113 3820 4185">
    <p class='ocr_par' dir='ltr' id='par_1_86' title="bbox 2247 4113 3820 4185">
     <span class='ocr_line' id='line_1_86' title="bbox 2247 4113 3820 4185; baseline -0.004 -15"><span class='ocrx_word' id='word_1_605' title='bbox 2247 4130 2345 4170; x_wconf 89' lang='lat' dir='ltr'><strong>sua</strong></span> <span class='ocrx_word' id='word_1_606' title='bbox 2385 4113 2648 4170; x_wconf 87' lang='lat' dir='ltr'><strong>vocabula</strong></span> <span class='ocrx_word' id='word_1_607' title='bbox 2673 4116 3048 4178; x_wconf 84' lang='lat' dir='ltr'><strong>ammiserant,</strong></span> <span class='ocrx_word' id='word_1_608' title='bbox 3077 4115 3146 4168; x_wconf 86' lang='lat' dir='ltr'><strong>ita</strong></span> <span class='ocrx_word' id='word_1_609' title='bbox 3167 4116 3306 4185; x_wconf 88' lang='lat' dir='ltr'><strong>apud</strong></span> <span class='ocrx_word' id='word_1_610' title='bbox 3331 4130 3425 4170; x_wconf 89' lang='lat' dir='ltr'><strong>eos</strong></span> <span class='ocrx_word' id='word_1_611' title='bbox 3449 4115 3635 4169; x_wconf 89' lang='lat' dir='ltr'><strong>adhuc</strong></span> <span class='ocrx_word' id='word_1_612' title='bbox 3664 4127 3820 4184; x_wconf 88' lang='lat' dir='ltr'><strong>usque</strong></span> 
     </span>
    </p>
   </div>
   <div class='ocr_carea' id='block_1_87' title="bbox 625 4190 3818 4283">
    <p class='ocr_par' dir='ltr' id='par_1_87' title="bbox 625 4190 3818 4283">
     <span class='ocr_line' id='line_1_87' title="bbox 625 4190 3818 4283; baseline -0.002 -20"><span class='ocrx_word' id='word_1_613' title='bbox 625 4209 779 4264; x_wconf 83' lang='lat' dir='ltr'><strong>Tunc</strong></span> <span class='ocrx_word' id='word_1_614' title='bbox 806 4224 957 4270; x_wconf 86' lang='lat' dir='ltr'><strong>vero,</strong></span> <span class='ocrx_word' id='word_1_615' title='bbox 996 4224 1116 4277; x_wconf 81' lang='lat' dir='ltr'><strong>quae</strong></span> <span class='ocrx_word' id='word_1_616' title='bbox 1160 4208 1372 4263; x_wconf 88' lang='lat' dir='ltr'><strong>heresis</strong></span> <span class='ocrx_word' id='word_1_617' title='bbox 1399 4217 1454 4263; x_wconf 91' lang='lat' dir='ltr'><strong>et</strong></span> <span class='ocrx_word' id='word_1_618' title='bbox 1483 4190 1840 4264; x_wconf 86' lang='lat' dir='ltr'><strong>seminarium</strong></span> <span class='ocrx_word' id='word_1_619' title='bbox 1876 4218 1995 4281; x_wconf 90' lang='lat' dir='ltr'><strong>erat</strong></span> <span class='ocrx_word' id='word_1_620' title='bbox 2025 4212 2140 4266; x_wconf 89' lang='lat' dir='ltr'><strong>cle-</strong></span> <span class='ocrx_word' id='word_1_621' title='bbox 2248 4226 2355 4265; x_wconf 90' lang='lat' dir='ltr'><strong>non</strong></span> <span class='ocrx_word' id='word_1_622' title='bbox 2401 4224 2490 4263; x_wconf 90' lang='lat' dir='ltr'><strong>res</strong></span> <span class='ocrx_word' id='word_1_623' title='bbox 2528 4216 2612 4263; x_wconf 91' lang='lat' dir='ltr'><strong>set</strong></span> <span class='ocrx_word' id='word_1_624' title='bbox 2646 4208 2868 4264; x_wconf 89' lang='lat' dir='ltr'><strong>nomina</strong></span> <span class='ocrx_word' id='word_1_625' title='bbox 2912 4218 3117 4262; x_wconf 88' lang='lat' dir='ltr'><strong>tantum</strong></span> <span class='ocrx_word' id='word_1_626' title='bbox 3156 4208 3302 4261; x_wconf 88' lang='lat' dir='ltr'><strong>laudi</strong></span> <span class='ocrx_word' id='word_1_627' title='bbox 3353 4217 3410 4262; x_wconf 86' lang='lat' dir='ltr'><strong>et</strong></span> <span class='ocrx_word' id='word_1_628' title='bbox 3442 4207 3641 4283; x_wconf 84' lang='lat' dir='ltr'><strong>honori</strong></span> <span class='ocrx_word' id='word_1_629' title='bbox 3686 4215 3818 4267; x_wconf 86' lang='lat' dir='ltr'><strong>sunt,</strong></span> 
     </span>
    </p>
   </div>
   <div class='ocr_carea' id='block_1_88' title="bbox 550 4296 3821 4370">
    <p class='ocr_par' dir='ltr' id='par_1_88' title="bbox 550 4296 3821 4370">
     <span class='ocr_line' id='line_1_88' title="bbox 550 4296 3821 4370; baseline -0.001 -17"><span class='ocrx_word' id='word_1_630' title='bbox 550 4298 816 4362; x_wconf 82' lang='lat' dir='ltr'><strong>ricorum,</strong></span> <span class='ocrx_word' id='word_1_631' title='bbox 846 4298 1149 4367; x_wconf 88' lang='lat' dir='ltr'><strong>pertinaces</strong></span> <span class='ocrx_word' id='word_1_632' title='bbox 1171 4298 1413 4353; x_wconf 90' lang='lat' dir='ltr'><strong>nonnulli</strong></span> <span class='ocrx_word' id='word_1_633' title='bbox 1443 4301 1642 4369; x_wconf 80' lang='lat' dir='ltr'><strong>passim</strong></span> <span class='ocrx_word' id='word_1_634' title='bbox 1672 4301 1975 4355; x_wconf 89' lang='lat' dir='ltr'><strong>coneionati</strong></span> <span class='ocrx_word' id='word_1_635' title='bbox 1999 4312 2161 4367; x_wconf 53' lang='lat' dir='ltr'><strong>sunt,</strong></span> <span class='ocrx_word' id='word_1_636' title='bbox 2249 4315 2368 4368; x_wconf 63' lang='lat' dir='ltr'><strong>qua!</strong></span> <span class='ocrx_word' id='word_1_637' title='bbox 2408 4300 2612 4370; x_wconf 86' lang='lat' dir='ltr'><strong>absque</strong></span> <span class='ocrx_word' id='word_1_638' title='bbox 2651 4300 2983 4370; x_wconf 86' lang='lat' dir='ltr'><strong>proprietate</strong></span> <span class='ocrx_word' id='word_1_639' title='bbox 3026 4300 3095 4331; x_wconf 74' lang='lat'><strong>&quot;7</strong></span> <span class='ocrx_word' id='word_1_640' title='bbox 3140 4307 3194 4352; x_wconf 92' lang='lat' dir='ltr'><strong>ct</strong></span> <span class='ocrx_word' id='word_1_641' title='bbox 3225 4296 3414 4353; x_wconf 81' lang='lat' dir='ltr'><strong>ofﬁciis</strong></span> <span class='ocrx_word' id='word_1_642' title='bbox 3458 4300 3574 4354; x_wconf 90' lang='lat' dir='ltr'><strong>suis</strong></span> <span class='ocrx_word' id='word_1_643' title='bbox 3614 4312 3821 4369; x_wconf 82' lang='lat' dir='ltr'><strong>prorsus</strong></span> 
     </span>
    </p>
   </div>
   <div class='ocr_carea' id='block_1_89' title="bbox 554 4387 3821 4464">
    <p class='ocr_par' dir='ltr' id='par_1_89' title="bbox 554 4387 3821 4464">
     <span class='ocr_line' id='line_1_89' title="bbox 554 4387 3821 4464; baseline 0.002 -25"><span class='ocrx_word' id='word_1_644' title='bbox 554 4387 611 4439; x_wconf 83' lang='lat' dir='ltr'><strong>in</strong></span> <span class='ocrx_word' id='word_1_645' title='bbox 637 4400 790 4457; x_wconf 77' lang='lat' dir='ltr'><strong>reg:s</strong></span> <span class='ocrx_word' id='word_1_646' title='bbox 810 4403 1138 4458; x_wconf 89' lang='lat' dir='ltr'><strong>quamquam</strong></span> <span class='ocrx_word' id='word_1_647' title='bbox 1163 4390 1438 4444; x_wconf 87' lang='lat' dir='ltr'><strong>hereticos</strong></span> <span class='ocrx_word' id='word_1_648' title='bbox 1469 4399 1524 4443; x_wconf 92' lang='lat' dir='ltr'><strong>et</strong></span> <span class='ocrx_word' id='word_1_649' title='bbox 1570 4391 1783 4446; x_wconf 87' lang='lat' dir='ltr'><strong>cunctis</strong></span> <span class='ocrx_word' id='word_1_650' title='bbox 1812 4391 2140 4462; x_wconf 82' lang='lat' dir='ltr'><strong>ﬂagitiorum</strong></span> <span class='ocrx_word' id='word_1_651' title='bbox 2175 4394 2219 4453; x_wconf 84' lang='grc' dir='ltr'>υ</span> <span class='ocrx_word' id='word_1_652' title='bbox 2247 4392 2482 4447; x_wconf 87' lang='lat' dir='ltr'><strong>inaniter</strong></span> <span class='ocrx_word' id='word_1_653' title='bbox 2516 4401 2730 4448; x_wconf 88' lang='lat' dir='ltr'><strong>sonant.</strong></span> <span class='ocrx_word' id='word_1_654' title='bbox 2775 4392 2929 4447; x_wconf 84' lang='lat' dir='ltr'><strong>Sicut</strong></span> <span class='ocrx_word' id='word_1_655' title='bbox 2955 4392 3098 4446; x_wconf 90' lang='lat' dir='ltr'><strong>enim</strong></span> <span class='ocrx_word' id='word_1_656' title='bbox 3128 4391 3209 4447; x_wconf 74' lang='lat' dir='ltr'><strong>lex</strong></span> <span class='ocrx_word' id='word_1_657' title='bbox 3240 4409 3267 4444; x_wconf 91' lang='lat' dir='ltr'><strong>a</strong></span> <span class='ocrx_word' id='word_1_658' title='bbox 3299 4392 3548 4464; x_wconf 86' lang='lat' dir='ltr'><strong>legendo,</strong></span> <span class='ocrx_word' id='word_1_659' title='bbox 3577 4394 3821 4448; x_wconf 81' lang='lat' dir='ltr'><strong>sacerdos</strong></span> 
     </span>
    </p>
   </div>
   <div class='ocr_carea' id='block_1_90' title="bbox 559 4474 3819 4555">
    <p class='ocr_par' dir='ltr' id='par_1_90' title="bbox 559 4474 3819 4555">
     <span class='ocr_line' id='line_1_90' title="bbox 559 4474 3819 4555; baseline 0.002 -26"><span class='ocrx_word' id='word_1_660' title='bbox 559 4476 967 4546; x_wconf 80' lang='lat' dir='ltr'><strong>facinorumque</strong></span> <span class='ocrx_word' id='word_1_661' title='bbox 1000 4478 1237 4533; x_wconf 86' lang='lat' dir='ltr'><strong>reatihus</strong></span> <span class='ocrx_word' id='word_1_662' title='bbox 1264 4478 1527 4543; x_wconf 80' lang='lat' dir='ltr'><strong>exoletos,</strong></span> <span class='ocrx_word' id='word_1_663' title='bbox 1552 4481 1928 4551; x_wconf 81' lang='lat' dir='ltr'><strong>sanguinarios</strong></span> <span class='ocrx_word' id='word_1_664' title='bbox 1960 4482 2143 4537; x_wconf 86' lang='lat' dir='ltr'><strong>nefan-</strong></span> <span class='ocrx_word' id='word_1_665' title='bbox 2206 4474 2211 4479; x_wconf 69' lang='grc'><em>’</em></span> <span class='ocrx_word' id='word_1_666' title='bbox 2249 4475 2497 4550; x_wconf 69' lang='grc' dir='ltr'><strong>ιιέτιονο,</strong></span> <span class='ocrx_word' id='word_1_667' title='bbox 2530 4485 2639 4538; x_wconf 78' lang='lat' dir='ltr'><strong>dux</strong></span> <span class='ocrx_word' id='word_1_668' title='bbox 2686 4499 2714 4537; x_wconf 90' lang='lat' dir='ltr'><strong>a</strong></span> <span class='ocrx_word' id='word_1_669' title='bbox 2746 4484 2968 4546; x_wconf 90' lang='lat' dir='ltr'><strong>ducatu,</strong></span> <span class='ocrx_word' id='word_1_670' title='bbox 3014 4483 3204 4539; x_wconf 85' lang='lat' dir='ltr'><strong>consul</strong></span> <span class='ocrx_word' id='word_1_671' title='bbox 3236 4498 3265 4536; x_wconf 92' lang='lat' dir='ltr'><strong>a</strong></span> <span class='ocrx_word' id='word_1_672' title='bbox 3295 4484 3663 4549; x_wconf 89' lang='lat' dir='ltr'><strong>consulendo,</strong></span> <span class='ocrx_word' id='word_1_673' title='bbox 3707 4499 3819 4555; x_wconf 73' lang='lat' dir='ltr'><strong>gra-</strong></span> 
     </span>
    </p>
   </div>
   <div class='ocr_carea' id='block_1_91' title="bbox 552 4567 3822 4647">
    <p class='ocr_par' dir='ltr' id='par_1_91' title="bbox 552 4567 3822 4647">
     <span class='ocr_line' id='line_1_91' title="bbox 552 4567 3822 4647; baseline 0.002 -26"><span class='ocrx_word' id='word_1_674' title='bbox 552 4567 830 4635; x_wconf 80' lang='lat' dir='ltr'><strong>dissitnos,</strong></span> <span class='ocrx_word' id='word_1_675' title='bbox 863 4584 1090 4627; x_wconf 87' lang='lat' dir='ltr'><strong>necnon</strong></span> <span class='ocrx_word' id='word_1_676' title='bbox 1116 4568 1458 4626; x_wconf 84' lang='lat' dir='ltr'><strong>omnifariam</strong></span> <span class='ocrx_word' id='word_1_677' title='bbox 1481 4570 1733 4643; x_wconf 87' lang='lat' dir='ltr'><strong>profanos</strong></span> <span class='ocrx_word' id='word_1_678' title='bbox 1750 4574 2140 4647; x_wconf 81' lang='lat' dir='ltr'><strong>ctsacrilegos,</strong></span> <span class='ocrx_word' id='word_1_679' title='bbox 2249 4573 2439 4628; x_wconf 87' lang='lat' dir='ltr'><strong>viones</strong></span> <span class='ocrx_word' id='word_1_680' title='bbox 2468 4587 2498 4628; x_wconf 90' lang='lat' dir='ltr'><strong>a</strong></span> <span class='ocrx_word' id='word_1_681' title='bbox 2538 4588 2747 4627; x_wconf 89' lang='lat' dir='ltr'><strong>morum</strong></span> <span class='ocrx_word' id='word_1_682' title='bbox 2795 4572 3093 4642; x_wconf 80' lang='lat' dir='ltr'><strong>gravitate,</strong></span> <span class='ocrx_word' id='word_1_683' title='bbox 3130 4573 3258 4641; x_wconf 81' lang='lat' dir='ltr'><strong>sive</strong></span> <span class='ocrx_word' id='word_1_684' title='bbox 3310 4573 3453 4644; x_wconf 88' lang='lat' dir='ltr'><strong>quod</strong></span> <span class='ocrx_word' id='word_1_685' title='bbox 3512 4584 3668 4629; x_wconf 88' lang='lat' dir='ltr'><strong>tanto</strong></span> <span class='ocrx_word' id='word_1_686' title='bbox 3716 4575 3822 4644; x_wconf 84' lang='lat' dir='ltr'><strong>plus</strong></span> 
     </span>
    </p>
   </div>
   <div class='ocr_carea' id='block_1_92' title="bbox 1878 4724 2562 4783">
    <p class='ocr_par' dir='ltr' id='par_1_92' title="bbox 1878 4724 2562 4783">
     <span class='ocr_line' id='line_1_92' title="bbox 1878 4724 2562 4783; baseline -0.004 0"><span class='ocrx_word' id='word_1_687' title='bbox 1878 4726 1966 4783; x_wconf 77' lang='lat' dir='ltr'><strong>VA</strong></span> <span class='ocrx_word' id='word_1_688' title='bbox 1976 4724 2113 4782; x_wconf 64' lang='grc' dir='ltr'><strong>ΒΙΑΣ</strong></span> <span class='ocrx_word' id='word_1_689' title='bbox 2159 4725 2562 4783; x_wconf 73' lang='lat' dir='ltr'><strong>LECTIONES.</strong></span> 
     </span>
    </p>
   </div>
   <div class='ocr_carea' id='block_1_93' title="bbox 632 4855 3823 4942">
    <p class='ocr_par' dir='ltr' id='par_1_93' title="bbox 632 4855 3823 4942">
     <span class='ocr_line' id='line_1_93' title="bbox 632 4855 3823 4942; baseline -0.001 -22"><span class='ocrx_word' id='word_1_690' title='bbox 632 4864 702 4897; x_wconf 78' lang='grc'><strong>²¹¹</strong></span> <span class='ocrx_word' id='word_1_691' title='bbox 746 4866 1033 4922; x_wconf 89' lang='lat' dir='ltr'><strong>omnifaria</strong></span> <span class='ocrx_word' id='word_1_692' title='bbox 1081 4865 1135 4921; x_wconf 67' lang='grc'><strong>2.</strong></span> <span class='ocrx_word' id='word_1_693' title='bbox 1188 4866 1479 4942; x_wconf 69' lang='lat' dir='ltr'><strong>on&#39;tnjfarie</strong></span> <span class='ocrx_word' id='word_1_694' title='bbox 1508 4867 1633 4923; x_wconf 73' lang='lat' dir='ltr'><strong>Uss.</strong></span> <span class='ocrx_word' id='word_1_695' title='bbox 1709 4869 1776 4901; x_wconf 81' lang='grc'>²¹²</span> <span class='ocrx_word' id='word_1_696' title='bbox 1802 4867 1961 4939; x_wconf 87' lang='lat' dir='ltr'><strong>paulo</strong></span> <span class='ocrx_word' id='word_1_697' title='bbox 1984 4867 2044 4942; x_wconf 61' lang='grc' dir='ltr'><strong>Ξ.Δ</strong></span> <span class='ocrx_word' id='word_1_698' title='bbox 2112 4883 2215 4942; x_wconf 84' lang='lat' dir='ltr'><strong>s_ec.</strong></span> <span class='ocrx_word' id='word_1_699' title='bbox 2444 4862 2774 4942; x_wconf 55' lang='lat' dir='ltr'><strong>copapauji.</strong></span> <span class='ocrx_word' id='word_1_700' title='bbox 2850 4864 2921 4897; x_wconf 75' lang='grc'><strong>’⁸³</strong></span> <span class='ocrx_word' id='word_1_701' title='bbox 2949 4861 3202 4917; x_wconf 79' lang='lat' dir='ltr'><strong>Notandt&#39;t</strong></span> <span class='ocrx_word' id='word_1_702' title='bbox 3230 4862 3284 4916; x_wconf 76' lang='lat'><strong>9..</strong></span> <span class='ocrx_word' id='word_1_703' title='bbox 3379 4858 3448 4894; x_wconf 61' lang='grc' dir='ltr'>ω</span> <span class='ocrx_word' id='word_1_704' title='bbox 3476 4855 3823 4942; x_wconf 56' lang='lat' dir='ltr'><strong>n&#39;altlradaﬂ.</strong></span> 
     </span>
    </p>
   </div>
   <div class='ocr_carea' id='block_1_94' title="bbox 561 4933 2749 5005">
    <p class='ocr_par' dir='ltr' id='par_1_94' title="bbox 561 4933 2749 5005">
     <span class='ocr_line' id='line_1_94' title="bbox 561 4933 2749 5005; baseline -0.002 -13"><span class='ocrx_word' id='word_1_705' title='bbox 561 4934 633 4967; x_wconf 83' lang='grc'><strong>¹¹⁸</strong></span> <span class='ocrx_word' id='word_1_706' title='bbox 664 4936 807 4992; x_wconf 88' lang='lat' dir='ltr'><strong>intro</strong></span> <span class='ocrx_word' id='word_1_707' title='bbox 844 4938 898 4991; x_wconf 72' lang='grc'><strong>2.</strong></span> <span class='ocrx_word' id='word_1_708' title='bbox 936 4955 1074 4993; x_wconf 84' lang='lat' dir='ltr'><strong>corr.</strong></span> <span class='ocrx_word' id='word_1_709' title='bbox 1128 4956 1251 4994; x_wconf 74' lang='lat' dir='ltr'><strong>swc.</strong></span> <span class='ocrx_word' id='word_1_710' title='bbox 1279 4936 1359 4992; x_wconf 79' lang='lat' dir='ltr'><strong>XI</strong></span> <span class='ocrx_word' id='word_1_711' title='bbox 1377 4937 1439 4994; x_wconf 86' lang='lat' dir='ltr'><strong>V.</strong></span> <span class='ocrx_word' id='word_1_712' title='bbox 1477 4941 1721 4995; x_wconf 88' lang='lat' dir='ltr'><strong>introitu.</strong></span> <span class='ocrx_word' id='word_1_713' title='bbox 1799 4933 1869 4972; x_wconf 71' lang='grc' dir='ltr'><strong>ίιθ</strong></span> <span class='ocrx_word' id='word_1_714' title='bbox 1911 4937 2078 4994; x_wconf 88' lang='lat' dir='ltr'><strong>libitis</strong></span> <span class='ocrx_word' id='word_1_715' title='bbox 2121 4938 2177 4992; x_wconf 71' lang='lat'><strong>2.</strong></span> <span class='ocrx_word' id='word_1_716' title='bbox 2214 4958 2220 4966; x_wconf 93' lang='grc'><strong>·</strong></span> <span class='ocrx_word' id='word_1_717' title='bbox 2254 4935 2321 4993; x_wconf 64' lang='lat'><strong>&quot;7</strong></span> <span class='ocrx_word' id='word_1_718' title='bbox 2370 4935 2673 5005; x_wconf 84' lang='lat' dir='ltr'><strong>propietate</strong></span> <span class='ocrx_word' id='word_1_719' title='bbox 2694 4933 2749 4987; x_wconf 77' lang='grc'><strong>2.</strong></span> 
     </span>
    </p>
   </div>
   <div class='ocr_carea' id='block_1_95' title="bbox 2083 5061 2309 5120">
    <p class='ocr_par' dir='ltr' id='par_1_95' title="bbox 2083 5061 2309 5120">
     <span class='ocr_line' id='line_1_95' title="bbox 2083 5061 2309 5120; baseline -0.009 -1"><span class='ocrx_word' id='word_1_720' title='bbox 2083 5061 2309 5120; x_wconf 66' lang='lat' dir='ltr'><strong>NOTAE.</strong></span> 
     </span>
    </p>
   </div>
   <div class='ocr_carea' id='block_1_96' title="bbox 552 5156 3113 5252">
    <p class='ocr_par' dir='ltr' id='par_1_96' title="bbox 552 5156 3113 5252">
     <span class='ocr_line' id='line_1_96' title="bbox 552 5156 3113 5252; baseline -0.005 -20"><span class='ocrx_word' id='word_1_721' title='bbox 552 5160 557 5163; x_wconf 19' lang='grc' dir='ltr'>ι</span> <span class='ocrx_word' id='word_1_722' title='bbox 632 5177 780 5252; x_wconf 69' lang='lat' dir='ltr'><strong>(MD)</strong></span> <span class='ocrx_word' id='word_1_723' title='bbox 811 5178 925 5252; x_wconf 82' lang='lat' dir='ltr'><strong>Non</strong></span> <span class='ocrx_word' id='word_1_724' title='bbox 959 5178 1132 5249; x_wconf 89' lang='lat' dir='ltr'><strong>ipsum</strong></span> <span class='ocrx_word' id='word_1_725' title='bbox 1180 5175 1609 5252; x_wconf 67' lang='lat' dir='ltr'><strong>Constantinum</strong></span> <span class='ocrx_word' id='word_1_726' title='bbox 1633 5189 1739 5252; x_wconf 61' lang='lat' dir='ltr'><strong>seu</strong></span> <span class='ocrx_word' id='word_1_727' title='bbox 1771 5174 2141 5252; x_wconf 72' lang='lat' dir='ltr'><strong>constantem,</strong></span> <span class='ocrx_word' id='word_1_728' title='bbox 2249 5173 2364 5252; x_wconf 64' lang='grc' dir='ltr'><strong>Χῑζε</strong></span> <span class='ocrx_word' id='word_1_729' title='bbox 2484 5156 2709 5252; x_wconf 41' lang='grc' dir='ltr'><strong>ρκόθὸζ</strong></span> <span class='ocrx_word' id='word_1_730' title='bbox 2858 5239 2871 5252; x_wconf 40' lang='grc'><strong>1</strong></span> <span class='ocrx_word' id='word_1_731' title='bbox 3025 5240 3037 5252; x_wconf 43' lang='grc'><strong>.</strong></span> <span class='ocrx_word' id='word_1_732' title='bbox 3102 5242 3113 5252; x_wconf 31' lang='grc'><strong>⁸</strong></span> 
     </span>
    </p>
   </div>
   <div class='ocr_carea' id='block_1_97' title="bbox 557 5239 3824 5317">
    <p class='ocr_par' dir='ltr' id='par_1_97' title="bbox 557 5239 3824 5317">
     <span class='ocr_line' id='line_1_97' title="bbox 557 5239 3824 5317; baseline -0.001 -17"><span class='ocrx_word' id='word_1_733' title='bbox 557 5239 658 5317; x_wconf 75' lang='lat' dir='ltr'><strong>sed</strong></span> <span class='ocrx_word' id='word_1_734' title='bbox 690 5239 806 5317; x_wconf 80' lang='lat' dir='ltr'><strong>ejus</strong></span> <span class='ocrx_word' id='word_1_735' title='bbox 832 5239 1091 5304; x_wconf 62' lang='lat' dir='ltr'><strong>duntaxat</strong></span> <span class='ocrx_word' id='word_1_736' title='bbox 1125 5258 1306 5317; x_wconf 78' lang='lat' dir='ltr'><strong>typum</strong></span> <span class='ocrx_word' id='word_1_737' title='bbox 1362 5242 1972 5317; x_wconf 67' lang='lat' dir='ltr'><strong>damtmvit__iilartinus.</strong></span> <span class='ocrx_word' id='word_1_738' title='bbox 2023 5246 2140 5300; x_wconf 70' lang='lat' dir='ltr'><strong>Viti.</strong></span> <span class='ocrx_word' id='word_1_739' title='bbox 2248 5314 2279 5317; x_wconf 42' lang='grc' dir='ltr'>η</span> <span class='ocrx_word' id='word_1_740' title='bbox 2321 5242 2466 5317; x_wconf 53' lang='grc' dir='ltr'><strong>(ΑΗ)</strong></span> <span class='ocrx_word' id='word_1_741' title='bbox 2495 5239 2965 5317; x_wconf 62' lang='grc' dir='ltr'><strong>Ιειρηιρκςηηιῐιιιη</strong></span> <span class='ocrx_word' id='word_1_742' title='bbox 2994 5240 3264 5317; x_wconf 64' lang='grc' dir='ltr'><strong>ξῖητῖιὶὲηιε</strong></span> <span class='ocrx_word' id='word_1_743' title='bbox 3304 5245 3488 5300; x_wconf 86' lang='lat' dir='ltr'><strong>verbis</strong></span> <span class='ocrx_word' id='word_1_744' title='bbox 3530 5246 3616 5301; x_wconf 89' lang='lat' dir='ltr'><strong>bis</strong></span> <span class='ocrx_word' id='word_1_745' title='bbox 3649 5257 3824 5317; x_wconf 74' lang='lat' dir='ltr'><strong>protu-</strong></span> 
     </span>
    </p>
   </div>
   <div class='ocr_carea' id='block_1_98' title="bbox 564 5311 3315 5382">
    <p class='ocr_par' dir='ltr' id='par_1_98' title="bbox 564 5311 3315 5382">
     <span class='ocr_line' id='line_1_98' title="bbox 564 5311 3315 5382; baseline -0.001 -11"><span class='ocrx_word' id='word_1_746' title='bbox 564 5314 692 5382; x_wconf 74' lang='lat' dir='ltr'><strong>Pagi</strong></span> <span class='ocrx_word' id='word_1_747' title='bbox 716 5311 879 5375; x_wconf 66' lang='lat' dir='ltr'><strong>iirev.</strong></span> <span class='ocrx_word' id='word_1_748' title='bbox 914 5319 1070 5372; x_wconf 65' lang='lat' dir='ltr'><strong>Rern.</strong></span> <span class='ocrx_word' id='word_1_749' title='bbox 1103 5311 1332 5375; x_wconf 75' lang='lat' dir='ltr'><strong>Poittif.,</strong></span> <span class='ocrx_word' id='word_1_750' title='bbox 1366 5323 1408 5366; x_wconf 90' lang='lat' dir='ltr'><strong>t.</strong></span> <span class='ocrx_word' id='word_1_751' title='bbox 1440 5314 1478 5375; x_wconf 91' lang='lat' dir='ltr'><strong>l,</strong></span> <span class='ocrx_word' id='word_1_752' title='bbox 1508 5329 1561 5380; x_wconf 80' lang='grc' dir='ltr'><strong>ι).</strong></span> <span class='ocrx_word' id='word_1_753' title='bbox 1588 5312 1713 5365; x_wconf 70' lang='grc'><strong>425.</strong></span> <span class='ocrx_word' id='word_1_754' title='bbox 1754 5313 1872 5367; x_wconf 82' lang='lat' dir='ltr'><strong>Uss.</strong></span> <span class='ocrx_word' id='word_1_755' title='bbox 2248 5314 2307 5368; x_wconf 91' lang='lat' dir='ltr'><strong>lit</strong></span> <span class='ocrx_word' id='word_1_756' title='bbox 2337 5312 2632 5382; x_wconf 67' lang='lat' dir='ltr'><strong>lleruoldns</strong></span> <span class='ocrx_word' id='word_1_757' title='bbox 2658 5311 2788 5363; x_wconf 85' lang='lat' dir='ltr'><strong>locis</strong></span> <span class='ocrx_word' id='word_1_758' title='bbox 2815 5326 2978 5379; x_wconf 82' lang='lat' dir='ltr'><strong>supra</strong></span> <span class='ocrx_word' id='word_1_759' title='bbox 2996 5311 3258 5371; x_wconf 76' lang='lat' dir='ltr'><strong>laudatis.</strong></span> <span class='ocrx_word' id='word_1_760' title='bbox 3312 5340 3315 5341; x_wconf 52' lang='grc' dir='ltr'><em>ν</em></span> 
     </span>
    </p>
   </div>
  </div>
