3940 5382
141 188 250 247 393

1316 176 1654 235 ANNALFS.
1694 207 1764 220 —-
1799 176 1914 232 AN.
1962 174 2119 232 l077.

3301 180 3409 237 591

142 305 414 381 quispiam
438 301 656 358 illorum
698 298 944 355 laborum
974 296 1213 369 pondere
1240 305 1498 367 gravatur
1524 296 1743 366 quanto'
1758 303 1804 360 Α
1835 290 2110 356 uentibus,
2137 297 2218 345 set
2241 302 2309 344 ex
2338 289 2558 347 nomine
2583 290 2851 381 episcopis
2882 289 3104 350 directa:
3142 303 3289 364 sunt,
3313 313 3411 368 per

145 399 364 457 emeris
405 394 765 467 praeponitur;
798 393 871 447 ita
913 405 1010 446 rex
1040 405 1072 445 a
1114 389 1350 460 regendo
1375 386 1591 458 proprie
1621 388 1728 443 dici

140 491 227 546 vel
275 485 615 543 denominari
677 482 1082 555 comprobatur.
1140 478 1403 550 Regulam
1443 493 1591 545 vero,
1643 477 1730 534 vel

140 581 291 654 quod
330 587 481 634 recte
524 575 691 632 ducat
742 588 843 630 nec
888 573 1147 629 aliorsum
1187 570 1478 640 aliquando
1527 570 1727 635 trahat,

142 672 229 727 vel
263 665 411 742 quod
445 675 620 738 regat,
675 665 789 721 sive
834 664 980 737 quod
1020 673 1168 718 recte
1210 662 1428 717 vivendi
1484 676 1730 718 normam

141 762 407 834 prtebea‘t,
439 774 533 814 seu
567 756 710 827 quod
722 756 1009 811 distortum
1037 768 1376 825 pravumque
1397 754 1527 823 quid
1555 753 1731 809 corri-

142 863 260 925 gat,
289 851 561 906 nominari
586 864 694 904 non
720 849 961 919 ignotum
981 856 1083 902 est.
1103 846 1271 901 [lecte
1293 845 1457 916 igitur
1482 844 1733 900 faciendo

143 960 346 1001 nomen
379 943 526 1016 regis
570 951 805 1005 tenetur,
838 938 1072 1009 alioquin
1120 937 1424 1002 amittitur;
1477 936 1623 991 unde
1646 944 1733 991 est

146 1038 252 1093 hoc
274 1046 430 1091 vetus
474 1033 710 1105 elogium
742 1049 759 1088 :
786 1032 903 1086 Rea:
943 1033 1066 1096 erit,
1095 1031 1143 1086 si
1175 1039 1309 1085 recte
1345 1029 1514 1100 facis;
1538 1030 1586 1084 si
1628 1044 1739 1084 ηοκ

146 1129 308 1200 facis,
330 1145 435 1184 non
461 1129 586 1183 eris.
608 1126 791 1198 Regia:
830 1126 995 1197 igitur
1022 1125 1252 1180 virtutes
1300 1124 1566 1194 praecipue
1615 1123 1736 1178 dua:

147 1231 300 1287 sunt,
328 1221 548 1292 justicia
576 1229 630 1275 et
654 1219 853 1288 pietas;
888 1218 1008 1289 plus
1033 1228 1214 1274 autem
1242 1216 1297 1272 in
1326 1217 1539 1287 regibus
1562 1217 1733 1286 pietas

144 1310 424 1376 laudatur,
479 1324 604 1364 nam
637 1308 858 1378 justicia
902 1299 1189 1379 persehra
1216 1306 1287 1341 ²¹⁸
1328 1315 1429 1364 est.
1459 1305 1517 1362 Si
1551 1319 1732 1365 autem

146 1418 250 1459 nec
282 1403 433 1472 juste
470 1400 715 1470 judicent
751 1402 854 1467 m,
884 1416 983 1457 nec
1013 1399 1102 1471 pic
1138 1399 1607 1465 coudescendant,
1641 1416 1738 1457 ue-

144 1509 252 1564 que
280 1491 528 1565 regulam
562 1491 725 1548 ollicii
761 1493 841 1548 sui
871 1493 952 1547 vel
979 1493 1092 1549 sola
1126 1492 1318 1548 saltem
1351 1491 1736 1549 nominationis

145 1584 389 1656 imagine
410 1584 693 1639 minimum
745 1584 874 1654 quid
921 1585 1209 1655 attingant,
1238 1594 1320 1638 set
1370 1583 1549 1649 potius
1592 1584 1735 1639 ultra

1826 400 1967 457 quas
2026 385 2108 440 eis
2149 399 2339 441 omnes
2379 378 2782 454 coniurationes
2820 395 2878 441 et
2920 386 3073 459 pacis
3121 393 3411 462 perturba-

1829 477 2004 532 tiones
2036 483 2093 530 et
2145 474 2449 539 discordim,
2491 486 2549 532 et
2591 492 2658 532 ue
2708 476 2965 534 lleiurico
3011 481 3146 552 regi,
3190 486 3250 538 ut
3274 484 3414 541 solet

1828 568 1968 638 regi,
1991 567 2298 623 oboedirent
2318 569 2714 635 autservirent,
2754 570 3102 628 interdictum
3130 583 3236 629 est.
3259 574 3410 642 Quas

1828 674 1941 733 prae
1982 659 2195 717 caeteris
2240 660 2551 718 Basiliensis
2591 670 2647 718 et
2686 662 3014 734 Argentinus
3056 668 3414 741 auliepiscopi

1828 754 2049 808 omnino
2079 751 2409 821 contemptui
2438 752 2717 816 habentes,
2751 752 2900 810 ﬂocci
2929 756 3265 827 pendebant;
3318 761 3413 818 alii

1799 854 1981 906 vero,
2047 839 2291 910 qualibet
2345 850 2462 895 arte
2508 850 2564 897 et
2607 844 2894 901 occasione
2940 856 3209 916 poterant,
3257 851 3412 921 quasi

1831 946 2127 1002 numquam
2169 931 2406 987 directas
2447 931 2549 989 sibi
2578 933 2979 993 dissimulantes
3017 953 3123 994 nou
3164 939 3415 1011 propala-

1831 1022 1981 1087 bant,
2010 1029 2066 1075 et
2087 1029 2316 1086 tantum,
2350 1028 2511 1091 prout
2535 1036 2692 1094 posse
2710 1024 2791 1080 eis
2813 1025 3062 1086 suberat.
3086 1030 3168 1086 eis
3186 1029 3419 1103 diligen-

1833 1123 1918 1172 ter
1939 1114 2325 1170 obaudiebant.
3276 1146 3279 1147 ν

1904 1205 2107 1262 Eadem
2149 1214 2472 1276 tempestate
2526 1207 2695 1263 abbas
2733 1208 3084 1268 Massiliensis
3134 1213 3308 1285 (M8),
3361 1222 3421 1272 et

1832 1311 1957 1354 cum
1986 1310 2053 1352 eo
2077 1296 2421 1353 Christianus
2448 1297 2596 1371 (H9)
2619 1300 3051 1371 sapietttiSsimtts
3097 1306 3419 1373 monachus,-

1834 1392 1961 1449 dum
1984 1393 2184 1448 reverti
2211 1392 2279 1448 ad
2327 1393 2584 1448 domuum
2625 1393 2981 1465 apostolicum
3032 1397 3359 1467 niterentur,
3385 1414 3419 1455 a

1835 1502 1944 1559 quo
1979 1488 2049 1544 ob
2070 1487 2340 1543 sedaudas
2376 1495 2689 1543 nostrorum
2721 1489 3021 1549 discordias
3047 1490 3101 1545 in
3124 1490 3425 1549 Theutoui-

1837 1593 1930 1634 cas
1959 1586 2147 1648 partes
2196 1578 2345 1634 missi
2377 1587 2524 1644 sunt,
2554 1594 2585 1633 a
2625 1581 2822 1635 comite
2866 1581 3101 1650 quodam
3128 1580 3421 1641 Oudalrico

147 1676 372 1730 modum
419 1684 474 1728 et
505 1675 743 1729 insanias
786 1674 1128 1730 ethnicorum
1186 1674 1563 1745 superlativus,
1611 1676 1737 1730 vitae
1770 1683 1812 1743 Β
1840 1669 2014 1739 capti,
2041 1666 2431 1737 depraedati,et
2457 1669 2510 1723 in
2525 1669 2806 1725 castellum
2831 1670 3139 1741 Leneiburg
3164 1672 3231 1704 ²²¹
3264 1672 3415 1744 (150)

146 1756 473 1821 facinorosae
541 1775 597 1820 et
664 1765 953 1821 luxuriosa:
1003 1765 1307 1821 libertatem
1361 1764 1736 1821 uelaudissimi

145 1856 500 1912 omnifariam
551 1867 605 1913 et
632 1857 969 1929 portentuosi
1001 1868 1317 1923 exerceant,
1356 1858 1738 1915 crudelissima

149 1948 464 2004 dominandi
502 1950 783 2020 majestate
798 1949 1051 2020 populum
1073 1949 1434 2020 supprimant,
1463 1938 1739 2005 et'miser-

149 2036 289 2092 riuae
316 2053 633 2109 supressum
681 2042 958 2106 devorent,
984 2049 1038 2095 et
1065 2039 1134 2095 ad
1170 2040 1524 2095 interneciem
1552 2041 1622 2076 ’³ο
1650 2056 1741 2097 us-

149 2148 255 2204 que
280 2145 629 2200 consumant,
679 2150 780 2191 cur
808 2151 915 2192 non
962 2136 1132 2206 magis
1161 2135 1379 2207 proprie
1421 2137 1637 2208 tyranni
1683 2138 1737 2192 in

148 2220 458 2288 huiusmodi
507 2222 812 2291 fortissimi,
862 2241 1025 2296 quam
1072 2226 1297 2281 abusive
1325 2235 1381 2282 et
1418 2229 1631 2297 absque.
1659 2227 1737 2283 rei

148 2313 384 2369 veritate
412 2328 568 2386 reges
622 2316 732 2370 sint
778 2318 1169 2388 nuncupandi?
1211 2316 1500 2389 Tyrannus
1540 2320 1740 2390 quippe

150 2417 335 2472 greco,
360 2403 530 2481 latine
554 2403 715 2461 fortis
740 2405 1164 2478 interpretatur;
1194 2409 1336 2477 apud
1358 2417 1573 2464 veteres
1593 2410 1740 2464 enim

151 2493 320 2551 fortes
350 2512 509 2568 reges
531 2498 748 2569 tyranni
771 2499 946 2556 vocati
962 2510 1109 2555 sunt.
1134 2500 1290 2571 Apud
1315 2499 1519 2558 Grecos
1534 2511 1736 2568 autem,

152 2589 296 2658 quod
328 2598 609 2661 tamquam
652 2591 812 2648 bases
854 2593 1107 2664 populum
1155 2593 1504 2660 sustineant,
1553 2593 1742 2651 basilel

150 2689 444 2749 vocantur,
487 2683 631 2739 unde
671 2693 727 2739 et
755 2684 916 2741 bases
945 2699 1174 2740 coronas
1220 2684 1275 2739 in
1319 2699 1380 2739 se
1432 2685 1743 2756 congiratas

149 2784 451 2831 ostentant.
487 2775 792 2834 Notandum
823 2788 1023 2849 przeter
1043 2779 1157 2833 limo
1178 2778 1495 2834 cbristianis
1526 2777 1743 2848 regibus

150 2873 253 2928 est,
281 2867 378 2937 qui
424 2867 694 2923 dominari
745 2869 801 2924 in
832 2870 1087 2941 populum
1136 2870 1315 2941 potius
1353 2884 1515 2941 quam
1555 2886 1745 2926 secun-

157 2951 281 3007 dum
315 2971 518 3012 nomen
578 2972 736 3013 suum
786 2959 960 3029 ipsum
1008 2975 1199 3024 regere
1252 2960 1742 3031 percupientissimi

1841 1759 2166 1816 incarcerati
2196 1767 2341 1815 sunt.
2368 1759 2515 1827 Quos
2543 1775 2639 1815 rex
2666 1761 2953 1817 lleiuricus
2979 1772 3168 1833 captos
3190 1779 3422 1835 compe-

1841 1853 2007 1918 riens,
2040 1868 2170 1918 non,
2196 1862 2256 1907 ut
2277 1852 2477 1908 domno
2500 1854 2796 1924 apostolico
2819 1854 3175 1926 jurejurando
3197 1864 3420 1926 pactum

1834 1950 1949 2021 jam
1977 1947 2127 2014 fecit,
2154 1948 2352 2005 dimitti
2401 1950 2675 2020 prmcepit.
2717 1950 3090 2006 Cluniacensis
3120 1959 3301 2006 autem
3329 1946 3443 2006 ab?

1838 2042 1939 2096 bas
1968 2040 2131 2112 paulo
2145 2049 2267 2111 post
2295 2041 2507 2097 litteras
2533 2042 2600 2096 ad
2627 2056 2752 2097 eum
2782 2043 3226 2099 commonitorias
3253 2052 3428 2099 transa

1838 2132 2011 2197 misit,
2029 2133 2081 2186 in
2095 2134 2294 2203 quibus
2307 2134 2442 2189 satis
2452 2149 2721 2206 superque
2747 2134 2892 2190 illum
2906 2149 3005 2205 pro
3018 2134 3258 2206 periurio
3270 2151 3428 2193 coar‘

1839 2228 1986 2298 guit;
2019 2229 2216 2300 quippe
2236 2236 2361 2284 nota
2394 2229 2495 2299 ipsi
2528 2229 3112 2286 totareconciliatiouis
3137 2239 3193 2286 et
3218 2229 3429 2286 confoe-

1840 2322 2138 2377 derationis
2159 2337 2323 2377 causa
2345 2323 2488 2379 inter
2508 2333 2785 2395 papam-et
2806 2336 2985 2393 regem
3014 2322 3216 2388 fuerat,
3239 2326 3430 2393 utpote

1839 2413 1932 2484 qui
1955 2413 2260 2482 praecipuus
2302 2413 2567 2467 mediator
2606 2413 2692 2468 liis
2722 2422 2920 2481 praesto
2945 2414 3233 2469 intererat.
3281 2414 3432 2470 lusu.

1840 2519 1938 2576 per
1963 2504 2063 2574 ipsi
2096 2502 2233 2558 facie
2262 2503 2495 2559 revelata
2543 2503 2853 2559 liberrimus
2886 2504 3250 2571 demandavit,
3279 2506 3428 2576 quod

1843 2595 1896 2650 id
1923 2594 2286 2650 certissimum
2316 2594 2798 2664 perditionisilltus
2821 2595 3081 2651 iudicium
3095 2596 3251 2659 foret,
3284 2596 3432 2667 quod

1843 2696 1955 2743 tam
1982 2702 2211 2759 magnos
2235 2697 2291 2742 et
2327 2687 2705 2743 sanctissimos
2730 2688 2825 2743 Dei
2862 2690 3007 2744 viros
3056 2689 3430 2745 incarceratos

1844 2789 2069 2852 propter
2107 2778 2377 2849 justitiam
2423 2780 2568 2835 sedis
2594 2780 2904 2849 apostolicae
2953 2788 3299 2851 contemptor
3352 2780 3432 2835 in.

1851 2872 2124 2927 humanus
2151 2886 2259 2926 non
2292 2870 2581 2936 liberaret,
2613 2880 2696 2926 set
2718 2871 2899 2940 potius
2930 2870 3130 2925 intrudi
3173 2871 3433 2941 prmcipe-

1845 2976 1949 3035 ret.
1973 2964 2092 3031 Qua
2119 2963 2209 3018 ille
2258 2964 2680 3019 commonitioue
2706 2963 2840 3018 satis
2867 2963 3148 3018 liberrime
3195 2978 3432 3035 coargu-

154 3055 303 3110 suut,
335 3048 487 3117 quod
513 3048 579 3103 de
602 3049 903 3106 Octaviano
935 3053 987 3107 in
1025 3054 1268 3108 Romana
1314 3052 1540 3107 historia
1572 3053 1748 3125 scrip-
1773 3049 1817 3111 C
1852 3064 1936 3110 tus
1967 3062 2022 3109 et
2046 3054 2135 3107 vix
2162 3052 2499 3119 confractus,
2525 3052 2626 3107 etsi
2672 3067 2777 3107 non
2812 3068 2910 3122 pro
2952 3052 3086 3117 Deo,
3114 3061 3295 3108 tamen
3318 3066 3430 3123 .pro

157 3144 265 3190 tum
293 3145 403 3205 est.
435 3137 727 3209 Postquam
751 3140 892 3196 idem
924 3158 1022 3213 pro
1049 3158 1134 3210 eo,
1159 3147 1301 3214 quod
1329 3157 1441 3198 rem
1470 3143 1744 3213 publicam

155 3242 408 3304 augeret,
436 3233 736 3303 Augustus,
762 3235 872 3306 jam
899 3235 1085 3291 Caesar
1102 3246 1157 3292 et
1181 3238 1479 3306 imperator
1503 3239 1746 3309 appella-

156 3331 243 3378 tus
264 3333 370 3389 est,
402 3325 531 3378 dum
556 3322 697 3381 ludis
755 3335 809 3380 et
847 3329 1156 3396 spectaculo
1203 3328 1571 3384 Romanorum
1603 3330 1745 3385 inte-

155 3426 355 3479 resset,
382 3424 440 3470 et
468 3414 569 3485 ipsi
599 3432 629 3470 a
654 3416 852 3487 populo
878 3419 1285 3488 pronuntiatum
1310 3420 1469 3483 l'oret,
1495 3429 1553 3474 ut
1581 3435 1746 3475 voca-

157 3514 305 3561 retur
332 3505 471 3563 deus
498 3515 554 3561 et
578 3507 853 3575 dominus,
875 3512 1058 3564 statim
1086 3525 1248 3563 manu
1264 3509 1523 3580 vultuque
1551 3504 1748 3567 averso

154 3600 432 3656 indecoris
479 3599 884 3657 adulationibus
952 3603 1172 3666 restitit,
1229 3610 1285 3659 et
1332 3603 1747 3674 appellationem

153 3691 359 3746 domini
390 3699 453 3745 ut
484 3691 647 3746 homo
675 3691 988 3758 declinavit,
1016 3707 1081 3748 ac
1119 3692 1208 3748 dte
1254 3693 1503 3763 sequenti
1531 3708 1747 3748 omnem

153 3781 411 3852 populum
436 3781 584 3837 dictu
608 3784 931 3852 gravissimo
973 3784 1257 3855 corripuit,
1280 3785 1668 3856 dominumque
1689 3799 1749 3841 se

156 3883 276 3944 post
301 3873 570 3946 appellari
597 3891 668 3931 ne
692 3891 721 3930 a
748 3875 937 3931 liberis
980 3876 1202 3946 quidem
1223 3877 1338 3932 suis
1379 3878 1647 3947 permisit.
1682 3878 1749 3932 Et

156 3965 202 4019 si
231 3975 359 4022 tunc
401 3966 542 4021 tanti
574 3967 794 4030 vitrum,
846 3982 941 4023 rex
985 3968 1192 4023 scilicet
1237 3967 1489 4031 idolatra,
1517 3978 1573 4023 at
1603 3984 1749 4025 nunc

154 4059 343 4125 quanti
368 4059 692 4115 christiana:
715 4060 996 4130 dignitatis
1018 4058 1196 4115 nobile
1224 4060 1624 4130 margaritum?
1654 4060 1750 4117 Set

156 4147 267 4205 haec
291 4159 494 4205 contra
533 4150 884 4222 nugigerulos
920 4150 1123 4205 dixisse
1157 4149 1409 4206 sulliciat.

221 4237 317 4295 llis
335 4239 817 4311 postpascbalibus
843 4241 1032 4297 diebus
1073 4241 1384 4311 apostolicae
1409 4242 1748 4299 auctoritatis

154 4326 344 4383 litterae
375 4328 533 4399 (M7)
588 4329 840 4384 omnibus
874 4330 1011 4384 citra
1061 4329 1312 4385 llbenum
1360 4346 1458 4401 per
1482 4332 1746 4387 Alsatiam

1849 3147 1982 3201 tanti
2008 3144 2295 3200 monitoris
2319 3145 2729 3214 inportunitate,
2756 3143 2969 3199 vinctos
2998 3143 3117 3208 Dei,
3139 3143 3350 3199 solutos
3374 3150 3433 3199 et

1848 3234 2069 3299 liberos,
2103 3234 2217 3288 suis
2244 3242 2424 3289 autem
2454 3233 2706 3288 omnibus
2736 3232 3092 3303 depraedatos,
3121 3234 3272 3289 abire
3294 3247 3431 3289 con-

1848 3327 2039 3383 sensit.
2076 3326 2179 3394 Qui
2205 3340 2390 3381 rerum
2437 3327 2539 3381 sibi
2566 3327 2901 3398 direptarum
2927 3327 3248 3395 rependium
3276 3328 3435 3398 juxta

1847 3420 1993 3488 regis
2016 3426 2347 3487 prmceptum
2365 3417 2761 3488 aliquantisper
2787 3417 3186 3488 praestolantes,
3213 3419 3435 3473 tandem

1847 3508 1939 3563 diu
1968 3506 2214 3562 frustrati
2259 3523 2321 3571 ac
2350 3507 2543 3572 delusi,
2604 3508 2761 3563 vacui
2799 3516 2856 3563 et
2910 3506 3081 3563 ferme
3125 3507 3313 3563 nuduli
3365 3508 3437 3563 ad

1848 3600 2019 3655 sancti
2060 3600 2268 3655 Aurelii
2316 3601 2625 3655 cmnobium
2662 3602 2731 3632 ¹¹¹
2762 3600 3125 3656 divertebant.
3165 3601 3282 3657 Illic
3321 3609 3436 3657 toto

1848 3691 2203 3746 humanitatis
2233 3692 2412 3746 studio
2438 3692 2506 3746 ab
2534 3693 2731 3747 abbate
2753 3690 3084 3747 Williltelmo
3114 3703 3172 3748 et
3194 3693 3436 3763 suscepti

1847 3792 1904 3838 et
1926 3780 2156 3835 multum
2183 3782 2470 3835 caritative
2490 3796 2586 3852 per
2617 3791 2788 3836 totum
2819 3781 2934 3837 fere
2955 3797 3158 3837 annum
3188 3782 3433 3847 tracutti,

1849 3872 2003 3944 pacis
2037 3871 2485 3943 tranquillitatem
2544 3886 2762 3942 suasque
2793 3872 3129 3928 reversiouis
3161 3871 3437 3941 possibili-

1851 3974 2022 4020 tatem
2050 3979 2174 4018 cum
2205 3978 2312 4018 non
2338 3963 2600 4019 mediocri
2640 3962 2914 4019 suavitate
2957 3963 3255 4043 praestolati
3283 3970 3434 4023 sunt.

1921 4055 2036 4112 Rex
2085 4071 2216 4112 vero
2263 4056 2563 4113 Roudolfus
2612 4056 2856 4113 collectis
2910 4053 3152 4126 undique
3202 4054 3435 4110 militum

1850 4163 2073 4203 suorum
2096 4149 2291 4220 copiis,
2346 4151 2459 4222 regi
2498 4148 2751 4208 Heinrico
2797 4162 3109 4214 occurrere,
3155 4156 3213 4204 et
3237 4148 3440 4204 virtute

1849 4240 2040 4297 bellica
2070 4242 2171 4313 ipsi
2206 4243 2462 4314 congredi
2488 4251 2844 4314 attemptare,
2867 4242 2979 4298 Deo
2999 4240 3184 4313 judice
3214 4253 3438 4312 magna-

1850 4333 2031 4389 nimus
2057 4336 2357 4405 proposuit.
2387 4336 2621 4407 Accepta
2649 4336 2888 4407 denique
2917 4334 3115 4390 ducum
3139 4332 3435 4390 comitum~

152 4427 206 4473 et
230 4418 654 4490 Lotharingtam
679 4429 738 4477 et
778 4419 1132 4477 Teutonicum
1183 4418 1472 4476 Frauciam
1501 4436 1744 4478 comma-
1774 4439 1826 4499 ι)
1853 4441 1958 4497 que
1978 4441 2201 4482 suorum
2236 4443 2337 4483 nec
2365 4443 2473 4485 non
2498 4429 2663 4486 totius
2701 4429 2908 4486 militia:
2952 4443 3085 4497 suat,
3112 4443 3236 4500 qua
3257 4426 3351 4484 vix
3368 4425 3438 4481 ad

1445 4664 1682 4721 VARIE
1720 4665 2129 4727 LECTIONES.

188 4816 288 4898 .“'
320 4818 410 4898 ita
460 4815 521 4872 2.
558 4828 682 4898 iter
724 4827 794 4897 se
841 4829 967 4898 vera
1016 4816 1102 4871 ed.
1175 4817 1254 4898 “1
1270 4816 1543 4898 iudicarit
1594 4796 1801 4898 3L1"
1852 4832 2277 4898 interuecmuem
2325 4827 2398 4898 ad
2417 4829 2530 4898 μω
2569 4827 2857 4898 Lenzburg
2879 4840 3076 4897 propro
3102 4828 3320 4887 Ararim
3344 4827 3445 4881 llu-

156 4887 289 4944 Viom
319 4888 375 4945 in
396 4901 545 4961 pago
557 4886 829 4957 Ergaugia
849 4886 1027 4957 glusa
1057 4902 1181 4942 acc.
1207 4886 1288 4941 XI
1302 4888 1363 4942 V.
1386 4891 1446 4945 in
1468 4890 1526 4943 ‘2.
1602 4891 1671 4921 ³²²
1692 4890 1949 4967 Hirsaug.
1976 4892 2149 4964 glossa
2176 4912 2297 4951 uec.
2314 4895 2399 4950 XI
2416 4894 2454 4949 V
2482 4900 2535 4953 in
2561 4896 2617 4951 2.

1666 5066 1903 5135 NOTAE.

238 5245 357 5316 ιη)
386 5245 610 5316 pesunt
641 5240 728 5294 hae
756 5238 949 5316 littera:
976 5235 1428 5316 apudﬂansium.

236 5306 359 5379 “8}
390 5314 516 5369 Vill.
543 5310 801 5382 Gregorii
825 5306 1064 5382 epistola
1100 5306 1161 5362 V.
1194 5308 1254 5382 7._

1849 5255 2145 5312 Aversauae
2204 5244 2442 5301 civitatis
2485 5243 2828 5315 episcopum,
2880 5235 3465 5315 cujusmpusnexstat

1852 5303 2116 5382 eximium
2141 5323 2336 5370 contra
2373 5303 2744 5371 Turonensem
2775 5303 3188 5382 Beren'gafium.
3234 5309 3332 5365 llic
3361 5303 3462 5360 sub
