3940 5382
581 160 678 220 595

1479 159 1867 220 BERTIIOLDI
1920 162 2350 220 PRESBYTER]
2390 161 2973 225 CONSTANTIENSIS
3718 177 3800 235 396

580 280 813 351 quinque
844 276 1048 333 milium
1081 284 1435 349 pugnatorum
1468 278 1811 349 pertingebat
1841 294 2147 346 numerum,
2179 285 2225 342 Α
2255 294 2487 351 cumque
2511 290 2565 337 et
2586 284 3093 358 quomodocumque
3109 292 3341 358 poterat,
3368 283 3437 341 ad
3460 299 3521 342 se
3549 301 3798 357 moresuo,

578 373 819 429 unanimi
863 371 996 427 satis
1043 369 1459 435 consultatione,
1494 386 1599 425 non
1645 370 1817 424 visum
1848 370 2035 424 esteis
2071 386 2158 424 sa-

575 480 701 521 num
752 462 1057 532 hujusmodi
1113 460 1512 531 congressionis
1569 459 1881 523 consilium,
1916 467 1999 514 set
2026 476 2155 530 pru-

572 557 718 614 denti
748 551 1387 612 cautionevdill‘erendum
1422 552 1488 606 ad
1517 560 1725 622 tempus
1757 550 2152 613 deliberabant,

570 661 854 718 quousque
884 645 1139 714 deinceps
1165 651 1242 698 tot
1273 643 1628 698 militantium
1682 642 1961 713 myriades
1992 642 2152 697 indu-

568 740 742 795 strius
771 738 1146 805 undecumque
1173 736 1546 801 contraheret,
1592 735 1789 805 quibus
1827 735 2032 804 absque
2055 735 2151 790 de-

570 834 823 887 trimento
905 845 1127 885 suorum
1189 828 1533 885 adversarios
1606 842 1734 883 suos
1783 827 2152 897 oportunitate

568 923 820 993 adoptata
861 921 1114 987 subdere,
1163 928 1218 974 et
1248 918 1595 973 omnifariam
1638 916 1739 974 sibi
1773 917 1840 972 ad
1865 917 2148 973 servitium

566 1014 938 1084 constringere
983 1012 1267 1082 majestate
1298 1013 1445 1082 regia
1486 1008 1809 1065 victoriosus
1852 1008 2147 1065 sufﬁceret.

565 1108 681 1178 Ipse
706 1116 885 1163 autem
913 1106 1161 1177 quamvis
1190 1105 1378 1162 nolens
1424 1113 1479 1161 et
1508 1104 1730 1170 invitus,
1760 1102 1999 1159 consiliis
2029 1102 2149 1157 illo-

565 1217 684 1257 rum
707 1200 998 1271 acquievit,
1038 1208 1093 1255 et
1124 1198 1348 1255 dimissa
1381 1214 1411 1253 a
1443 1212 1501 1255 se
1535 1198 1822 1269 dignanter
1867 1205 2147 1252 contracta

563 1292 923 1355 multitudine,
959 1289 1273 1360 intimisque
1303 1290 1417 1346 suis
1445 1289 1513 1345 ad
1572 1288 1857 1345 tuitionem
1908 1289 2060 1357 regni
2095 1295 2149 1341 et

563 1383 631 1438 ad
696 1381 1073 1438 inminentium
1138 1380 1403 1437 bellorum
1459 1379 1807 1434 inmanitates
1873 1377 2148 1432 cavendas

561 1477 974 1549 diligentissime
1014 1476 1374 1546 praemonitis,
1405 1477 1583 1545 quiaa
1608 1470 1934 1536 primatibus
1965 1471 2141 1528 Saxo-

561 1584 689 1623 num
719 1568 921 1624 obnixe
948 1568 1079 1623 satis
1106 1567 1456 1632 invitabatur,
1489 1567 1781 1637 assumptis
1833 1580 2019 1622 secum
2047 1564 2145 1620 tri-

2259 372 2467 428 scilicet
2510 371 2878 444 jurejurando,
2931 378 3308 447 undecumque
3344 387 3716 444 contraxerat;
3757 392 3802 437 et

2258 466 2337 521 sic
2361 467 2761 536 expeditionem
2810 469 2863 522 in
2896 468 3190 525 Saxoniam
3229 479 3419 525 contra
3455 484 3636 541 regem
3674 469 3798 526 Rou-

2257 556 2479 624 dolfum,
2511 567 2568 614 et
2611 558 2664 613 in
2708 559 3079 615 Alemanniam
3130 569 3318 639 contra
3367 562 3534 618 duces
3586 561 3800 618 Berhtol-

2256 648 2384 704 dum
2414 659 2469 705 et
2501 649 2739 706 Wclfum
2779 660 2835 707 et
2881 661 3111 710 caeteros
3159 653 3376 709 illorum
3433 651 3799 725 suﬂ’raganeos,

2254 739 2627 796 sollertissime
2653 742 2990 812 disponebat.
3021 743 3089 799 Et
3115 741 3287 798 ferme
3318 743 3498 798 nullus
3522 744 3590 798 de
3626 742 3803 815 Pagoa~

2256 831 2350 887 riis
2378 840 2513 896 erat,
2542 841 2742 903 praeter
2772 833 3236 909 archiepiscopum
3259 831 3624 888 Juvavensem
3654 842 3705 887 et
3724 847 3801 886 co-

2252 923 2438 977 mitem
2460 923 2726 994 quendam
2752 924 3110 996 Eggebertum
3161 924 3333 995 (l52),
3379 923 3511 994 quin
3550 923 3704 994 juxta
3729 938 3801 978 vo-

2251 1013 2510 1071 luntatem
2553 1015 2697 1071 illius
2720 1017 2822 1088 ipsi
2852 1018 3139 1074 assisteret
3161 1026 3218 1073 et
3238 1017 3596 1073 consentiret.
3624 1017 3801 1072 Eadem

2254 1114 2571 1179 tempestate
2599 1108 2818 1180 quidam
2850 1111 3076 1166 comites
3109 1110 3176 1167 de
3201 1110 3536 1174 Alemannis,
3569 1111 3679 1181 jam
3714 1111 3803 1181 pri-

2250 1198 2369 1254 dem
2404 1200 2548 1269 regis
2574 1198 2821 1256 Roudolfi
2849 1201 3163 1257 electissimi
3191 1200 3423 1272 adjurati
3452 1201 3671 1267 milites,
3708 1211 3800 1256 tur-

2248 1291 2331 1362 pis
2376 1291 2516 1347 lucri
2562 1307 2725 1348 causa
2771 1293 2839 1348 ab
2883 1309 2954 1350 eo
2982 1294 3399 1365 apostatabant,
3448 1303 3507 1349 et
3550 1295 3801 1364 occupatis

2248 1382 2569 1451 quibusdam
2597 1384 2944 1443 castellorum
2972 1386 3259 1456 praesidiis,
3286 1386 3504 1456 prazdis,
3555 1386 3798 1440 incendiis

2246 1484 2300 1530 et
2328 1475 2453 1531 totis
2485 1476 2798 1547 rapinarum
2832 1486 2888 1533 et
2917 1478 3297 1548 pervasionum
3337 1478 3732 1548 direptionibus
3756 1478 3799 1531 in

2245 1566 2522 1622 dominum
2548 1582 2729 1635 suum,
2762 1568 2816 1624 in
2855 1570 3045 1625 ducem
3072 1568 3406 1635 Welfonem,
3459 1570 3515 1625 in
3550 1569 3688 1625 bona
3716 1584 3800 1623 :cc-

562 1661 663 1716 bus
715 1660 1005 1731 episcopis,
1039 1659 1366 1725 Patavieusi,
1394 1658 1808 1724 Wormatiensi,
1838 1657 2141 1729 Herbipoli-
2170 1656 2216 1716 Β
2244 1659 2531 1715 clesiarum
2562 1699 2578 1725 ,
2623 1674 2725 1715 nec
2765 1674 2872 1715 non
2927 1661 2980 1715 in
3019 1676 3207 1716 omnes
3250 1676 3281 1715 a
3316 1676 3376 1716 se
3421 1661 3798 1724 discordantes,

563 1761 707 1819 tano,
740 1767 842 1810 nec
870 1769 977 1809 non
1005 1752 1265 1808 cardinali
1316 1752 1625 1823 apostolicae
1662 1751 1828 1817 sedis,
1857 1766 1981 1807 cum
2003 1765 2142 1813 non-

559 1845 724 1903 nullis
747 1846 1177 1902 neccssariorum
1191 1862 1410 1902 suorum
1432 1863 1462 1901 a
1493 1846 1739 1910 secretis,
1764 1845 1816 1899 in
1839 1844 2136 1899 Saxoniam

559 1938 665 1995 iter
690 1954 847 1995 suum
875 1938 1214 1996 acceleravit.
1259 1939 1428 2006 Quem
1460 1939 1587 1994 totis
1614 1937 1683 1969 ’³³
1709 1937 1873 2008 regiae
1918 1936 2139 1992 honori-

556 2031 857 2089 riflcientite
906 2033 1204 2103 insignibus
1249 2041 1304 2088 et
1350 2031 1710 2087 laudamentis
1749 2029 2140 2103 gloriosissime

555 2126 691 2182 satis
712 2126 1003 2183 salutatum
1024 2137 1080 2181 et
1106 2125 1489 2197 glorificatum,
1518 2133 1575 2178 ut
1595 2133 1650 2180 et
1674 2138 1855 2195 regem
1880 2131 1936 2177 et
1965 2121 2138 2178 domi-

555 2231 684 2273 num
713 2232 871 2274 suum
903 2216 1180 2288 oportuit,
1209 2216 1355 2271 omni
1410 2214 1763 2286 subjeclionis
1792 2221 1848 2271 et
1883 2225 2137 2268 reveren-

554 2312 643 2367 tia:
669 2311 983 2383 dignatione
1015 2320 1071 2367 et
1098 2312 1383 2366 conamine
1405 2309 1831 2380 acceptissimun
1861 2322 1983 2364 eum
2011 2322 2137 2362 con-

552 2404 891 2476 gratulanter
956 2404 1384 2475 magnificabant
1449 2401 1769 2458 etvenerati
1826 2410 1972 2456 sunt.
2034 2397 2134 2455 Ubi

550 2498 822 2568 aequitatis
849 2507 904 2554 et
951 2508 1305 2567 paternarum
1345 2497 1490 2553 illius
1518 2496 1695 2567 gentis
1724 2495 1903 2564 legum
1930 2494 2136 2550 arbiter

543 2588 901 2658 iustissimus,
946 2590 1151 2662 absque
1172 2604 1524 2660 personarum
1550 2588 1862 2659 acceptiOne
1890 2586 2131 2641 omnium

559 2684 1020 2754 proclamationes
1055 2684 1626 2756 querimoniarumque
1646 2680 2015 2737 incusationes
2036 2678 2135 2736 sel-

548 2776 1076 2847 lertissimojustitim
1100 2777 1367 2833 scrutinio
1387 2775 1915 2845 judicialitercoram
1939 2787 1998 2828 se
2025 2770 2131 2827 dif-

546 2867 705 2923 finire
728 2878 959 2924 conatus
980 2875 1083 2924 est.
1099 2864 1255 2923 Unde
1278 2881 1387 2922 non
1405 2865 1681 2929 inmerito,
1705 2878 1827 2918 cum
1855 2862 1943 2918 ille
1983 2863 2134 2932 prior

544 2974 645 3029 pro
673 2967 823 3014 motu
853 2959 937 3015 sui
958 2958 1162 3023 libitus,
1188 2957 1243 3012 in
1272 2956 1396 3012 illos
1435 2969 1652 3025 semper
1685 2951 1961 3018 efferatus,
1986 2967 2129 3023 pra:-

2245 1752 2372 1808 totis
2425 1751 2632 1807 viribus
2674 1760 2729 1806 et
2785 1752 2993 1807 artibus
3041 1751 3479 1807 inhumanissimi
3524 1768 3620 1823 per
3652 1760 3798 1806 totam

2240 1843 2603 1917 provinciam,
2630 1853 2793 1913 prout
2824 1850 3096 1914 poterant,
3121 1842 3354 1913 grassati
3384 1851 3535 1897 sunt.
3575 1841 3800 1912 Undique

2242 1938 2406 1999 igitur
2456 1936 2762 2007 hujusmodi
2808 1929 2991 1991 motus
3025 1951 3122 2006 per
3160 1935 3467 2005 provincias
3509 1950 3696 1991 omnes
3745 1936 3798 1987 ab

2240 2029 2523 2099 utriusque
2550 2028 2722 2102 partis
2748 2028 3109 2084 sectatoribus
3132 2028 3439 2097 promiscue
3462 2068 3476 2090 ,
3502 2036 3562 2081 ut
3587 2027 3638 2080 in
3665 2025 3799 2080 hellis

2240 2121 2399 2186 solet,
2457 2135 2554 2191 per
2604 2128 2772 2175 totum
2818 2136 3014 2174 annum
3080 2119 3231 2174 illum
3281 2120 3605 2190 agebantur.
3665 2116 3798 2172 Unde

2240 2210 2411 2268 fames
2441 2227 2548 2266 non
2580 2211 2825 2277 minima,
2850 2220 2904 2266 et
2932 2210 3058 2280 quia
3089 2219 3235 2265 terra
3271 2208 3505 2265 fluctum
3533 2224 3685 2264 suum
3706 2224 3799 2263 non

2236 2304 2481 2369 dederat,
2509 2312 2563 2359 et
2583 2303 2709 2374 quia
2754 2301 3025 2373 praedictis
3068 2300 3338 2358 violentiis
3389 2310 3636 2371 raptores
3662 2309 3711 2354 et
3734 2298 3798 2352 la-

2239 2403 2423 2449 trones
2479 2394 2659 2447 omnia
2709 2400 3175 2462 consumpserant,
3221 2400 3550 2462 perqpartes
3606 2399 3798 2447 nostras

2240 2482 2455 2549 ell‘ecta,
2483 2483 2681 2537 multos
2707 2483 3092 2538 contabescere
3119 2480 3575 2537 ctmiserabiliter
3600 2481 3799 2535 interire

2236 2584 2515 2648 coegerat.
2548 2575 2755 2631 Divina:
2781 2576 2987 2646 pariter
3013 2584 3071 2631 ut
3099 2582 3153 2630 et
3176 2574 3451 2630 secularcs
3474 2582 3655 2646 legum
3681 2590 3796 2630 con-

2233 2668 2540 2723 stitutiones
2570 2682 2670 2722 nec
2696 2667 3117 2722 nominabantur
3145 2666 3341 2723 saltem
3389 2667 3477 2722 his
3500 2666 3709 2730 diebus,
3730 2674 3799 2722 set

2235 2759 2628 2832 unusquisque,
2653 2767 2814 2829 prout
2839 2768 3085 2830 poterat,
3109 2759 3183 2813 ita
3212 2759 3476 2831 sejudice
3511 2768 3568 2814 et
3597 2775 3795 2815 θοι-τες-

2235 2861 2352 2907 tore
2418 2852 2719 2907 victitabat.
2778 2852 3024 2906 lnaudita
3084 2851 3348 2907 hactenus
3416 2851 3797 2908 discordiarum

2233 2944 2508 3010 scismata,
2545 2942 2813 2998 fraudium
2839 2943 3119 3014 turpisque
3152 2952 3392 3013 quaestus
3420 2942 3731 3014 ignominia,
3752 2949 3798 2995 ct

545 3028 629 3105 dis
646 3091 662 3117 ,
689 3050 898 3121 rapinis
923 3058 980 3105 et
1014 3048 1267 3105 omnibus
1290 3060 1669 3118 pressurarum
1712 3041 1888 3099 modis
1916 3058 2129 3114 grassa-
2156 3028 2200 3092 C
2233 3035 2287 3090 in
2315 3035 2448 3106 ipsis
2472 3034 2638 3090 etiam
2666 3033 2948 3100 :ecclesiis,
2975 3048 3081 3104 quo
3106 3035 3176 3089 ob
3200 3050 3348 3106 spem
3366 3034 3521 3105 pacis
3541 3044 3598 3089 et
3628 3033 3795 3088 defen-

542 3140 723 3207 batur,
755 3145 856 3198 iste
875 3140 1021 3211 juste
1043 3139 1316 3209 judicans,
1348 3154 1474 3195 cum
1507 3138 1684 3210 rigore
1713 3134 1939 3205 iustitiae
1960 3151 2125 3207 prava

542 3246 773 3302 quaeque
822 3232 876 3287 in
905 3231 1112 3287 directa
1138 3229 1466 3296 reformans,
1498 3230 1566 3286 ab
1614 3230 1869 3285 omnibus
1916 3230 2127 3300 pariter

543 3323 848 3378 amabatur.
879 3322 1030 3379 Uxor
1060 3321 1207 3394 (lSl)
1262 3330 1443 3378 autem
1474 3320 1617 3393 regis
1672 3321 1724 3376 in
1759 3329 1944 3391 partes
1988 3320 2128 3375 Bur-

541 3415 755 3486 gundia:
783 3429 813 3469 a
846 3414 1059 3485 Turego
1083 3414 1378 3478 diverteris,
1404 3414 1457 3468 in
1491 3414 1726 3485 quodam
1753 3414 1976 3470 castello
2003 3429 2124 3483 suo,

538 3506 805 3576 plurimas
831 3504 1274 3575 Burgundionum
1310 3504 1420 3561 illic
1463 3521 1692 3575 passura
1723 3505 1971 3575 injurias,
2005 3506 2124 3578 plus

541 3610 705 3665 quam
730 3588 931 3649 annum
955 3593 1239 3649 dimidium
1258 3594 1592 3651 mora-batur.
1621 3595 1830 3666 Quippe
1854 3595 2121 3653 Basilien-

540 3686 636 3753 sis,
666 3685 1067 3743 Lausannensis
1097 3695 1155 3741 et
1194 3685 1526 3756 Argentinus
1576 3686 1951 3757 antiepiscopi,
1999 3703 2123 3744 cum

539 3781 789 3838 omnibus
840 3795 978 3851 quos
1004 3780 1072 3835 ad
1124 3794 1185 3835 se
1229 3787 1588 3847 attraxerant,
1648 3796 1770 3836 mox
1800 3781 1997 3852 prasdis
2037 3782 2121 3837 in-

539 3870 747 3927 cendiis
798 3879 853 3926 et
897 3870 1226 3926 omnimodis
1289 3872 1703 3941 persuasionum
1754 3881 1812 3927 et
1857 3871 2123 3944 inpugna-

538 3964 742 4027 tiormm
770 3963 1041 4033 pressuris
1085 3970 1281 4019 cuncta
1310 3979 1432 4034 qua:
1461 3964 1526 4018 ad
1556 3978 1736 4034 regem
1771 3964 2124 4032 pertinebant

534 4056 934 4113 studiosissime
988 4057 1367 4119 devastabant,
1419 4071 1702 4127 quousque
1752 4065 1919 4111 totam
1950 4054 2122 4110 ferme

524 4147 678 4201 illam
699 4146 932 4217 patriam
962 4145 1067 4201 sibi
1096 4146 1316 4216 regique
1336 4161 1434 4201 suo
1463 4144 1840 4213 subjiciebant.
1880 4146 1977 4202 Set
2008 4162 2118 4203 non

525 4238 740 4308 absque
778 4236 923 4291 malo
946 4244 1001 4289 et
1028 4236 1360 4293 detrimento
1386 4252 1508 4292 suo.
1540 4236 1631 4291 Bis
1666 4237 1866 4307 quippe
1902 4252 1933 4291 a
1979 4238 2121 4292 mili-

535 4329 680 4383 tibus
707 4326 852 4397 regis
880 4323 1132 4381 Roudolfl
1181 4326 1332 4392 victi,
1362 4326 1488 4382 cassi
1515 4334 1570 4383 et
1612 4326 1784 4397 fugati
1806 4336 1937 4382 sunt
1980 4327 2113 4382 Bur-

2228 3123 2493 3181 fensionis
2522 3140 2608 3180 res
2633 3138 2760 3179 suas
2771 3123 3171 3180 conservandus
3192 3139 3382 3179 omnes
3405 3133 3793 3195 congesserant,

2228 3231 2260 3270 a
2287 3214 2751 3285 contemptoribus
2779 3212 2873 3268 Dei
2917 3213 3201 3268 innumera
3235 3213 3373 3270 clam
3415 3222 3473 3268 et
3501 3213 3680 3285 palam
3725 3227 3797 3268 sa-

2228 3307 2449 3378 crilegia
2473 3306 2727 3379 plorabili
2761 3305 3045 3377 majestate
3073 3308 3359 3379 imperiose
3383 3308 3592 3378 passim
3618 3322 3795 3364 conrc-

2227 3402 2486 3474 gnabanL

2300 3513 2396 3570 His
2423 3513 2656 3584 denique
2698 3514 2930 3570 domnus
2973 3514 3301 3586 apostolicus
3331 3515 3569 3580 auditis,
3605 3516 3794 3572 litteras

2228 3606 2375 3681 (l55)
2401 3606 2710 3678 specialiter
2734 3606 2927 3678 legatis
2949 3608 3063 3664 suis
3088 3621 3189 3664 nec
3217 3623 3323 3665 non
3349 3609 3607 3664 omnibus
3634 3608 3723 3680 qui
3747 3607 3793 3662 in

2227 3697 2572 3755 Thcotonicis
2597 3699 2838 3769 partibus
2868 3708 2994 3754 sunt
3019 3740 3034 3766 ,
3063 3688 3358 3768 majoribus
3383 3708 3442 3755 et
3471 3700 3794 3765 minoribus,

2229 3791 2629 3846 transmittebat
2651 3832 2665 3857 ,
2700 3799 2811 3847 toto
2847 3791 2967 3847 nisu
3011 3806 3203 3848 revera
3230 3792 3793 3863 percupientissimus.

2225 3893 2286 3938 ut
2310 3883 2554 3953 quolibet
2574 3884 2791 3955 ingenio
2814 3893 3033 3955 posset,
3070 3885 3273 3940 nostris
3293 3886 3342 3940 ei
3364 3885 3792 3959 suffragantibus,

2224 3976 2607 4045 componenda:
2618 3977 2769 4047 pacis
2794 3991 2958 4031 causa
2985 3977 3040 4031 in
3061 3976 3201 4032 hanc
3218 3977 3453 4046 patriam
3477 3979 3791 4048 perveniret.

2222 4064 2279 4119 In
2312 4065 2425 4130 bis,
2470 4065 2691 4135 inquam
2717 4105 2733 4131 ,
2783 4066 2979 4121 litteris
3034 4065 3226 4138 legatis
3253 4066 3369 4121 suis
3402 4067 3699 4137 praecepit,
3744 4075 3795 4119 nt

2225 4163 2514 4225 utrumque
2536 4169 2716 4226 regem
2740 4154 3048 4210 firmissime
3078 4166 3518 4226 prmmonerent,
3550 4157 3793 4228 quatinus

2220 4245 2323 4299 sibi
2354 4244 2493 4299 viam
2526 4260 2648 4300 cum
2680 4259 2814 4314 pace
2846 4254 2901 4300 et
2938 4246 3226 4302 securitate
3274 4246 3331 4301 in
3385 4248 3486 4303 has
3531 4258 3712 4318 partes
3748 4255 3796 4301 et

2224 4335 2352 4402 hos,
2384 4336 2438 4392 in
2468 4335 2666 4406 quibus
2686 4335 2959 4391 conlidere
2983 4345 3196 4406 posset,
3248 4337 3508 4393 ductores
3542 4338 3794 4394 concede-

531 4419 865 4489 gundionum
894 4425 1108 4483 turmm,
1133 4432 1252 4487 quae
1282 4425 1464 4487 partes
1503 4417 1887 4475 Alemannicas
1913 4421 2118 4490 prmda—
2147 4387 2197 4450 θ
2221 4387 2369 4495 rent',
2430 4387 2504 4483 utj
2539 4429 2649 4484 Deo
2698 4427 2911 4485 fautore
2959 4387 3073 4486 tam
3129 4387 3436 4501 praecipuas
3503 4432 3794 4487 discordias

533 4518 670 4565 tum
714 4508 898 4580 inpetu
937 4508 1122 4564 hostili
1171 4510 1562 4580 superbissime
1610 4511 1684 4544 m
1709 4512 2044 4569 invaserant.

516 4622 519 4631 ν
600 4600 718 4655 Rex
740 4610 923 4656 autem
950 4599 1238 4657 Heinricus
1280 4605 1350 4657 ab
1398 4599 1556 4658 Ulma
1603 4619 1664 4660 se
1706 4605 1762 4660 in
1792 4605 2116 4677 Pagoariam

530 4691 839 4764 proripuit,
888 4701 945 4749 ct
988 4693 1180 4752 divisis
1233 4695 1376 4753 inter
1403 4714 1531 4755 suos
1562 4709 1620 4757 et
1666 4701 1821 4757 ducis
1875 4700 2033 4757 Wclfl
2061 4711 2116 4758 et

536 4769 859 4840 caeterorum
880 4785 983 4842 sibi
1014 4785 1396 4846 rebellantium
1442 4790 1725 4849 beneﬁciis
1748 4801 1803 4849 et
1833 4792 2113 4849 aecclcsia-

515 4889 656 4946 rum
706 4875 886 4944 bonis,
932 4879 1289 4940 setmaxime
1334 4878 1703 4951 Pataviensis,
1734 4900 1923 4942 omnes
1951 4899 2113 4956 quos-

2219 4521 2450 4578 sedaret.
2497 4520 2563 4575 Et
2605 4519 2755 4575 illum
2785 4520 2878 4590 qui
2904 4520 3006 4576 sibi
3049 4520 3101 4575 in
3147 4522 3250 4576 hac
3277 4536 3441 4576 causa
3487 4532 3546 4576 et
3596 4521 3795 4577 ceteris

2220 4615 2373 4686 regni
2424 4606 2846 4685 sapientioribus
2908 4622 2964 4668 et
3016 4613 3335 4668 melioribus
3388 4615 3708 4670 consentire
3746 4622 3795 4668 et

2219 4704 2463 4759 oboedire
2534 4703 2751 4769 nollet,
2825 4702 3040 4772 publica
3102 4703 3672 4758 excommunicatione
3736 4702 3795 4755 ab

2219 4795 2478 4852 {ecclesiae
2526 4777 2785 4848 membris
2821 4792 3135 4848 damnatum
3172 4794 3399 4849 omnino
3442 4800 3793 4864 separarent;

2221 4888 2272 4944 ei
2295 4897 2476 4942 autem
2498 4886 2590 4956 qni
2621 4884 2908 4953 obtediret,
2937 4885 3091 4956 regni
3113 4884 3488 4941 monarcbiam
3509 4884 3796 4956 apostolica

1850 5063 2079 5121 VARUE
2120 5060 2524 5123 LECTIONES.

601 5152 670 5187 ω
692 5152 858 5210 totius
894 5153 978 5210 εά,
1056 5152 1129 5187 ω
1154 5152 1465 5226 superbisse
1482 5154 1540 5208 ’2.

2026 5286 2261 5345 NOTAE.
