3940 5382
220 225 334 280 397

1411 221 1745 277 amens.
1785 251 1854 262 —
1893 221 2003 277 AN.
2058 205 2215 279 1077;

3369 223 3472 279 598

221 317 555 372 auctoritate
585 317 959 387 imponerent;
1013 323 1070 372 et
1114 315 1364 371 omnibus
1405 316 1586 384 quiin
1632 329 1801 384 regno
1829 327 1874 386 Α
1901 325 2065 370 suum
2124 314 2194 368 ad
2241 314 2513 369 dominum
2561 325 2715 368 suum
2785 311 3079 382 glorianter
3133 324 3474 386 peregerunt.

218 416 435 471 essent,
475 405 599 476 ipsi,
626 415 684 460 ut
700 413 994 476 epos-teret,
1019 404 1130 474 regi
1151 404 1475 469 oboedirent,
1498 405 1798 467 subessent,

220 500 537 562 servirent,
566 506 622 552 et
639 496 984 552 omnifariam
1006 512 1133 551 eum
1159 496 1227 549 ad
1253 505 1452 550 statum
1494 504 1548 549 et
1573 497 1805 550 aediﬁca-

218 589 432 642 tionem
450 587 716 642 aecdesiae
739 585 1088 641 sublimatum
1121 585 1517 657 diguiiicarent.

297 679 380 733 Ad
408 679 514 733 hoc
541 675 834 732 Roudoifus
854 691 950 731 rex
969 690 1092 729 cum
1114 675 1228 728 suis
1247 675 1498 730 omnibus
1519 673 1808 744 promptis-

218 769 400 822 simus
416 767 760 829 obtediebat;
801 767 895 821 sed
929 765 1054 834 quia
1077 765 1194 819 vias
1234 779 1332 834 per
1371 763 1532 833 Alpes
1573 765 1806 833 undique

215 857 484 913 obclusas
509 865 566 910 et
583 855 902 910 insidiarum
927 854 1110 924 plenas
1135 852 1415 906 Heinricus
1445 867 1538 905 rex
1575 853 1674 906 sub
1704 867 1804 908 sua

215 962 393 1001 manu
419 945 769 1010 obtinuerat,
802 945 855 998 id
880 943 1081 998 frustra
1110 942 1352 996 voluerat
1375 981 1390 1005 ,
1430 942 1572 1011 quod
1605 957 1808 1011 nequa-

214 1053 393 1108 quam
447 1036 518 1090 ad
567 1035 817 1090 eﬂ'ectum
876 1034 1170 1101 perducere
1223 1041 1452 1101 poterat.
1523 1031 1806 1086 lleiuricus

215 1140 410 1182 autem
435 1143 532 1182 rex
555 1127 753 1180 timens
777 1123 1084 1194 apostolicae
1125 1123 1464 1177 auctoritatis
1493 1121 1757 1189 judicium
1781 1163 1799 1187 ,

215 1222 339 1277 suis
363 1219 616 1274 omnibus
641 1219 801 1272 unice
828 1215 1115 1287 precepit,
1156 1227 1224 1268 ne
1264 1213 1385 1283 quis
1408 1214 1478 1267 ad
1519 1228 1578 1267 se
1621 1228 1806 1268 acces-

215 1329 345 1368 sum
371 1311 644 1365 inveniret
671 1351 686 1374 ,
713 1309 806 1379 qui
824 1307 1153 1377 legationem
1177 1305 1522 1374 apostolicam
1543 1303 1802 1369 haberet;

217 1405 381 1474 quasi
413 1417 471 1456 se
493 1402 596 1456 hac
621 1410 738 1455 arte
765 1399 1054 1455 defendere
1071 1414 1139 1452 ex
1163 1397 1370 1451 ratione
1390 1411 1420 1448 a
1447 1404 1598 1450 reatu
1620 1395 1806 1466 vulga-

215 1495 439 1549 tissime
485 1492 774 1547 sufﬁceret.
814 1488 934 1544 lam
962 1489 1106 1544 enim
1149 1488 1293 1542 aliud
1324 1487 1578 1556 quiddam
1625 1486 1803 1541 inten-

213 1588 379 1641 derat
417 1586 595 1656 potius
624 1599 788 1655 quam
819 1581 1222 1637 obtedientiam.
1260 1579 1666 1647 Expeditionem
1696 1578 1803 1633 sci-

1975 403 2070 458 liis
2084 404 2270 473 itaque
2282 404 2468 458 diebus
2487 402 2777 458 cardiaalis
2793 403 3067 458 Romanus
3083 405 3128 474 (l
3139 404 3229 474 54)
3245 405 3476 467 litteras,

1902 505 1963 549 ut
2003 497 2216 564 iussum
2255 505 2340 550 est
2384 495 2518 564 ipsi,
2563 495 3006 550 eommonitorias
3039 494 3110 548 ad
3155 494 3473 550 Heinricum

1904 600 2086 654 regem
2133 599 2231 652 pro
2286 585 2546 652 praedicta
2596 583 2878 652 apostolici
2935 585 3200 638 adventus
3245 586 3318 639 ad
3375 598 3480 640 nos

1902 689 2065 728 causa
2128 688 2225 743 per
2282 675 2552 743 quendam
2613 675 2935 728 monachum
3003 673 3472 744 IIerbipolitanum

1903 767 2191 834 dignanter
2217 765 2610 820 transmiserat.
2639 766 2791 820 Hunc
2816 776 3024 828 autem,
3060 774 3187 820 ante
3215 781 3379 836 quam
3407 765 3477 819 ad

1901 854 2078 924 ipsum
2095 855 2384 923 pervenire
2405 865 2603 923 posset,
2629 856 2846 924 quidam
2867 871 2933 910 ex
2959 857 3313 911 secretalibus
3337 856 3477 926 ejus,

1903 959 2066 1000 causa
2098 944 2311 999 itineris
2345 945 2487 999 illius
2514 943 2804 1015 diligenter
2838 945 3113 1014 explorata
3133 985 3150 1008 ,
3176 954 3392 1014 captum
3421 954 3481 1000 et

1904 1033 2045 1089 male
2069 1041 2358 1088 tractatum
2383 1074 2400 1099 ,
2455 1049 2552 1088 nec
2584 1050 2686 1088 non
2718 1035 3040 1089 servientem
3070 1037 3215 1089 illius
3248 1035 3480 1089 misera-

1905 1127 2087 1182 biliter
2144 1129 2521 1194 verberatum,
2574 1129 3014 1193 incarcerabant;
3089 1128 3297 1183 litteras
3349 1142 3478 1182 vero

1895 1217 2119 1272 ablatas
2160 1234 2267 1274 non
2314 1228 2374 1273 ut
2408 1219 2765 1288 apostolicas,
2810 1227 2894 1274 set
2935 1220 3088 1287 quasi
3139 1219 3475 1282 diabolicas,

1903 1309 2247 1364 omnifariam
2275 1310 2655 1380 profanabant.
2689 1309 2806 1364 Mox
2831 1311 2899 1364 ad
2919 1325 3049 1365 eum
3069 1311 3245 1365 denuo
3267 1310 3479 1365 litteras

1907 1401 2048 1456 idem
2080 1402 2371 1457 cardinalis
2399 1403 2676 1457 Romanus
2707 1416 2802 1472 per
2829 1401 3098 1470 quendam
3129 1401 3352 1456 militem
3398 1400 3479 1455 fa-

1905 1492 2170 1547 miliarem
2201 1493 2369 1562 ipsius
2400 1508 2495 1562 pro
2521 1493 2708 1547 eadem
2737 1505 2794 1545 re
2821 1490 3148 1545 artiﬁciosus
3172 1490 3473 1560 dirigebat;

1905 1599 2041 1654 quas
2082 1582 2184 1637 sub
2212 1582 2437 1637 alterius
2467 1583 2682 1652 quidem
2732 1597 2962 1651 persona
3012 1582 3125 1650 ipse
3165 1589 3478 1651 apportatas

215 1679 354 1731 licet
380 1715 397 1740 ,
453 1691 612 1744 quam
637 1689 826 1728 omnes
860 1675 942 1727 sui
991 1672 1097 1741 iam
1139 1669 1455 1738 iuraverant
1481 1709 1496 1733 ,
1550 1669 1602 1722 in
1633 1667 1801 1723 Saxo-

1907 1676 2138 1745 suscepit
2157 1685 2212 1729 et
2239 1675 2454 1730 recitari
2477 1674 2600 1729 fecit
2623 1716 2640 1739 ,
2687 1683 2770 1728 set
2797 1689 2928 1728 aure
2958 1674 3140 1727 statim
3171 1674 3434 1728 obdurata
3459 1711 3475 1736 ,

216 1768 398 1821 niam.
443 1761 596 1820 (inde
646 1779 703 1818 se
750 1763 818 1818 de
867 1761 1128 1828 Pagoaria
1182 1774 1305 1813 cum
1351 1758 1546 1827 quibus
1592 1766 1804 1828 poterat

214 1857 548 1911 omnibusin
568 1855 710 1930 iulio
728 1867 909 1910 mense
926 1861 1225 1908 retraxerat
1242 1852 1295 1906 in
1316 1867 1469 1906 suam
1493 1849 1799 1911 Franciam.

215 1949 334 2002 illic
363 1948 740 2016 undecumque
767 1944 1108 2001 collectitans
1146 1943 1351 1998 militia:
1395 1958 1500 1997 non
1547 1941 1804 2013 parvissi-

214 2057 324 2095 ηερε
357 2039 780 2109 qualescumque
804 2036 1009 2105 copias.

297 2133 414 2186 Res
442 2131 675 2200 denique
706 2127 1000 2184 Roudolfus
1021 2137 1303 2197 postquam
1329 2125 1594 2196 comperit
1613 2167 1627 2189 ,
1668 2126 1721 2180 in
1745 2141 1803 2181 se

213 2232 276 2278 et
300 2225 353 2276 in
377 2237 505 2276 suos
533 2231 612 2274 tot
638 2220 940 2274 cohortium
973 2217 1141 2272 milita
1153 2219 1286 2271 rium
1309 2227 1592 2271 contracto
1621 2217 1796 2286 ipsum

218 2323 510 2383 tantopere
539 2310 800 2368 institisse
827 2309 1084 2379 collegio,
1135 2309 1246 2378 ipse
1271 2323 1375 2361 non
1401 2308 1489 2361 diu
1518 2317 1757 2362 moratus
1778 2347 1797 2371 ,

216 2421 517 2462 occurrere
551 2414 607 2460 ct
653 2404 790 2459 bello
844 2404 894 2459 ei
943 2402 1198 2474 CO'Ilgredi
1247 2402 1542 2456 industrius
1578 2402 1801 2456 multum

215 2508 550 2570 attemptare
577 2513 684 2553 non
711 2500 961 2554 cessavit.
987 2499 1052 2552 Et
1073 2499 1152 2553 sic
1191 2496 1451 2565 adusque
1473 2494 1800 2562 Herbipolim

215 2592 588 2663 perveniens,
645 2591 754 2647 illic
777 2591 968 2647 eadem
1015 2590 1236 2646 obsessa
1280 2590 1500 2644 civitate
1552 2587 1800 2657 aliquan-

216 2685 400 2754 tiSper
449 2683 720 2746 tardavit,
775 2697 840 2737 ea
892 2681 1100 2738 scilicet
1158 2681 1480 2743 occasione;
1533 2695 1601 2734 ne
1650 2680 1693 2734 si
1735 2680 1801 2734 ad

219 2773 436 2828 Renum
451 2781 562 2827 tam
581 2773 802 2843 ecpioso
818 2774 1094 2828 exercitus
1129 2771 1212 2826 sui
1245 2772 1444 2840 impetu
1481 2769 1801 2825 festinanter

218 2864 608 2932 pet-tenderet,
674 2863 787 2933 ipse
835 2862 1052 2918 timidus
1083 2871 1139 2916 et
1196 2864 1492 2916 exterritus
1554 2861 1619 2914 ad
1675 2876 1800 2915 eum

218 2964 564 3008 transmeare
592 2970 699 3008 non
727 2955 966 3008 auderet.
1013 2953 1123 3008 Illic
1157 2953 1319 3008 etiam
1362 2953 1526 3007 duces
1555 2951 1801 3006 Berlitol-

1905 1769 2115 1822 litteras
2137 1768 2351 1823 auditas
2372 1766 2627 1823 efferatus
2659 1764 2824 1822 nimis
2842 1765 3182 1837 ﬂoccipendit
3201 1805 3218 1832 ,
3246 1764 3480 1819 latorem

1904 1861 2120 1914 illarum
2151 1860 2336 1914 itidem
2366 1869 2582 1932 captum
2626 1861 2678 1913 in
2704 1859 3003 1915 custodiam
3027 1860 3163 1913 mitti
3183 1858 3476 1929 praecepit;

1903 1945 1994 2014 qui
2024 1954 2146 2014 post
2168 1944 2460 2014 paullulum
2484 1943 2607 2014 fuga
2637 1944 2877 2014 dilapsus
2907 1943 2974 1998 ab
3005 1959 3101 2010 eo,
3146 1944 3234 1998 vix
3275 1943 3478 2001 comite

1909 2039 2009 2093 vita
2034 2055 2090 2094 se
2118 2053 2150 2093 e
2178 2039 2426 2092 custodia
2458 2039 2803 2109 proripiebat.

1974 2131 2180 2186 Interea
2213 2140 2326 2188 toto
2353 2131 2528 2202 quoad
2569 2141 2774 2202 poterat
2816 2131 2935 2188 nisu
2969 2133 3269 2189 exercitum
3309 2132 3478 2188 unde-

1902 2239 2135 2295 cumque
2182 2239 2290 2279 non
2331 2223 2602 2279 modicum
2651 2225 2950 2281 industrius
2993 2234 3382 2290 contraxerat,
3419 2232 3479 2280 et

1905 2324 2057 2379 Reno
2080 2339 2205 2378 cum
2247 2323 2444 2393 quibus
2494 2323 2782 2394 collegerat
2845 2324 3098 2379 omnibus
3147 2322 3474 2385 retransito,

1903 2429 2257 2469 occursurum
2305 2428 2364 2468 se
2393 2413 2505 2482 regi
2537 2411 2803 2467 Roudoll‘o
2831 2412 3139 2466 simulabat.
3189 2411 3300 2467 Illic
3331 2413 3476 2465 inter

1904 2509 2114 2561 Renum
2149 2512 2206 2558 et
2247 2503 2546 2558 Nechoram
2574 2503 2792 2558 ﬂuvium
2819 2544 2834 2567 ,
2881 2501 2998 2571 ejus
3037 2503 3274 2575 undique
3327 2501 3480 2558 ratiis

1901 2595 2366 2669 qualitercumque
2394 2592 2686 2649 obstructis
2711 2633 2726 2659 ,
2770 2603 2948 2648 castra
2979 2593 3161 2647 metari
3189 2602 3344 2656 sunt,
3376 2592 3481 2645 Pa-

1901 2686 2206 2758 goariorum
2229 2693 2606 2754 exspectantes
2631 2685 2911 2738 auxilium.
2940 2683 3055 2737 Rex
3077 2684 3306 2752 denique
3329 2683 3477 2736 Rou-

1902 2777 2079 2832 dolfus
2094 2784 2376 2846 comperto
2406 2776 2614 2830 illorum
2646 2784 2848 2829 metatu
2874 2815 2889 2839 ,
2924 2775 3112 2846 relicta
3146 2774 3296 2828 urbis
3321 2773 3476 2842 (155)

1902 2870 2184 2927 obsidione
2235 2879 2291 2924 et
2339 2869 2603 2925 machinis
2647 2869 2761 2924 suis
2803 2868 3175 2934 desolatoriis,
3224 2862 3478 2922 festinato

1904 2963 2134 3018 multum
2189 2961 2394 3031 impetu
2447 2961 2514 3015 ad
2570 2961 2750 3029 ipsos,
2803 2974 2996 3029 pugna:
3036 2959 3141 3014 illis
3187 2957 3481 3012 inferendae

218 3046 354 3100 dum
387 3055 444 3100 et
469 3044 703 3100 Welfum
724 3054 777 3101 et
796 3053 1022 3101 caeteros
1046 3045 1274 3100 militum
1297 3059 1517 3099 suorum
1548 3043 1801 3098 Aleman—

1907 3025 2286 3115 avidissimus,
2329 3025 2978 3120 audacter—pertenderat.
3018 3048 3314 3104 Confestim
3342 3061 3476 3117 ergo

216 3153 420 3193 norum
459 3153 660 3195 cuneos
701 3139 1040 3210 prtestolatus
1081 3139 1398 3194 auxiliarios
1423 3180 1438 3205 ,
1475 3139 1799 3209 quibusdam

215 3229 494 3284 machinis
529 3238 590 3284 et
628 3229 1003 3284 instrumentis
1049 3229 1258 3284 bellicis
1308 3229 1458 3284 urbis
1506 3229 1575 3260 ²¹⁵
1618 3242 1802 3283 muros

218 3323 510 3378 destruere
527 3320 930 3378 sollertissimus
963 3320 1306 3377 moliebatur.
1354 3319 1459 3391 Ipsi
1484 3327 1665 3374 autem
1695 3335 1798 3372 nu-

216 3426 379 3466 mero
400 3412 556 3482 quasi
582 3411 818 3482 quinque
841 3412 1046 3468 milium
1072 3426 1364 3468 occurrere
1395 3411 1446 3467 ei
1470 3409 1802 3482 gratulanter

215 3502 624 3558 aceelerabant.

295 3592 412 3647 Rex
446 3605 579 3646 vero
619 3591 906 3649 Heinricus
941 3592 1220 3664 explorato
1267 3590 1479 3646 illorum
1521 3591 1798 3656 comitatu,

216 3702 323 3758 per
372 3685 611 3741 triduum
661 3686 873 3742 illorum
928 3687 1141 3742 itineris
1193 3686 1460 3757 quendam
1514 3683 1800 3740 articulum

215 3779 508 3848 occupavit
538 3819 554 3844 ,
585 3779 783 3834 bellum
820 3780 899 3836 eis
921 3795 1024 3835 non
1047 3795 1169 3835 cum
1207 3777 1390 3850 parvis
1419 3777 1531 3834 suis
1567 3776 1804 3833 cohorti-

217 3871 323 3925 bus
337 3867 545 3924 inferre
564 3876 938 3939 temptaturus.
958 3869 1036 3924 Illi
1055 3876 1234 3925 autem
1252 3866 1648 3938 congressionis
1662 3865 1804 3921 illius

216 3961 756 4033 percupientissimi,
804 3962 909 4017 iter
951 3962 1019 4018 ad
1067 3977 1190 4018 eum
1226 3959 1548 4015 festinanter
1577 3972 1802 4028 promo-

214 4057 440 4109 vebant.
479 4053 549 4108 Et
571 4068 699 4109 eum
729 4062 839 4108 tam
863 4051 1094 4124 proximi
1125 4051 1506 4108 convenissent
1532 4090 1548 4116 ,
1586 4057 1647 4102 ut
1694 4063 1802 4103 non

217 4147 340 4216 plus
363 4161 529 4216 quam
558 4146 664 4201 duo
710 4145 939 4199 miliaria
969 4160 998 4199 a
1027 4159 1086 4200 se
1106 4143 1410 4207 distarent,
1453 4150 1510 4196 et
1530 4155 1720 4196 omnes
1749 4139 1802 4194 in

218 4237 273 4291 id
296 4238 475 4308 ipsum
499 4235 698 4290 armati
723 4233 924 4290 bellum
952 4249 1075 4290 cum
1111 4247 1236 4303 rege
1270 4232 1534 4287 audenter
1560 4229 1794 4284 destina-

1905 3143 1972 3198 ad
2002 3144 2173 3213 ipsam
2207 3155 2380 3212 usque
2403 3142 2574 3211 ripam
2597 3139 2744 3194 ﬂuvii
2768 3141 3015 3210 praedicti
3059 3139 3240 3194 animo
3283 3138 3479 3193 audaci

1901 3246 2001 3303 pro
2023 3231 2175 3302 regni
2198 3231 2298 3286 sibi
2322 3229 2539 3300 inpositi
2569 3237 2624 3284 et
2648 3229 2962 3285 christiana:
2987 3228 3260 3299 religionis
3295 3228 3481 3284 defen-

1904 3325 2060 3377 sione
2087 3318 2387 3374 bellaturus
2417 3317 2768 3388 perveniens,
2828 3317 3076 3373 hostibus
3124 3332 3157 3372 e
3202 3317 3480 3372 contrario

1904 3410 2215 3467 ulteriorem
2251 3411 2424 3479 ripam
2463 3409 2530 3464 ad
2579 3409 2684 3463 tria
2728 3408 2897 3464 ferme
2927 3409 3156 3465 miliaria
3198 3424 3319 3464 cum
3363 3408 3479 3464 suis

1903 3505 2078 3576 cepiis
2107 3503 2164 3557 in
2185 3503 2404 3572 longum
2429 3502 2822 3572 occupantibus
2849 3541 2864 3567 ,
2893 3500 3274 3556 transvadandi
3300 3500 3478 3555 locum

1903 3611 2243 3667 nequaquam
2276 3596 2583 3650 inveniebat
2607 3611 2624 3660 ;
2659 3594 2854 3664 quippe
2883 3595 3001 3665 ripa
3023 3610 3092 3650 ex
3116 3596 3339 3654 adverso
3365 3601 3475 3648 tant

1903 3685 2163 3741 altissima
2193 3683 2498 3751 eminebat,
2551 3684 2696 3754 quod
2720 3700 2878 3739 nemo
2899 3723 2915 3748 ,
2951 3701 3018 3739 ne
3053 3685 3226 3738 dicam
3267 3699 3432 3754 eques
3460 3725 3476 3748 ,

1902 3778 2067 3849 pedes
2117 3777 2295 3832 saltim
2333 3776 2444 3832 illic
2480 3790 2762 3830 ascensum
2797 3783 2992 3845 prater
3019 3774 3152 3828 vada
3200 3775 3475 3828 artissima

1903 3871 2012 3927 duo
2043 3869 2155 3924 sola
2183 3869 2427 3924 invenire
2455 3867 2748 3938 potuisset.

1976 3961 2128 4017 Tunc
2176 3961 2475 4016 Roudolfus
2505 3975 2596 4015 rex
2625 3961 2739 4030 ipse
2769 3959 3124 4014 inclamitavit
3144 3968 3199 4012 et
3225 3958 3478 4028 rogitat-it

1903 4051 2214 4107 multotiens
2237 4066 2421 4121 regem
2447 4049 2763 4106 IIeinrieum
2793 4057 2849 4104 et
2886 4063 2990 4102 una
3018 4056 3245 4102 caeteros
3289 4046 3477 4115 primi-

1871 4141 1876 4146 ’
1903 4145 2078 4200 cerios
2098 4143 2402 4208 exercitus,
2428 4152 2488 4198 ut
2517 4143 2560 4198 si
2591 4157 2822 4214 regnum
2853 4142 2920 4172 “7
2949 4139 3051 4196 sibi
3083 4147 3193 4193 tam
3231 4139 3474 4209 pertina-

1901 4233 2040 4288 citer
2089 4241 2348 4302 tantoque
2389 4230 2514 4300 jure
2556 4231 2808 4287 obtinere
2848 4229 3197 4293 decerneret,
3245 4241 3410 4281 unum
3443 4240 3475 4280 e

217 4337 345 4382 rent
367 4339 692 4392 conserere,
723 4326 840 4395 ipse
860 4340 920 4380 se
941 4325 1129 4380 eadem
1156 4332 1314 4379 nocte
1336 4321 1460 4392 fuga
1484 4321 1553 4378 ab
1575 4320 1654 4377 eis
1675 4333 1802 4389 pro-
1828 4371 1879 4395 ἢ
1904 4324 2110 4380 duobus
2133 4323 2395 4394 eligeret;
2446 4331 2541 4378 aut
2586 4323 2678 4377 ille
2723 4322 2826 4377 sibi
2880 4322 2949 4376 ad
2989 4333 3054 4374 se
3090 4315 3475 4373 transvadandi

219 4420 428 4488 ripiens
469 4432 598 4474 cum
647 4415 793 4481 suis,
850 4423 976 4470 ante
1025 4414 1156 4470 solis
1200 4421 1378 4470 ortum
1434 4426 1550 4483 prie
1590 4408 1803 4465 caeteris

219 4507 582 4564 Wormatiam
615 4521 771 4562 suam
795 4521 923 4561 cum
961 4504 1195 4560 ludibrio
1230 4510 1289 4558 et
1315 4501 1530 4574 probris
1558 4501 1802 4570 ipsorum

217 4599 388 4652 etiam
441 4597 770 4652 villanorum
815 4594 1137 4666 ingreditur.
1186 4593 1292 4663 Ipsi
1346 4607 1476 4648 vero
1519 4598 1802 4660 comperta

1828 4371 1880 4432 D

1907 4417 2080 4472 locum
2105 4416 2292 4481 daret;
2331 4415 2413 4470 sin
2439 4423 2656 4479 autem,
2687 4413 2802 4483 ipse
2824 4412 2889 4466 ad
2912 4411 3017 4466 duo
3046 4409 3273 4465 miliaria
3302 4400 3472 4477 ripam

1905 4516 1960 4562 et
1990 4506 2164 4562 locum
2193 4521 2314 4576 quae.
2359 4512 2722 4576 occupaverat
2751 4503 3059 4572 relinquens
3081 4542 3096 4567 ,
3126 4500 3475 4570 retrogradus

1905 4597 2119 4662 abiret,
2165 4595 2338 4652 donec
2376 4611 2500 4651 cum
2534 4605 2644 4650 tota
2681 4609 2780 4649 sua
2819 4592 3012 4648 militia
3062 4593 3132 4646 ad
3184 4607 3243 4647 se
3289 4592 3475 4647 itidem

218 4689 346 4761 fuga
375 4688 494 4758 ejus
516 4731 531 4755 ,
559 4702 736 4758 usque
764 4688 833 4742 ad
869 4696 1172 4742 castrorum
1210 4685 1391 4740 locum
1433 4684 1582 4739 illum
1620 4697 1808 4741 nerse-
1906 4689 2192 4754 transiret;
2222 4697 2278 4744 et
2303 4689 2347 4744 si
2376 4688 2429 4742 in
2457 4688 2548 4742 illo
2573 4686 2794 4741 minime
2831 4685 2985 4739 aliter
3019 4685 3343 4748 confideret,
3375 4683 3480 4736 hoc

219 4787 404 4844 cuturi
423 4785 524 4850 "‘,
555 4800 677 4840 cum
704 4798 812 4838 non
836 4782 1093 4838 mediocri
1112 4783 1345 4852 impetus
1363 4777 1619 4835 terribilis
1645 4776 1798 4832 festi-

221 4877 413 4933 nantia
433 4873 837 4944 pertenderunt.
864 4871 930 4926 Et
954 4886 1077 4927 cum
1107 4879 1214 4925 tam
1247 4868 1654 4940 longinquatum
1679 4867 1795 4937 iam

220 4982 256 5022 a
289 4983 350 5022 se
385 4973 443 5021 et
466 4972 579 5018 tam
612 4964 957 5018 vehementer
996 4959 1315 5015 exterritum
1346 4975 1467 5014 eum
1499 4958 1568 5012 ab
1614 4959 1802 5028 explo-

1901 4776 2252 4850 jurejurando
2297 4782 2513 4846 pactum
2552 4773 2932 4829 inviolabiliter
2962 4774 3350 4827 continuaret:
3383 4767 3480 4825 de-

1909 4882 2056 4922 mum
2080 4881 2210 4922 vero
2229 4864 2516 4935 justissimi
2538 4863 2735 4932 iudicis
2749 4878 2995 4919 censura:
3009 4871 3235 4932 uterque
3261 4875 3482 4919 causam

1907 4971 2061 5014 suam
2112 4955 2510 5012 decernendam
2545 4953 2896 5009 devotissime
2925 4955 3398 5016 commendarent,
3432 4959 3489 5002 et
