3940 5382
545 273 652 331 399
1396 270 1788 328 BERTHOLDI
1824 268 2263 340 PRESBYTERI
2307 268 2900 343 CQNSTANTIENSIS
3666 274 3763 333 ιοο

540 385 683 443 bello
713 398 810 455 pro
833 380 1041 455 justitia
1069 396 1163 438 sua
1189 382 1585 452 comprobanda
1616 382 1834 436 domino
1862 382 1974 436 Deo
1995 396 2111 435 mo-
2137 388 2187 446 Α
2213 394 2340 437 suos
2370 381 2576 451 aliquot
2602 379 2793 435 diebus
2818 378 3242 450 prmatolatos’“
3263 378 3412 453 (156)
3442 389 3499 437 et
3524 380 3591 437 de
3612 388 3763 441 manu

537 479 789 533 deratore
819 477 1038 532 indilate
1053 483 1447 531 concertarent.
1477 475 1590 530 Rex
1619 484 1799 530 autem
1822 474 2093 529 llcinricut

2210 472 2360 543 regis
2388 471 2656 536 Roudolll,
2684 472 2772 527 cui
2800 470 2914 526 fere
2934 471 3308 539 obviaveraut,
3340 473 3490 543 pacis
3510 473 3762 543 pradicas

536 582 667 623 aure
686 569 974 624 surditiosa
1004 565 1383 621 obmutescens
1403 607 1418 630 ,
1467 566 1669 621 nullum
1698 567 1747 622 ei
1780 581 2099 637 responsum
2209 561 2511 616 illlel‘veﬂlll
2542 561 2797 617 liberatos
2825 577 2950 617 m0!
2990 564 3322 631 δεευηιεδδὶῑν
3363 573 3421 619 ει
3471 565 3604 621 ίηίιο
3648 580 3761 622 cum

535 659 701 714 dedit.
758 658 857 714 Hic
900 671 1063 723 vero,
1122 663 1182 711 ut
1237 657 1290 713 id
1343 665 1456 713 tota
1512 659 1858 728 simplicitate
1899 658 2103 713 dictum
2206 651 2286 706 eis
2313 650 2559 713 consilio,
2589 651 2962 706 Alemanniam
2993 653 3189 721 prtedis
3217 662 3270 709 et
3307 654 3572 710 incendiis
3598 656 3763 713 deum

532 748 874 814 ostenderet,
914 746 1057 816 quod
1085 754 1370 817 tantopere
1415 748 1483 802 ab
1510 763 1576 803 eo
1623 756 1918 819 exegerat,
1959 755 2014 802 et
2047 756 2108 803 ιιι
2203 739 2689 795 inhumanissimus
2735 740 3072 807 devaslabat,
3126 742 3458 812 principibus
3526 743 3763 805 Aleman-

532 838 599 893 ad
618 836 918 907 huiusmodi
933 836 1192 906 judicium
1211 853 1332 892 eum
1350 838 1816 910 quolibetingenio
1832 839 2088 892 irritatun

2205 846 2395 885 norum
2439 846 2611 901 nuper
2640 832 2705 887 de
2733 831 2872 887 bello
2900 834 3160 903 praedicm
3192 836 3448 897 reversis,
3493 846 3547 890 et
3578 844 3681 889 tam
3702 852 3758 893 ex

530 938 872 1001 provocaret,
904 929 1023 985 loco
1051 944 1150 985 suo
1171 938 1225 985 et
1263 933 1460 986 castris
1489 947 1546 987 se
1580 948 1701 987 cum
1748 933 1859 987 suis
1902 931 1966 986 ad
1997 932 2086 986 dnt

2206 919 2474 991 inproviso
2501 920 2865 978 fraudulenter
2897 923 3116 979 invasis.
3149 923 3358 995 Quippe
3388 932 3515 981 tunc
3543 928 3762 982 maxime

527 1020 757 1075 miliaria
796 1022 949 1091 quasi
981 1022 1157 1092 fugam
1186 1023 1447 1078 simulans
1479 1024 1805 1079 dimovebat.
1841 1023 2080 1093 Sequent

2206 1027 2389 1081 pacem
2429 1014 2709 1083 putabant,
2739 1021 2795 1069 et
2840 1014 3040 1071 idcirco
3069 1015 3267 1072 milites
3295 1032 3422 1073 suos
3470 1031 3536 1071 ex
3586 1017 3762 1073 itinere

527 1110 758 1189 denique,
798 1112 885 1166 die
919 1127 1042 1167 cum
1090 1128 1195 1168 ηοη
1249 1115 1300 1169 in
1345 1116 1446 1169 hoc
1499 1115 1663 1169 cnam
1721 1114 2017 1184 profecisse
2042 1124 2101 1171 se
2200 1102 2454 1173 fatigatos
2482 1104 2699 1159 domum
2729 1105 2880 1160 abire
2899 1104 3011 1174 jam
3038 1107 3212 1162 securi
3252 1109 3655 1176 permittebant.
3679 1108 3763 1165 Set

524 1202 939 1269 perscntisccret
956 1244 971 1269 ,
996 1202 1191 1258 iterato
1217 1204 1446 1274 impetus
1468 1204 1646 1259 bellici
1674 1216 1902 1260 accurSu
1934 1214 2078 1260 meta

2204 1200 2381 1246 tamen
2413 1207 2519 1246 non
2546 1193 2663 1248 sine
2692 1194 2928 1250 maximo
2955 1210 3173 1251 suorum
3199 1198 3520 1253 detrimento
3545 1200 3760 1269 patriam

527 1298 636 1346 tum
687 1291 992 1361 pridianum
1040 1293 1400 1349 audacissime
1446 1295 1758 1364 occupavit,
1803 1302 1862 1349 ut
1898 1296 1940 1349 si
1984 1302 2102 1348 arte
2201 1279 2347 1335 illam
2377 1291 2710 1350 Pervaserat-

524 1393 620 1434 seu
635 1380 704 1413 ⁸⁸⁸
727 1381 925 1436 virtute
949 1382 1189 1450 qualibet
1211 1390 1535 1454 attemptare
1569 1394 1780 1454 posset,
1813 1384 1914 1455 ipsi
1944 1385 2080 1440 belli-

2208 1366 2213 1369 ’
2268 1372 2324 1428 In
2348 1372 2534 1429 eodem
2561 1374 2755 1429 itinere
2781 1374 2834 1429 in
2863 1374 2982 1431 loco
3028 1376 3339 1445 campestri,
3369 1392 3494 1431 cum
3536 1378 3683 1434 circa
3712 1393 3762 1437 se

522 1481 648 1525 cose
683 1471 753 1502 ’³ο
782 1469 1246 1541 qualitercumque
1270 1473 1525 1544 congredi
1566 1484 1885 1529 conaretur.

2203 1462 2435 1533 undique
2462 1462 2727 1520 incendiis
2751 1464 2944 1518 ardere
2967 1473 3021 1518 et
3047 1463 3254 1519 fumare
3282 1464 3558 1534 regionem
3607 1468 3759 1537 depo—

532 1570 535 1573 '
590 1557 637 1612 Τ
639 1574 741 1614 une
766 1559 984 1629 quidam
1012 1561 1079 1615 de
1108 1562 1429 1631 primatibus
1461 1565 1602 1633 regis
1631 1563 1865 1619 lleinriei
1896 1562 2088 1620 bellum

2205 1550 2434 1622 pulatatn
2463 1552 2924 1623 contemplaretur
2950 1554 3043 1619 ³³⁵,
3072 1551 3161 1608 ubi
3208 1563 3407 1623 praeter
3433 1554 3571 1610 alias
3598 1555 3761 1626 plures

519 1649 738 1705 omnino
766 1651 1157 1719 detrectantes,
1204 1662 1259 1709 et
1284 1655 1519 1711 dedecus
1556 1669 1670 1711 suae
1698 1655 2006 1711 timiditatis
2043 1672 2073 1712 e

2205 1657 2304 1696 una
2347 1642 2592 1701 meclesia
2651 1658 2772 1699 cum
2820 1643 2943 1714 plus
2993 1660 3153 1716 quam
3204 1654 3420 1702 centum
3468 1646 3761 1703 hominibus

520 1740 819 1796 manifesta:
846 1741 1126 1812 injustitiae
1151 1745 1536 1800 conscientiam
1565 1745 1903 1817 quantalibet
1932 1749 2076 1804 bono

2208 1734 2475 1789 combusta
2524 1743 2577 1791 et
2623 1735 2861 1791 desolata
2905 1744 3009 1802 est,
3071 1735 3387 1792 lmbriceoni
3448 1737 3764 1807 Augusteusi

520 1832 632 1897 ris,
647 1838 973 1904 quamquam
1001 1834 1203 1891 falsarii
1224 1878 1239 1902 ,
1274 1840 1559 1894 occasione
1581 1839 1877 1895 defendere
1898 1855 2076 1910 percu-

2205 1823 2467 1895 episcopo,
2497 1834 2555 1880 ut
2584 1834 2638 1880 et
2683 1827 2996 1895 praedictum
3040 1837 3125 1883 est
3167 1827 3453 1884 infeliciter
3496 1829 3761 1896 defuncto,

517 1920 757 1991 pientes,
783 1926 935 1994 pacis
963 1928 1344 1997 compendium
1377 1929 1607 2000 fideique
1641 1942 1856 2001 paetum
1882 1947 1910 1985 a
1943 1932 2093 1987 duci-
2194 1914 2509 1987 Sigifridum
2561 1916 2897 1986 ωρθῖιθηίιηι
2941 1932 3120 1983 suum.
3170 1920 3455 1988 νθρνοιηιο
3497 1933 3564 1974 eo
3609 1934 3761 1988 quem

516 2012 616 2067 bus
635 2014 920 2071 Rerhtoldo
941 2025 994 2070 et
1013 2016 2092 2093 Welfoolmixequmritabant,quatinus
2192 2005 2393 2062 fratres
2421 2008 2681 2063 εοηοῐὶίοθ
2722 2008 2949 2063 θῗθοῑιηη
2989 2006 3100 2076 iam
3147 2009 3470 2075 habueram,
3509 2009 3761 2080 qllalim"

514 2102 613 2158 sibi
666 2106 732 2160 ad
775 2107 1093 2163 alterutrum
1142 2118 1242 2178 pro
1275 2109 1493 2165 instanti
1551 2112 1893 2167 necessitatis
1920 2108 2070 2169 tanta

2203 2112 2422 2168 cumque
2452 2099 2752 2169 supposuit,
2777 2115 2883 2154 non
2913 2108 2970 2155 ut
2998 2100 3300 2156 aecclesiam
3336 2110 3571 2172 regeret,
3600 2109 3684 2156 set
3710 2108 3759 2155 ut

513 2192 742 2250 articulo
778 2196 1010 2266 colloqui
1055 2197 1185 2265 quid
1238 2197 1561 2254 familiarius
1608 2199 1872 2259 licuisset.
1933 2201 2053 2268 Quo

2203 2189 2293 2244 sibi
2326 2190 2393 2243 ad
2424 2189 2731 2258 ingruentia
2756 2190 2892 2246 bella
2922 2206 3025 2262 ope
3057 2191 3328 2248 individua
3361 2192 3613 2261 praesidio
3634 2192 3759 2248 assi-

509 2292 671 2353 prom
708 2296 1032 2356 rogaveram,
1062 2287 1131 2319 ²³¹
1151 2328 1166 2354 ,
1228 2286 1454 2358 pacmce
1503 2290 1771 2359 colloquio
1821 2291 1924 2347 illis
1961 2307 2090 2347 con-
2189 2290 2375 2336 steret.
2402 2280 2554 2348 Quod
2584 2271 2836 2354 deinceps
2862 2283 2932 2338 ἰιπ
2961 2299 3048 2340 res
3071 2285 3334 2354 probavit.
3369 2285 3573 2341 Eodem
3602 2287 3688 2342 die
3710 2293 3758 2342 et

511 2386 705 2441 cesso,
749 2378 817 2433 ad
848 2378 1130 2437 illudilico
1161 2381 1214 2436 bi
1242 2381 1335 2452 qui
1363 2397 1430 2437 ex
1455 2391 1687 2453 utraque
1713 2393 1869 2456 parte
1909 2385 2085 2442 idonei
2187 2372 2307 2430 loco
2358 2373 2509 2429 cellae
2557 2374 2730 2429 sancti
2787 2374 2924 2431 Galli
2990 2379 3257 2446 quendam
3305 2379 3756 2450 consanguineum

508 2467 611 2522 visi
652 2478 785 2525 sunt
836 2481 1226 2529 convenerunt.
1291 2473 1406 2529 Illic
1461 2477 1808 2531 sermociuiis
1857 2476 2064 2533 diversi:

2200 2481 2339 2521 mum
2364 2466 2530 2537 (l57),
2556 2467 2793 2538 ejusdem
2820 2467 2920 2524 loci
2948 2484 3053 2525 non
3093 2472 3438 2538 monachum,
3470 2474 3660 2529 eadem
3684 2474 3756 2528 in-

506 2555 577 2612 ab
600 2567 829 2630 utraque
854 2570 1011 2632 parte
1035 2563 1236 2619 diutius
1263 2566 1551 2632 consertis,
1576 2568 1690 2623 lucc
1711 2568 2062 2624 collocutioni:

2200 2564 2273 2610 len
2283 2556 2426 2611 tione
2437 2557 2890 2628 constituitsuper
2905 2560 3272 2626 abbatiam'“,
3289 2576 3355 2617 eo
3370 2562 3556 2618 itidem
3583 2577 3756 2633 repro-

505 2662 717 2705 summa
740 2663 1017 2721 postremo
1039 2653 1264 2709 dillinita
1289 2664 1372 2711 est
1397 2674 1410 2710 :
1439 2664 1499 2710 ut
1528 2655 1776 2712 videlicet
1808 2657 1861 2711 in
1893 2658 2061 2728 primi:

2200 2655 2330 2712 lato,
2359 2647 2450 2716 qui
2482 2646 2799 2717 regulariter
2823 2665 2853 2702 a
2882 2647 3141 2706 fratribus
3163 2650 3387 2715 electus,
3413 2667 3444 2706 a
3470 2668 3599 2725 rege
3625 2653 3756 2708 Bou-

503 2737 650 2796 inter
678 2755 737 2797 se
772 2758 959 2824 pacem
1010 2743 1238 2801 firmiter
1280 2747 1687 2812 condixissent,
1738 2748 1878 2804 bello
1927 2750 2088 2805 inmi-
2185 2737 2331 2793 (ιοπο
2377 2737 2505 2792 illuc
2552 2737 2720 2794 abbas
2762 2739 3044 2803 οΐάίῐωιιιε
3070 2751 3172 2805 θειρ
3202 2742 3302 2809 Qui
3331 2744 3540 2812 pariter.
3569 2755 3629 2799 υι
3662 2746 3758 2805 All-

504 2831 656 2886 nenti
690 2848 910 2903 prorsus
942 2844 1070 2892 tunc
1096 2853 1157 2893 ea
1179 2839 1490 2894 conditione
1513 2839 1783 2910 dirempto
1810 2848 1865 2894 et
1893 2855 2058 2896 conso

2197 2826 2456 2896 gustensis
2476 2829 2805 2897 suppositus,
2828 2830 3020 2886 dehinc
3033 2842 3218 2886 contra
3234 2848 3414 2902 regem
3439 2833 3753 2891 Roudolfura

501 2921 649 2992 ρειο,
711 2926 965 2993 (luamus
1019 2927 1251 2996 majores
1308 2929 1475 2985 ιοιίυε
1533 2931 1682 3001 regni
1731 2946 1921 2986 omnes
1962 2941 2085 3000 pos;
2183 2933 2290 2973 non
2336 2919 2675 2990 regulariter,
2720 2935 2932 2991 semper
2959 2922 3236 2988 loricatus,
3266 2924 3403 2979 bella
3435 2940 3543 2980 non
3576 2942 3753 2981 mona-

500 3015 781 3082 paululum
816 3027 1015 3087 pmler
1053 3020 1244 3074 ambos
1273 3021 1528 3092 regesrad
1555 3021 1883 3091 colloquium
1923 3020 2082 3091 juxta
2183 3008 2339 3063 chica
2411 3009 2817 3065 sollertissimus
2885 3014 3138 3068 astruxit.
3212 3014 3477 3084 Aquileiae
3548 3030 3755 3085 quoque

504 3103 714 3159 Renum
744 3109 1142 3175 convenirent,
1183 3118 1237 3163 et
1280 3109 1478 3164 ibidem
1528 3125 1649 3165 cum
1691 3111 1881 3181 legatis
1922 3111 2060 3167 simu

2197 3099 2498 3155 lleiuricnm
2525 3102 2617 3167 “7,
2645 3103 3038 3173 Augustensem
3081 3108 3401 3162 canonicum
3440 3116 3496 3161 et
3526 3107 3753 3176 capella-

502 3196 816 3265 apostolieis
837 3197 1138 3269 justissimo
1163 3202 1231 3233 ⁸³³
1257 3201 1480 3258 rationis
1494 3199 2051 3268 jndiciariaeexamine

2200 3206 2315 3245 stum
2348 3208 2528 3257 suum,
2567 3195 2951 3264 patriarcbam,
2983 3197 3271 3266 reprobate
3298 3211 3363 3251 eo
3382 3197 3475 3268 qui
3503 3184 3756 3254 canetiice

501 3287 633 3356 quid
706 3289 1003 3359 Optimum,
1061 3291 1260 3360 quidve
1322 3291 1680 3362 justissimum
1753 3308 1917 3364 super
1966 3304 2057 3349 tan

2200 3294 2214 3333 I
2245 3280 2394 3335 clero
2418 3291 2475 3336 et
2502 3284 2699 3353 pepulo
2727 3283 2930 3339 electus
2958 3295 3062 3349 est,
3108 3285 3578 3358 qualitercumque
3602 3304 3756 3360 appo-

502 3379 692 3445 grandi
729 3395 890 3434 causa
932 3380 1100 3447 foret,
1138 3378 1545 3452 dijudicandum
1580 3383 1977 3452 deliberarent;
2019 3399 2058 3441 et

2197 3368 2313 3425 suit.
2350 3370 2555 3426 Deinde
2601 3372 2656 3426 in
2691 3371 3007 3443 Pagoariam
3037 3376 3229 3432 itinere
3272 3394 3380 3448 quo
3422 3380 3592 3449 capit
3636 3396 3753 3451 prn-

502 3465 755 3522 alterutri
779 3484 963 3540 regum
993 3472 1087 3541 qui
1113 3451 1523 3527 diﬂinitionibus
1552 3472 1766 3529 illorum
1802 3491 1905 3530 non
1942 3451 2058 3531 con-

2200 3457 2359 3514 ectus
2388 3469 2491 3515 est.
2524 3460 2652 3516 Inde
2696 3462 2935 3518 collectis
2967 3466 3339 3537 undecumque
3364 3467 3598 3523 militum
3640 3484 3756 3525 suo-

502 3560 730 3614 sentiret
751 3561 1008 3631 deSpecto
1030 3604 1044 3629 ,
1076 3566 1350 3621 communi
1380 3576 1506 3623 voto
1527 3568 1889 3633 contrairent;
1915 3566 2052 3622 alter

2196 3564 2311 3604 rum
2342 3551 2647 3606 auxiliariis
2680 3553 3011 3618 cohortibus,
3042 3554 3236 3610 iterum
3262 3556 3330 3588 ³³⁸
3374 3555 3429 3610 in
3473 3557 3752 3614 Franciam

501 3650 717 3703 tandem
741 3660 1106 3709 consentanea
1148 3662 1259 3709 tota
1299 3655 1558 3711 ﬁdelitate
1588 3665 1645 3711 et
1687 3655 2026 3724 subjectione
2055 3702 2057 3709 ι

2195 3656 2434 3697 reversus
2460 3651 2564 3711 est,
2611 3653 2695 3699 set
2741 3653 2917 3699 tamen
2961 3646 3112 3717 prius
3157 3645 3442 3704 Juvavensi
3489 3650 3751 3720 archiepi-

500 3746 563 3793 ut
595 3754 717 3811 regit
751 3749 1004 3811 oportet,
1052 3744 1506 3803 obtedientissimi
1544 3747 1835 3803 servirent.
1886 3748 2078 3805 Cardi-
2180 3744 2367 3800 εεορον
2414 3732 2664 3786 Simulata
2710 3734 2927 3803 ηυῖάειιι
2976 3736 3081 3792 δάε
3125 3738 3193 3792 ad
3224 3751 3283 3793 se
3322 3746 3538 3803 "003w:
3565 3748 3620 3795 ει
3647 3749 3755 3795 me

499 3829 679 3886 nalem
728 3843 907 3890 autem
970 3834 1273 3903 Romanum
1324 3837 1663 3895 Trevirensis
1715 3847 1770 3894 et
1821 3839 2055 3897 Metensu

2198 3823 2513 3890 imuimoda,
2550 3825 2593 3879 si
2624 3841 2746 3881 eum
2775 3827 2876 3882 sibi
2925 3829 3216 3900 adjungere
3260 3836 3462 3902 posset,
3501 3832 3636 3887 satis
3672 3848 3754 3887 suo

499 3923 737 3994 episcopi
779 3926 833 3980 ίη
864 3928 1124 3996 ρηεάεριο
1159 3930 1261 3986 hoc
1306 3930 1576 4001 colloquio
1607 3947 1727 3986 cum
1755 3933 2075 4003 quibusdam
2181 3928 2382 3983 perque
2405 3914 2530 3969 licet
2553 3914 2754 3970 frustra
2775 3926 3154 3989 pertemptato.
3182 3919 3295 3990 Ipse
3318 3935 3467 3987 vero,
3488 3928 3553 3976 ut
3576 3935 3751 3976 revera

499 4014 645 4084 regis
662 4013 899 4072 Heinrici
924 4019 1387 4075 consecrelalibus
1404 4021 1636 4091 primum
1649 4022 1837 4078 audire
1850 4037 2055 4092 prorsm

2196 4014 2379 4061 sanetae
2404 4006 2664 4062 :ecelesim
2690 4008 2985 4066 immobilis
3029 4010 3302 4077 columna,
3350 4011 3468 4068 basi
3517 4013 3752 4069 veritatis

498 4104 858 4171 recusabant,
897 4109 1024 4182 quia
1053 4124 1084 4163 a
1126 4124 1252 4178 rege
1273 4126 1380 4165 non
1403 4110 1506 4165 nisi
1547 4111 1652 4166 fide
1679 4111 1803 4166 data
1826 4111 1927 4167 sibi
1954 4152 1968 4177 ,
2004 4128 2054 4167 nt

2192 4097 2417 4165 pondere
2443 4100 2682 4171 superni
2725 4103 2928 4158 amoris
2973 4102 3351 4159 fundatissime
3395 4105 3748 4175 superposita,

498 4194 722 4251 omnino
748 4196 1055 4268 reciperent
1098 4207 1155 4254 et
1184 4199 1438 4254 audirent
1496 4214 1688 4271 papam
1736 4207 1792 4254 et
1837 4199 2054 4271 legatun

2194 4203 2415 4255 cumse
2453 4198 2531 4244 tot
2580 4192 2956 4263 vecordiarum
3009 4194 3262 4251 versutiis
3308 4203 3594 4266 tantopere
3640 4193 3750 4265 capi

500 4285 675 4353 illius,
738 4289 1014 4345 licentiam
1084 4292 1370 4361 acquirere
1414 4293 1480 4348 ad
1543 4292 1970 4348 conlocutionem
2016 4304 2056 4348 el

2196 4278 2566 4349 )erspicaciter
2597 4283 2977 4351 persensisset,
3018 4291 3131 4340 toto
3176 4299 3283 4354 quo
3308 4294 3523 4356 poterat
3548 4300 3608 4340 se
3638 4283 3752 4339 inde

496 4393 687 4448 pacem
750 4382 1064 4449 praedictam
1135 4384 1399 4454 agendam
1455 4392 1724 4454 poteram.
1790 4382 2071 4438 postremo
2180 4370 2483 4441 proripiens
2511 4373 2707 4439 studio,
2737 4372 2939 4428 relictis
2974 4374 3086 4429 suis
3127 4375 3401 4441 omnibus,
3450 4376 3542 4430 vix
3590 4374 3753 4431 ferme

502 4479 711 4536 tamen,
740 4471 867 4526 licet
890 4473 1245 4537 coaetisslmi,
1273 4474 1501 4529 eundem
1527 4474 1762 4543 legatum
1784 4483 1838 4528 et
1864 4472 2058 4528 littera:

2196 4461 2327 4517 solus
2355 4462 2411 4516 in
2439 4462 2812 4518 Alemanniam
2839 4464 2905 4518 ad
2933 4480 3043 4519 sum
3065 4465 3236 4536 partis
3265 4474 3321 4521 et
3358 4466 3752 4522 communionis

503 4562 920 4630 sanctionesque
962 4562 1292 4632 apostolieas
1340 4573 1397 4618 et
1440 4563 1753 4629 audierant,
1801 4571 1856 4616 et
1888 4570 1943 4617 ut
1982 4576 2080 4631 par
2178 4555 2323 4609 viros
2350 4562 2507 4609 noctu
2534 4554 2766 4609 latenter
2792 4554 3030 4626 fugiebat
3058 4557 3228 4628 (l58).

501 4649 604 4704 fuit
633 4660 741 4706 tota
773 4653 1123 4709 veneratione
1151 4664 1521 4725 susceperant.
1561 4654 1652 4710 Sic
1677 4669 1775 4724 pro
1803 4652 2077 4723 colloquio
2250 4645 2487 4701 Tandem
2514 4645 2695 4716 igitur,
2727 4661 2856 4715 cum
2875 4656 3114 4717 tempore
3139 4647 3391 4703 condicto
3420 4648 3664 4718 undique
3690 4648 3751 4703 ad

500 4742 754 4797 condicto
780 4744 1117 4815 poi-agendo,
1167 4760 1236 4799 ne
1268 4746 1390 4814 quis
1415 4760 1600 4814 regum
1641 4758 1734 4799 seu
1768 4742 2073 4811 principum
2176 4736 2504 4805 colloquium
2534 4737 2863 4792 destinatum
2890 4738 2981 4806 qui
3008 4738 3088 4792 ad
3119 4738 3222 4793 hoc
3254 4737 3427 4793 vocati
3461 4739 3752 4793 nominati-

498 4831 741 4899 qualibet
762 4842 878 4889 arte
907 4834 991 4889 vel
1010 4833 1248 4889 factione
1290 4834 1342 4889 id
1372 4832 1689 4904 impediret,
1721 4833 1824 4887 fide
1848 4830 1915 4885 ad
1939 4830 2076 4885 alte—
2176 4843 2281 4898 que
2307 4836 2432 4883 sunt
2460 4828 2694 4897 majores
2740 4829 3098 4901 melioresque
3140 4829 3289 4900 regni
3325 4830 3623 4885 convenire
3646 4829 3752 4899 jam

499 4928 710 4976 rutrum
736 4923 856 4978 data
873 4932 928 4979 et
952 4935 1175 4995 accepta
1193 4965 1208 4990 ,
1235 4932 1293 4979 et
1311 4938 1444 4995 pace
1460 4923 1669 4994 pariter
1690 4924 1857 4976 donec
1881 4935 2071 4977 omnes
2177 4919 2485 4989 cmpissent,
2519 4935 2614 4975 rex
2643 4919 2927 4979 Heinricus
2955 4938 3062 4976 non
3098 4920 3355 4977 mediocri
3398 4920 3601 4976 iterum
3646 4920 3751 4977 eol-

501 5011 556 5060 in
579 5028 675 5060 sum
708 5013 945 5060 redimunt.
981 5018 1227 5060 mndinta
1298 5015 1593 5060 Rmulnlfne
1614 5030 1708 5060 rex
1733 5028 1852 5060 cum]
1877 5012 1990 5060 suis
2015 5011 2070 5060 in
2176 5006 2314 5060 lecta
2340 5008 2550 5060 militia.
2575 5009 2734 5060 ﬁdem
2762 5026 2857 5060 ner
2878 5008 3148 5060 principes
3170 5011 3284 5060 eius
3312 5011 3419 5060 iam
3443 5012 3751 5060 condictam
