3940 5382
206 380 313 439 401

1394 379 1730 438 ΑΝΝΑιΕδ.
1770 411 1840 423 -
1874 379 1989 436 AN.
2029 378 2184 436 1077.

3358 377 3465 434 ιω

194 491 486 559 venirent,
525 491 630 549 illis
667 492 904 565 undique
932 490 1339 550 sollertissimus
1373 492 1678 549 obstiterat.
1708 491 1789 547 Illi
1820 496 1864 556 Α
1896 491 2043 546 niam
2058 491 2129 525 ⁸⁸⁸
2152 490 2531 546 devastaturus
2554 503 2655 545 suo
2675 488 2779 544 ritu
2802 486 3098 559 pervadere
3120 489 3461 563 destinasset,

195 591 391 638 autem
452 582 757 652 hujusmodi
808 583 1085 655 explorata
1136 583 1254 653 ejus
1300 585 1568 641 vecordia:
1628 583 1790 641 solita

197 673 683 745 tergiversatione,
706 689 872 730 causa
899 691 1011 731 sua:
1030 674 1406 731 collocutionis
1429 685 1483 730 et
1504 674 1793 746 propositae

200 772 293 821 tot
322 764 713 821 discordiarum
743 774 799 821 et
842 767 1157 823 scismatum
1188 768 1352 824 totius
1402 768 1550 838 regni
1598 767 1794 822 futura:

195 854 691 913 confcederationis
715 872 940 927 prorsus
971 859 1192 925 infecta,
1244 859 1493 931 quamvis
1532 875 1638 915 non
1668 860 1794 917 abs-

196 960 317 1016 que
347 946 653 1016 praegrandi
685 949 1112 1004 murmuratione
1142 950 1396 1020 permoti,
1424 949 1795 1020 unusquisque

197 1034 261 1091 in
296 1050 399 1091 sua
449 1040 742 1093 remeabat.
781 1039 899 1107 Ipse
953 1047 1154 1103 autem,
1186 1039 1262 1095 uti
1282 1039 1397 1108 jam
1452 1039 1792 1107 deliberavit,

196 1126 387 1182 solitis
438 1127 704 1184 incendiis
751 1128 1053 1199 ιιηεάἰδίιυθ
1084 1129 1362 1196 insistens,
1413 1130 1641 1186 rebelles
1668 1146 1796 1187 suos

197 1219 545 1290 ubicumque
576 1235 737 1274 manu
771 1220 1110 1287 tnajestativa
1141 1221 1497 1292 pertinaciter
1537 1236 1794 1291 pervase-

196 1317 317 1365 rat.
346 1309 461 1366 illic
481 1312 811 1382 Argeutinus
834 1313 1119 1384 episcopus
1151 1312 1323 1385 (159),
1351 1328 1462 1385 prre
1502 1313 1713 1370 caeteris
1741 1313 1795 1369 in

196 1399 371 1469 hujus
394 1401 539 1457 modi
571 1402 803 1474 negotiis
838 1403 1084 1459 incentor
1107 1411 1162 1459 et
1188 1404 1479 1460 auxiliator
1503 1404 1645 1460 illius
1669 1413 1797 1462 tunc

195 1495 541 1563 prz'ecipuus,
573 1495 808 1571 quadam
842 1495 929 1550 die
957 1511 1107 1553 more
1129 1495 1349 1552 militari
1389 1496 1645 1553 bellicose
1668 1497 1798 1553 lori-

197 1596 383 1653 catus,
410 1574 584 1645 et'tot
624 1573 887 1645 malorum
938 1599 995 1646 et
1030 1590 1338 1646 facinorum
1380 1592 1714 1647 armiductor
1741 1599 1797 1647 et

194 1679 577 1749 primicerius,
607 1696 729 1736 cum
754 1683 821 1737 ad
851 1690 1032 1738 castra
1065 1690 1336 1738 remearet
1367 1683 1478 1755 regi
1506 1697 1605 1738 suo
1634 1682 1797 1738 nimis

196 1773 503 1829 crudeliter
531 1776 851 1846 morigerus,
885 1785 1062 1833 morte
1088 1776 1393 1847 repentina,
1420 1791 1544 1833 cum
1574 1775 1794 1833 selecto

1894 590 1949 636 et
1976 581 2141 637 duces
2166 578 2514 635 Bertboldum
2538 589 2596 637 et
2640 580 2878 637 Wclfum
2915 597 3038 638 cum
3086 582 3297 639 caneris
3322 582 3467 643 Ale-

1894 687 2217 728 marmorum
2244 672 2562 728 cohortibus
2607 673 2709 728 sibi
2759 672 2900 730 bello
2933 689 3320 747 congressuros
3358 692 3464 734 non

1895 762 2189 828 dubitaret,
2219 763 2472 833 prudenti
2507 764 2724 834 quidem
2764 766 2992 822 consilio
3018 782 3307 824 occursum
3351 769 3469 825 illeo

1896 869 2019 909 rum
2050 848 2350 921 declinans,
2382 865 2529 910 recta
2560 856 2614 910 in
2638 856 2959 927 Pagoariam
2985 873 3106 913 cum
3136 859 3250 914 suis
3278 858 3465 922 itione,

1894 943 2038 1000 bello
2063 944 2283 1011 cedens,
2312 945 2711 1016 commigravit.
2742 946 2947 1003 Dehinc
2969 948 3261 1018 assumptis
3280 962 3467 1004 secum

1896 1035 2049 1091 ducis
2070 1034 2439 1101 Boemiorum,
2461 1036 2673 1092 illorum
2700 1037 3129 1107 provincialium,
3148 1038 3472 1095 militaribus
3548 1029 3555 1037 ’

1895 1128 2088 1198 copiis,
2115 1129 2488 1200 Eggibcrtum,
2514 1144 2618 1184 non
2649 1145 2830 1201 parva:
2874 1130 3125 1186 valentia
3150 1139 3209 1187 et
3247 1130 3472 1187 virtutis

1895 1221 2174 1286 comitem,
2210 1222 2300 1291 qui
2340 1221 2440 1275 sibi
2472 1222 2851 1288 rebellaverat,
2877 1224 3096 1293 praedis,
3124 1224 3392 1279 incendiis
3413 1231 3472 1279 et

1896 1313 2239 1369 castellorum
2286 1313 2429 1368 illius
2463 1312 2836 1369 obsidionibus
2868 1316 3114 1385 pertinax
3162 1314 3280 1384 ejus
3307 1316 3474 1371 deva-

1897 1412 2073 1459 stator
2125 1403 2397 1459 hostiliter
2445 1405 2737 1475 inpetebat.
2789 1405 2846 1459 In
2897 1392 3053 1473 cujus
3095 1405 3473 1462 devastatione

1898 1494 2116 1549 nivosos
2162 1494 2361 1565 algoris
2391 1495 2697 1551 nimietates
2723 1495 2801 1550 sic
2831 1510 2954 1550 cum
2983 1495 3095 1550 suis
3143 1509 3473 1566 quamquam

1896 1584 1988 1637 vix
2036 1584 2365 1655 perpetiens,
2413 1585 2588 1641 tribus
2643 1584 2885 1641 castellis
2931 1585 3072 1641 illius
3142 1585 3474 1655 aliquamdiu

1896 1675 2156 1740 obsessis,
2184 1683 2238 1730 et
2274 1675 2343 1730 ad
2378 1675 2626 1731 ultimum
2658 1676 2870 1732 bellicis
2899 1675 3273 1731 instrumentis
3300 1674 3476 1744 captis

1898 1776 1954 1824 et
1977 1768 2287 1834 destructis,
2314 1782 2577 1838 pervasor
2603 1769 2924 1825 durissimus
2970 1768 3264 1823 hiemabat.
3297 1766 3474 1836 ipsum

202 1861 531 1930 collocaret,
579 1864 635 1920 in
669 1874 945 1923 momento
986 1875 1297 1936 ρι-εενεηιυε
1345 1876 1448 1922 est.
1504 1866 1658 1923 Unde
1709 1868 1792 1923 sui
1823 1850 1870 1912 B
1897 1860 2130 1931 denique
2155 1859 2257 1914 sibi
2288 1860 2543 1915 resistere
2567 1860 2787 1915 minime
2815 1857 3167 1915 sufﬁcientem
3193 1858 3259 1912 ad
3290 1871 3477 1928 regem

197 1952 342 2008 satis
369 1969 642 2026 superque
690 1956 959 2022 exterriti,
1006 1972 1111 2012 non
1145 1971 1337 2028 parum
1368 1957 1793 2027 obstupuerunt,

195 2043 296 2114 qui
322 2043 435 2099 vita
465 2045 611 2100 illius
640 2044 902 2117 flagitiosa
932 2048 1227 2104 tantotiens
1254 2047 1609 2105 scandalizati
1634 2057 1785 2104 sunt.

194 2131 322 2202 Ipse
346 2151 581 2206 namque
598 2145 786 2192 contra
808 2146 1134 2209 przeceptum
1155 2141 1475 2196 canonicum
1492 2140 1796 2197 concubina

199 2226 443 2296 quadam
469 2230 648 2293 vidua,
672 2228 884 2299 publica
901 2231 1197 2302 pertinacia
1218 2231 1573 2302 iupudoratus
1595 2231 1799 2289 abusus

207 2323 320 2381 est,
352 2332 518 2386 quam
572 2317 733 2373 militi
781 2334 880 2374 suo
928 2329 1169 2388 nuptam,
1220 2336 1326 2375 non
1377 2320 1588 2377 modica
1636 2322 1798 2377 abeo

188 2398 475 2477 'peccunia
527 2417 585 2463 et
615 2408 892 2464 beneficiis
947 2420 1185 2481 emptam
1233 2411 1561 2478 abstulerat;
1600 2410 1800 2467 dehinc

204 2498 354 2569 apud
394 2514 590 2570 papam
640 2514 741 2569 pro
784 2500 1094 2570 huiusmodi
1125 2510 1413 2557 accusatus
1443 2500 1592 2574 (160)
1624 2501 1797 2573 ipsam

199 2587 511 2662 abjumtam
539 2607 643 2646 non
668 2593 1038 2660 devitaverat;
1093 2603 1404 2665 praeterque
1441 2595 1559 2650 haec
1604 2593 1797 2650 nefan-

200 2682 416 2738 dissimi
449 2682 727 2751 cujusdam
755 2685 995 2740 incestus
1026 2685 1198 2758 ipsam
1232 2684 1491 2741 infamem
1536 2686 1799 2758 suspicio-

204 2792 360 2843 nem,
395 2793 690 2848 numquam
740 2778 810 2834 ob
861 2778 917 2833 id
971 2792 1068 2835 sua
1120 2778 1451 2835 abalienavit
1505 2778 1797 2835 fornicaria

205 2868 463 2923 coitione.
495 2867 585 2924 Sic
624 2868 717 2925 Dei
765 2880 1112 2941 contemptor
1158 2871 1482 2937 industrius,
1514 2881 1576 2926 ut
1599 2870 1800 2926 Paulus

205 2960 605 3019 Samosatenus
630 2963 917 3035 episcopus
965 2963 1054 3019 ille
1095 2962 1469 3020 Antiochenus
1496 2963 1666 3035 (161),
1705 2964 1796 3034 qui

212 3052 543 3109 feminarum
573 3054 850 3109 consortio
878 3054 1198 3122 delectatus,
1254 3055 1469 3110 clericis
1497 3055 1609 3110 suis
1655 3055 1798 3112 idem

208 3144 507 3207 concessit,
532 3159 600 3200 ne
629 3145 731 3199 sibi
758 3146 860 3200 hoc
885 3144 954 3199 ab
976 3145 1056 3201 eis
1080 3147 1288 3201 crimen
1314 3146 1568 3217 imputari
1592 3154 1798 3215 posset,

1898 1952 2258 2022 Ungariorum
2286 1966 2409 2006 cum
2439 1965 2610 2006 uxore
2635 1951 2783 2024 (162)
2805 1950 3025 2021 suisque
3049 1947 3300 2005 omnibus
3320 1945 3476 2019 fugac

1897 2052 2010 2099 tum
2046 2043 2267 2099 exulare
2297 2044 2493 2116 coegit.

1968 2135 2168 2191 Eadem
2196 2143 2513 2205 tempestate
2541 2134 2838 2189 Roudolfns
2866 2150 2983 2198 rex,
3028 2142 3312 2205 postquam
3337 2146 3479 2202 pra:-

1897 2227 2041 2284 dicta
2062 2227 2406 2299 expeditione
2428 2228 2580 2282 finita
2604 2228 2657 2281 in
2676 2226 2967 2282 Saxoniam
3007 2242 3125 2281 cum
3149 2225 3262 2280 suis
3293 2223 3476 2288 rediit,

1890 2329 1953 2376 'et
1981 2319 2307 2390 colloquium
2335 2320 2668 2385 condictum,
2699 2318 2841 2389 regis
2869 2316 3106 2373 Heinrici
3157 2314 3390 2371 factione
3418 2321 3477 2371 et

1896 2413 2123 2485 perﬁdia
2152 2413 2470 2483 impeditum
2498 2412 2832 2483 recognovit,
2864 2409 2993 2479 quid
3035 2408 3249 2462 tandem
3289 2406 3471 2477 potius

1899 2512 2081 2575 ageret
2111 2518 2221 2559 non
2247 2503 2456 2567 habuit,
2474 2517 2635 2572 quam
2649 2501 2879 2573 utjudex
2893 2500 3229 2571 :rquissimus
3252 2509 3479 2569 regnum

1903 2595 2232 2653 Saxonicum
2267 2594 2600 2664 pacificaret,
2647 2602 2701 2648 et
2731 2593 3026 2647 secundum
3065 2590 3212 2660 leges
3262 2588 3477 2644 illorum

1898 2703 2063 2759 prava
2091 2701 2315 2757 quaeque
2334 2684 2636 2756 justissime
2657 2683 2969 2738 examinata
2993 2680 3309 2751 corrigeret.
3334 2676 3481 2732 Prte-

1901 2788 1982 2834 ler
1997 2780 2112 2834 haec
2148 2777 2409 2846 quosdam
2438 2775 2508 2807 "‘°
2544 2773 2934 2829 Westfalorum
2979 2780 3033 2826 et
3078 2771 3476 2839 Thoringorum

1899 2868 2000 2923 sibi
2063 2865 2388 2921 rebellantes
2426 2864 2573 2936 regia
2619 2862 2905 2932 majestate
2952 2859 3211 2916 coercuit.
3268 2858 3477 2912 Domno

1900 2960 2065 3016 etiam
2118 2956 2414 3029 apostoliso
2469 2964 2636 3012 totam
2693 2970 2875 3010 rerum
2917 2962 3191 3023 gestarum
3253 2948 3475 3013 seriem,

1900 3051 2105 3106 directo
2116 3047 2231 3117 jam
2253 3047 2481 3103 Romam
2507 3046 2704 3116 legato,
2729 3042 2970 3098 intimari
3003 3040 3153 3104 fecit,
3179 3037 3297 3109 ejus
3319 3050 3480 3108 super

1901 3143 1987 3198 his
2019 3141 2307 3197 consilium
2331 3148 2390 3195 et
2432 3137 2691 3192 auxilium
2738 3133 3113 3190 sollertissime
3159 3130 3475 3199 quaeritans.

207 3236 433 3291 cunctis
454 3236 568 3292 suis
597 3237 875 3292 Canonicis
924 3247 979 3294 et
1033 3238 1249 3293 clericis
1295 3215 1791 3307 subparrochianis,
1823 3215 1869 3277 (ἶ
1900 3233 2019 3304 Ipse
2048 3240 2227 3287 autem
2271 3228 2322 3285 ei
2362 3226 2531 3283 nichil
2584 3225 2729 3280 aliud
2778 3221 3135 3285 remandavit,
3188 3219 3292 3275 nisi
3337 3218 3480 3288 quod

206 3342 312 3384 nec
360 3342 470 3382 non
525 3327 623 3384 toti
674 3327 932 3385 :ecclesiae
975 3328 1291 3384 scandalum
1339 3344 1446 3383 non
1510 3327 1793 3383 minimum

208 3417 462 3484 effectus,
490 3418 627 3473 iram
671 3417 767 3474 Dei
809 3419 1128 3489 promeruit,
1170 3429 1387 3473 aeternae
1434 3417 1796 3472 damnationis

209 3508 394 3580 rigore
415 3507 693 3563 feriendus
725 3525 737 3562 :
761 3523 841 3563 vae
861 3508 1057 3578 quippe
1081 3507 1282 3563 homini
1310 3521 1406 3577 per
1431 3520 1592 3576 quem
1616 3503 1796 3573 hujus-

208 3600 356 3655 modi
380 3599 696 3656 scandalum
724 3601 889 3654 venit.
924 3599 1015 3655 Va:
1040 3613 1274 3670 namque
1300 3599 1354 3653 in
1376 3597 1575 3653 divinis
1598 3597 1794 3653 litteris

207 3707 309 3764 pro
338 3702 543 3747 aeterno
572 3690 717 3746 luctu
742 3691 1019 3746 scribitur.
1042 3689 1240 3745 Paulus
1263 3688 1538 3745 hereticus
1560 3687 1648 3743 ille
1670 3704 1795 3743 cum

207 3784 504 3838 damnatus
526 3783 594 3838 ab
620 3781 865 3838 azcclesia
895 3781 1064 3836 nollet
1087 3781 1386 3845 discedere,
1415 3780 1483 3834 ad
1514 3778 1598 3835 sui
1626 3778 1793 3834 dede-

208 3873 356 3928 coris
383 3873 663 3928 cumulum
710 3873 925 3943 publica
970 3873 1091 3928 inde
1139 3887 1301 3927 manu
1344 3870 1678 3942 expellitur:
1708 3870 1795 3926 hic

208 3965 398 4033 itidem
426 3966 498 4021 ab
528 3966 1133 4047 apostolica‘sanctione
1165 3979 1263 4035 pro
1293 3963 1577 4019 beresibus
1604 3960 1718 4016 suis
1740 3967 1795 4015 et

203 4052 241 4109 11
259 4056 429 4126 tgitiis
454 4057 719 4112 canonice
737 4056 850 4127 jam
878 4057 1184 4119 damnatus,
1213 4054 1431 4126 superni
1454 4053 1653 4125 judicis
1674 4067 1796 4108 sen-

206 4147 379 4202 tentia
443 4147 512 4202 ad
570 4147 879 4219 exemplum
927 4148 1137 4203 cunctis
1187 4145 1652 4202 evidentissimum
1713 4150 1799 4199 est

204 4238 505 4308 derepente
534 4248 663 4295 uta
712 4240 845 4304 vita,
895 4240 974 4296 sic
1023 4256 1054 4295 a
1111 4254 1275 4310 regno
1323 4238 1415 4293 Dei
1465 4236 1794 4293 eliminatus.

208 4328 380 4396 Quem
416 4331 499 4385 sui
532 4340 844 4403 acceptum,
878 4347 1003 4386 mox
1053 4331 1119 4385 ad
1156 4330 1338 4385 sedem
1373 4344 1529 4385 suam
1560 4328 1798 4386 infausto

207 4418 404 4475 itinere
435 4420 813 4475 tumulandum
850 4429 1215 4489 reportarunt.

1902 3324 2233 3387 litterarum,
2277 3334 2416 3391 quas
2460 3316 2709 3388 proxime
2753 3323 2809 3370 et
2859 3312 3052 3383 legalis
3098 3309 3211 3365 suis
3262 3317 3321 3363 et.
3375 3322 3479 3362 una

1901 3413 2153 3470 omnibus
2186 3408 2648 3466 Theutonicarum
2675 3404 2910 3475 partium
2943 3399 3277 3470 principibus
3302 3406 3481 3452 trans-

1901 3505 2155 3567 miserat,
2184 3516 2243 3557 se
2276 3515 2384 3556 non
2420 3499 2699 3570 ignoraret
2725 3510 2830 3551 non
2862 3492 3072 3547 modica
3103 3490 3364 3571 aviditate
3397 3486 3480 3543 ef.

1900 3595 2102 3650 fectant
2131 3599 2497 3662 exspectasse.
2533 3586 2683 3644 Unde
2722 3581 3018 3640 cardiualis
3071 3580 3158 3635 ille
3201 3579 3480 3634 Romanus

1901 3702 2006 3742 non
2038 3699 2229 3755 parum
2258 3681 2475 3751 quidem
2504 3679 2798 3743 animatus,
2826 3674 2981 3745 juxta
3009 3671 3152 3743 quod
3180 3672 3234 3741 in
3276 3668 3479 3725 litteris

1899 3778 2302 3841 continebatur,
2327 3782 2610 3829 contracto
2637 3768 2920 3829 Saxonicae
2948 3765 3237 3837 provincia:
3266 3764 3483 3833 episco-

1897 3884 2091 3942 porum
2145 3876 2573 3934 catterorumque
2624 3864 2927 3933 principum
2986 3857 3126 3928 apud
3167 3856 3475 3912 Goslariam

1898 3960 2144 4029 collegio,
2175 3973 2355 4029 regem
2406 3955 2718 4011 ileinricum
2768 3949 3078 4021 apostolica:
3130 3944 3478 4001 auctoritatis

1897 4054 2163 4112 sententia
2194 4053 2245 4106 in
2279 4051 2316 4107 2
2370 4049 2492 4105 ldus
2518 4044 2836 4101 Novembris
2864 4041 3010 4113 (163)
3035 4057 3063 4097 a
3092 4038 3477 4096 communione

1899 4147 2143 4219 corporis
2178 4153 2233 4201 et
2260 4140 2539 4215 sanguinis
2571 4138 2805 4201 Domini,
2830 4150 2931 4191 nec
2972 4148 3078 4188 non
3122 4148 3154 4187 a
3198 4129 3475 4185 liminibus

1899 4250 2101 4299 sancta:
2133 4238 2394 4295 :ecclesiat
2427 4233 2708 4291 catholicae
2750 4227 3133 4300 juridicialiter
3160 4226 3474 4279 damnatum

1872 4346 1877 4353 ‘
1900 4331 2117 4388 omnino
2148 4324 2657 4387 excommunicavit,
2681 4322 2838 4392 eique
2858 4318 3080 4375 omnino
3102 4314 3252 4386 regni
3280 4312 3478 4385 guber—

1904 4421 2094 4477 nacula
2125 4418 2420 4478 interdixit,
2450 4430 2515 4471 eo
2539 4414 2680 4485 quod
2710 4424 2926 4476 summo.
2957 4408 3145 4479 primae
3173 4405 3318 4462 sedis
3345 4416 3479 4472 apo-

244 4511 394 4568 ,Rex
444 4528 576 4570 vero
625 4511 934 4579 lieinricus,
980 4513 1105 4569 dum
1164 4512 1324 4568 tertio
1372 4520 1500 4566 tunc
1543 4510 1768 4566 Alcman
1822 4504 2105 4566 Dstolicze
2166 4504 2499 4579 pontiﬁcim
2545 4517 2791 4575 prorsus
2862 4498 3201 4556 inoboediens
3274 4494 3474 4557 factus,

1510 4627 1741 4684 VARUE
1776 4626 2177 4685 LECTIONES.

278 4718 348 4752 ⁸³⁸
369 4720 710 4779 alemaunam
740 4723 800 4778 Ξ.

910 4723 979 4756 ⁸⁸⁸
1003 4723 1264 4793 quosdam
1295 4737 1454 4790 usque
1490 4718 1775 4776 Mediolani
1815 4720 1958 4791 (pug.
1987 4718 2111 4774 305.
2137 4717 2232 4771 lin.
2265 4714 2378 4784 9.6.)
2405 4713 2534 4783 folio
2561 4712 2735 4766 exciso
2770 4710 2955 4763 desunt
2988 4707 3056 4761 l‘.

3163 4704 3230 4735 ’δι
3254 4703 3394 4757 deest
3419 4699 3476 4751 2.

1710 4829 1943 4889 ΝΟΤΑΞ.

278 4923 426 4996 (159)
460 4923 846 4996 Werinherus.

282 4991 502 5066 (160d.
532 4994 786 5066 Gregorii
842 4992 951 5048 \‘ll.
987 4991 1224 5065 Registr.
1260 4991 1344 5058 lll,
1373 4993 1429 5059 4,
1478 4991 1564 5048 die
1590 4991 1624 5046 3
1652 4991 1788 5047 Non.

217 5064 366 5134 Sept.
390 5081 440 5118 a.
472 5065 613 5120 1075
648 5064 799 5119 data.

284 5130 425 5206 (161)
449 5135 660 5206 Similia
686 5133 895 5206 profert
916 5132 1167 5206 Bemold.
1193 5130 1388 5203 Opusc.
1414 5131 1505 5198 lll,
1534 5133 1588 5198 7,
1610 5148 1664 5203 p.
1688 5131 1795 5187 252

215 5216 269 5262 et
295 5202 596 5261 Chronicnn
632 5202 777 5259 anno
802 5202 1012 5259 Claudii
1044 5202 1082 5258 Ι.

288 5275 430 5356 μϐξ)
457 5274 527 5329 cf.
558 5274 744 5356 \’i_tam_
769 5273 911 5356 beati
954 5272 1307 5356 {\Idalheronis
1331 5271 1572 5356 episcopi
1602 5272 1795 5356 Herbi-

216 5346 443 5382 Mlnncia
467 5360 567 5382 mm
615 5346 637 5382 Ι
694 5344 782 5382 nhi
815 5341 1081 5382 Amnllhle
1123 5344 1238 5382 nine
1276 5341 1430 5382 nalbr
1482 5341 1646 5382 “Hann
1690 5342 1787 5382 ha-

1899 4919 2053 4990 quasi
2084 4910 2400 4990 metropolis
2429 4921 2484 4967 et
2519 4919 2701 4990 _mater
2727 4902 3486 4990 civitatum.‘versusyap‘no-
3550 4958 3557 4963 ι

1900 4969 2053 5044 Bia'tb'
2076 4969 2460 5041 ad‘aus'traletn
2482 4979 2701 5052 plagam
2724 4979 2789 5032 ad
2818 4973 3079 5052 arcendos
3105 4972 3325 5052 hostiles
3351 4969 3487 5023 Pan-

1901 5059 2185 5114 noniorum
2219 5056 2471 5109 incursus
2484 5044 2556 5104 ἐι
2580 5044 2993 5117 devastationes
3033 5044 3329 5117 antiquitus
3356 5052 3486 5117 cou-

1901 5108 2247 5189 inanima,
2272 5141 2289 5174 ι
2322 5129 2377 5173 et
2421 5133 2566 5189 nunc
2591 5115 2776 5173 Pitten
2822 5108 3328 5189 a_ppcllatur._Patet
3360 5108 3487 5160 hinc

1901 5178 2621 5265 etiamtenemusne.
2649 5200 2815 5265 quem
2840 5178 3481 5265 τνὲίῗὶἒῖίξξξὲἓεῖιὲ.ἱξδὲξὶ¹¹

1901 5246 2177 5336 caballi—c-
2192 5246 2371 5336 partes
2394 5246 2764 5336 _Adalbcro'nis
2793 5248 3029 5336 episcqu
3062 5246 3482 5336 llefbipolenf‘is:

1893 5315 2281 5382 sagittas.“
2312 5329 2568 5382 Heinrico
2595 5325 2733 5382 sede
2760 5315 2858 5378 sua
2885 5315 3025 5382 pulsi
3042 5353 3056 5376 .
3086 5315 3487 5377 lueretur.~ips°
