3940 5382
481 228 600 316 ’ωδ

1384 258 1781 321 Βεκτηοιυι
1812 258 2254 327 PRESBYTER]
2287 259 2877 318 CONSTAN'IIENSIS

3655 259 3761 316 408

492 386 745 445 regnum,
773 372 967 444 quoin
989 372 1236 429 Romana
1257 374 1471 447 synodo
1505 389 1635 431 eum
1661 377 1811 448 iusta
1852 376 2078 433 damna-
2103 375 2155 439 Α
2181 369 2349 429 fuerit
2384 371 2549 428 etiam
2586 373 2742 431 cibus
2778 380 2834 430 et
2880 369 3221 428 delectabilis
3269 371 3466 428 anima
3519 371 3759 433 refectio.

404 514 409 519 .
473 439 612 538 ’,ιιιίιι
663 439 932 522 sententia
969 465 1225 536 privavit,
1252 439 1308 522 et
1333 466 1413 522 sic
1440 439 1713 538 privatum
1758 467 2076 524 anathema—
2180 462 2296 520 lllic
2323 465 2552 520 conviva
2573 464 2821 522 Christus
2845 477 3059 534 semper
3085 463 3136 518 in
3164 464 3493 536 pauperibus
3528 462 3764 521 oniciose

482 536 715 625 'tizavit,
738 571 850 613 non
892 555 961 611 ab
985 568 1052 611 eo
1078 556 1377 626 permissus
1407 536 1710 613 tomeritate
1741 565 1887 615 tanta
1919 557 2073 612 inva-

2179 555 2597 626 procurabatur.
2638 555 2790 611 Fecit
2826 569 3063 625 namque
3099 553 3203 609 sibi
3246 554 3453 610 amicos
3493 554 3561 612 de
3602 571 3765 611 mam-

478 630 688 717 fderet;
710 656 767 704 et
789 649 1012 718 insuper
1042 647 1188 702 viam
1237 656 1295 705 et
1326 649 1547 706 ductum
1573 650 1642 705 ad
1674 658 1752 707 tot
1776 649 2082 706 discordias
2179 666 2344 708 mena
2381 650 2706 721 iniquitatis,
2734 660 2796 707 ut
2834 666 2963 707 cum
2987 649 3264 716 deﬁceret,
3295 650 3351 705 in
3393 658 3599 707 mterna
3646 666 3764 708 eam

478 741 754 823 scismata
796 748 851 795 et
878 739 1045 796 totius
1075 754 1229 811 regni
1258 740 1596 797 facinorosae.
1641 752 1700 798 et
1731 742 2082 799 calamitosas
2180 741 2532 801 tabernacula
2570 743 2892 813 reciperent.
2929 741 3199 812 Quicquid
3234 743 3383 798 enim
3422 744 3489 799 de
3520 744 3637 800 suis
3670 745 3760 798 Ιιειο

490 833 800 890 simultates
839 833 1240 903 componendas
1274 841 1620 905 contemptor
1647 834 1743 890 Dei
1776 843 1832 891 et
1862 843 2080 905 aposto-

477 909 617 997 Elica:
640 923 810 991 sedis,
869 923 974 994 ipsi
1019 923 1268 995 pertinax
1314 924 1539 980 omnino
1571 925 1657 979 vel
1702 939 1848 981 nunc
1881 924 2077 980 saltem

476 1002 797 1111 :eoneedere
826 1015 1177 1072 detrectaret.
1196 1014 1525 1071 Roudolfum
1565 1030 1699 1073 vero
1748 1019 2077 1074 auctoritate

490 1109 789 1181 apostolica
822 1107 887 1164 in
905 1123 1136 1181 regnum
1173 1108 1541 1176 confirmavit,
1560 1117 1617 1165 et
1641 1109 1896 1166 omnibus
1924 1110 2077 1181 regni

476 1186 863 1273 'optimatibus,
894 1211 957 1257 ut
979 1202 1083 1271 ipsi
1112 1209 1171 1257 ιιι
1191 1210 1406 1273 oportet
1429 1202 1539 1274 regi
1558 1201 1837 1268 faverent,
1868 1203 2074 1258 ﬁrmis-

490 1293 631 1348 sime
656 1292 936 1363 prmcepit.
979 1292 1084 1348 Per
1118 1293 1497 1349 Alemanniam
1523 1308 1741 1365 quoque
1790 1295 2075 1364 utriusque

488 1384 664 1453 partis
694 1383 965 1439 bellicosas
994 1385 1155 1440 nimis
1174 1384 1261 1439 \in
1315 1384 1634 1440 alterutrum
1672 1385 1971 1457 phalanges
1992 1385 2074 1441 di-

488 1473 666 1530 versis
692 1474 931 1544 undique
959 1477 1219 1541 motibus,
1265 1484 1350 1531 set
1374 1477 1522 1531 circa
1550 1475 1853 1532 Danubium
1884 1477 2078 1547 praeci-

488 1578 617 1635 pue,
644 1577 780 1635 pace
802 1579 1026 1635 prorsus
1056 1565 1403 1632 conturbata,
1433 1566 1634 1636 praadis
1663 1565 1846 1621 itidem
1869 1566 2075 1636 rapinis

491 1664 548 1711 et
571 1656 836 1712 incendiis
864 1656 1188 1725 insistendo,
1213 1666 1273 1713 et
1297 1674 1384 1715 res
1424 1658 1653 1726 alienas,
1688 1667 1772 1716 set
1806 1660 2075 1715 aecclesia-

476 1736 661 1802 hsticas
688 1747 980 1818 prmcipue,
1012 1748 1115 1805 sibi
1147 1749 1366 1819 publica
1412 1749 1691 1807 invasione
1741 1751 2072 1820 usurpando,

490 1852 595 1907 pro
617 1853 777 1908 posse
799 1854 898 1894 suo
923 1839 1320 1901 debacbantur.

475 1928 479 1988 ἐ
561 1928 764 1984 Eodem
785 1940 1029 1999 tempore
1048 1930 1231 2002 Agnes
1252 1931 1568 2002 imperatrix
1593 1932 1641 2005 (1
1652 1930 2070 2004 64)hujusmodi

488 2019 789 2077 seditiones
805 2018 921 2089 jam
955 2019 1047 2077 diu
1094 2024 1286 2078 sedare
1330 2037 1675 2095 summopere
1721 2021 2074 2090 contendens,

488 2111 639 2167 exitu
677 2109 822 2166 felici
872 2110 936 2167 19
963 2111 1083 2167 Kal.
1123 2111 1347 2168 Januar.
1384 2113 1526 2169 diem
1567 2114 1821 2169 ultimum
1857 2113 2072 2169 clausit.

489 2198 621 2267 Qum
646 2200 1013 2273 duodeviginti
1041 2201 1189 2274 (165)
1220 2217 1287 2260 ex
1332 2218 1440 2274 quo
1470 2217 1626 2259 sacro
1654 2202 1921 2259 velamine
1947 2217 2077 2259 con-

487 2303 704 2350 secreta
733 2302 815 2349 est
846 2294 1024 2360 annis,
1057 2295 1206 2367 regia
1232 2295 1400 2366 gloria
1428 2304 1485 2351 et
1509 2311 1615 2359 una
1642 2295 1766 2351 vita:
1791 2296 2077 2350 mundana

486 2384 826 2456 voluptuosis
855 2383 1068 2441 deliciis
1098 2400 1196 2456 pro
1235 2403 1401 2458 regno
1437 2387 1535 2443 Dei
1569 2388 1790 2458 spretis,
1833 2388 1957 2443 vita:
1992 2401 2076 2444 reo

485 2476 694 2549 ligiosze
746 2477 985 2535 stadium
1019 2478 1270 2534 certatim
1317 2494 1568 2553 aggressa
1611 2489 1718 2536 est.
1758 2479 2076 2545 Psalmodia:

487 2577 544 2626 et
568 2568 911 2627 orationibus
930 2570 1016 2629 die
1037 2587 1102 2628 ac
1122 2582 1279 2630 nocte
1301 2573 1570 2631 indefessa
1597 2589 1813 2645 semper
1839 2573 2071 2638 institit;

487 2676 709 2719 carnem
738 2678 891 2718 suam
922 2679 1045 2719 cum
1077 2664 1226 2720 vitiis
1262 2675 1317 2720 et
1354 2666 1842 2737 concupiscentiis,
1887 2673 2075 2736 utpote

487 2769 610 2825 qua:
645 2751 845 2810 Christi
878 2770 1067 2810 revera
1093 2756 1331 2812 secutrix
1366 2756 1551 2822 fuerit,
1580 2757 1866 2826 semetipsa
1902 2757 2067 2812 veris

487 2844 628 2900 sime
669 2844 957 2916 abnegata,
988 2846 1172 2901 sedula
1213 2846 1378 2901 nimis
1400 2846 1689 2904 cruciﬁxit.
1726 2846 1830 2917 ipsi
1877 2847 2074 2917 quippe

488 2948 613 2991 cum
639 2933 985 2988 desiderabili
1029 2935 1213 2991 cordis
1240 2936 1653 3006 compunctione
1702 2935 1940 2991 lacrima:
1970 2936 2071 2992 sibi

490 3025 749 3083 divinitus
776 3026 914 3081 data:
942 3041 1111 3095 panes
1136 3026 1357 3083 fuerunt
1380 3027 1499 3083 sine
1526 3028 1925 3084 intermissione
1950 3045 1967 3095 ;
1997 3027 2075 3084 sic

490 3131 615 3171 cum
657 3116 890 3171 Ezechia
930 3132 1144 3187 semper
1179 3118 1486 3190 recogitans
1520 3135 1708 3175 omnes
1744 3135 1915 3175 annos
1950 3120 2075 3175 vitm

490 3204 547 3260 in
580 3214 728 3259 tanta
764 3205 1122 3262 amaritudine
1156 3208 1350 3263 animai
1379 3224 1507 3264 suae.
1547 3207 1763 3275 Quanto
1790 3209 1933 3263 enim
1961 3224 2076 3263 ma-

491 3311 597 3378 gna
626 3295 726 3352 fuit
757 3298 811 3354 in
835 3300 1016 3355 saeculi
1046 3303 1404 3374 magnalibus,
1434 3310 1583 3359 tanto
1604 3319 1663 3359 se
1689 3302 1993 3359 humiliavit
2020 3304 2074 3359 in

488 3386 763 3444 omnibus.
800 3389 955 3446 Unde
979 3392 1218 3463 reSpexit
1246 3394 1312 3448 ad
1343 3394 1603 3450 humilem
1636 3402 1691 3448 et
1725 3395 1916 3465 spiritu
1944 3411 2076 3466 pauo

488 3481 766 3552 perculam
799 3480 1035 3553 Spiritus
1064 3495 1303 3542 sanctus.
1342 3486 1528 3557 Regiis
1567 3487 1869 3556 insignibus
1907 3488 2074 3559 depo-

490 3570 633 3637 sitis,
669 3581 724 3629 et
754 3573 807 3628 in
846 3589 1115 3646 pauperes
1148 3576 1350 3633 Christi
1382 3587 1438 3634 et
1466 3578 1739 3634 aecclesias
1763 3578 2077 3650 disperditis

489 3661 688 3718 vilibus
711 3679 806 3719 usa
830 3674 916 3720 est
941 3667 1302 3735 vestimentis,
1329 3669 1461 3724 illud
1489 3670 1726 3725 maxime
1751 3684 1857 3726 non
1886 3671 1940 3725 in
1974 3670 2075 3726 hoc

492 3752 859 3822 solummodo,
880 3765 966 3812 set
999 3757 1055 3812 in
1091 3759 1345 3815 omnibus
1378 3760 1694 3826 attendens,
1743 3768 1802 3815 ut
1835 3777 1905 3816 ne
1946 3761 2074 3831 quid

489 3843 656 3900 nimis
681 3845 768 3900 sit.
795 3845 1117 3904 Cottidianis
1154 3849 1585 3906 confessionibus
1613 3866 1717 3906 non
1740 3851 1914 3906 solum
1946 3866 2076 3921 ope-

490 3947 653 4002 rum,
704 3950 891 3991 verum
949 3953 1166 4010 quoque
1208 3940 1597 4012 cogitationum
1645 3941 2074 3997 inordinatarum

489 4038 592 4080 nec
618 4042 723 4081 non
755 4027 1171 4095 insomniorum,
1212 4045 1332 4086 sese
1357 4030 1438 4085 sui
1475 4031 1528 4087 in
1557 4031 1824 4102 principio
1850 4045 2076 4087 accusa-

486 4116 599 4172 trix
621 4132 922 4189 expurgare
948 4119 1110 4175 solita
1129 4128 1233 4176 est.
1259 4121 1374 4191 Ipsa
1396 4120 1594 4191 quippe
1616 4123 1906 4192 magistros
1925 4122 2074 4178 obm-

488 4211 837 4278 dientiarios,
886 4228 1024 4282 quos
1050 4229 1165 4284 prae
1199 4215 1410 4271 caeteris
1452 4215 1818 4287 religiosiores
1860 4225 1915 4271 et
1941 4232 2070 4287 pru-

486 4302 762 4357 dentiores
789 4312 1033 4369 noverat,
1067 4319 1284 4375 semper
1327 4306 1636 4363 individuos
1665 4322 1850 4363 secum
1872 4308 2066 4365 soller-

486 4391 701 4446 tissima
737 4392 991 4459 habebat,
1029 4409 1261 4464 quorum
1304 4396 1597 4455 cottidiana
1640 4397 1868 4456 lectione
1894 4439 1909 4459 ,
1960 4399 2072 4455 col-

485 4478 710 4546 latione,
735 4482 1020 4552 disciplina
1033 4487 2072 4547 etcontuitionesalutaridiscretissimc

491 4587 551 4631 se
571 4573 811 4643 undique
825 4577 1139 4644 praemuniri
1163 4579 1432 4650 cupiebat.
1451 4578 1713 4651 Quicquid
1736 4581 1803 4613 ’“
1832 4582 1973 4636 enim
1998 4581 2070 4635 illi

487 4660 670 4716 oneris
697 4676 794 4730 per
830 4665 1213 4721 obmdientiam
1240 4668 1612 4738 imponebant,
1643 4670 1761 4724 sine
1783 4685 1934 4725 mora
1960 4671 2068 4727 Deo

486 4748 700 4807 subdita
728 4751 1075 4810 voluntativa'
1098 4764 1235 4812 satis
1264 4759 1640 4829 supportahat.
1672 4757 1882 4827 Jejunia
1928 4759 2071 4817 illius

484 4840 817 4910 simpliciaet
836 4860 941 4900 non
957 4849 1358 4917 superstitiosa,
1379 4851 1558 4907 victus
1569 4851 1847 4915 modestus
1863 4863 1917 4906 et
1933 4852 2070 4909 satis

486 4932 700 4990 sobrius
728 4943 783 4990 et
812 4937 1133 4994 mirabiliter
1178 4949 1509 5011 temperatus
1558 4951 1698 5008 erat,
1730 4952 1785 4998 et
1811 4945 1878 4998 ad
1910 4958 2065 4999 men-

484 5024 659 5097 aulam
688 5026 804 5110 ejus
831 5044 1048 5115 semper
1074 5049 1147 5105 ex
1163 5034 1364 5093 divinis
1382 5036 1714 5091 recitabatur
1734 5036 1910 5097 lectio,
1946 5050 2066 5106 quae

2102 1440 2150 1500 B

2105 4151 2150 4207 D

2175 832 2310 889 bere
2358 841 2574 903 poterat
2619 834 3000 905 patrimoniis,
3057 849 3177 904 quae
3228 833 3564 907 amplissima
3609 844 3766 893 tantae

2175 908 2431 995 personae
2468 923 2886 995 responderant,
2912 932 3113 994 praeter
3133 923 3447 982 manifestas
3467 926 3761 987 necessita-

2178 1022 2285 1081 tes,
2309 1014 2533 1071 cottidie
2563 1015 2616 1071 in
2659 1014 2963 1085 huiusmodi
2992 1013 3235 1070 studiose
3259 1013 3619 1085 disperserat.
3641 1015 3760 1071 Bal-

2175 1121 2401 1162 nearum
2456 1106 2693 1164 fomenta
2742 1118 2795 1163 et
2855 1107 3160 1179 plumarum
3210 1107 3493 1164 mollitiem
3539 1110 3762 1166 omnino

2178 1196 2478 1254 devitabat.
2503 1196 2752 1253 Stratum
2785 1196 2906 1268 ejus
2944 1197 3283 1269 frequentius
3323 1208 3473 1255 terra
3514 1198 3636 1263 fuit,
3670 1216 3763 1257 seu

2176 1289 2304 1359 quid
2334 1290 2478 1345 aliud
2501 1290 2568 1346 de
2592 1289 2926 1359 durioribus,
2943 1291 3176 1361 psiatltio
3207 1291 3383 1363 (l66),
3413 1292 3620 1363 tapetio
3650 1294 3765 1350 sive

2176 1381 2352 1452 paleis
2383 1381 2680 1438 rarissimis
2720 1392 3023 1453 praeparata
3046 1383 3164 1449 m;
3205 1391 3261 1438 et
3303 1398 3427 1439 cum
3474 1384 3767 1457 paullisper

2178 1472 2372 1545 fragile
2400 1474 2779 1544 corpusculum
2803 1474 3219 1531 dormitiuncula
3274 1485 3429 1545 rapta
3478 1478 3764 1546 reficeret,

2177 1562 2302 1620 ilico
2342 1563 2410 1618 ad
2435 1562 2648 1634 vigilias
2673 1563 3059 1636 orationesque
3098 1565 3290 1622 solitas
3324 1567 3493 1624 nimis
3535 1568 3764 1641 inpiger-

2174 1654 2315 1710 rima
2339 1653 2598 1710 fervebat.
2631 1653 2728 1710 Cui
2765 1654 3017 1712 Christus
3046 1657 3100 1711 in
3141 1657 3321 1721 corde,
3353 1657 3603 1728 psalmus
3643 1675 3765 1717 ver-

2173 1740 2411 1817 Mmqite
2441 1745 2587 1802 illius
2613 1762 2830 1818 semper
2858 1748 2915 1804 in
2937 1762 3033 1804 ore
3058 1750 3260 1805 sonuit.
3291 1748 3433 1819 Quid
3479 1759 3613 1808 tunc
3661 1752 3763 1809 sibi

2174 1838 2379 1895 laboris
2403 1839 2778 1910 insumpserit,
2797 1840 2911 1910 ipse
2937 1841 3085 1897 solus
3112 1842 3269 1899 testis
3289 1851 3345 1899 et
3368 1844 3627 1901 conscius
3653 1856 3755 1907 est.

2174 1944 2297 1985 cum
2324 1944 2433 2000 quo
2466 1937 2573 1984 tam
2605 1929 2793 1985 intime
2815 1929 2886 1962 W’
2909 1940 3230 1987 conversata
3267 1939 3370 1987 est.
3398 1931 3608 1989 Omnes
3638 1948 3761 1989 suos

2176 2028 2287 2078 tam
2312 2021 2453 2075 ultra
2483 2019 2702 2075 modum
2748 2018 2844 2076 diu
2872 2030 3149 2092 noctuque
3187 2021 3486 2079 laborando
3516 2023 3765 2080 convice-

2174 2117 2281 2177 rat,
2312 2110 2366 2165 in
2398 2110 2737 2167 vestimentis
2760 2125 3062 2182 pauperum
3090 2112 3343 2169 manibus
3363 2112 3478 2169 suis
3502 2128 3764 2171 consueu-

2174 2201 2276 2267 dis,
2310 2201 2549 2272 ipsisque
2578 2201 2911 2273 pauperibus
2934 2201 3259 2269 sordidulis,
3296 2212 3379 2258 set
3410 2218 3527 2274 prm
3556 2204 3762 2261 caeteris

2174 2292 2459 2361 scabiosis,
2489 2292 2736 2364 leprosis,
2767 2292 3064 2359 ulcerosis,
3100 2294 3254 2349 sanie
3280 2292 3593 2365 proﬂucndi
3623 2295 3765 2351 tabi-

2175 2383 2277 2449 dis,
2315 2383 2433 2439 sive
2477 2382 2721 2453 qualibet
2764 2381 3020 2453 passione
3066 2380 3306 2451 fmtidis,
3355 2383 3764 2440 accuratissime

2174 2476 2490 2534 balneandis
2515 2518 2531 2543 ,
2576 2476 2969 2544 conferendis,
3022 2475 3320 2532 vestiendis
3370 2476 3766 2547 visitandisque

2175 2584 2402 2641 Operosa
2450 2568 2668 2625 Christo
2721 2568 3147 2636 ministraverit,
3195 2577 3251 2625 et
3289 2569 3551 2626 omnibus
3594 2570 3766 2627 servis

2175 2658 2271 2715 Dei
2303 2674 2360 2715 se
2387 2668 2497 2715 tota
2538 2658 2848 2716 humilitate
2891 2659 3342 2716 bumanissimam
3367 2661 3682 2718 exhibuerit
3713 2670 3764 2718 et

2179 2750 2457 2810 liberalem
2505 2752 2863 2819 omnimodis,
2900 2751 3098 2807 chorus
3148 2751 3456 2821 huiusmodi
3503 2761 3561 2808 et
3611 2755 3764 2810 turba

2178 2856 2277 2912 per
2306 2850 2482 2898 terras
2510 2843 2563 2897 in
2596 2842 2651 2897 id
2678 2842 2856 2913 ipsum
2881 2842 3303 2908 conelamitans,
3331 2844 3636 2913 praedicare
3660 2860 3763 2902 non

2179 2936 2428 3008 quiescit.
2461 2936 2668 3007 Quippe
2697 2918 2947 2993 omnibus
2994 2936 3303 3007 ubicunque
3353 2952 3452 3008 per
3494 2937 3766 2995 aecclesias

2176 3036 2272 3083 aut
2297 3030 2626 3087 monasteria
2655 3029 2775 3085 vita:
2804 3028 3068 3101 religiosae
3088 3028 3361 3099 personis,
3379 3028 3762 3100 qualitercum-

2177 3136 2281 3191 que
2303 3121 2574 3192 largitatis
2604 3137 2712 3177 sum
2733 3122 3001 3193 inpendiis
3019 3120 3423 3177 communicare
3443 3121 3761 3187 conabatur,

2177 3221 2232 3267 et
2259 3212 2337 3267 sic
2360 3211 2611 3282 privatim
2636 3218 2690 3266 et
2719 3210 3078 3269 communiter
3102 3210 3462 3266 fraternitatis
3489 3224 3681 3268 eorum
3706 3218 3762 3267 et

2176 3303 2483 3358 orationum
2505 3303 2795 3358 memorias
2819 3301 3159 3358 sedulissima
3182 3302 3567 3373 participabat.
3596 3301 3762 3359 liere-

2179 3396 2303 3452 ticis
2328 3405 2507 3450 autem
2532 3404 2587 3451 et
2613 3396 2894 3466 ypocritis,
2935 3406 2995 3450 ut
3033 3395 3236 3466 absque
3277 3411 3635 3467 personarum
3679 3410 3763 3454 ac-

2174 3486 2425 3556 ceptione
2445 3501 2653 3557 magna
2669 3486 2721 3541 in
2742 3500 2931 3542 omnes
2945 3485 3213 3542 libertatis
3225 3487 3758 3552 etinvectioniserat,

2176 3577 2339 3635 nimis
2364 3592 2577 3648 aspera,
2603 3577 2926 3633 auctoritate
2948 3585 3002 3633 et
3029 3577 3380 3649 coargutione
3410 3576 3763 3650 magister-inii

2177 3668 2313 3723 satis
2345 3666 2541 3723 infesta
2573 3667 2883 3733 resistebat,
2914 3678 2970 3724 et
3012 3668 3250 3724 maxime
3287 3668 3561 3725 nicolaitis
3590 3678 3646 3726 et
3671 3684 3757 3740 sy-

2175 3758 2466 3814 monianis.
2496 3757 2738 3814 Primum
2780 3773 3017 3829 namque
3056 3774 3178 3815 cum
3209 3774 3239 3812 a
3287 3759 3568 3815 nonnullis
3612 3757 3759 3830 regni

2174 3851 2501 3921 primatibus
2552 3849 2750 3907 obnixe
2800 3859 3102 3921 rogaretur,
3144 3850 3214 3907 ob
3253 3850 3347 3905 filii
3396 3853 3480 3907 sui
3534 3849 3761 3923 puerilia

2176 3940 2371 4000 dehinc
2404 3955 2533 3996 vero
2554 3939 2813 4012 juvenilia
2843 3949 3025 3995 errata
3069 3941 3372 3996 coercenda
3406 3955 3505 3996 seu
3560 3949 3763 4014 tempe-

2177 4032 2366 4098 randa,
2408 4040 2469 4087 ut
2504 4032 2559 4087 in
2599 4031 2950 4087 Theutonicis
2974 4032 3219 4102 partibus
3244 4032 3503 4089 monitrix
3532 4032 3680 4089 illius
3709 4041 3762 4089 et

2177 4122 2473 4178 correctrix
2516 4131 2757 4176 materna
2809 4120 3094 4191 disciplina
3145 4129 3202 4177 et
3251 4120 3504 4178 libertate
3553 4124 3763 4192 emteris

2175 4213 2445 4269 sollertior
2490 4220 2546 4268 et
2599 4211 2922 4268 familiarior
2976 4221 3321 4280 moraretur,
3371 4212 3763 4286 aliquantisper

2174 4304 2470 4360 consensit.
2505 4302 2732 4358 Demum
2762 4317 2893 4358 vero
2920 4318 3043 4358 cum
3076 4304 3187 4360 filio
3224 4319 3325 4361 suo
3348 4304 3578 4378 ejusque
3612 4322 3647 4362 a
3682 4321 3763 4365 se-

2173 4397 2340 4455 cretis
2368 4396 2439 4428 ⁸⁵⁸
2470 4396 2763 4452 tantotiens
2793 4396 3163 4464 commonitis,
3192 4405 3248 4453 et
3274 4399 3425 4454 omni
3452 4410 3577 4457 arte
3602 4409 3657 4456 et
3683 4400 3764 4456 in-

2174 4487 2334 4558 genio
2358 4487 2650 4557 coargutis,
2678 4486 2977 4556 objurgatis
2995 4526 3010 4553 ,
3039 4486 3342 4544 obsecratis
3373 4498 3649 4559 oportune
3672 4505 3764 4561 pa-

2176 4579 2312 4633 riter
2336 4587 2391 4634 et
2418 4578 2727 4649 inportune,
2754 4586 2809 4632 et
2837 4593 2939 4635 nec
2981 4580 3265 4637 minimum
3294 4582 3426 4652 quid
3471 4593 3763 4655 propterea

2178 4668 2457 4733 correctis,
2474 4667 2641 4723 immo
2661 4668 2843 4739 potius
2861 4668 3132 4725 deteriora
3152 4670 3526 4740 molientibus,
3544 4674 3767 4730 omnino

2177 4759 2594 4817 abliominabilis
2631 4775 2732 4816 nec
2761 4775 2869 4817 non
2917 4761 3080 4817 etiam
3130 4763 3312 4832 gravis
3352 4764 3422 4820 ad
3471 4764 3763 4822 videndum

2173 4850 2346 4916 fieret,
2362 4848 2786 4917 totinsolentias,
2804 4849 3044 4920 rapinas,
3059 4850 3762 4923 invidias,repugnantiam,

2174 4942 2452 4997 vecordias
2481 4950 2535 4997 et
2559 4938 2883 4996 multifarias
2904 4937 3093 4997 eorum
3121 4941 3364 4997 insanias
3406 4941 3616 4999 diutius
3654 4943 3762 5017 pati

2172 5050 2451 5100 recusans,
2480 5050 2539 5091 se
2564 5035 2791 5093 Romam
2823 5034 2889 5091 ad
2914 5044 3159 5094 sanctum
3185 5037 3408 5093 Petrum
3437 5046 3498 5094 et
3536 5046 3620 5096 tot
3643 5052 3765 5095 san-

1783 5125 2016 5182 νΑῐιιΑΞ
2054 5126 2454 5183 LECTIONES.

556 5232 625 5263 ’δ’
651 5233 876 5317 quiquid
903 5235 958 5292 2.
1033 5237 1115 5270 m
1131 5245 1492 5309 praeparatum
1521 5239 1605 5293 eds.
1682 5241 1757 5278 ""-
1782 5239 1984 5297 intimo.
2007 5240 2064 5296 2.
2138 5240 2212 5274 ’⁸⁸
2237 5241 2531 5299 assecretis.
2552 5239 2610 5302 2-

2017 5348 2154 5382 run-r
2173 5350 2224 5382 ὦ·
