3940 5382
158 285 272 345 £05

1374 261 2169 343 ANNALEsT—T-"ANTtorr'

2386 232 2505 273 ..ογ

3326 280 3435 335 406

154 411 382 461 ctorum
409 399 761 458 contubernia
791 412 915 455 cum
951 397 1203 455 omnibus
1231 399 1347 455 suis
1375 416 1439 456 ex
1478 407 1593 455 toto
1622 413 1752 454 con-
1782 400 1827 457 Α
1853 395 2136 453 latrocinia
2164 395 2307 452 illius
2325 402 2378 451 et
2404 393 2529 466 quia
2557 393 2813 451 domuum
2835 408 3028 466 papam
3056 392 3351 466 sacrilegus
3376 394 3429 449 ir.

154 494 384 550 tulerat.
408 490 522 547 illic
550 490 806 563 quicquid
833 489 902 546 de
936 489 1095 546 bonis
1123 490 1237 546 suis
1282 490 1485 547 habere
1515 497 1747 563 poterat,

152 585 213 641 in
245 599 383 640 usus
412 597 709 654 pauperum
749 580 974 637 cottidie
1020 580 1370 652 expcnderat,
1418 591 1472 638 et
1511 581 1590 637 sic
1626 579 1752 636 vita:

154 686 371 735 sanetzu
397 687 452 732 et
484 676 749 747 religiosa:
772 684 1032 746 provectu
1083 674 1137 730 in
1164 674 1280 730 dies
1323 688 1382 730 se
1431 689 1649 745 semper
1695 672 1751 729 iu

153 769 442 825 anteriora
466 767 785 829 extendens.
806 775 860 822 et
883 766 1183 837 posteriora
1203 765 1550 831 obliviscens,
1566 779 1754 834 super-

151 874 246 915 na:
267 858 577 914 vocationis
601 856 847 914 bravium
870 856 1131 928 legittime
1148 858 1408 912 certando
1428 870 1753 927 cursumque

151 951 632 1014 consummando,
664 949 859 1005 ibidem
910 947 1309 1018 triumphaliter
1356 957 1410 1003 et
1461 946 1755 1019 giorianter

152 1050 456 1110 persecuta
484 1039 745 1096 est.tlum
772 1048 952 1094 autem
1004 1054 1102 1110 pro
1151 1046 1229 1093 tot
1277 1036 1582 1110 magniﬁcis
1627 1038 1754 1095 vitae

154 1141 275 1188 tam
310 1130 641 1188 beatissima:
669 1131 1077 1186 remunerandus
1103 1129 1393 1198 pietatibus
1430 1139 1642 1200 tempus
1673 1128 1753 1184 in--

154 1236 361 1295 staret,
396 1226 631 1282 febrium
674 1224 933 1295 languore
961 1222 1207 1279 laetantur
1234 1222 1371 1278 ultra
1401 1220 1618 1279 solitum
1667 1238 1754 1277 ar-

155 1328 363 1388 repta,
431 1332 664 1390 quarum
719 1317 1191 1387 intemperantiam
1251 1331 1363 1386 ipsa
1422 1311 1756 1369 medicinalis

155 1409 300 1465 artis
328 1424 441 1464 non
470 1408 719 1480 imperita
751 1416 876 1462 ante
908 1396 1218 1463 multotieus
1245 1425 1274 1459 ιι
1301 1407 1491 1478 itigarc
1529 1420 1758 1462 consue-

156 1506 343 1565 verat,
373 1513 474 1568 per
498 1498 613 1554 dies
640 1498 1050 1569 quatuordecim
1081 1511 1294 1568 semper
1336 1498 1388 1552 in
1428 1498 1590 1552 horas
1631 1495 1758 1550 viri-

156 1590 268 1646 bus
315 1588 567 1658 corporis
618 1588 930 1654 diminutis,
965 1588 1162 1643 mentis
1213 1598 1394 1644 autem
1437 1588 1491 1643 in
1542 1587 1758 1642 Christo

158 1678 460 1751 gratiosius
514 1677 860 1748 ampliﬁcatis
917 1686 971 1733 et
1020 1678 1426 1743 corroboratis,
1474 1678 1755 1748 aegerrime

1852 488 2095 546 :ucclesia
2126 488 2266 543 inter
2297 488 2584 544 missarum
2606 484 2884 545 sollemnia
2911 486 3066 545 altari
3086 484 3428 545 assistentem

1853 578 1907 634 in
1936 587 2304 649 contemptum
2354 576 2447 635 Dei
2497 585 2715 650 captum
2763 576 2818 634 in
2867 579 3065 634 turrim
3111 594 3264 634 suam
3312 579 3434 636 abs-

1856 671 2042 737 traxit,
2076 670 2321 743 perfecto
2346 670 2472 726 odio
2497 680 2551 726 et
2589 670 2747 742 digna
2779 671 3155 742 persecutione
3181 672 3431 728 adversa-

1854 771 1943 816 tus
1984 770 2088 817 est.
2118 761 2175 816 ln
2218 776 2327 832 quo
2374 760 2715 817 obtedientize
2760 762 3055 817 certamine
3093 761 3182 816 hic
3225 762 3310 816 vir
3338 761 3431 818 Dei

1854 854 2055 911 zelotes
2090 854 2385 925 perfectus,
2437 853 2693 909 hereticis
2738 853 2985 919 infestus,
3025 854 3191 925 judex
3233 852 3431 923 justus,

1854 948 2271 1005 elemosinarum
2302 949 2643 1020 dispensator
2671 946 2873 1019 largus,
2920 963 3129 1019 magna:
3178 963 3436 1019 compun-

1856 1038 2051 1097 ctiouis
2075 1050 2130 1097 et
2158 1039 2503 1096 lacrimarum
2552 1039 2724 1109 gratia
2761 1041 2815 1095 in
2860 1041 3164 1097 orationum
3213 1057 3434 1108 suarum

1856 1130 2141 1187 sedulitate
2168 1132 2415 1197 donatus,
2458 1132 2722 1188 castitatis
2747 1140 2802 1187 et
2838 1133 3181 1189 continentiae
3210 1132 3437 1190 dilector

1857 1221 2197 1293 praecipuus,
2238 1230 2422 1291 utpote
2449 1237 2480 1277 a
2529 1236 2700 1293 puero
2747 1222 2984 1296 legitime
3012 1224 3332 1294 conjugatus
3381 1234 3437 1281 et

1856 1312 2015 1383 paulo
2045 1325 2165 1384 post
2194 1314 2386 1371 viduus
2415 1313 2639 1370 eﬁ‘ectus
2657 1313 2949 1387 juvenilem
2996 1317 3050 1371 in
3098 1332 3156 1373 se
3186 1316 3435 1372 ardorem

1856 1405 2111 1476 deinceps
2152 1402 2308 1475 juxta
2354 1404 2639 1462 consilium
2695 1405 2925 1477 apostoli
2977 1407 3056 1463 sic
3113 1421 3438 1478 permanens

1859 1494 2088 1550 viriliter
2127 1496 2417 1564 continuit,
2455 1495 2801 1564 caritativus,
2849 1497 3086 1563 humilis,
3134 1498 3432 1570 hospitalis,

1859 1589 2065 1655 suavis,
2120 1587 2391 1657 affabilis,
2446 1599 2744 1657 constans,
2804 1591 3120 1655 modestus,
3171 1592 3439 1662 patienter

1858 1679 2204 1753 longanimis,
2229 1683 2379 1753 pacis
2409 1693 2465 1739 et
2487 1685 2732 1741 veritatis
2763 1694 3017 1755 sectator,
3044 1694 3099 1742 et
3131 1686 3282 1741 mirae
3308 1685 3439 1741 reli-

158 1749 396 1824 inultum
419 1768 619 1824 defecit
639 1778 693 1824 et
714 1768 1012 1824 contabuit.
1038 1768 1320 1824 Postremo
1343 1784 1464 1823 cum
1493 1769 1561 1823 ad
1583 1782 1754 1837 usque
1787 1749 1828 1804 Β
1854 1749 2031 1842 gionis
2059 1772 2213 1828 miles
2231 1749 2539 1830 industrius
2579 1784 2634 1831 et
2658 1749 3069 1832 administrator
3096 1795 3108 1831 :
3142 1777 3235 1847 qui
3258 1776 3435 1833 beata:

160 1861 330 1916 ﬁnem
352 1870 673 1932 perventum
703 1871 805 1927 est,
838 1860 994 1916 bonis
1021 1861 1164 1916 illius
1186 1860 1299 1931 jam
1327 1861 1395 1916 ab
1424 1875 1486 1916 ea
1532 1861 1586 1916 in
1623 1876 1755 1917 usus

161 1967 463 2025 pauperum
510 1962 567 2008 et
606 1952 978 2009 meclesiarum
1025 1951 1412 2008 discretissime
1456 1952 1752 2023 dispositis,

162 2045 486 2101 convocatis
510 2044 577 2100 ad
604 2060 665 2100 se
700 2045 752 2099 in
783 2044 972 2116 primis
1018 2043 1218 2099 domno
1269 2043 1591 2113 apostolico,
1621 2059 1756 2099 cun-

161 2137 271 2192 ctis
300 2136 540 2191 ﬁdelium
573 2152 794 2191 suorum
837 2144 893 2191 et
925 2136 1226 2190 amicorum
1259 2136 1506 2205 personis
1536 2134 1755 2191 carissi-

165 2228 297 2294 mis,
349 2228 548 2298 quibus
595 2227 842 2282 ultimum
894 2226 1014 2283 vale
1064 2225 1271 2283 faciens
1317 2227 1559 2293 animam
1602 2242 1755 2283 suam

163 2320 650 2375 commendaverat
676 2317 767 2385 ¹⁸⁶,
797 2327 854 2374 et
877 2316 1130 2373 omnibus
1154 2318 1268 2380 suis
1293 2328 1452 2377 prout
1478 2317 1755 2374 desidera-

164 2411 247 2465 vit
274 2411 565 2476 ordinatis,
613 2411 1010 2467 communicata
1042 2411 1237 2468 dehinc
1267 2413 1615 2469 devotissime
1656 2428 1757 2468 eu-

165 2503 455 2570 charistia,
503 2520 626 2561 cum
655 2504 867 2560 caeteris
893 2503 1175 2560 orantibus
1205 2514 1261 2561 et
1301 2505 1654 2575 psallentibus
1701 2517 1757 2560 et

167 2595 284 2664 ipsa
315 2612 421 2650 una
450 2595 687 2667 psallens
708 2607 763 2651 et
789 2597 995 2666 gratias
1038 2611 1235 2667 agens,
1266 2596 1320 2651 in
1352 2611 1545 2651 manus
1577 2595 1674 2651 Dei
1703 2604 1759 2652 et

169 2696 487 2743 sanctorum
518 2686 662 2745 Petri
701 2697 757 2744 et
783 2687 934 2744 Pauli
972 2688 1225 2757 spiritum
1264 2703 1420 2744 suum
1457 2688 1759 2744 exultauter

169 2781 596 2837 commendavit.
653 2780 896 2838 Tandem
957 2782 1189 2838 domnus
1246 2782 1577 2853 apostolicus
1632 2797 1760 2838 exe-

170 2874 448 2943 quialibus
477 2872 693 2939 olliciis,
723 2874 1010 2929 missarum
1061 2874 1380 2939 sollemniis,
1428 2872 1754 2938 elemosiuis,

169 2965 373 3036 vigiliis
419 2980 637 3036 quoque
693 2980 788 3034 per
840 2966 1047 3037 aliquot
1100 2967 1216 3022 dies
1271 2965 1602 3022 sollemniter
1660 2982 1760 3037 pro

1854 1862 1982 1916 vitae
2001 1871 2056 1917 et
2076 1862 2391 1919 christianm
2418 1864 2627 1921 militia:
2650 1868 2920 1939 tyrocinio
2939 1866 3176 1936 prudens
3196 1868 3252 1923 in
3276 1883 3440 1924 carne

1856 1953 2155 2009 ambulavit
2198 1964 2282 2010 set
2312 1970 2417 2010 non
2465 1956 2762 2012 secundum
2790 1973 3010 2013 carnem
3035 1957 3310 2025 militavrt,
3341 1974 3442 2029 pro

1850 2045 2063 2118 justitia
2111 2055 2165 2101 et
2216 2047 2319 2102 ﬁde
2371 2048 2552 2103 fausto
2597 2048 2938 2119 triumphans
2983 2051 3245 2122 martyrio
3273 2051 3439 2107 vitam

1856 2136 2032 2193 ﬁnivit
2080 2138 2461 2210 temporalem,
2501 2156 2628 2195 mox
2664 2157 2763 2212 pro
2814 2156 2881 2197 eo
2929 2140 3162 2197 feliciter
3210 2141 3441 2212 adeptus

1857 2231 2181 2289 ineffabilem
2208 2234 2331 2289 vitae
2373 2234 2629 2304 perennis
2652 2234 3100 2291 inmortalitatem
3128 2243 3184 2291 et
3225 2248 3443 2308 semper

1856 2324 2083 2380 virentis
2111 2325 2367 2397 paradysi
2398 2325 2815 2382 desiderandam
2842 2343 2954 2399 pra:
2994 2312 3246 2386 omnibus
3274 2343 3447 2386 amoe-

1856 2418 2102 2475 nitatem.
2134 2418 2232 2475 Hic
2258 2419 2475 2490 quidem
2508 2435 2538 2475 a
2585 2420 2795 2477 civibus
2822 2421 3101 2489 Romanis,
3133 2430 3213 2479 set
3244 2421 3440 2494 praeci-

1856 2523 1962 2580 pue
1984 2509 2052 2564 ab
2084 2507 2243 2565 Urbis
2271 2508 2648 2579 optimatibus,
2678 2524 2876 2582 magno
2903 2510 3121 2581 planctu
3157 2518 3214 2567 et
3239 2510 3441 2580 ejulatu

1858 2609 1919 2658 ut
1944 2602 2204 2674 oportuit,
2232 2601 2588 2669 lamentatus,
2614 2611 2738 2675 post
2771 2603 3089 2674 magniﬁcas
3118 2603 3442 2674 exequiales

1858 2695 2096 2768 agendas
2115 2694 2352 2752 olliciose
2377 2696 2511 2752 satis
2534 2704 2591 2752 et
2609 2696 2839 2752 honeste
2861 2693 3015 2765 juxta
3044 2697 3209 2752 ritum
3241 2694 3439 2751 Roma-

1860 2802 1988 2842 num
2034 2788 2174 2858 apud
2220 2795 2472 2843 sanctum
2520 2786 2744 2843 Petrum
2790 2786 3118 2853 celebratas,
3160 2787 3214 2842 in
3264 2787 3443 2843 medio

1861 2878 2029 2949 ipsius
2051 2878 2304 2952 paradysi
2345 2879 2523 2935 debita
2557 2877 2777 2934 laudum
2825 2887 2881 2935 et
2906 2894 3192 2951 ymnorum
3247 2879 3442 2950 inpen—

1863 2971 2017 3026 sione
2066 2971 2324 3042 gratiosa,
2356 2971 2709 3028 devotissime
2752 2978 2836 3032 est
2887 2972 3087 3027 tumbae
3116 2986 3442 3028 marmorea:

171 3058 358 3111 anima
391 3056 534 3111 illius
581 3056 889 3123 celebratis,
934 3058 987 3111 in
1036 3058 1280 3114 aacclcsia
1335 3066 1535 3112 sancta:
1573 3056 1755 3114 Petro.
1786 3097 1831 3160 Ο
1865 3061 2147 3131 inpositus,
2175 3071 2233 3116 ct
2286 3062 2360 3117 ita
2388 3060 2770 3118 decentissima
2818 3061 2923 3117 sibi
2950 3061 3305 3117 tumulatione
3333 3059 3444 3116 Deo

170 3146 351 3211 nellze,
379 3159 502 3216 quae
546 3145 871 3203 Vaticanum
901 3148 1165 3218 Apollinis
1194 3148 1496 3221 appellatur
1523 3148 1760 3219 antiqui-

172 3248 284 3301 tus,
302 3235 459 3305 juxta
481 3236 654 3295 altare
679 3238 1041 3305 Dominicum,
1064 3238 1130 3293 ad
1154 3239 1295 3295 latus
1322 3238 1531 3293 scilicet
1556 3247 1759 3294 sanctae

172 3326 519 3395 PetronellaI,
551 3344 767 3386 sacrum
808 3331 1031 3401 Agnetis
1060 3330 1426 3402 impcratricis
1468 3329 1758 3400 apostolica

173 3434 271 3476 sua
300 3420 640 3495 indulgentia
670 3431 724 3477 et
743 3423 1080 3480 absolutione
1109 3426 1399 3483 tautotiens
1447 3438 1477 3477 a
1525 3427 1762 3492 peccatis

173 3511 424 3593 remissae
460 3508 868 3582 cerpusculum,
899 3514 953 3568 in
983 3516 1319 3589 sarcophago
1358 3532 1759 3593 consrguatum,

173 3604 299 3660 cum
333 3605 513 3677 ymnis
542 3614 598 3684 et
635 3606 881 3664 laudibus
909 3609 1073 3665 totius
1114 3620 1316 3667 sanctae
1357 3612 1617 3670 Romana:
1659 3631 1763 3670 aec-

173 3696 357 3754 clesiae
380 3698 437 3752 in
463 3698 517 3753 id
546 3699 721 3770 ipsum
746 3703 1171 3760 consonantibus
1183 3704 1468 3775 dignanter
1492 3707 1759 3777 sepelivit.

244 3788 465 3845 Estivo
491 3797 733 3860 tetupore
760 3793 999 3864 ejusdem
1026 3794 1149 3849 anni
1174 3794 1432 3852 Romanae
1453 3799 1601 3853 urbis
1628 3813 1764 3867 prte-

175 3879 355 3935 fectus
366 3880 414 3950 (ι
426 3880 517 3951 67)
531 3896 560 3933 a
574 3882 895 3951 quibusdam
913 3882 1116 3950 Quintii
1133 3886 1396 3953 proximis
1419 3902 1517 3958 per
1536 3888 1761 3945 insidias

174 3972 500 4029 interfectus
528 3983 633 4029 est.
674 3974 776 4042 Qui
820 3973 936 4044 jam
981 3971 1179 4032 dudum
1227 3978 1424 4034 domno
1469 3982 1763 4050 apostoiico

173 4076 402 4138 peccata
432 4084 531 4124 sua
558 4071 802 4141 perfecte
830 4071 1111 4128 conf€§sus
1135 4081 1190 4127 et
1222 4074 1288 4129 ad
1327 4076 1495 4131 Deum
1537 4094 1760 4135 conver-

175 4172 303 4222 sus,
345 4158 609 4214 mundum
653 4176 777 4217 cum
820 4162 935 4216 suis
981 4150 1390 4220 delectamentis
1429 4166 1764 4227 illecebrosis

174 4250 431 4306 omnibus
457 4251 680 4306 omnino
711 4251 1016 4322 relinquere
1064 4262 1121 4309 et
1168 4257 1234 4309 ad
1282 4259 1596 4314 monasticae
1638 4261 1764 4316 vitae

172 4340 569 4413 perfectionem
613 4343 834 4397 tendere
857 4344 1393 4414 percupientissimus
1438 4349 1643 4415 voluit;
1681 4360 1766 4406 set

1862 3163 1919 3210 et
1943 3163 2132 3211 sancto
2171 3154 2333 3211 Petro
2362 3164 2449 3211 est
2491 3155 2558 3210 ab
2586 3154 3249 3211 omnibus'intentissime
3291 3168 3442 3208 com-

1861 3245 2169 3302 mendatus.
2198 3246 2440 3302 Tandem
2469 3262 2621 3312 vero,
2649 3247 2805 3318 cujus
2834 3247 2890 3303 in
2918 3246 3029 3302 vita
3056 3261 3154 3307 sua
3181 3255 3299 3318 tyro
3324 3261 3442 3301 mu-
3513 3280 3519 3287 ι

1862 3340 2121 3410 nicipatui
2176 3340 2460 3411 inpensius
2510 3339 2865 3405 militaverit,
2917 3347 2973 3394 et
3036 3337 3181 3408 quod
3245 3337 3445 3392 mundo

1862 3448 2053 3488 revera
2084 3449 2215 3489 usus
2237 3435 2309 3489 sit
2332 3442 2605 3503 tamquam
2638 3447 2743 3487 non
2770 3439 3039 3497 uteretur,
3068 3430 3246 3500 palam
3270 3427 3443 3484 omni—

1862 3521 1965 3578 bus
1988 3523 2264 3594 apparuit,
2308 3538 2432 3578 cum
2483 3531 2563 3577 tot
2594 3521 2869 3578 miraculis
2898 3530 2955 3577 et
2998 3519 3293 3576 virtutibus
3337 3534 3443 3573 non

1863 3613 2024 3668 modo
2081 3612 2362 3678 Romanis,
2388 3628 2576 3668 verum
2618 3628 2837 3684 quoque
2875 3613 3130 3668 omnibus
3189 3611 3314 3667 illuc
3350 3627 3448 3666 un-

1864 3704 2028 3775 dique
2080 3704 2537 3760 concurrentibus
2593 3703 2707 3771 jam
2758 3704 2981 3774 jamque
3042 3702 3447 3759 evidentissime

1864 3793 2152 3859 exclaruit,
2181 3809 2344 3863 quam
2377 3808 2605 3864 magnus
2630 3795 2703 3848 sit
2726 3793 2866 3863 apud
2896 3792 3089 3848 Deum.
3134 3791 3290 3847 Enim
3315 3805 3446 3845 vero

1869 3896 1944 3943 tot
1990 3895 2048 3942 et
2097 3896 2250 3942 tanta
2300 3887 2511 3941 meritis
2544 3885 2716 3956 ipsius
2765 3884 2963 3941 ibidem
2996 3885 3140 3940 Deus
3187 3890 3447 3953 operatur

1866 3977 2155 4048 magnalia,
2182 3987 2243 4032 ut
2260 3977 2347 4032 vix
2375 3976 2698 4047 quibusdam
2729 3974 2948 4046 probari
2978 3974 3207 4045 possint,
3237 3972 3448 4028 scilicet

1865 4069 2074 4125 aemulis
2095 4068 2262 4133 illius,
2293 4069 2345 4123 in
2370 4068 2601 4123 veritate
2629 4067 2797 4125 fuisse
2821 4065 2983 4123 facta.
3008 4064 3165 4122 Unde
3191 4079 3357 4129 nunc,
3385 4072 3447 4118 ut

1867 4160 2082 4216 illorum
2107 4159 2371 4215 invidiosa
2399 4158 2578 4230 palam
2601 4157 2977 4215 confutaretur
2997 4155 3372 4221 incredulitas,
3391 4154 3447 4210 in

1867 4237 2114 4319 proxima
2161 4249 2408 4305 Romana
2458 4248 2663 4321 synodo
2715 4248 2860 4321 (l68)
2889 4249 3137 4318 quaedam
3184 4243 3444 4302 miracula

1867 4342 1968 4397 sub
1996 4341 2307 4397 testimonio
2336 4348 2417 4396 tot
2459 4349 2516 4396 et
2542 4348 2820 4395 tantorum
2855 4340 3097 4396 virorum
3139 4348 3306 4395 tanta:
3348 4353 3445 4392 au-

175 4433 244 4487 ab
291 4433 594 4503 apostolico
625 4449 723 4505 per
767 4435 1154 4490 oboedientiam
1187 4438 1408 4492 omnino
1460 4439 1764 4507 prohibitus
1792 4435 1842 4494 D
1870 4434 2141 4491 ctoritatis
2189 4443 2409 4506 tamque
2456 4434 2840 4506 probabilium,
2874 4433 2987 4491 illic
3034 4433 3225 4503 procul
3279 4432 3445 4488 dubio

175 4534 280 4588 est,
306 4524 364 4579 et
398 4525 455 4578 in
485 4525 812 4594 praefectura
857 4541 956 4581 sua
991 4541 1311 4597 permanere
1344 4527 1528 4598 jussus
1556 4540 1673 4598 est,
1707 4541 1765 4587 ut

176 4614 291 4669 zelo
319 4614 418 4670 Dei
449 4624 696 4671 armatus
723 4626 778 4672 et
815 4617 981 4688 judex
1009 4618 1282 4687 aequitatis
1306 4628 1360 4673 et
1382 4619 1607 4690 justitite
1651 4636 1766 4678 ser-

174 4707 530 4764 vantissimus
558 4718 638 4763 tot
659 4707 1098 4766 malefactoribus
1121 4710 1436 4777 obsisteret,
1466 4718 1520 4766 et
1558 4711 1612 4767 iu
1661 4713 1764 4770 hac

176 4795 507 4853 obtedientia
534 4797 755 4855 Christo
784 4807 1063 4870 gratanter
1098 4799 1371 4856 militaret.
1399 4799 1552 4868 Quod
1576 4810 1631 4857 et
1656 4818 1762 4858 non

176 4889 401 4944 minimo
427 4889 715 4945 oboediens
743 4897 935 4944 conatu
975 4904 1072 4959 pro
1106 4905 1263 4961 posse
1298 4906 1395 4946 suo
1435 4889 1761 4946 omnimodis

176 4989 464 5036 exsecutus
488 4987 596 5034 cst.
625 4977 779 5035 Unde
805 4989 860 5034 et
887 4979 1137 5046 Quintio,
1184 4981 1595 5038 maleiactorum
1646 4994 1763 5032 om-

177 5072 320 5128 nium
368 5072 714 5145 primicerio,
754 5071 1157 5129 sollertissimus
1204 5075 1274 5129 ob
1312 5083 1390 5129 tot
1444 5083 1663 5137 rapinas
1708 5076 1765 5122 et

1865 4524 2015 4581 facta
2041 4525 2348 4597 litterisque
2380 4525 2760 4580 commendata
2794 4524 3008 4596 publice
3031 4524 3442 4586 recitabantur;

1864 4615 1935 4672 de
1989 4630 2221 4685 quorum
2267 4615 2449 4671 veraci
2506 4613 2771 4669 relatione
2819 4614 3046 4668 omnino
3103 4614 3186 4667 fas
3236 4627 3346 4668 non
3376 4611 3451 4665 sit

1863 4690 2175 4777 quempiam
2204 4706 2478 4761 dubitare.
2505 4702 2772 4771 Quiddam
2793 4718 2947 4768 vero,
2975 4703 3121 4771 quod
3150 4716 3259 4759 non
3288 4701 3452 4757 mini—
3547 4693 3561 4705 “

1868 4810 1972 4850 mat
2000 4794 2141 4864 apud
2190 4794 2468 4850 Romanos
2502 4791 2849 4848 admirationi
2904 4791 3225 4857 haberetur,
3272 4792 3451 4847 adhuc

1866 4886 2073 4942 viventi
2094 4887 2288 4943 eodem
2319 4883 2718 4941 interfectionis
2739 4885 2856 4956 ejus
2883 4898 3025 4938 anno
3053 4898 3248 4939 revera
3270 4894 3451 4941 actum

1869 4977 1924 5055 in
1951 4992 2017 5033 eo
2056 4975 2313 5035 refertur.
2355 4977 2601 5043 Quadam
2629 4990 2867 5046 namque
2899 4973 2985 5027 die
3024 4987 3152 5026 cum
3180 4974 3452 5043 quoddam

1868 5068 2175 5126 oratorium
2209 5082 2373 5130 causa
2420 5064 2683 5123 orationis
2711 5075 2796 5122 est
2845 5064 3142 5134 ingressus,
3177 5070 3302 5117 ante
3333 5061 3454 5119 ﬁni—

1454 5159 1687 5227 VARI/ﬁ
1721 5156 2101 5219 LECTIONES

245 5262 312 5294 ’“
338 5261 810 5319 commendaverit
843 5264 902 5319 2.

1692 5352 1830 5382 κινῇ
1848 5349 1898 5382 ι’
