3940 5382
533 222 633 288 407

532 437 681 509 longi
719 438 774 493 in
805 437 997 507 pollice
1025 454 1217 495 manus
1255 438 1395 494 illius
1424 448 1810 510 excreverant;
1853 460 1965 516 quo.
1992 445 2105 516 ipse

514 518 653 586 viso
678 529 745 563 "7
771 546 876 586 non
898 545 1089 600 parum
1122 545 1245 585 eum
1275 532 1546 598 omnibus,
1574 534 1769 605 quibus
1793 551 1915 592 mox
1947 552 2104 592 mon-

530 620 748 684 stravit,
779 620 1025 689 stupidus
1044 618 1286 685 etl‘ectus,
1312 631 1440 676 tunc
1460 624 1587 677 etin
1618 633 1892 693 posterum
1919 640 2103 682 secum

528 716 663 771 satis
680 714 865 770 mirari
889 714 1111 770 solebat.
1134 714 1189 769 In
1204 716 1390 770 eadem
1404 730 1616 787 quoque
1638 718 1845 788 synodo
1857 717 2101 795 qutedam

526 807 658 863 item
693 806 976 873 miracula,
1001 823 1121 877 quae
1145 807 1431 863 Mediolani
1455 810 1521 864 ad
1545 810 1894 881 sepulchrum
1918 811 2104 866 domui

528 894 801 950 Erlebaldi
838 895 1005 967 (169),
1033 896 1125 966 qui
1181 904 1235 951 et
1267 897 1379 967 ipse
1410 908 1629 968 propter
1659 898 1932 965 justitiam
1973 908 2102 954 ante

525 987 824 1042 triennium
867 1003 1062 1058 passus
1089 996 1192 1055 est,
1219 988 1362 1044 facta
1394 999 1542 1054 sunt,
1572 991 1940 1060 probabilibus
1975 1006 2100 1061 per-

527 1079 677 1135 sonis
706 1088 817 1134 tota
847 1080 1078 1136 veritate
1130 1079 1242 1136 illic
1291 1080 1679 1136 attestantibus
1707 1092 1763 1138 et
1793 1082 1990 1139 litteris
2038 1098 2103 1139 ea

504 1166 903 1226 commendata
950 1171 1465 1241 demonstrantibus,
1498 1160 1721 1228 recitata
1751 1182 1896 1229 sunt.
1927 1174 2026 1241 Qui
2049 1183 2105 1229 et

526 1262 645 1334 ipse
673 1273 860 1320 orator
909 1262 1351 1330 facundissimus,
1400 1250 1457 1319 et
1508 1264 1609 1320 sub
1639 1264 1868 1320 seculari
1913 1265 2103 1321 habitu

489 1377 498 1385 -
525 1355 730 1411 athleta
762 1357 859 1412 Dei
889 1357 1318 1425 sollertissimus,
1345 1359 1623 1414 canonicae
1648 1369 1987 1417 restaurator
2017 1360 2102 1416 di-

526 1446 771 1516 sciplinae
816 1454 873 1502 et
908 1447 1289 1515 observantiae,
1340 1449 1612 1506 nicolaitis
1662 1459 1718 1507 et
1769 1450 2103 1523 symonianis

524 1537 787 1594 hereticis
808 1538 925 1594 zelo
948 1539 1042 1595 Dei
1073 1540 1126 1594 in
1152 1548 1361 1595 tantum
1388 1541 1609 1606 restitit,
1634 1549 1692 1596 ut
1715 1541 1885 1596 ferme
1912 1542 1965 1596 in
1991 1549 2106 1597 toto

524 1625 916 1685 Mediolanensi
949 1631 1258 1702 episcopatu
1289 1632 1465 1687 nullus
1478 1647 1665 1697 eorum
1696 1616 2104 1689 non‘correctus

1426 232 1817 295 nemnem
1855 213 2906 299 ΡΒΕεΒῐτέιιίῐοῑδτᾹΝτιεΝεῑς

535 357 644 402 tam
678 344 978 404 arationem
1004 345 1111 402 duo
1141 346 1243 424 pili
1264 347 1333 403 ad
1382 350 1689 407 mensuram
1739 352 1891 422 digiti
1944 353 2104 409 unius
2132 357 2182 416 Α
2206 361 2297 410 cto
2323 356 2622 411 certamine
2654 357 2919 427 legittimo
2947 364 3055 411 tam
3100 357 3294 429 insigni
3336 360 3521 430 gloriae
3546 344 3807 420 cmlestis"

3682 245 3811 301 ωε.

2206 446 2481 518 triumpho
2503 450 2814 519 perenniter
2843 450 3091 505 coronari
3125 452 3372 508 delectat.
3408 454 3613 510 Eodem
3644 446 3811 513 anno’

2205 537 2450 605 quadam
2474 547 2719 595 matrona
2743 539 2796 593 in
2824 538 3140 595 Alemannia
3169 556 3395 612 puerum
3421 559 3530 599 non
3555 545 3785 600 multum

2202 626 2548 694 vivacem,et
2589 644 2712 684 cum
2760 644 2826 684 eo
2880 631 3086 698 pariter
3142 642 3305 704 caput
3338 636 3494 704 quasi
3547 636 3789 694 hominis

2203 716 2414 788 absque
2456 720 2709 775 omnibus
2749 721 3001 776 humanis
3034 724 3291 780 membris
3340 726 3673 794 solitarium,
3701 737 3788 784 set

2202 811 2394 867 vivens
2439 823 2494 868 et
2523 829 2589 868 ex
2623 824 2735 871 toto
2765 817 2975 872 cunctis
3017 818 3131 873 suis
3168 820 3419 875 sensibus
3462 820 3785 879 humanitus

2202 899 2343 954 bene
2386 900 2701 972 formatum,
2738 908 3035 976 generavit.
3082 907 3259 974 Quod,
3298 910 3424 963 dum
3479 909 3783 967 infantulus

2204 988 2295 1043 ille
2324 1006 2449 1048 mox
2480 997 2774 1051 moriturus
2810 996 3198 1067 baptizaretur,
3228 1000 3552 1056 obstetrices
3585 1017 3782 1074 accep-

2204 1090 2338 1146 tum,
2360 1096 2567 1141 secreto
2588 1095 2764 1144 tamen
2782 1099 3002 1158 propter
3023 1090 3289 1160 quandam
3315 1092 3781 1158 erubescentiam.

2203 1185 2257 1228 et
2286 1175 2481 1246 ipsum,
2509 1194 2608 1247 pro
2649 1187 2759 1234 toto
2784 1180 2999 1236 homine
3039 1197 3233 1238 nomen
3264 1183 3588 1253 inponentes
3622 1185 3692 1251 ei,
3724 1187 3781 1242 in

2202 1267 2419 1323 nomine
2444 1279 2647 1325 sancta:
2670 1270 2954 1327 Trinitatis
2974 1272 3353 1343 baptizabant;
3379 1284 3462 1331 set
3483 1291 3592 1331 non
3616 1276 3785 1333 multa

2201 1366 2325 1428 post
2359 1360 2717 1417 moriebatur.

2820 1490 3152 1551 MLXXVRI.

2276 1620 2576 1679 Roudulfus
2602 1638 2694 1679 rex
2719 1624 2773 1679 in
2811 1624 3046 1681 Saxonia
3078 1627 3218 1697 apud
3241 1627 3553 1685 Goslarium
3580 1633 3777 1687 nativi-

526 1718 644 1775 sive
675 1735 780 1776 non
813 1736 1110 1793 conversus
1146 1724 1501 1793 remanserit.
1536 1721 1595 1777 Si
1625 1723 1746 1793 quis
1794 1732 1974 1779 autem
2005 1740 2102 1779 ca-

2207 1720 2370 1768 tatem
2396 1714 2606 1769 Domini
2639 1731 2759 1771 cum
2804 1717 3055 1773 maximis
3083 1717 3366 1777 Saxonica:
3392 1723 3574 1792 gentis
3605 1727 3782 1797 copiis

525 1813 738 1869 nonica:
752 1806 1073 1868 districtioni
1096 1812 1390 1883 perduellis
1413 1822 1467 1868 et
1495 1813 1831 1868 inobmdicns
1855 1824 2101 1883 repertus

524 1914 635 1964 est.
662 1920 791 1961 mox
818 1905 933 1976 ipse
962 1906 1255 1976 assumptis
1283 1919 1465 1960 secum
1497 1905 1689 1959 turn‘is
1716 1906 1829 1960 suis
1854 1906 2103 1960 militari-

523 1997 648 2062 bus,
678 1997 745 2052 ad
771 1994 1089 2052 canonicam
1133 1994 1283 2050 illum
1327 2009 1611 2051 censuram
1660 2004 1751 2049 aut
1777 1996 1961 2068 coegit,
1987 1997 2101 2053 sive

523 2088 750 2158 fugavit,
783 2095 875 2142 aut
899 2096 1117 2159 captum
1146 2086 1528 2149 incarceravit,
1553 2095 1607 2141 et
1629 2088 1811 2141 omnia
1839 2102 1958 2157 qua:
1978 2102 2103 2156 pos-

524 2180 740 2235 sidebat
779 2178 1002 2249 diripuit
1030 2186 1082 2233 et
1114 2176 1417 2247 dissipavit.
1472 2176 1529 2230 ln
1559 2178 1711 2248 cujus
1739 2176 1991 2232 factionis
2021 2176 2103 2231 ul-

525 2270 727 2327 tionem
750 2254 986 2340 quidam
1035 2267 1478 2333 Mediolanenscs,
1511 2270 1599 2338 qui
1629 2269 1866 2338 episcopi
1894 2269 1976 2323 sui
2007 2284 2101 2341 sy-

524 2361 759 2418 moniaei
785 2360 952 2431 (I70),
987 2359 1074 2415 cui
1105 2367 1160 2414 et
1189 2360 1304 2429 ipse
1335 2367 1443 2414 tota
1490 2375 1595 2429 qua
1627 2367 1843 2428 poterat
1891 2361 2097 2416 virtute

524 2454 846 2509 adversatus
880 2459 987 2516 est,
1019 2465 1122 2505 nec
1150 2465 1256 2506 non
1286 2451 1430 2521 regis
1454 2449 1712 2516 Heinriei,
1744 2451 1838 2521 qui
1868 2453 2098 2507 eundem

522 2544 632 2599 illis
675 2543 975 2600 hereticum
1033 2543 1302 2613 apposuit,
1331 2542 1586 2613 morigeri
1643 2550 1700 2600 et
1736 2553 2100 2601 assentatores

523 2636 765 2705 fuerant,
790 2637 886 2693 Dei
942 2646 1189 2710 tyronem
1220 2634 1494 2707 egregium
1524 2650 1623 2704 pro
1670 2635 1882 2707 justitia
1909 2645 1965 2691 et
1996 2637 2100 2691 ﬁde

522 2742 627 2784 nec
654 2743 761 2784 non
786 2714 1112 2785 obmdientia
1135 2742 1299 2797 quam
1327 2724 1430 2796 ipsi
1458 2726 1688 2781 domnus
1718 2736 1859 2795 papa
1877 2726 2101 2781 Alexan-

527 2818 627 2875 der
674 2834 774 2889 pro
825 2818 1131 2890 hujusmodi
1182 2815 1441 2888 inposuit,
1492 2831 1589 2886 per
1640 2816 1866 2871 insidias
1916 2817 2100 2874 dolose

526 2907 769 2978 quinque
833 2907 995 2962 simul
1057 2906 1261 2961 lanceis
1326 2904 1630 2975 perfossum
1687 2907 2097 2962 interfecerunt.

529 2996 739 3054 Dehinc
771 2995 1115 3052 interfectum
1164 2996 1218 3050 in
1249 2994 1427 3066 platea
1456 2994 1697 3050 civitatis
1726 2997 1957 3051 cadaver
1985 2995 2099 3066 ejus

527 3086 782 3143 exanime
803 3100 903 3156 per
929 3086 1166 3141 triduum
1210 3100 1280 3140 ne
1322 3085 1612 3155 sepulturae
1639 3086 1964 3150 traderetur,
1989 3088 2102 3158 gla-

529 3176 760 3235 diatoria
791 3192 953 3232 manu
979 3177 1429 3232 inhumanissime
1460 3177 1877 3246 prohibuerunt.
1917 3176 2100 3233 Tertia

527 3280 660 3322 vero
718 3275 877 3324 nocte
933 3267 984 3322 in
1036 3261 1153 3337 ipsa
1203 3266 1320 3336 ejus
1366 3256 1688 3337 intempesta
1742 3268 1835 3321 lux
1884 3267 2102 3324 coalitus

529 3358 731 3417 emissa
753 3367 864 3415 tam
890 3359 1210 3428 clarissima,
1246 3371 1306 3416 ut
1336 3361 1554 3431 quidam
1590 3362 1680 3432 qui
1706 3365 1775 3419 ab
1813 3364 1947 3419 urbe
1980 3363 2104 3434 plus

533 3465 697 3523 quam
739 3451 924 3507 decem
956 3452 1189 3508 miliaria
1236 3453 1500 3517 aberant,
1547 3455 1907 3511 certissimum
1950 3456 2102 3511 urbis

532 3542 706 3612 ipsius
734 3541 1041 3599 incendium
1088 3557 1193 3598 non
1228 3542 1561 3608 dubitarent,
1601 3558 1764 3614 super
1786 3560 1981 3614 corpus
2034 3544 2103 3599 ad

532 3635 702 3691 trium
733 3635 990 3690 horarum
1015 3634 1245 3704 spatium
1273 3633 1634 3704 resplenduit;
1668 3642 1724 3689 et
1759 3635 1899 3689 inter
1923 3634 2106 3705 plures

533 3725 626 3796 qui
653 3740 751 3796 pro
782 3724 1087 3794 huiusmodi
1134 3724 1288 3793 signo
1319 3733 1729 3791 concurrerant,
1754 3725 1971 3795 quidam
2001 3723 2106 3779 fra-

535 3826 649 3872 tres
672 3816 768 3886 qui
796 3815 1094 3870 visionibus
1121 3815 1189 3869 ad
1218 3814 1320 3870 hoc
1353 3815 1406 3869 in
1434 3815 1641 3871 somnis
1664 3817 1964 3885 praemoniti
1996 3817 2107 3874 fue-

534 3914 681 3976 rant,
712 3908 970 3965 audacter
995 3906 1336 3973 accedentes,
1368 3908 1605 3963 tulerunt
1654 3924 1849 3979 corpus
1880 3907 2016 3978 ejus,
2051 3920 2107 3966 et

534 3999 718 4059 debito
742 4001 1045 4056 orationum
1083 4006 1140 4054 et
1183 3999 1535 4070 exequiarum
1579 3998 1776 4063 otiicio,
1809 3999 1919 4055 Deo
1946 4009 2106 4070 prout

532 4091 777 4161 oportuit
803 4089 1008 4162 gratias
1033 4096 1278 4158 agentes,
1308 4087 1362 4143 in
1393 4088 1726 4143 monasterio
1756 4089 1928 4143 sancti
1960 4089 2104 4144 Celsi

531 4179 793 4250 martyris
822 4177 1178 4247 sepelierunt.
1217 4178 1442 4231 Demum
1479 4191 1609 4232 vero
1635 4175 1819 4231 multis
1844 4178 2102 4234 virtutum

532 4280 590 4337 et
618 4268 1002 4325 miraculorum
1028 4267 1353 4323 testimoniis
1384 4267 1472 4321 hic
1504 4267 1588 4321 vir
1614 4266 1730 4330 Dei,
1761 4267 1960 4324 zelotes
1982 4284 2107 4338 pra-

531 4363 716 4418 vitatis
758 4362 1013 4418 beretiem
1042 4368 1151 4415 tam
1185 4360 1505 4425 industrius,
1534 4375 1722 4416 revera
1766 4361 1858 4415 Dei
1898 4362 2104 4417 amicus

532 4468 654 4510 esse
678 4463 733 4510 et
762 4453 927 4509 fuisse
956 4452 1326 4509 indubitanter
1353 4452 1485 4507 satis
1527 4453 1782 4509 divinitus
1818 4455 2101 4523 probatum

534 4552 640 4601 est.
676 4544 842 4615 Cujus
876 4542 1155 4598 industria:
1179 4552 1234 4598 et
1263 4542 1549 4598 intentioni
1584 4536 1879 4614 quemlibet
1906 4545 2103 4598 summi

535 4636 682 4705 regis
726 4634 951 4691 militem
971 4641 1027 4689 et
1047 4640 1248 4689 sanetae
1273 4632 1396 4687 tidei
1425 4631 1766 4689 defensorem
1803 4630 2017 4685 fortiter
2049 4639 2107 4686 et

535 4727 839 4786 exultanter
863 4729 918 4784 in
941 4727 1158 4785 Christo
1183 4725 1434 4783 insistere
1461 4740 1568 4783 non
1601 4724 1803 4797 pigeat,
1845 4724 1891 4779 si
1947 4734 2106 4793 pera:

2201 1804 2588 1876 gloriosissime
2614 1806 2933 1862 celebravit.
2954 1807 3066 1865 Rex
3089 1819 3268 1866 autem
3302 1812 3592 1869 Heiuricus
3622 1814 3776 1870 Rati-

2202 1908 2382 1965 Sponte
2409 1896 2571 1951 biduo
2603 1905 2810 1952 tantum
2837 1898 3305 1973 qualitercumque
3318 1918 3423 1958 non
3442 1905 3671 1960 multum
3703 1905 3771 1962 fe-

2200 1986 2340 2041 stive
2364 1986 2448 2041 vix
2480 2003 2841 2054 commorans,
2875 1990 3072 2045 iterum
3104 1992 3171 2046 ad
3219 1994 3561 2050 obsidionem
3591 1995 3774 2065 cujus-

2202 2074 2323 2131 dam
2354 2076 2590 2150 castelli,
2625 2078 2767 2132 unde
2800 2079 2951 2134 venit
2982 2079 3053 2112 ’⁸⁸
3088 2079 3239 2146 illuc,
3266 2092 3633 2153 properanter
3685 2101 3775 2142 re-

2202 2164 2372 2231 dibat,
2402 2166 2454 2220 iu
2486 2166 2592 2222 illis
2614 2166 2798 2224 Norici
2835 2169 2989 2224 sinus
3017 2170 3299 2228 orientalis
3327 2175 3574 2243 partibus
3606 2191 3779 2246 usque

2200 2255 2255 2311 in
2306 2258 2537 2314 mediam
2599 2259 3070 2333 quadragesimam
3123 2266 3636 2337 quomodocumque
3684 2283 3778 2338 per

2196 2352 2317 2409 loca
2347 2355 2587 2410 incertus
2621 2371 2842 2427 vagans,
2868 2365 2923 2411 et
2971 2357 3117 2412 illam
3155 2360 3388 2427 patriam
3416 2376 3636 2433 quoque
3672 2378 3775 2417 non

2202 2444 2429 2500 modicis
2485 2446 2745 2502 itionibus
2800 2447 3109 2518 bujusmudi
3166 2449 3434 2506 hostiliter
3464 2453 3774 2507 devastans.

2198 2536 2329 2617 inde
2355 2538 2520 2592 etiam
2548 2538 2754 2609 legatos
2791 2553 2919 2593 suos
2941 2540 3223 2612 episcopos
3249 2541 3704 2615 Osuiburgensem
3724 2526 3778 2599 et

2202 2628 2614 2688 Viridunensem
2630 2632 2777 2703 (171)
2800 2633 3025 2688 Romam
3050 2635 3116 2689 ad
3144 2636 3402 2690 dom'num
3424 2635 3776 2706 apostolicum

2202 2731 2256 2779 et
2317 2724 2384 2778 ad
2444 2724 2742 2780 Romanam
2800 2728 3067 2799 synodum
3122 2743 3222 2799 pro
3276 2743 3439 2787 causa
3472 2744 3571 2783 sua
3648 2727 3776 2783 inibi

2201 2815 2408 2885 agenda
2458 2815 2675 2870 direxit.
2709 2816 3059 2883 Legationem
3091 2828 3273 2873 autem
3314 2818 3673 2889 apostolicam
3722 2827 3777 2875 et

2201 2904 2736 2959 commonitariarum
2763 2904 2994 2961 Romani
3023 2907 3320 2962 eardinalis
3363 2908 3678 2963 litterarum
3709 2909 3777 2963 ad

2200 3008 2324 3050 eum
2353 3003 2720 3065 contemptum
2747 3004 2802 3051 et
2827 2998 3296 3053 conculcationem
3351 3008 3405 3055 et
3436 2999 3775 3054 inoboedien-

2204 3084 2357 3149 tiam,
2394 3100 2554 3155 quam
2586 3094 2697 3140 toto
2724 3087 2844 3141 nisu
2873 3088 3051 3158 palam
3085 3088 3338 3143 omnibus
3372 3088 3654 3158 professus
3677 3096 3773 3149 est.

2199 3174 2532 3228 astutissima
2562 3174 2793 3243 quadam
2821 3177 3126 3242 occasione,
3161 3192 3226 3233 ac
3257 3177 3300 3232 si
3328 3177 3497 3232 nichil
3522 3190 3777 3247 umquam

2196 3263 2281 3319 vel
2304 3279 2492 3334 parum
2522 3265 2652 3335 quid
2683 3265 2735 3319 in
2759 3266 2806 3321 le
2851 3268 3082 3331 audiret,
3112 3268 3336 3323 omnino
3383 3267 3768 3321 dissimulavit.

2199 3353 2311 3411 Bos
2354 3356 2516 3411 etiam
2561 3356 2627 3411 de
2673 3357 2878 3428 synodo
2925 3371 3241 3413 reversuros
3263 3357 3621 3426 Ratisponam
3671 3371 3777 3413 non
3818 3390 3821 3395 ν

2201 3459 2323 3501 cum
2352 3445 2571 3500 minima
2597 3445 2961 3503 sollicitudine
2983 3447 3322 3518 pmstolatus
3344 3457 3460 3514 est;
3483 3449 3687 3518 quippe
3704 3446 3776 3505 uti

2199 3552 2298 3593 sua
2328 3544 2464 3592 teste
2490 3538 2821 3593 conscientia
2847 3540 3170 3609 promeruit,
3200 3540 3455 3609 quiddam
3482 3539 3607 3594 novi
3640 3536 3778 3608 quod

2202 3630 2439 3684 maxime
2474 3628 2708 3684 noluerit
2751 3628 2820 3685 ab
2868 3630 3161 3699 apostolica
3193 3630 3322 3686 sede
3366 3630 3468 3685 sibi
3511 3625 3777 3698 reportari

2204 3734 2310 3774 non
2366 3719 2896 3774 dubitavit.—Rex
2954 3734 3171 3791 quoque
3223 3717 3521 3774 Roudolfus
3576 3726 3635 3773 et
3668 3718 3781 3788 ipso

2202 3812 2409 3882 pariter
2451 3826 2549 3866 nec
2591 3826 2696 3867 non
2745 3827 2935 3867 omnes
2976 3812 3324 3867 consentanei
3376 3811 3522 3866 illius
3572 3810 3779 3882 legatos

2202 3915 2353 3964 suos,
2388 3915 2493 3956 non
2535 3917 2677 3971 quos
2695 3902 3001 3969 voluerant,
3040 3912 3120 3958 set
3160 3901 3587 3975 qualescumque
3630 3909 3777 3971 pote:

2204 4002 2347 4057 rant,
2384 4001 2439 4047 et
2480 3994 2577 4049 bos
2604 3995 2894 4049 artiﬁciosa
2937 3994 3177 4065 qualibet
3216 3996 3505 4051 occasione
3533 4002 3590 4049 et
3616 3990 3775 4049 dissi-

2204 4085 2512 4144 mulatoria.
2525 4086 2593 4139 ad
2614 4086 2836 4140 eandem
2853 4076 3114 4156 synodum
3139 4086 3573 4148 transmiserant,
3587 4086 3780 4139 domno

2204 4176 2504 4246 apostolico
2552 4192 2733 4231 veram
2780 4191 2878 4246 per
2919 4168 3527 4232 omnia'obwdientiam
3556 4176 3775 4231 deman-

2206 4270 2421 4333 dantes,
2449 4276 2505 4323 et
2541 4276 2600 4323 ut
2650 4269 2988 4339 tyranniCam
3043 4277 3261 4337 tamque
3308 4266 3541 4322 flebilem
3575 4274 3775 4321 sancta:

2206 4360 2463 4415 :ecclesia:
2479 4361 2864 4416 desolationem
2890 4368 3113 4430 paterna
3136 4359 3496 4415 sollicitudine
3512 4354 3777 4428 respicere

2211 4449 2543 4519 dignaretur,
2576 4450 2817 4503 unanimi
2852 4457 3042 4520 rogatu
3084 4448 3186 4519 ipsi
3228 4433 3605 4504 sollertissime
3631 4463 3775 4504 com-

2208 4542 2552 4596 mendantes.
2592 4542 2778 4611 Legati
2803 4549 2982 4596 autem
3012 4541 3154 4611 regis
3167 4540 3427 4604 Heinrici,
3454 4540 3585 4609 quia
3608 4540 3775 4610 palam

2210 4632 2291 4687 ire
2307 4642 2361 4685 et
2381 4633 2561 4688 omnia
2576 4648 2694 4703 qum
2722 4634 3007 4688 voluerunt
3027 4630 3410 4701 pacitlcolibitu
3425 4630 3641 4687 edicere
3668 4630 3781 4685 etin

2208 4720 2583 4792 Longobardia
2620 4733 2676 4780 et
2703 4724 2755 4779 in
2783 4724 2898 4795 ipsa
2935 4722 3173 4780 Romana
3201 4722 3335 4778 urbe
3366 4730 3645 4793 poterant,
3668 4736 3783 4776 mus

1802 4831 2036 4890 VARUE
2075 4831 2479 4896 LECTIONES.

612 4952 678 4983 '"
702 4949 818 5007 uisa
844 4949 905 5015 2..
977 4948 1049 5007 ’Ψ
1080 4955 1298 5006 venerat
1323 4964 1415 5010 ea.

2032 5050 2264 5110 ΝΟΤᾸΞ.

616 5152 764 5223 H69)
788 5153 864 5207 De
897 5151 966 5223 ξε
998 5148 1409 5223 Εῖιβδεωρλεθιι
1458 5144 1811 5223 Arlempardo
1846 5144 2079 5223 wither:-

540 5213 887 5296 nulphi'His.
911 5220 1205 5297 yediolan.
1229 5219 1342 5297 _lih.
1381 5232 1466 5297 lii,
1493 5215 1886 5297 cap.”H,_sqq.
1924 5213 2097 5297 Pluri-

540 5284 865 5382 bui-a8““‘
910 5288 1268 5382 B°'l‘!"‘""!“-
1298 5284 1771 5382 .‘:..."-."‘.'“‘m‘i.‘l
1813 5284 2096 5382 δὶῖιῖηὲἵν

626 5352 761 5382 n-n"
796 5380 801 5382 _
836 5378 888 5382 __
965 5361 1053 5382 --ιε
1100 5358 1268 5382 -......I....
1298 5358 1411 5382 ηε..-
1446 5356 1510 5382 ..Α
1559 5369 1585 5382 ιι
1636 5352 1771 5382 ΑΛἾΚ
1838 5352 2073 5382 ’,τίη-,ιη-

2186 5143 2402 5201 Mediol.
2448 5141 2542 5196 lib.
2580 5156 2653 5203 tv,
2693 5155 2813 5209 cap.
2851 5136 2919 5193 10
2967 5138 3184 5209 (Murat.
3220 5137 3407 5209 script.
3463 5135 3598 5192 Rer.
3644 5136 3773 5209 Ital”

2206 5224 2247 5270 t.
2286 5215 2371 5277 IV,
2413 5230 2467 5283 p.
2498 5211 2587 5283 39,
2642 5217 2701 5283 et
2763 5205 3009 5283 Leibnit.
3042 5208 3253 5283 _Script_.
3307 5205 3568 5283 Brunsv.,
3616 5205 3770 5283 t._lil,
3856 5222 3859 5223 '

2204 5302 2258 5357 p.
2290 5275 2435 5354 727),
2464 5281 2552 5335 ubi
2583 5280 2746 5331 etiam
2779 5278 2978 5332 nimius
3009 5278 3124 5345 ejus
3158 5275 3307 5331 zelus
3357 5275 3771 5382 reprehensione

2205 5370 2311 5382 ..η-ι
2348 5360 2491 5382 ...ι-,ιο
2559 5347 2887 5382 Γηηΐιηοιιιιιιι
2932 5346 3175 5382 Croanrii
3231 5346 3316 5382 VII
3377 5345 3409 5382 Ιί
3529 5359 3549 5382 ι
3622 5353 3765 5382 anui-

2559 5347 2887 5382 l‘nnfnvnlnr
2932 5346 3175 5382 Croanrii
3231 5346 3316 5382 VII
3377 5345 3450 5382 lih
3529 5359 3549 5382 ι
3622 5345 3765 5382 anili-

2205 5370 2311 5382 “(In
2348 5360 2491 5382 ,ιη-ιι.
