3940 5382
118 265 235 324 ωε

1336 262 1679 320 ANNALES.
1719 292 1788 305 -
1825 264 1938 325 AN.
1995 266 2152 324 1078.

3306 273 3411 331 “0

119 380 383 446 neribus,
398 378 720 445 mendaciis,
738 377 1042 451 promissis,
1064 380 1523 436 assentationibus
1544 422 1558 446 ,
1580 395 1717 451 que-
1744 383 1793 445 Α
1820 380 2911 450 ctumsutcsollicitudinis,etdifﬁnitionis
2928 385 3158 444 tideliset
3175 389 3412 460 prudens

120 472 389 529 rimoniis
424 473 717 537 ﬂebilibus,
759 488 859 527 nec
911 488 1021 527 non
1050 473 1197 527 omni
1226 481 1344 528 arte
1386 481 1442 528 et
1488 474 1723 545 ingenio,

118 567 211 621 uti
260 566 315 619 in
356 564 675 635 huju‘smodi
718 564 1175 635 esperientissimi
1203 573 1379 630 erant,
1415 579 1447 620 a
1486 565 1726 622 minimis

117 657 379 727 adusque
445 656 714 712 maximos
746 697 762 723 ,
831 667 1118 727 corruptos
1146 697 1162 723 ,
1207 656 1442 712 'delusos
1474 699 1490 725 ,
1561 658 1728 714 dedu-

116 755 249 803 ctos
286 746 518 802 omnino
563 762 755 802 omnes
797 746 850 801 in
888 745 1127 801 favorem
1155 746 1235 800 sui
1278 747 1422 817 regis
1447 746 1727 803 attrahere

120 854 342 910 semper
379 854 490 894 non
518 839 824 901 cessabant,
855 847 911 892 et
946 852 978 893 e
1005 836 1221 893 diverso
1251 836 1305 891 in
1338 836 1525 892 odium
1554 846 1608 893 et
1637 852 1729 893 ca-

120 930 374 986 lumnias
407 929 657 986 Roudolli
684 928 829 999 regis
857 929 1245 999 permaximas.

201 1020 467 1091 Synodus
509 1021 706 1074 dehinc
743 1029 945 1074 statuto
975 1029 1217 1088 tempore
1244 1017 1418 1088 (172),
1455 1016 1507 1073 id
1545 1026 1629 1073 est
1666 1017 1724 1073 3.

120 1110 273 1167 Non.
307 1110 519 1175 Martii,
542 1110 734 1165 ordine
779 1111 1045 1166 canonico
1070 1110 1283 1164 initiata
1312 1120 1420 1173 est,
1457 1124 1581 1180 quae
1626 1109 1730 1164 fuit

123 1201 251 1257 fere
279 1202 353 1256 70
378 1201 760 1272 episcoporum
795 1202 966 1271 (l73),
1000 1201 1053 1256 in
1083 1202 1281 1272 quibus
1331 1211 1452 1257 erat
1486 1200 1729 1258 Alburnus

120 1294 423 1365 episcopus
454 1294 629 1363 (I74),
660 1294 753 1364 qui
784 1310 926 1350 unus
952 1295 1018 1348 de
1057 1293 1336 1358 fratribus,
1364 1294 1456 1365 qui
1505 1293 1559 1348 in
1607 1293 1727 1364 epi-

126 1394 362 1456 scopatu
397 1386 737 1451 Florentino,
766 1385 822 1441 in
851 1385 971 1441 loco
999 1387 1091 1457 qui
1123 1396 1350 1441 vocatur
1382 1385 1547 1442 Vallis
1604 1385 1731 1442 Um-

125 1474 294 1531 brosa
317 1487 753 1545 commorantur,
766 1493 862 1547 per
880 1477 1057 1549 ignem
1074 1487 1127 1533 et
1151 1476 1422 1533 ﬂammam
1444 1476 1509 1532 η
1531 1478 1727 1548 pedum

126 1568 355 1641 longam
384 1570 730 1640 pertransiit,
772 1580 827 1625 et
874 1571 1119 1636 Petrum,
1144 1560 1235 1641 qui
1268 1571 1593 1627 Florentium
1625 1585 1730 1626 tec-

127 1661 315 1718 clesix
336 1664 630 1733 episc0pus
660 1662 840 1718 dictus
863 1673 965 1727 est,
998 1677 1126 1716 vere
1155 1663 1531 1735 symoniacum
1569 1663 1730 1718 here-

1831 474 2197 530 misteriorum
2225 473 2317 530 Dei
2345 475 2710 546 dispensator,
2735 478 3128 536 sollertissime
3155 480 3410 550 ponebat.

1897 565 1955 621 ln
1980 565 2168 622 eadem
2199 566 2404 638 synodo
2450 567 2615 641 legati
2648 570 2792 642 regis
2828 570 3068 627 Heinrici
3094 572 3322 627 multum
3353 573 3410 628 in

1830 665 1930 722 tot,
1958 672 2094 727 quos
2118 657 2223 713 sibi
2260 659 2729 733 qualitercumque
2782 663 3140 728 assciverant,
3178 663 3411 720 fautori-

1827 748 1931 804 bus
1957 748 2183 803 animati
2206 757 2263 803 et
2282 749 2495 816 conﬁsi,
2521 750 2575 806 in
2612 752 2806 823 primis
2843 754 3186 809 omnifariam
3216 756 3414 820 domno

1827 839 2128 909 apostolico
2180 839 2570 896 oboedientiam
2596 882 2612 908 ,
2644 853 2715 900 .et
2742 859 2861 899 eam
2908 847 3416 917 quomodocumque

1827 931 2187 1001 probandam,
2217 947 2284 987 ex
2319 942 2475 1003 parte
2512 934 2715 990 domini
2761 935 2843 990 sui
2892 936 3106 1006 publice
3145 936 3416 1008 promise-

1830 1034 1974 1080 rant.
2003 1022 2245 1079 Tandem
2276 1040 2456 1082 causa:
2488 1025 2631 1082 illius
2667 1026 2896 1096 injurias
2942 1028 3042 1098 ipsi
3086 1043 3416 1100 magnopere

1830 1114 1885 1170 in
1911 1115 2127 1185 primis,
2156 1115 2352 1171 dehinc
2375 1115 2543 1170 totius
2565 1116 2856 1176 audientis:
2900 1131 3214 1181 consessus,
3240 1120 3418 1175 modis

1829 1205 2082 1261 omnibus
2101 1214 2157 1260 et
2181 1207 2508 1269 commentis
2527 1207 2597 1265 ad
2620 1207 2721 1264 hoc
2749 1207 3176 1274 instructissimi,
3205 1217 3260 1264 et
3286 1224 3414 1264 ora-

1832 1295 1968 1352 toria
1995 1296 2129 1352 satis
2156 1296 2584 1367 proclamationc
2614 1298 2893 1370 linguosi,
2920 1314 3027 1354 non
3072 1298 3418 1369 ineptissime

1830 1387 2117 1457 conquesti
2159 1396 2308 1443 sunt.
2342 1388 2516 1457 Quam
2545 1393 2699 1460 quasi
2728 1390 3087 1461 iustissimam
3122 1393 3205 1437 ι¹³⁹
3232 1394 3416 1451 cuncti

1831 1475 2099 1534 favorales
2143 1478 2287 1535 illius
2318 1482 2573 1536 concordi
2599 1490 2790 1537 tenore
2817 1491 2873 1537 et
2921 1482 3020 1553 ipsi
3051 1497 3417 1539 commurmu-

1832 1578 2040 1633 rantes,
2060 1567 2267 1638 judicio
2297 1571 2595 1641 apostolico
2622 1582 2679 1627 et
2728 1574 2975 1647 synodali
3018 1573 3415 1631 decernendam

1829 1660 2031 1717 obnixe
2055 1661 2283 1716 multum
2309 1664 2785 1721 commendabant.
2820 1664 2986 1733 Cujus
3004 1666 3220 1735 quidem
3242 1680 3419 1721 causa“:

128 1759 302 1811 ticum
331 1757 524 1823 fuisse,
547 1765 605 1813 et
631 1756 701 1813 ob
732 1757 837 1813 hoc
866 1758 1040 1828 ipsum
1075 1774 1181 1813 non
1215 1759 1604 1828 recipiendum,
1631 1773 1732 1815 nec
1763 1756 1805 1816 Β
1833 1762 2013 1808 status
2044 1754 2354 1824 ltujusmodi
2382 1765 2501 1810 erat
2521 1774 2535 1810 :
2556 1756 3157 1826 qu0tiRoudolfus,dttx
3186 1766 3241 1811 et
3263 1758 3418 1812 miles

130 1850 310 1905 oﬂicia
361 1850 511 1906 illius
554 1852 820 1917 heretica,
849 1852 1086 1907 intactus
1112 1868 1141 1905 a
1170 1851 1385 1906 flamma
1429 1859 1485 1906 et
1534 1851 1731 1908 illaesus

130 1943 375 2000 evidenti
399 1943 613 2015 judicio
635 1946 906 2014 probavit.
933 1943 1048 2001 lllic
1077 1960 1291 2016 quoque
1336 1946 1402 2000 de
1427 1944 1728 2001 Galliarum

132 2036 383 2104 partibus
412 2035 602 2091 aderat
628 2022 916 2107 episcopus
941 2037 1214 2109 Divensis,
1244 2038 1335 2109 qui
1362 2053 1468 2093 non
1494 2038 1730 2093 humana

136 2135 221 2182 sct
240 2127 424 2181 divina
448 2128 718 2183 electione
743 2129 1029 2200 cpiscopus
1044 2129 1216 2185 factus
1241 2128 1508 2201 est(l75).
1524 2130 1732 2201 Quippe

136 2230 300 2271 causa
332 2218 604 2273 orationis
634 2217 761 2292 dum
809 2235 868 2274 se
898 2220 1058 2274 domo
1082 2235 1180 2276 sua
1212 2219 1438 2274 Romam
1464 2232 1731 2286 moveret,

136 2310 206 2364 ad
255 2310 549 2367 Divensem
578 2310 859 2365 civitatem
901 2311 1009 2366 illic
1037 2321 1456 2382 pernoctaturos
1494 2311 1732 2367 devenit.

138 2402 374 2475 Legatus
406 2414 590 2459 autem
626 2405 939 2475 apostolicae
974 2405 1119 2460 sedis
1160 2403 1427 2460 Geraldus
1466 2403 1735 2460 Ostiensis

138 2496 448 2564 episcopus,
481 2497 572 2565 qui
605 2505 661 2551 et
684 2497 800 2566 ipso
825 2503 1069 2567 tempore
1098 2512 1163 2552 eo
1191 2490 1291 2552 loci
1321 2496 1609 2551 concilium
1636 2510 1735 2567 pro

138 2584 380 2640 utilitate
402 2595 455 2641 et
488 2587 815 2642 necessitate
840 2587 1099 2643 mcclesim
1120 2587 1354 2659 collegit,
1378 2587 1566 2643 videns
1587 2601 1733 2655 eum,

141 2692 250 2730 non
284 2692 481 2746 parum
518 2680 584 2734 de
611 2678 845 2735 adventu
894 2680 1040 2735 illius
1084 2680 1301 2749 gavisus
1338 2689 1452 2745 est;
1502 2695 1737 2750 namque

142 2767 246 2839 ipsi
284 2780 449 2825 notus
494 2782 550 2826 et
604 2772 967 2831 amicissimus
1010 2770 1208 2830 fuerat.
1267 2774 1333 2828 Et
1376 2774 1619 2828 osculato
1668 2788 1735 2829 eo

144 2859 331 2913 s’atim
364 2860 549 2915 intulit
582 2880 596 2916 :
634 2883 653 2914 ι
690 2862 836 2918 Bene
868 2864 1084 2928 venisti,
1111 2865 1237 2934 quia
1272 2865 1383 2919 Deo
1418 2873 1737 2920 auctorante

144 2952 309 3020 hujus
336 2952 619 3012 :ecclesim.
646 2955 901 3026 episcopo
927 2972 1026 3011 suo
1045 2957 1250 3012 orbata:
1277 2967 1333 3012 et
1363 2956 1657 3021 destitutae,
1685 2964 1738 3011 te

144 3058 243 3113 pro
277 3044 373 3101 illo
405 3047 720 3117 episcopum
748 3057 803 3103 et
830 3050 1170 3118 provisorem
1199 3049 1439 3103 habituri
1464 3064 1669 3104 sumus.
1712 3065 1732 3098 ι

1836 1847 1983 1918 regis
2015 1846 2277 1914 lleinrici,
2296 1849 2497 1919 quique
2522 1850 2623 1920 ipsi
2651 1858 2712 1904 ut
2742 1849 2918 1907 ﬁdelis
2941 1860 2993 1905 et
3016 1851 3068 1904 in
3098 1850 3300 1906 auxilio
3322 1864 3419 1921 per

1831 1941 2014 1996 omnia
2035 1956 2156 2012 qua:
2198 1941 2265 2007 ad
2289 1942 2439 2014 regni
2469 1942 2553 2014 sui
2582 1950 2881 1998 tutamenta
2909 1943 3244 2014 pertinerent
3273 1942 3420 1996 indi-

1834 2022 2034 2087 viduus
2059 2031 2363 2097 assisteret.
2394 2043 2861 2090 sacramentorum
2890 2033 3247 2089 firmamentis
3268 2030 3419 2103 adju-

1836 2131 1987 2180 ratus
2016 2122 2200 2192 fuerit,
2251 2140 2376 2180 eum
2425 2126 2637 2181 caneris
2681 2126 2796 2182 suis
2839 2126 3223 2182 consentaneis
3253 2142 3419 2198 regno

1835 2228 1933 2270 suo
1956 2214 2207 2286 perjurus
2225 2224 2280 2272 et
2299 2217 2540 2288 perfidus
2567 2218 2763 2287 injuste
2808 2218 3094 2289 expulerit,
3119 2226 3174 2273 et
3198 2219 3277 2274 sic
3304 2219 3418 2289 ipse

1836 2322 2062 2378 regnum
2091 2310 2416 2364 temerarius
2436 2308 2713 2365 invaserit.
2741 2308 2839 2365 Set
2867 2322 2976 2364 non
3005 2324 3069 2365 ea
3095 2309 3421 2365 necessitate

1837 2398 1982 2454 hanc
2011 2399 2423 2469 quaerimoniam
2468 2400 2668 2456 fecisse
2709 2399 2986 2456 dominum
3012 2414 3168 2455 suum
3190 2398 3420 2471 professi

1837 2501 1988 2556 sunt,
2019 2493 2151 2563 quin
2203 2493 2460 2549 facillime
2491 2508 2621 2550 suos
2676 2494 3021 2550 adversarios
3059 2496 3421 2561 comprimere

1838 2584 2036 2654 possit;
2061 2599 2244 2639 verum
2264 2584 2467 2639 idcirco
2484 2584 2739 2644 maxime,
2758 2585 2885 2654 quia
2902 2583 3107 2651 justum
3129 2583 3420 2654 etdignum

1838 2680 1940 2735 sibi
1973 2680 2145 2735 visum
2199 2681 2294 2745 sit,
2325 2680 2634 2750 apostolicae
2671 2680 2816 2735 sedis
2849 2679 3219 2735 ditlinitionem
3258 2692 3424 2748 super

1842 2773 1946 2829 hoc
1962 2773 2018 2829 in
2042 2772 2235 2847 primis
2258 2772 2625 2843 interpellare.
2642 2770 2930 2827 Nonnullis
2953 2769 3420 2843 igiturjudicibus,

1839 2864 1931 2934 qui
1956 2864 2172 2919 illorum
2219 2863 2504 2919 intentioni
2536 2862 2766 2918 benivoli
2800 2862 3069 2925 favebant,
3108 2861 3422 2917 indiﬂ‘ercn-

1840 2962 1923 3009 ter
1951 2954 2304 3024 complacuit,
2326 2955 2469 3025 quod
2503 2955 2575 3010 ob
2598 2964 2707 3009 tam
2737 2954 3083 3010 manifestam
3117 2963 3171 3009 et
3202 2954 3428 3010 sacrile-

1839 3059 1960 3116 gam
2004 3043 2142 3098 tanti
2190 3052 2374 3099 reatus
2407 3043 2701 3101 factionem
2736 3044 3016 3114 apostolici
3062 3044 3426 3098 anathematis

146 3135 213 3190 Et
253 3136 350 3192 ille
394 3139 694 3195 modestius
740 3140 1049 3205 subridens,
1080 3140 1323 3210 putabat,
1354 3155 1477 3195 eum
1526 3139 1629 3195 hoc
1654 3140 1741 3209 jo-
1766 3120 1808 3180 (ἶ
1842 3135 2112 3191 sententia
2138 3134 2438 3191 Roudolfus
2461 3151 2556 3191 rex
2580 3135 2805 3191 indilate
2829 3135 3074 3191 damnari
3099 3134 3296 3205 dignus
3312 3133 3426 3190 fue-

148 3230 324 3283 cando
363 3230 465 3285 sibi
487 3232 711 3286 dixisse.
737 3232 965 3298 Deinde,
996 3249 1120 3289 cum
1166 3249 1272 3289 non
1292 3232 1420 3302 joco
1466 3240 1550 3287 set
1593 3232 1737 3288 serio

148 3322 255 3376 hoc
279 3321 487 3377 dictum
512 3324 614 3379 sibi
643 3325 918 3381 veraciter
940 3327 1319 3397 persensisset,
1351 3325 1597 3381 inducias
1639 3341 1738 3396 pro

148 3413 257 3468 hoc
281 3416 638 3484 respondendi
659 3417 710 3470 iu
734 3419 1030 3473 crastinum
1056 3433 1225 3488 usque
1252 3419 1339 3472 vix
1364 3418 1433 3471 ab
1457 3432 1524 3471 eo
1549 3418 1737 3486 acqui-

150 3504 298 3559 sivit.
326 3504 385 3558 In
428 3505 539 3575 ipsa
573 3515 731 3562 nocte
761 3508 969 3577 pondus
1013 3523 1158 3563 cura:
1186 3506 1475 3576 pastoralis
1520 3521 1741 3575 quomo-

149 3592 461 3663 documque
500 3595 879 3672 subterfugere
928 3605 1041 3652 toto
1086 3606 1282 3651 conatu
1313 3596 1737 3666 praemeditatus,

150 3686 319 3741 sociis
341 3686 456 3742 suis
482 3687 532 3742 id
556 3688 940 3753 nescientibus,
964 3686 1081 3759 ipse
1104 3688 1252 3743 solus
1274 3689 1343 3743 ab
1363 3687 1442 3742 eis
1464 3685 1663 3742 furtive
1682 3701 1741 3743 se

150 3779 535 3844 subtrahebat,
569 3780 851 3849 cujusdam
899 3780 1012 3837 illic
1049 3780 1312 3837 :ecclesia:
1350 3780 1634 3837 latibulum
1682 3796 1742 3838 se

151 3871 528 3927 occultaturus
568 3872 765 3927 ibidem
798 3874 1105 3943 irrepserat.
1139 3873 1293 3929 Mane
1318 3873 1462 3930 facto
1491 3875 1617 3929 dum
1649 3874 1738 3931 diu

153 3961 356 4031 ubique
376 3946 605 4017 multum
630 3964 890 4034 quaesitus
916 3981 1023 4021 non
1053 3975 1235 4036 posset
1258 3965 1509 4034 inveniri,
1533 3965 1741 4037 legatus

153 4056 489 4125 apostolicus
521 4058 816 4127 assumptis
843 4075 1026 4114 secum
1070 4059 1199 4116 cieri
1237 4059 1511 4129 totiusque
1556 4059 1740 4131 populi

153 4164 262 4202 non
303 4150 534 4204 modicis
571 4150 1030 4220 proressionibus,
1063 4167 1185 4207 cum
1234 4151 1452 4206 letaniis
1482 4160 1538 4206 et
1583 4150 1743 4206 obse-

154 4241 494 4298 cratio:tibus
541 4257 637 4313 per
684 4243 958 4299 mcclcsias
999 4244 1119 4299 illas
1164 4243 1514 4300 devotissime
1538 4259 1659 4299 eum
1708 4258 1739 4298 a

154 4336 389 4391 Domino
426 4337 769 4406 quaeritando
795 4337 1079 4392 circuibat.
1104 4336 1240 4393 Cum
1267 4352 1400 4394 vero
1444 4337 1512 4411 ad
1546 4337 1738 4394 aaccle-

154 4427 291 4484 siam
320 4429 412 4484 ubi
439 4429 699 4498 fugitivus
726 4430 880 4484 latuit
909 4440 1226 4500 perventura
1257 4438 1363 4493 est.
1405 4429 1493 4483 lux
1526 4429 1740 4485 caelitus

153 4521 352 4576 emisse
389 4536 554 4591 super
584 4536 710 4575 eum
755 4520 1124 4589 resplendens.
1151 4519 1381 4575 electum
1412 4519 1505 4574 Dei
1554 4519 1740 4589 prodi-

167 4610 270 4666 dit.
302 4608 396 4664 Sic
426 4610 614 4679 itaque
651 4608 921 4679 proditus,
957 4609 1238 4680 regiminis
1287 4609 1539 4675 culmen,
1599 4610 1742 4679 quod

156 4715 222 4756 ex
248 4703 411 4771 corde
437 4701 729 4757 humiliter
755 4700 988 4772 fugerat,
1014 4699 1357 4770 dispositioni
1383 4698 1583 4754 divinae
1609 4700 1741 4755 sub-

157 4794 324 4858 ditus,
362 4809 698 4866 quamquam
732 4793 934 4849 invitus
969 4793 1155 4847 subire
1191 4801 1416 4849 coactus
1448 4799 1550 4847 est.
1579 4790 1741 4848 Tales

158 4897 661 4958 sempertantaaquc
675 4884 1027 4942 auctoritatis
1042 4893 1096 4939 et
1118 4883 1443 4939 reverentia:
1474 4883 1619 4938 viros
1655 4898 1741 4939 se-

162 4998 282 5038 cum
306 4966 985 5054 semperhabercsolebat,
1016 4977 1068 5031 in
1094 4991 1324 5047 quorum
1362 4973 1596 5033 censilio
1612 4973 1740 5031 etre-

1840 3231 1946 3296 rit;
1982 3239 2036 3286 et
2064 3230 2169 3285 hoc
2191 3228 2853 3301 plurimumrogitabant,
2878 3236 2939 3283 ttt
2965 3228 3016 3285 id
3041 3226 3428 3299 juridicialiter

1839 3320 2143 3384 decretum,
2171 3320 2434 3376 canonice
2458 3328 2829 3393 perageretur.

1910 3414 2154 3471 Domnus
2180 3422 2359 3469 autem
2383 3414 2733 3484 apostolicus,
2782 3413 2870 3470 cui
2915 3428 2980 3469 ex
3014 3421 3127 3469 toto
3152 3422 3279 3470 nota
3311 3419 3430 3467 erat

1846 3523 2026 3566 causae
2075 3507 2327 3564 instantis
2371 3508 2777 3576 interturbalio,
2819 3516 2875 3564 et
2923 3523 3085 3578 quem
3134 3522 3240 3563 non
3271 3506 3430 3562 facile

1848 3600 2170 3656 seductilem
2205 3600 2259 3654 in
2306 3614 2670 3670 personarum
2722 3599 3092 3670 acceptionem
3125 3598 3430 3655 adulatoria

1840 3692 2203 3764 quorumlibet
2229 3693 2553 3763 protrahere
2602 3700 2789 3763 posset
2835 3692 3268 3764 argumentatio,
3302 3698 3443 3759 ante,

1841 3790 2128 3858 utriusque
2142 3789 2324 3859 partis
2341 3796 2558 3844 cautam
2580 3788 3061 3850 cxaminationem,
3080 3795 3134 3842 et
3149 3788 3233 3841 cui
3252 3786 3430 3840 adlmc

1840 3895 2064 3951 prorsus
2090 3879 2143 3935 in
2172 3880 2338 3935 dubio
2362 3882 2624 3949 penderat
2651 3879 2858 3934 veritas
2900 3876 3433 3933 excommunicatio-

1841 3972 1926 4026 nis
1950 3970 2065 4041 jam
2093 3986 2190 4041 per
2218 3970 2554 4026 cardinalem
2578 3985 2737 4024 suum
2760 3968 2943 4033 factm,
2968 3983 3090 4023 sese
3120 3965 3281 4020 nichil
3308 3965 3434 4021 inde

1840 4075 2001 4132 posse
2030 4060 2349 4125 decernere,
2396 4058 2576 4130 palam
2612 4067 2945 4129 protestatus
2988 4065 3092 4113 est.
3136 4054 3437 4124 Utriusque

1841 4154 1984 4224 regis
2032 4140 2420 4208 obmdienti‘am
2443 4193 2459 4219 ,
2513 4151 2743 4224 legatos,
2778 4147 3258 4221 proclamationes,
3296 4159 3440 4214 quos.

1842 4248 2033 4311 ambos
2058 4247 2280 4317 quidem
2321 4262 2426 4303 non
2478 4246 2691 4301 modica
2742 4242 2871 4315 pars
2915 4242 3071 4313 regni
3112 4230 3435 4311 primatum,

1841 4338 2246 4408 episcoporum,
2290 4336 2534 4393 virorum
2567 4335 2898 4406 sapientium
2945 4341 3002 4389 ct
3051 4332 3438 4400 religiosorum

1840 4430 2055 4484 diverso
2085 4428 2304 4484 tramite
2334 4437 2706 4485 consentanea
2755 4433 3101 4497 sequeretur,
3148 4439 3207 4480 se
3237 4420 3443 4478 multo-

1845 4519 1987 4574 tiens
2041 4517 2257 4575 audisse
2300 4519 2678 4589 profitebatur.
2732 4517 2886 4575 Unde
2954 4526 3281 4587 oportunum
3335 4529 3442 4583 pro

1847 4608 2154 4680 bujusmodi
2185 4625 2307 4664 cum
2336 4620 2540 4666 sancta:
2599 4609 2858 4664 Romana:
2903 4609 3051 4665 sedis
3075 4607 3441 4677 optimatibus

1844 4710 1900 4754 et
1924 4699 2358 4770 magistratibus,
2399 4717 2498 4757 nec
2527 4716 2637 4755 non
2669 4716 2793 4755 cum
2846 4699 3046 4769 quibus
3073 4706 3277 4769 posset,
3304 4712 3435 4752 cun-

1845 4792 2056 4860 ctisque
2079 4807 2274 4849 sanum
2305 4790 2640 4862 sapientibus
2688 4806 2749 4847 se
2785 4788 3099 4846 necessario
3147 4787 3437 4846 consilium

1845 4890 1901 4935 et
1931 4882 2000 4936 ad
2033 4882 2135 4940 hoc
2160 4895 2371 4955 tempus
2398 4894 2699 4963 congruum
2748 4882 3066 4938 habiturum
3102 4881 3221 4938 fore
3245 4878 3441 4951 praedi-

1842 4974 2020 5039 cebat,
2043 4991 2114 5033 ne
2137 4978 2268 5050 quid
2296 4975 2496 5047 injuste”
2516 4977 2568 5030 in
2598 4975 2935 5034 alterutrum
2954 4972 3177 5031 illOrum
3208 4972 3277 5028 ab
3299 4984 3437 5041 apo-.

1482 5082 1712 5146 VARl/E
1753 5086 2163 5149 LECTIONES.
2218 5136 2223 5141 η

232 5216 301 5249 ’δ’
333 5215 629 5287 justissima
654 5212 689 5267 2

1667 5272 1901 5335 NOTAE.
