3940 5382
463 345 562 401 ιιι

1309 311 1700 399 sannio”)!
1746 340 2182 400 rassnvrsm
2220 325 2809 404 CONSTANTIENSIS

3615 344 3728 402 ΜΞ

465 460 654 518 stolica
683 459 811 514 sede
843 456 1244 513 decerneretur.
1290 455 1371 510 Ad
1404 455 1520 510 haec
1569 469 1758 511 omnes
1785 454 2037 510 sollerter
2065 457 2111 512 Α
2138 456 2191 511 in
2240 467 2439 513 terram
2491 458 2670 515 missis
2721 468 2775 514 et
2821 455 3098 520 extinctis,
3159 455 3322 526 hujus
3342 454 3732 512 damnationis

465 549 738 622 rogitabat
762 556 817 603 et
836 547 1235 612 commonebat,
1266 555 1326 600 ut
1375 547 1427 600 in
1455 561 1744 609 commune
1787 545 1896 601 Deo
1937 561 2038 616 pro

467 643 573 699 hoc
601 641 944 698 devotissime
971 639 1358 709 supplicarent,
1413 639 1672 709 quatinus
1727 638 1830 694 sibi
1871 639 2039 694 divini

473 734 557 790 sui
589 733 836 804 spiritum
874 731 1083 786 consilii
1113 731 1380 800 inspirare
1425 731 1766 801 dignaretur,
1812 745 1920 800 quo
1949 745 2042 785 au-

472 833 720 881 ctorante
779 829 965 878 sancta
1025 830 1200 876 mater
1251 820 1495 876 :ecclesia
1545 835 1642 890 per
1690 829 1769 876 tot
1822 821 2045 876 hereses

472 917 729 974 ecismata
781 923 836 968 et
884 913 1187 967 discordias
1235 911 1620 967 miserabiliter
1674 911 1954 982 dissipata,
1989 911 2044 966 in

473 1005 692 1062 Christo
722 1004 862 1059 uniri
893 1013 948 1060 et
974 1004 1248 1074 paciﬁcari
1278 1013 1603 1059 mereretur.

545 1095 638 1151 Sic
666 1096 832 1150 dilata
863 1094 1168 1165 httjusmodi
1212 1108 1384 1165 usque
1433 1094 1486 1149 in
1519 1094 1799 1150 sabbatum
1829 1104 2052 1151 senten-

475 1187 709 1251 tia,‘alia
741 1188 986 1257 quaedam
1014 1203 1134 1257 qua:
1161 1186 1421 1242 mcclesire
1459 1187 1678 1242 utilitati
1710 1197 1763 1245 et
1807 1189 2049 1245 necessi-

477 1281 574 1334 tati
623 1278 865 1349 proiicua
913 1277 1156 1343 fuerant,
1206 1279 1468 1334 canonica
1523 1278 1798 1351 diligentia
1851 1281 2051 1336 ibidem

479 1372 789 1430 cautissime
826 1380 1156 1443 pertractata
1205 1382 1260 1428 et
1305 1371 1527 1427 dillinita
1582 1381 1728 1427 sunt.
1761 1372 2048 1428 Inventum

481 1474 663 1520 autem
697 1473 751 1520 et
807 1464 1092 1518 dilIinitum
1135 1471 1217 1519 est
1246 1463 1313 1519 ab
1340 1463 1638 1534 apostolico
1665 1471 1720 1519 et
1757 1466 1968 1520 cunctis
2001 1464 2053 1519 in

485 1553 706 1611 Christo
727 1564 909 1609 sectum
951 1551 1361 1608 consulentibus
1407 1552 1713 1621 hujusmodi
1766 1569 1864 1624 pro
1913 1553 2056 1624 regis

485 1643 723 1700 Heinrici
751 1643 1089 1713 querimonia
1113 1644 1352 1714 prudens
1373 1653 1428 1700 et
1455 1644 1750 1699 discretum
1777 1644 1911 1699 satis
1931 1658 2058 1699 con-

484 1735 668 1790 silium
702 1752 715 1788 :
750 1733 894 1805 quod
919 1734 1032 1806 ipse
1070 1735 1300 1789 domnus
1348 1733 1697 1804 apostolicus,
1731 1736 1846 1791 sive
1870 1751 1970 1806 pro
1994 1751 2060 1791 eo

485 1823 649 1896 legati
673 1825 752 1880 sui
768 1801 976 1889 idonei,
1004 1827 1058 1881 in
1091 1801 1455 1881 Tlieutonieas
1487 1834 1673 1894 partes
1703 1801 1971 1891 venirent,
2009 1836 2066 1880 et
2094 1801 2137 1860 Β

488 1915 599 1972 illic
627 1915 679 1970 in
710 1915 830 1971 loco
843 1915 935 1985 qui
954 1915 1261 1992 aptissimus
1288 1915 1357 1970 ad
1386 1915 1487 1970 hoc
1509 1913 1693 1977 fuerit,
1727 1915 1877 1985 regni
1901 1915 2067 1970 totius

487 2007 773 2079 primates,
827 2008 1126 2077 sapientes,
1182 2015 1237 2061 et
1287 2007 1487 2076 quique
1541 2007 1828 2075 optimates
1873 2015 2069 2078 pratter

491 2107 752 2168 utrosque
800 2112 955 2168 reges
983 2097 1112 2166 ipsis
1142 2105 1516 2162 occurrerent,
1550 2105 1603 2152 et
1639 2097 1837 2152 ibidem
1883 2097 2068 2154 habito

493 2189 787 2260 colloquio,
812 2196 921 2244 tota
950 2189 1234 2259 utriusque
1260 2187 1476 2243 illorum
1511 2186 1988 2257 causajustissime
2018 2196 2074 2243 et

494 2281 699 2350 absque
719 2293 1073 2349 personarum
1116 2279 1431 2348 acceptione
1460 2278 1699 2334 discussa
1733 2286 1788 2334 et
1814 2277 2072 2334 ventilata

497 2372 567 2426 ab
593 2370 846 2427 omnibus
871 2378 964 2425 aut
1003 2367 1400 2438 justiﬁcaretur
1432 2377 1525 2423 aut
1552 2368 1989 2439 improbaretur;
2023 2380 2078 2426 et

499 2459 580 2516 sic
604 2459 879 2516 communi
905 2457 1156 2529 prudenti
1175 2459 1589 2529 justissimoque
1609 2460 1850 2516 omnium
1871 2461 2074 2533 judicio

497 2562 556 2608 et
580 2551 806 2608 consilio
854 2550 1319 2622 inrefragabiliter
1366 2551 1775 2619 decerneretur,
1808 2554 2078 2623 quomodo

499 2660 725 2716 regnum
755 2645 810 2700 in
845 2659 901 2700 se
925 2645 1098 2715 ipsum
1134 2653 1244 2700 tam
1294 2643 1683 2700 miserabiliter
1711 2646 2078 2701 scismaticum

508 2737 712 2794 factum
763 2747 817 2794 et
864 2739 1162 2810 perjurum,
1202 2737 1286 2794 vel
1317 2755 1460 2794 nunc
1488 2739 1679 2794 Saltem
1713 2755 1819 2795 non
1860 2742 2082 2796 omnino

505 2829 868 2894 desolaretur,
920 2832 1051 2900 quin
1107 2831 1289 2901 potius
1340 2830 1393 2885 in
1440 2829 1640 2885 Christi
1697 2847 1830 2902 pace
1881 2834 2081 2887 coadu-

505 2939 689 2985 natum
726 2938 780 2985 et
831 2939 1210 3001 recuperatum
1268 2928 1667 2984 rationabiliter
1717 2929 2080 2984 consolidare-

508 3030 597 3078 tur
643 3023 812 3092 (I76).

2141 549 2404 605 sententia
2453 549 2805 615 diﬂiniretur,
2879 547 3012 604 satis
3069 547 3269 603 obnixe
3328 546 3727 602 obtedieutiam

2142 638 2284 710 regis
2313 638 2548 695 Heinrici
2572 640 2803 710 primum
2833 639 2885 695 in
2904 640 3010 694 hoc
3038 638 3388 710 probaturus,
3419 651 3520 709 per
3545 635 3728 692 domi-

2141 745 2269 786 num
2302 733 2491 796 Deum,
2523 741 2578 788 et
2626 731 2672 788 si
2703 746 2763 786 se
2787 739 3015 796 amaret,
3045 730 3256 800 rogavit
3301 744 3428 784 eum
3465 736 3524 783 et
3552 727 3716 783 obse—

2144 821 2341 887 cravit,
2392 830 2448 876 et
2494 821 2823 892 paternitate
2865 820 3159 892 apostolica
3201 833 3300 889 per
3337 817 3550 889 legatos
3583 813 3734 868 illius

2145 911 2442 978 admonuit,
2475 919 2534 966 ut
2568 929 2758 983 pacem
2791 912 3018 971 ,cunctis
3044 910 3372 966 adversariis
3405 909 3524 964 suis
3555 921 3740 976 usque

2147 1005 2214 1060 ad
2245 1004 2390 1060 illius
2416 1004 2669 1074 colloquii
2718 1003 3104 1076 perfectionem
3153 1003 3398 1057 haberet.
3431 999 3639 1058 Deinde
3665 1006 3740 1052 ut

2150 1096 2326 1170 ipsum
2352 1112 2450 1169 per
2471 1097 2654 1152 omnia
2702 1097 3021 1154 honorando
3051 1095 3119 1150 ad
3149 1109 3474 1150 consensum
3504 1107 3734 1148 concoc-

2152 1191 2254 1248 diaa
2283 1191 2582 1246 industrius
2605 1190 2974 1254 contraheret,
2997 1187 3216 1243 nuntios
3240 1201 3368 1242 suos
3385 1200 3512 1240 cum
3540 1183 3736 1255 legatis

2154 1281 2298 1337 illius
2325 1296 2383 1338 se
2412 1282 2479 1338 ad
2510 1282 2660 1338 illum
2704 1281 3037 1336 directurum
3080 1277 3378 1348 prudenter
3408 1274 3734 1336 destinavit,

2155 1383 2233 1440 ut,
2250 1376 2406 1446 juxta
2433 1390 2589 1430 suum
2607 1372 3029 1442 beneplacitum,
3055 1379 3266 1441 tempus
3286 1378 3340 1423 et
3358 1367 3544 1422 locum
3570 1365 3736 1420 futuri

2157 1465 2410 1536 colloquii
2441 1465 2555 1536 ipse
2590 1464 2940 1527 deliberaret,
2973 1469 3028 1517 et
3083 1462 3186 1517 hoc
3233 1459 3383 1528 regni
3410 1456 3740 1530 primatibus

2159 1568 2214 1614 et
2243 1558 2454 1614 cunctis
2480 1557 2612 1612 illuc
2642 1554 3010 1613 convocandis
3041 1553 3409 1608 indubitanter
3459 1548 3738 1605 notilicato

2159 1664 2214 1708 et
2237 1651 2616 1723 praenuntiam,
2652 1648 2874 1704 nuntius
2904 1645 3234 1718 apostolicus
3261 1644 3488 1699 Romam
3519 1641 3741 1701 rediret,

2165 1744 2420 1816 quatinus
2471 1742 2616 1798 sedis
2660 1739 2970 1812 apostolica:
2998 1739 3158 1811 legati
3186 1740 3239 1794 in
3267 1737 3369 1792 hoc
3411 1735 3747 1791 destinatiet

2170 1834 2350 1900 electi,
2376 1836 2430 1887 in
2462 1842 2704 1902 tempore
2729 1841 2995 1900 oportuno
3043 1838 3301 1900 rectoque
3332 1828 3531 1883 itinere
3557 1835 3614 1880 et
3643 1823 3743 1895 ipsi

2173 1926 2374 1981 adhoc
2408 1925 2664 1979 instantis
2708 1938 2884 1978 causa:
2925 1921 3357 1979 conventiculum
3411 1917 3750 1975 consultores

2171 2016 2498 2073 mediatores
2539 2025 2593 2071 et
2643 2022 2980 2071 correctores
3024 2012 3201 2068 idonei
3245 2011 3616 2082 pervenirent.
3657 2007 3736 2062 ita

2173 2111 2364 2182 legatis
2410 2109 2569 2180 regiis
2598 2123 2632 2164 a
2671 2123 2730 2164 se
2774 2108 3004 2163 domnus
3041 2104 3388 2176 apostolicus,
3440 2113 3524 2158 set
3571 2111 3738 2156 tamet

2175 2202 2380 2269 absque
2427 2199 2721 2270 apostolica
2765 2196 3138 2253 benedictione
3165 2210 3327 2266 quam
3360 2194 3473 2265 regi
3509 2198 3748 2262 reporta-

2175 2293 2374 2358 verint,
2421 2289 2676 2356 dimissis,
2730 2288 2934 2343 idcirco
2960 2287 3082 2357 quia
3138 2286 3281 2341 fama
3322 2285 3530 2356 passim
3569 2300 3691 2340 eum
3721 2301 3748 2340 a

2177 2383 2370 2456 legatis
2393 2379 2704 2452 apostolicis
2723 2375 3252 2433 cxcommunicatum
3265 2375 3378 2446 jam
3393 2373 3562 2430 fuisse
3582 2373 3754 2444 (l77),

2178 2488 2507 2546 quamquam
2539 2469 2699 2526 dubia
2747 2467 3103 2524 mstimatione
3131 2466 3540 2536 prmdicaverat,
3565 2464 3631 2519 ad
3652 2479 3757 2520 ea.

2182 2578 2296 2625 tera
2322 2583 2440 2638 quae
2473 2565 2650 2620 adhuc
2689 2561 3021 2635 synodaliter
3043 2558 3392 2630 exsequenda
3423 2559 3755 2622 restiterant,

2181 2659 2471 2717 ellicaciter
2499 2671 2557 2712 se
2587 2655 2919 2711 conferebat.

2251 2749 2309 2805 In
2335 2749 2522 2805 eadem
2553 2745 2764 2818 synodo
2789 2745 3056 2800 sententia
3078 2740 3437 2798 anathematis
3453 2740 3580 2795 data
3600 2747 3681 2794 est
3699 2737 3758 2793 in

2185 2843 2465 2914 episcopos
2494 2839 2886 2902 Ravennatem,
2926 2834 3396 2898 Mediolanensem,
3423 2830 3756 2886 Cremonen-

2186 2944 2297 2988 sem
2323 2932 2416 2996 πο,
2441 2929 2866 2992 Tarvisiensem,
2897 2940 2998 2980 nec
3034 2939 3138 2979 non
3165 2924 3217 2977 in
3249 2937 3439 2978 omnes
3470 2921 3757 2993 Symonia-

2189 3042 2283 3082 cos
2306 3022 2601 3086 hereticos,
2629 3028 2684 3074 et
2732 3015 3047 3081 Nicolaitas,
3072 3009 3424 3085 pertinaciter
3453 3021 3509 3066 et
3551 3013 3760 3067 inoboe-

581 3115 639 3169 lu
663 3115 747 3168 die
770 3130 899 3169 vero
927 3114 1135 3170 sabbati
1165 3096 1395 3171 domnus
1418 3114 1745 3185 apostolicus
1769 3113 2008 3186 legitime
2034 3124 2089 3171 et
2116 3143 2159 3205 ρ
2190 3120 2404 3176 dienter
2437 3116 2489 3170 in
2520 3114 2602 3170 sui
2627 3111 2835 3167 erroris
2860 3110 3066 3165 insania
3109 3107 3384 3163 voluntate
3411 3115 3467 3160 et
3498 3105 3762 3161 industria

510 3204 756 3259 ordinate
783 3204 849 3258 ad
881 3204 982 3258 hoc
1035 3213 1279 3273 paratus,
1333 3214 1390 3261 et
1437 3221 1560 3261 cum
1594 3206 1706 3261 suis
1736 3204 2087 3275 sull'raganeis

513 3298 782 3368 synodum
845 3297 1140 3365 ingressus,
1195 3298 1484 3354 consilium
1539 3298 1855 3369 pratdictnm
1912 3299 2088 3369 palam

513 3391 765 3445 omnibus
785 3392 1080 3445 enarravit.
1111 3392 1321 3446 Etcum
1345 3392 1640 3461 placuisset
1667 3392 1941 3456 omnibus,
1967 3406 2091 3446 mox

517 3482 813 3551 apostolica
843 3483 1169 3538 auctoritate
1192 3483 1515 3538 ﬁducialiter
1536 3483 1809 3554 linguatus
1835 3493 1889 3538 et
1912 3499 2091 3537 arma-

520 3583 630 3641 tus,
657 3575 1022 3630 aiatltematis
1065 3576 1284 3632 vinculo
1316 3577 1632 3646 sempiterni
1669 3576 1942 3631 metuendi
1965 3576 2098 3631 mul-

523 3675 658 3732 tum,
685 3667 1064 3721 universaliter
1089 3684 1280 3724 omnes
1327 3668 1728 3732 condemnavit,
1779 3668 1894 3723 sive
1943 3682 2099 3740 reges

525 3772 621 3811 seu
670 3758 852 3822 duces,
899 3757 1202 3829 episcopos,
1261 3759 1509 3826 clericos,
1558 3774 1658 3814 nec.
1704 3774 1808 3813 non
1853 3774 1921 3813 ex
1965 3767 2098 3823 toto,

528 3851 859 3920 quicumque
881 3851 1082 3907 fuerint
1099 3853 1330 3923 majores
1353 3863 1410 3908 et
1431 3854 1691 3918 minores,
1707 3853 1796 3922 qui
1821 3851 2100 3916 versutiis,

533 3943 763 4007 artibus,
824 3943 1341 4007 machinationibus,
1384 3943 1715 3999 factionibus
1755 3959 1850 3998 seu
1874 3942 2104 4012 ingeniis

528 4032 883 4102 quibuslibet,
915 4033 1246 4104 colloquium
1290 4033 1420 4088 illud
1471 4033 1778 4089 condictum
1824 4049 1890 4088 ne
1930 4034 2102 4099 ﬁeret,

531 4125 998 4195 qualitercumque
1029 4142 1095 4180 ex
1124 4127 1302 4181 studio
1329 4134 1382 4181 et
1418 4125 1696 4180 voluntate
1743 4126 2108 4180 detrectarent

535 4225 592 4271 et
625 4217 956 4286 inpedirent,
978 4228 1029 4272 et
1061 4218 1153 4287 qui
1198 4216 1390 4290 legatis
1429 4217 1735 4287 apostolicae
1765 4217 1912 4272 sedis
1939 4217 2110 4287 quoli-

539 4308 634 4364 bet
660 4309 841 4375 modo,
873 4323 940 4362 ne
967 4308 1034 4362 ad
1067 4309 1207 4363 idem
1260 4309 1590 4378 colloquium
1643 4311 1929 4376 pervenire
1987 4324 2111 4379 pos-

537 4407 678 4464 sent,
705 4401 1149 4464 adversarentur,
1179 4408 1233 4454 et
1263 4401 1352 4471 qui
1382 4399 1886 4470 dilIinitiones,qua:
1915 4400 2112 4456 ibidem

2189 3216 2641 3284 perseverantes;
2670 3214 2724 3258 et
2766 3201 3080 3273 specialiter
3107 3199 3161 3254 in
3188 3213 3299 3263 eos,
3325 3197 3416 3266 qui
3445 3196 3588 3250 infra
3617 3195 3762 3261 bien-

2191 3304 2341 3370 nium
2366 3295 2666 3360 temerarii,
2694 3294 3026 3362 pervicaces,
3053 3300 3107 3344 et
3131 3287 3550 3351 incontinentes,
3580 3286 3767 3341 accele-

2195 3397 2442 3456 siasticas
2467 3392 2839 3449 ordinationes
2867 3388 3084 3443 datione
3113 3385 3383 3454 peccunia:
3404 3382 3507 3438 sibi
3533 3377 3764 3449 acquisi-

2199 3498 2303 3553 tas,
2332 3486 2569 3548 relictas,
2604 3492 2658 3537 et
2686 3479 3023 3536 concubinas
3057 3476 3158 3531 sibi
3211 3473 3532 3528 interdictas
3553 3477 3767 3540 aposta-

2200 3583 2306 3637 tica
2332 3575 2756 3650 prmsumptione
2786 3575 3124 3639 receperant.
3167 3564 3268 3632 Qui
3297 3563 3517 3632 quidem
3551 3571 3770 3614 numero

2204 3690 2311 3729 non
2343 3670 2498 3740 pauci
2529 3669 2582 3723 in
2631 3663 2832 3721 nostris
2858 3661 3103 3734 partibus
3154 3657 3368 3727 publica
3402 3653 3691 3727 tyrannide
3719 3650 3770 3740 in

2203 3739 2546 3819 authentieas
2576 3769 2856 3811 sacrorum
2888 3764 3158 3806 canonum
3182 3745 3491 3802 sanctiones
3523 3739 3772 3813 perduel-

2202 3859 2281 3911 les
2313 3849 2661 3910 insanissime
2689 3841 3114 3912 consurgebant.
3173 3836 3284 3892 lllis
3329 3847 3549 3904 quoque
3579 3830 3782 3898 absque

2207 3964 2302 4019 spe
2330 3940 2691 4000 restitutionis
2716 3932 3157 3992 inrevocabiliter
3205 3927 3426 4019 omnino
3465 3939 3566 3993 per
3601 3921 3774 3976 datam

2203 4016 2515 4112 judicialcm
2539 4029 2864 4087 sententiam
2895 4025 3223 4094 quicumque
3272 4016 3492 4072 ordines
3511 4022 3568 4068 et
3595 4024 3780 4110 cause:

2211 4106 2508 4192 crationes,
2531 4131 2757 4192 excepto
2785 4117 2899 4173 solo
2923 4115 3214 4186 baptismo,
3255 4106 3489 4175 adempti
3516 4112 3667 4166 sunt,
3697 4106 3782 4169 qui

2213 4239 2310 4296 per
2338 4222 2624 4292 episcopos
2638 4211 2813 4269 ollicio
2833 4217 2888 4264 et
2915 4201 3238 4263 sacerdotali
3262 4199 3549 4296 dignitate,
3580 4202 3786 4263 aposto-

2216 4288 2316 4370 lica
2359 4288 2640 4367 sanctione
2684 4303 2942 4373 privatos,
2976 4306 3032 4351 et
3063 4293 3298 4349 nondum
3345 4288 3456 4342 sive
3483 4301 3582 4355 per
3607 4299 3669 4338 se

2214 4419 2316 4476 per
2362 4408 2571 4456 certum
2621 4395 2790 4465 ipsius
2829 4390 3066 4460 legatum
3113 4380 3289 4438 ordini
3344 4377 3648 4476 restitutos,
3679 4373 3788 4473 ubi~

537 4505 638 4561 pro
666 4493 971 4560 hujusmodi
1012 4508 1172 4548 causa
1226 4461 1297 4548 et.
1333 4493 1601 4550 discordia
1653 4502 1708 4548 et
1757 4492 2111 4549 seditionibus
2137 4485 2188 4544 D
2218 4461 2452 4564 cumque
2481 4488 2654 4545 ollicio
2675 4490 3098 4556 pncsumpluosc
3141 4478 3396 4541 “summo
3423 4481 3481 4522 ⁵⁸
3521 4461 3786 4564 ξτάξωῖᾒ

541 4593 653 4638 tam
703 4585 953 4639 maximis
982 4600 1010 4638 a
1047 4584 1239 4656 legatis
1278 4584 1590 4654 apostolicis
1631 4593 1687 4641 et
1714 4588 1923 4640 caeteris
1967 4584 2120 4654 regni

545 4676 870 4745 primatibus
897 4677 1250 4746 optimatibus
1270 4688 1324 4733 et
1354 4678 1689 4748 sapientibus
1711 4679 1777 4734 ad
1808 4679 1910 4734 hoc
1936 4677 2121 4733 lauda-

547 4776 790 4821 mentum
840 4768 1136 4823 nominatis
1183 4778 1237 4823 et
1287 4769 1504 4835 electis,
1551 4771 1911 4825 communiter
1961 4768 2016 4823 in
2068 4769 2123 4823 id

546 4859 723 4928 ipsum
749 4861 1206 4917 concordantibus
1234 4870 1627 4927 statuerentur,
1670 4872 1854 4917 tenere
1892 4869 1946 4917 et
1974 4861 2122 4915 inre-

547 4949 883 5022 fragabilitcr
904 4952 1198 5010 observare
1222 4953 1540 5010 refutarent.
1588 4953 1678 5010 Sic
1702 4970 1849 5018 cum,
1882 4951 2124 5009 candelis

2225 4555 2392 4646 immo
2421 4584 2600 4656 potius
2629 4574 2939 4636 deordinari
2989 4570 3468 4656 praesumpserant.
3499 4555 3788 4656 Ecclesias

2226 4645 2391 4737 etiam
2418 4645 2793 4744 quascumque
2816 4667 3169 4721 consecratas
3216 4657 3284 4710 ab
3310 4653 3410 4744 eis,
3460 4657 3649 4718 utpote
3689 4645 3790 4743 Deo

2226 4743 2523 4837 numquam
2552 4759 2811 4818 canonice
2837 4754 3100 4816 initiatas,
3145 4764 3174 4802 a
3215 4743 3405 4816 primis
3430 4750 3788 4796 recousecrart

2227 4868 2495 4932 oportere,
2528 4855 2632 4910 illic
2661 4849 2960 4922 judicatum
2991 4853 3045 4899 et
3070 4847 3330 4897 statutum
3351 4842 3454 4932 est.
3489 4921 3525 4932 ,Δ
3571 4918 3606 4932 Δ.

2298 4950 2356 5005 1η
2412 4947 2578 5001 laiccs
2641 4917 2854 5012 quoque
2915 4936 3304 5006 cujuscumque
3358 4918 3638 4994 dignitatis
3679 4917 3790 4969 data

3562 5025 3660 5032 ..-Α
3697 5020 3789 5032 ..Ασ-

3938 983 3940 1072 l

3938 1149 3940 1228 l
