3940 5382
64 367 178 469 με

1324 392 1667 451 ANNALES.
1720 392 1914 448 --AN.
1953 395 2112 451 £078.

3255 395 3362 451 4η

81 519 515 566 rumnmmn
553 509 772 565 decreta
811 506 1181 580 episcopatus,
1213 508 1495 575 abbatias,
1539 523 1681 580 prze-
1709 511 1760 570 Α
1789 506 1856 560 tis
1884 507 2219 564 obmdienter
2243 507 2465 564 subesse
2494 516 2550 562 et
2571 507 2754 562 favere
2791 506 2972 563 studio
3003 514 3057 562 et
3082 506 3362 562 voluntate

80 601 391 670 posituras,
445 591 869 670 qualescumque
921 599 1234 666 aacclesias,
1279 601 1543 666 decimas,
1596 597 1682 654 vel

83 706 465 761 quascumque
496 690 910 746 :ecclesiasticas
951 691 1266 762 dignitates,
1308 692 1530 748 cuilibet
1575 692 1682 746 cle-

85 783 204 836 rico
259 797 358 835 seu
410 781 733 850 cuicumque
780 796 1028 850 personae
1070 782 1224 853 juxta
1274 783 1680 853 usurpationem

85 889 246 928 snam
311 873 596 942 antiquam
667 872 721 926 iu
802 873 1125 928 benelicium
1198 874 1368 941 dare,
1427 883 1482 930 et
1538 876 1680 945 quod

88 963 315 1016 domino
372 961 483 1016 Deo
547 962 700 1031 prius
762 963 1022 1018 canonica
1087 973 1143 1018 et
1214 964 1450 1035 legitima
1512 966 1681 1021 tradi--

93 1052 241 1106 tione
268 1051 323 1105 in
359 1051 746 1122 proprietatem
780 1064 835 1107 et
867 1053 1148 1108 servitium
1205 1053 1448 1125 legaliter
1469 1055 1683 1127 delega-

91 1151 205 1196 tum
235 1151 344 1207 est,
371 1141 475 1196 hoc
500 1143 652 1211 quasi
685 1143 964 1212 proprium
1008 1145 1266 1214 quiddam
1321 1154 1376 1200 et
1414 1146 1685 1201 heredita-

94 1233 236 1287 rium
265 1232 406 1288 iaica
438 1243 492 1289 et
517 1248 622 1288 non
659 1244 974 1289 consecrata
1006 1234 1115 1290 Deo
1139 1250 1322 1301 manu,
1352 1237 1684 1292 consecratis

96 1324 210 1379 Deo
239 1324 432 1379 altaris
460 1334 515 1380 et
543 1325 939 1381 mcclesiasticae
961 1326 1388 1396 dispensationis
1419 1327 1684 1382 ministris

95 1418 503 1488 procurandum
552 1427 606 1472 et
649 1419 1009 1473 ordinandum
1054 1421 1376 1474 contradere
1401 1433 1496 1474 seu
1542 1434 1684 1489 pra:-

98 1519 241 1565 szare
262 1511 487 1565 omnino
513 1511 977 1581 praasumpserint.

167 1600 275 1655 lllic
298 1615 517 1671 quoque
547 1601 814 1656 sententia
845 1602 969 1656 data
1000 1611 1106 1667 est,
1131 1610 1192 1656 ut
1234 1603 1524 1658 anathema
1550 1604 1682 1668 sint,

100 1694 404 1764 quicunque
437 1695 669 1762 przedas,
725 1694 963 1762 rapinas,
996 1710 1091 1748 seu
1120 1694 1390 1764 quaslibet
1425 1695 1686 1749 artilicio—

100 1801 185 1839 sas
230 1785 554 1840 temerarias
599 1784 908 1840 invasiones
961 1785 1014 1839 in
1045 1785 1307 1841 aecclesiis
1357 1785 1466 1840 Deo
1496 1801 1688 1840 conse-

1781 595 1836 652 in
1859 613 1992 668 pace
2020 598 2221 654 Christi
2255 599 2541 653 unanimes
2570 613 2674 653 non
2705 607 3004 654 cessarent.

1854 687 1969 744 Rex
1999 689 2231 759 denique
2261 688 2546 744 lleinricus
2591 690 2730 760 apud
2780 689 3129 760 Ratisponam
3183 702 3248 742 ex
3283 686 3362 742 le-

1782 779 1925 849 gatis
1968 781 2103 845 suis,
2141 780 2234 851 qui
2292 795 2404 850 pra:
2459 782 2672 834 caeteris
2710 780 3114 834 festinantiores
3150 779 3216 833 ad
3241 795 3365 834 eum

1781 884 2275 944 prmcucurrerant,
2330 875 2590 944 quosdam
2639 873 2974 944 praestolatos
3002 882 3059 928 et
3091 871 3201 927 illic
3236 888 3368 927 con-

1781 975 1994 1030 ventos,
2027 981 2148 1022 mox
2175 964 2569 1037 aliquantulum
2610 965 2888 1020 subtristis
2915 965 3042 1020 inde
3067 978 3127 1020 se
3150 963 3369 1035 Mogon-

1784 1054 1982 1110 tiacum
2035 1065 2412 1126 properanter,
2445 1055 2586 1110 diem
2615 1055 2743 1109 inibi
2774 1055 3074 1125 palmarum
3120 1061 3366 1118 acturus,

1781 1149 2174 1215 promovebat;
2215 1146 2448 1218 indeque
2501 1146 2782 1201 Coloniam
2839 1145 3134 1202 contractis
3181 1160 3367 1201 secum

1784 1253 1922 1308 quas
1967 1239 2140 1309 potuit
2181 1239 2411 1294 militum
2440 1223 2661 1293 suorum
2690 1238 2860 1307 copiis
2887 1238 3259 1308 pertendebat.
3292 1237 3369 1292 lbi

1786 1346 2003 1402 quoque
2028 1348 2134 1386 non
2166 1331 2392 1387 multum
2424 1331 2656 1400 gloriose
2684 1331 2884 1401 pascha
2916 1331 3046 1401 egit.
3074 1331 3370 1401 Postquam

1784 1437 1936 1490 vero,
1987 1423 2182 1494 legatis
2215 1424 2328 1479 suis
2357 1439 2481 1479 cum
2535 1421 2845 1492 apostolica:
2877 1422 3022 1477 sedis
3064 1422 3268 1477 nuntiis
3315 1432 3373 1478 et

1787 1533 1910 1574 cum
1971 1517 2268 1588 apostolica
2322 1515 2528 1588 pariter
2580 1515 2848 1586 legatione
2876 1515 2987 1584 jam
3019 1515 3086 1568 ad
3125 1530 3247 1570 eum
3280 1528 3370 1569 re-

1787 1609 1984 1674 versis,
2014 1607 2195 1662 omnia
2234 1623 2355 1678 qua:
2383 1607 2436 1660 in
2490 1605 2732 1661 Romana
2782 1606 2989 1677 synodo
3017 1613 3138 1659 acta
3167 1615 3292 1660 sunt
3319 1613 3374 1660 et

1792 1699 2028 1765 decreta,
2078 1699 2337 1754 relatione
2390 1699 2568 1753 veraci
2623 1697 3069 1768 diligentissimus
3097 1711 3377 1766 comperc-

1792 1799 1900 1855 rat,
1930 1806 2052 1845 mox
2111 1790 2178 1843 ad
2228 1789 2399 1845 solita:
2453 1789 2721 1844 versutias
2775 1788 3040 1842 vecordia:
3096 1801 3216 1841 cum
3261 1786 3376 1841 suis

102 1875 282 1939 cratis,
311 1874 426 1930 sive
473 1874 528 1930 in
582 1875 952 1931 tecclesiarum
998 1875 1155 1931 atriis
1197 1886 1252 1931 et
1295 1864 1598 1941 cimiteriis,
1635 1877 1764 1936 etB
1793 1880 2138 1935 auriculariis
2201 1894 2385 1934 secum
2438 1879 2729 1949 assumptis
2795 1887 2938 1932 totus
3003 1876 3378 1932 sollertissime

104 1965 347 2020 claustris
373 1968 584 2034 pariter
611 1969 959 2031 consecratis,
1003 1983 1096 2022 seu
1137 1968 1189 2022 in
1227 1967 1313 2023 bis
1335 1969 1683 2024 azcclesiasti-

105 2056 174 2109 cis
219 2057 386 2111 rebus
417 2056 852 2126 possessionibus
882 2065 937 2112 et
968 2057 1313 2128 pertinentiis
1357 2058 1686 2128 quibuslibet

106 2161 283 2200 carum
362 2145 547 2203 facere
593 2149 1054 2218 prtesumpserint.
1101 2149 1229 2217 Qua:
1274 2151 1528 2220 specialia
1577 2165 1687 2222 prae

104 2237 310 2293 ceteris
363 2238 433 2292 ad
487 2237 807 2310 praebendas
859 2241 1186 2296 cottidianas
1239 2251 1296 2296 et
1346 2243 1687 2301 omnimodas

102 2329 411 2385 victualinm
448 2340 507 2386 et
552 2343 864 2404 sumptuum
921 2335 1353 2390 necessariorum
1401 2337 1685 2408 dispensa-

104 2421 272 2477 tiones
287 2422 698 2490 canonicorum,
722 2423 1065 2491 clericorum,
1081 2427 1529 2496 presbiterorum,
1568 2444 1688 2484 mo-

103 2513 419 2580 nachontm,
448 2515 720 2587 virginum
756 2519 1268 2585 sanctimonialium,
1315 2537 1415 2577 nec
1450 2538 1555 2578 non
1589 2525 1689 2578 sub

103 2607 281 2677 regula
315 2617 638 2663 cunctorum
669 2609 886 2666 Christo
913 2611 1270 2668 servientium
1313 2615 1606 2684 separatim
1635 2623 1692 2670 et

103 2701 248 2768 quasi
298 2702 517 2772 proprie
567 2702 843 2758 nominata
898 2720 961 2760 ac
999 2706 1217 2761 decreta
1272 2707 1507 2762 attinere
1535 2707 1690 2763 dino-

103 2800 347 2846 εευηιυς.

173 2881 412 2937 Domnus
433 2899 566 2940 vero
591 2887 920 2955 apostolicus
961 2887 1010 2942 id
1035 2890 1269 2945 maxime
1301 2891 1352 2944 in
1382 2891 1688 2969 huiusmodi

106 2974 334 3028 decretis
385 2975 712 3040 intenderat,
765 2990 823 3032 ut
871 2996 1002 3049 pace
1057 2995 1152 3049 per
1199 2983 1473 3037 mcclcsias
1503 2985 1686 3048 facta,

109 3066 354 3134 quamvis
392 3068 629 3137 undique
676 3069 811 3124 bella
843 3080 897 3124 et
945 3071 1243 3128 seditiones
1272 3074 1326 3127 in
1356 3075 1692 3130 secularibus

106 3168 418 3224 regnarent,
473 3160 525 3214 in
571 3160 904 3230 spiritalibus
936 3172 1114 3219 tmnen
1139 3166 1384 3234 personis
1417 3167 1691 3222 canonicae

1788 1972 2116 2037 intenderat,
2174 1970 2225 2025 id
2272 1985 2616 2038 summopere
2657 1970 2710 2024 in
2733 1969 2796 2024 id
2822 1970 2996 2040 ipsum
3025 1968 3377 2024 eonsiliantcs

1787 2072 1843 2118 et
1873 2070 1984 2118 toto
2009 2061 2130 2117 nisu
2160 2061 2494 2117 astutissime
2526 2076 2625 2132 per
2663 2061 2843 2116 omnia
2875 2061 3270 2124 machinantes,
3317 2066 3379 2113 ut

1789 2169 1849 2210 se
1879 2156 2084 2226 absque
2113 2153 2395 2225 apostolici
2426 2154 2771 2209 observantia
2801 2163 2856 2209 et
2883 2153 3215 2209 oboedientia
3238 2166 3378 2222 prae-

1789 2247 1930 2318 cepti
1987 2255 2044 2302 et
2092 2247 2296 2302 decreti
2355 2245 2512 2316 quasi
2563 2244 2633 2299 ab
2686 2244 2774 2300 illa
2812 2243 3380 2300 excommunicatione

1789 2338 2090 2409 apostolica
2161 2339 2426 2394 liberasse
2483 2336 2820 2400 viderentur,
2876 2342 2932 2392 et
2982 2344 3177 2400 totum,
3233 2332 3378 2403 quod

1790 2428 1921 2499 ipsis
1942 2444 2010 2484 ex
2044 2429 2215 2499 culpa:
2253 2437 2405 2483 reatu
2445 2425 2890 2482 manifestissimo
2912 2424 3232 2489 inminebat,
3266 2423 3380 2493 regi

1790 2517 2056 2573 Rondolt‘o
2103 2527 2158 2573 et
2189 2518 2398 2574 cunctis
2429 2517 2602 2588 partis
2637 2517 2740 2572 sibi
2787 2516 3114 2572 adversariae
3151 2528 3380 2571 consor-

1793 2612 1938 2666 tibus
1967 2612 2122 2680 quasi
2166 2627 2230 2666 ex
2262 2611 2472 2666 ratione
2492 2609 2792 2680 justissima
2815 2624 2953 2666 onus
2983 2608 3216 2664 Romani
3247 2620 3379 2662 ana-

1792 2703 2048 2756 thematis
2088 2702 2477 2772 inposuissent.

1862 2795 1974 2850 [tes
1999 2804 2179 2848 autem
2215 2791 2510 2847 Rondolfus
2549 2779 2665 2847 'non
2717 2790 2943 2846 minima
2993 2789 3298 2861 principum
3325 2795 3383 2843 et

1769 2874 2022 2942 .militnm
2055 2901 2278 2942 suorum
2322 2885 2716 2940 Saxonicorum
2755 2883 3099 2937 multitudine
3127 2880 3377 2945 collecta,

1790 2979 1933 3048 apud
1959 2977 2263 3034 Goslariam
2296 2977 2495 3047 pascha
2525 2975 2861 3032 sollemniter
2905 2975 3035 3030 satis
3065 2973 3378 3030 celebravit.

1793 3067 1924 3132 lllir,
1965 3068 2058 3136 qui
2113 3083 2300 3121 revera
2332 3066 2562 3136 primum
2595 3065 2859 3120 canonice
2893 3078 2922 3118 a
2953 3063 3100 3118 clero
3128 3071 3184 3117 et
3222 3077 3251 3115 a
3287 3076 3378 3132 po-

1791 3158 1918 3228 pulo
1951 3167 2006 3212 et
2053 3174 2082 3210 a
2116 3157 2324 3212 meliori
2355 3167 2409 3211 et
2455 3155 2644 3224 majori
2675 3165 2828 3225 parte
2855 3154 3251 3210 :ecctesiastica:
3281 3152 3389 3206 mi-

107 3249 196 3302 Dci
224 3249 416 3304 laudes
439 3259 494 3305 et
522 3252 802 3308 orationes
824 3255 893 3307 ob
910 3255 976 3284 ¹⁸¹
1004 3257 1337 3312 exteriorum
1367 3259 1690 3315 detrimenta

1797 3247 1924 3302 litiae
1949 3246 2153 3301 electus
2190 3255 2292 3312 est,
2323 3247 2374 3299 in
2396 3247 2706 3316 episcopum
2737 3245 3089 3317 Augustensis
3116 3243 3385 3299 :ecclesize

107 3340 470 3394 satisidiorum
523 3342 747 3398 minime
795 3357 1095 3400 cessarent.
1152 3347 1288 3413 Quia
1343 3365 1473 3404 vero
1509 3349 1692 3420 subje-

107 3437 318 3482 ctorum
379 3429 700 3485 olTendicula
745 3433 1072 3504 aliquotiens
1125 3436 1418 3506 prudenter
1444 3439 1697 3494 dissimu-

107 3519 289 3584 landa,
340 3520 670 3590 aliquotiens
699 3533 878 3578 autem
931 3536 1119 3595 aperte
1155 3527 1368 3597 cognita
1388 3529 1459 3560 ³⁵²
1487 3539 1698 3586 mature

109 3612 394 3667 toleranda
427 3626 572 3679 sunt,
618 3625 675 3668 nt
701 3617 1036 3685 oportuniori
1069 3629 1308 3689 tempore
1331 3621 1696 3691 corrigantur,

108 3714 162 3759 et
190 3705 320 3773 quia
385 3706 594 3760 nonnisi
651 3722 774 3760 cum
817 3717 1057 3778 tempore
1089 3709 1446 3765 medicamina
1498 3726 1698 3766 conve-

109 3793 296 3856 niunt;
327 3793 555 3848 domnus
601 3796 928 3864 apostolicus
965 3799 1200 3868 prudens
1249 3799 1618 3856 dissimulator
1645 3811 1700 3858 et

112 3884 397 3946 tolerator,
444 3885 732 3939 multorum
762 3887 1140 3956 episcoporum
1192 3898 1243 3944 et
1274 3890 1698 3959 presbiterorum

110 3973 162 4026 in
187 3972 542 4030 Theutonicis
567 3984 622 4028 et
665 3975 865 4030 ltalicis
898 3979 1141 4046 partibus
1165 3979 1435 4034 bereticas
1461 3981 1696 4049 pravita-

111 4072 192 4119 tes
217 4065 639 4126 inobtedientias
662 4079 719 4123 et
745 4077 822 4124 tot
846 4079 1271 4140 priesumptuosa
1313 4073 1696 4128 scandalorum

108 4157 262 4211 milia
342 4158 395 4212 in
445 4168 656 4228 tempus
704 4173 1031 4230 oportunum
1079 4163 1424 4234 dijudicanda
1475 4167 1700 4222 multum

111 4247 380 4302 sollicitus
421 4249 731 4315 distulerat,
768 4260 825 4305 ut
875 4252 1081 4308 scilicet
1113 4264 1250 4323 post,
1295 4256 1444 4326 prius
1467 4259 1703 4313 maxima

111 4339 198 4392 illa
225 4339 656 4400 discordantium
695 4345 834 4399 inter
861 4360 918 4400 se
943 4355 998 4401 et
1020 4348 1337 4404 bellantium
1376 4353 1522 4422 regni
1556 4353 1704 4422 prin-

112 4431 293 4500 cipum
334 4440 390 4486 et
436 4434 756 4502 optimatum
805 4445 912 4491 tam
961 4439 1231 4495 seditiosae
1281 4456 1345 4496 ac
1394 4443 1518 4512 plus
1543 4461 1702 4514 quam

111 4521 286 4575 civilis
317 4525 704 4579 controversiae
745 4525 1028 4594 scismata,
1069 4529 1175 4583 Deo
1203 4541 1425 4587 auctore
1447 4534 1705 4602 qualiter-

111 4627 345 4681 cumque
373 4614 585 4677 sedata,
624 4624 679 4668 et
707 4614 905 4670 Christ:
959 4632 1090 4686 pace
1130 4619 1388 4690 legittime
1421 4623 1700 4679 cont‘mde-

111 4712 252 4770 rata,
298 4706 516 4762 tandem
551 4708 685 4778 ipsis
731 4724 947 4780 quoque
974 4714 1310 4782 corrigendis
1345 4721 1702 4787 coargnendis

112 4807 162 4850 et
212 4799 504 4868 puniendis
543 4816 677 4856 cura
725 4803 1099 4862 sollcrtissima
1141 4807 1398 4866 insistere
1447 4825 1552 4866 non
1591 4820 1700 4867 tari.

114 4887 282 4942 daret.

177 4977 397 5049 Legatis
431 4992 616 5040 autem
653 4987 793 5056 regis
821 4986 1070 5043 Roudolﬁ
1110 5003 1139 5044 a
1180 5005 1240 5047 se
1267 4992 1696 5050 dissimulatoria

115 5079 163 5124 et
187 5074 322 5127 satis
339 5075 662 5131 cautissima
690 5075 900 5132 licentia
931 5077 1071 5132 clam
1103 5088 1158 5135 et
1187 5080 1389 5139 furtive:
1436 5083 1698 5152 dimissis,

1797 3342 2014 3410 quidam
2064 3341 2381 3404 canonicos,
2418 3340 2509 3409 qni
2544 3349 2600 3394 et
2652 3340 2767 3409 ipse
2811 3340 2876 3393 ad
2929 3338 3102 3394 sancti
3149 3335 3384 3390 Mauritii

1797 3430 2098 3486 aecclesiam
2131 3431 2456 3499 pratpositus
2486 3429 2599 3498 jam
2631 3433 2958 3484 constitutus
2987 3431 3250 3500 probatus
3279 3437 3382 3490 est,

1796 3521 2126 3577 venerabilis
2163 3520 2387 3574 multum
2432 3531 2487 3575 et
2517 3521 2654 3576 bene
2684 3520 2954 3576 litteratus
2990 3519 3244 3583 clericus,
3276 3533 3381 3572 no-

1799 3612 1946 3668 mine
1989 3609 2296 3680 Wigoldus,
2341 3609 2606 3665 electione
2659 3619 2714 3665 et
2787 3609 3045 3680 suli‘ragio
3093 3607 3389 3664 cardinalis

1800 3702 2052 3766 Romani,
2083 3701 2481 3771 metropolitani
2511 3712 2566 3756 et
2608 3701 3003 3770 archiepiscopi
3051 3700 3132 3755 sui
3162 3699 3387 3771 Mogon-

1804 3799 1922 3864 tini,
1961 3812 2060 3853 nec
2091 3814 2198 3853 non
2229 3798 2458 3853 aliorum
2481 3797 2572 3865 qui
2601 3797 2674 3852 ibi
2695 3798 2767 3829 ³⁸³
2801 3805 3168 3852 convenerant
3192 3810 3387 3850 novem

1801 3889 2202 3958 episcoporum,
2233 3888 2286 3942 in
2308 3887 2548 3957 paschali
2579 3887 2664 3942 die
2703 3887 2963 3942 canonice
2994 3887 3048 3940 in
3073 3886 3388 3957 episcopum

1802 3989 2160 4034 consecratus
2202 3989 2258 4035 et
2305 3980 2588 4034 ordinatus
2619 3983 2721 4033 e’st.
2757 3979 2856 4032 Cui
2882 3994 2972 4033 rex
3017 3986 3137 4047 post
3166 3986 3387 4047 peracta

1804 4073 2065 4144 legittime
2095 4074 2275 4128 omnia
2304 4088 2424 4143 quae
2463 4073 2530 4127 ad
2572 4073 2967 4126 ordinationem
3003 4071 3171 4139 ipsius
3217 4070 3391 4140 perti-

1805 4165 2025 4229 nebant,
2067 4165 2316 4220 videlicet
2349 4163 2533 4227 anulo,
2564 4164 2713 4234 virga
2743 4161 3001 4232 pastorali
3029 4172 3083 4216 et
3121 4160 3386 4215 cathedra

1805 4255 2094 4325 episcopali
2141 4253 2208 4308 ab
2255 4253 2666 4322 archiepiscopo
2698 4252 3050 4322 Mongontino
3097 4249 3386 4320 susceptis,

1806 4360 1871 4400 ex
1900 4362 1994 4399 sua
2020 4354 2172 4414 parte
2198 4344 2456 4413 quidquid
2490 4344 2621 4413 regii
2637 4344 2775 4414 juris
2808 4342 2969 4397 fuerit
2999 4343 3052 4396 in
3083 4355 3388 4410 procuran-

1813 4439 1896 4493 dis
1946 4438 2101 4493 hoois
2156 4436 2558 4492 aecclesiasticis
2633 4437 2921 4507 diligenter
2963 4433 3386 4490 commendavit.

1807 4528 2043 4584 Cavebat
2073 4543 2322 4598 namque,
2351 4537 2409 4582 ut
2434 4527 2936 4584 oboedientissimus
2977 4535 3096 4581 erat
3129 4525 3182 4580 in
3214 4525 3391 4580 omni-

1807 4625 1930 4688 bus,
1969 4624 2112 4694 qnod
2157 4625 2210 4678 in
2240 4624 2480 4677 Romana
2517 4622 2724 4692 synodo
2757 4637 2928 4690 nuper
2965 4619 3228 4675 canonice
3254 4615 3391 4672 ditii-

1809 4717 1980 4771 nitum
2032 4725 2137 4780 est,
2181 4725 2238 4770 et
2275 4722 2399 4785 post
2451 4715 2632 4767 datam
2676 4711 3010 4781 iudicialiter
3063 4707 3390 4765 sententiam

1807 4810 1908 4864 sub
1953 4808 2304 4862 anathemate
2335 4805 2683 4860 interdictum
2735 4814 2790 4858 et
2827 4803 3160 4873 prohibitum
3188 4809 3290 4864 est,
3325 4812 3394 4852 ne

1805 4899 1929 4969 quis
1959 4899 2218 4952 laicorum
2246 4897 2522 4953 :ecelesias
2541 4905 2594 4950 et
2623 4896 3038 4950 azcclesiasticas
3074 4893 3316 4948 decimas
3341 4896 3396 4942 et

1809 4989 1881 5021 ’⁵⁸
1909 4989 2198 5058 dignitates
2272 4987 2522 5057 personis
2567 4986 2841 5057 aliquibus
2897 4985 3051 5055 quasi
3093 4981 3397 5056 proprium

1805 5095 1963 5137 suum
1989 5079 2324 5148 prmstiterit,
2354 5077 2469 5132 sive
2503 5085 2695 5132 contra
2729 5090 2967 5132 canones
2993 5074 3102 5130 sibi
3131 5081 3397 5139 usurpare
