3940 5382
533 348 638 407 Ηὸ
722 374 741 391 ο

1425 341 1823 399 BERTHOLDI
1871 339 2313 399 PRESBYTER!
2345 342 2928 404 CONSTANTIENSIS

3722 340 3840 396 616

535 462 696 521 ravit.
744 459 802 517 Id
847 460 1021 531 ipsum
1052 471 1266 530 quoque
1297 459 1577 513 canonicis
1605 457 2035 527 Augustensibus
2063 466 2119 512 et
2144 461 2193 519 Α
2220 460 2621 519 conﬁrmabant
2656 461 2965 517 et‘omuino
3014 458 3417 531 adjudicabaut.
3443 459 3515 516 Et
3536 467 3601 516 ut
3625 456 3833 528 hujus—

537 557 736 629 populo
786 552 1106 618 intentavit,
1142 552 1187 609 si
1216 552 1288 583 ’⁵⁵
1315 550 1547 607 electum
1584 566 1762 615 suum,
1792 559 1852 605 ut
1900 549 2123 619 dignum

537 657 593 703 et
612 647 820 717 justum
850 642 1037 709 fuerit,
1063 657 1171 698 non
1220 641 1545 712 reciperent.
1578 639 1671 697 Sic
1699 640 1986 710 episcopus
2009 637 2125 693 Au-

539 737 812 811 gustensis
857 742 1077 805 accepta
1110 749 1143 789 a
1188 748 1317 804 rege
1353 732 1571 788 licentia
1618 731 1956 801 rcpatriavit,
1987 730 2123 786 etin

538 829 809 901 quoddam
837 827 1119 885 castellum
1158 825 1313 896 juxta
1342 824 1527 883 fauces
1578 826 1797 896 Alpium
1824 825 1976 895 (178)
2006 837 2125 880 sese

518 935 664 983 ,cum
695 921 832 987 suis,
876 920 1004 990 quia
1053 919 1423 974 ﬁrmissimum
1449 926 1506 974 et
1533 916 1955 972 munitissimum
1981 922 2122 980 erat,

538 1012 835 1084 prudenter
860 1011 1107 1075 contulit,
1159 1025 1347 1082 pacem
1392 1009 1651 1065 aacclesiae
1684 1008 1814 1063 inibi
1838 1004 2125 1079 praestola-

540 1113 715 1160 turus.
751 1104 856 1160 Ubi
905 1104 1189 1161 confestim
1230 1117 1325 1174 per
1359 1102 1618 1173 plurimas
1655 1100 1974 1172 injuriarum
2006 1099 2139 1175 illa-q

539 1196 717 1253 tiones
743 1197 812 1252 ab
832 1196 1267 1267 Augustensibus
1295 1194 1555 1265 inpetitus
1579 1202 1636 1250 et
1669 1193 1986 1257 molestatus
2012 1202 2123 1259 est;

539 1295 628 1344 set
686 1286 816 1344 illud
852 1287 1233 1358 qualicumque
1288 1284 1702 1357 longanimitate
1748 1293 1803 1340 et
1866 1283 2127 1354 patientia

543 1376 876 1448 aliquamdiu
907 1376 1164 1441 tolerans,
1188 1377 1298 1430 Deo
1327 1374 1497 1444 judiei
1535 1383 1589 1429 et
1615 1372 1888 1431 defensori
1919 1389 1978 1430 se
2003 1386 2127 1429 cum

540 1471 657 1528 suis
684 1470 1031 1541 devotissime
1057 1468 1485 1526 commendavit.

610 1561 728 1617 Rex
759 1576 889 1618 vero
920 1562 1207 1618 Heinricus
1244 1570 1369 1632 post
1390 1560 1616 1631 pascha
1667 1573 1794 1616 mox
1822 1558 2127 1630 Mogontia-

541 1654 748 1710 tiacum
814 1653 1045 1716 rediens,
1091 1667 1282 1731 omnes
1330 1665 1704 1721 quoscumque
1732 1660 1787 1706 et
1824 1649 2128 1720 quomodo-

543 1762 776 1817 cumque
827 1755 1153 1817 attemptare
1222 1746 1418 1815 potuit,
1473 1761 1584 1800 suae
1639 1746 1779 1813 parti
1836 1742 2128 1799 contraxit.

544 1810 702 1894 Unde
733 1810 1015 1893 Saxonum
1063 1810 1415 1907 optimatibus
1455 1810 1711 1891 terriﬁcis
1744 1835 1861 1890 sive
1914 1832 2126 1888 blandi-
2161 1810 2206 1867 Β

545 1928 698 1985 tiosis
726 1928 793 1984 ad
820 1942 879 1985 se
916 1927 1252 2008 pclliciendis
1278 1927 1625 1983 sermociniis
1645 1935 1701 1981 et
1727 1924 2131 1981 inductionibus

543 2023 647 2088 sub
686 2022 905 2079 nomine
933 2032 988 2078 et
1013 2021 1299 2077 occasione
1329 2021 1640 2090 apostolicae
1672 2020 1817 2075 illius
1846 2018 2131 2090 legationis

544 2127 601 2172 et
628 2115 912 2172 sententia:
962 2113 1203 2170 intimari
1248 2112 1401 2179 fecit,
1445 2120 1503 2167 ut
1549 2127 1715 2168 causa
1742 2111 1892 2182 pacis
1918 2124 2134 2181 compo-

534 2209 738 2265 nendae
758 2217 815 2264 et
840 2207 1003 2263 totius
1034 2207 1183 2275 regni
1210 2215 1290 2261 tot
1309 2206 1624 2261 scismatum
1657 2214 1713 2262 et
1734 2204 2132 2260 discordiarum

546 2299 935 2364 scdandarnm,
978 2297 1302 2368 quibusdam
1336 2296 1658 2367 primatibus
1688 2304 1745 2350 et
1785 2293 2136 2364 op:imatibus

547 2393 700 2463 regni
759 2391 903 2460 apud
962 2390 1331 2446 Friteslariam
1386 2397 1758 2445 occurrerent.
1809 2388 1963 2455 Quod
2012 2403 2134 2442 cum

548 2484 733 2539 animo
755 2482 940 2538 libenti
989 2491 1323 2553 perceptum,
1353 2480 1626 2536 Saxonum
1658 2480 1930 2550 principes
1969 2493 2133 2532 suasu

547 2577 693 2649 regis
738 2574 983 2632 Roudolﬁ
1030 2576 1098 2630 ad
1147 2574 1251 2629 hoc
1304 2572 1554 2629 sollerter
1602 2571 1834 2632 incitati,
1886 2570 2137 2624 condicto

547 2677 795 2738 tempore
819 2668 1095 2723 venientes
1125 2675 1449 2735 attemptare
1478 2671 1829 2727 conarentur,
1853 2661 2138 2716 llcinricus

548 2775 646 2815 rex
701 2767 1061 2828 praeter-suos
1085 2755 1352 2825 quosdam
1374 2753 1739 2809 auricularios
1765 2768 1832 2807 ne
1862 2752 1945 2807 vel
1973 2768 2136 2807 unum

549 2850 741 2908 saltem
780 2851 846 2905 de
875 2850 1027 2919 regni
1060 2848 1382 2919 primatibus
1430 2847 1553 2901 illuc
1589 2846 1875 2917 dirigebat.
1907 2847 1977 2899 Ita
2012 2845 2137 2900 dum

544 2958 611 3005 se
640 2941 856 3004 delusus
883 2940 1150 3003 viderent,
1186 2952 1241 2995 et
1280 2939 1402 2994 inde
1435 2938 1664 2993 subirati
1698 2937 1875 2993 redire
1904 2936 2141 2992 destina-

550 3041 693 3096 rent,
729 3043 909 3086 tamen
939 3030 1064 3100 quia
1122 3030 1319 3085 obnixe
1375 3030 1443 3083 ab
1471 3028 1661 3083 aulicis
1692 3028 1797 3082 illis
1836 3028 2145 3100 mysteriar-

2223 554 2367 608 modi
2396 554 2539 611 inter
2581 564 2844 626 utrasque
2892 562 3075 626 partes
3114 555 3548 610 controversiam
3572 554 3833 609 rationa-

2223 642 2407 700 biliter
2449 645 2662 715 publice
2690 645 3032 710 dirimerent,
3087 644 3322 716 legatum
3353 660 3512 701 suum
3562 659 3689 700 eum
3745 643 3835 698 eis

2224 733 2292 790 ad
2319 735 2598 793 dominum
2628 753 2785 793 suum
2828 746 2882 791 et
2907 738 2975 792 ad
2997 745 3225 793 caeteros
3254 738 3405 808 regni
3436 737 3715 808 principes
3750 734 3835 790 illi

2224 833 2638 889 consentientes
2664 832 2788 890 inde
2819 833 3151 898 direxerant,
3180 848 3276 904 per
3319 848 3483 904 quem
3517 831 3631 887 illis
3670 830 3833 885 locus

2212 933 2281 980 et
2328 933 2537 997 tempus
2564 925 2816 996 colloquii
2862 925 3051 983 statuti
3101 925 3465 989 intimaretur,
3519 932 3576 979 et
3601 922 3698 993 qui
3728 936 3836 977 eos

2227 1016 2297 1072 ad
2342 1017 2447 1073 hoc
2494 1018 2927 1089 promptissimos
2957 1027 3013 1073 et
3038 1018 3433 1090 paratissimus,
3461 1025 3518 1072 et
3547 1016 3699 1071 omni
3730 1030 3834 1069 ne-

2228 1109 2490 1164 cessitate
2535 1118 2592 1166 et
2642 1110 2919 1166 dubietate
2972 1112 3271 1181 postposita
3320 1108 3555 1164 Domino
3606 1104 3835 1160 volente

2227 1213 2584 1275 perventuros
2621 1202 2746 1259 illuc
2770 1211 3186 1275 protestaretur.
3213 1201 3509 1270 Postquam
3540 1197 3833 1266 huiusmo-

2229 1294 2283 1349 di
2339 1308 2588 1350 sermone
2631 1293 3044 1350 controversiali
3086 1292 3377 1360 utrobique
3423 1290 3834 1359 aliquantisper

2227 1384 2436 1450 habito,
2498 1393 2582 1440 set
2612 1393 2792 1440 tamen
2849 1385 3108 1456 praedicta
3156 1378 3528 1452 inret‘ragabili
3586 1385 3647 1434 et
3677 1377 3830 1448 justa

2233 1474 2511 1531 Saxonum
2562 1476 2774 1532 ratione
2808 1485 2864 1531 et
2888 1474 3215 1531 obmdientia
3260 1471 3556 1528 novissime
3578 1468 3831 1524 laudabi-

2230 1564 2352 1621 liter
2384 1578 2777 1631 consummato,
2803 1583 2908 1639 pax
2930 1568 2998 1622 ab
3029 1566 3272 1636 utrisque
3293 1564 3361 1618 ad
3382 1578 3557 1632 usque
3585 1561 3830 1616 futurum

2231 1658 2557 1729 colloquium
2581 1668 2665 1714 est
2692 1659 3021 1724 collaudata,
3062 1657 3131 1712 ab
3152 1656 3384 1712 invicem
3411 1656 3639 1711 domum
3666 1667 3831 1707 unus-

2232 1752 2462 1820 quisque
2488 1750 2817 1806 discedebat.
2990 1752 2991 1757 “

2303 1840 2468 1911 Regis
2500 1851 2682 1896 autem
2725 1841 2971 1898 lleinrici
2995 1838 3312 1905 consiliarii,
3341 1845 3631 1909 assumpto
3645 1849 3828 1891 secum

2233 1931 2509 1988 Saxonum
2539 1931 2735 2003 legato,
2761 1933 2829 1987 ad
2860 1931 3134 1987 dominum
3163 1946 3320 1986 suum
3353 1943 3546 1982 versus
3577 1925 3829 1981 Rhenum

2233 2023 2463 2096 profecti
2504 2033 2651 2079 sunt.
2711 2022 2831 2079 Non
2865 2023 3009 2079 enim
3063 2016 3200 2078 bene
3260 2019 3509 2090 sapiebat
3541 2019 3595 2074 in
3645 2016 3829 2088 palato

2235 2120 2413 2175 cordis
2438 2119 2651 2175 illorum
2699 2100 2918 2174 auditus
2935 2118 3114 2187 justus
3135 2125 3189 2173 et
3220 2132 3385 2170 verax
3410 2128 3595 2170 sermo
3626 2109 3830 2182 princi-

2233 2226 2361 2283 pum
2385 2210 2797 2266 Saxonicorum.
2829 2209 2907 2264 Illi
2935 2224 3170 2279 namque
3214 2207 3319 2262 alia
3346 2207 3505 2276 longe
3534 2206 3752 2258 ratione
3778 2208 3832 2257 et

2236 2303 2536 2358 intentione
2585 2301 2856 2366 exierant,
2889 2310 2948 2355 ut
2975 2300 3222 2356 Saxones
3267 2297 3473 2354 scilicet
3506 2295 3575 2349 ad
3614 2310 3675 2350 se
3698 2308 3833 2363 quo-

2237 2395 2633 2463 modocumque
2682 2392 2951 2448 adducere
2992 2397 3440 2463 pertemptareut.
3472 2387 3609 2441 Cum
3647 2393 3829 2439 autem

2239 2485 2293 2541 id
2344 2484 2554 2540 edicere
2588 2500 2694 2540 non
2733 2493 2979 2553 possent,
3036 2499 3160 2538 mox
3206 2480 3410 2537 reversi
3441 2479 3579 2533 falso
3615 2488 3835 2531 rumore

2239 2577 2477 2648 undique
2523 2575 2897 2642 diﬁ‘amabant,
2928 2576 3069 2647 quod
3102 2575 3175 2630 illi
3213 2591 3311 2645 pro
3366 2581 3523 2628 certo
3553 2570 3832 2626 obsidibus

2240 2670 2401 2734 datis,
2424 2684 2546 2723 cum
2578 2668 2798 2723 domino
2822 2683 2921 2723 suo
2947 2676 3161 2738 pactum
3194 2665 3343 2737 pacis
3373 2665 3595 2727 inirent,
3627 2670 3682 2716 et
3708 2674 3834 2731 gra-

2240 2760 2332 2815 tia:
2380 2760 2523 2815 illius
2578 2760 2957 2816 indubitanter
3030 2759 3342 2814 ﬁrmitatem
3400 2753 3828 2826 promeruerint.

2241 2852 2498 2921 Legatum
2528 2862 2709 2906 autem
2745 2851 2955 2906 illorum
2984 2850 3290 2921 hujusmodi
3326 2862 3583 2903 sermone
3608 2843 3834 2899 remise-

2244 2951 2385 3006 rant,
2414 2944 2557 3013 quod
2603 2958 2697 2997 rex
2730 2941 2902 2997 locum
2937 2941 3205 3010 colloquio
3234 2940 3455 2995 cuilibet
3486 2938 3620 2991 dare
3648 2932 3832 2997 nollet,

2244 3043 2329 3090 set
2359 3034 2412 3089 id
2443 3048 2606 3088 causa
2642 3041 2694 3088 et
2719 3047 2902 3087 amore
2926 3032 3109 3087 domui
3134 3030 3410 3101 apostolici
3443 3029 3631 3099 facere
3658 3039 3835 3098 prom-

554 3125 673 3180 chis
731 3124 1081 3194 rogabantur,
1164 3121 1295 3193 ipsis
1349 3135 1532 3177 secum
1573 3120 1909 3189 colloquendi
1975 3134 2140 3189 seque
2167 3158 2212 3221 C
2244 3134 2367 3196 ptns
2410 3132 2575 3187 esset,
2623 3133 2683 3179 ut
2732 3124 3061 3194 quicumque
3110 3122 3213 3178 sibi
3275 3120 3589 3182 rebellaret,
3618 3132 3743 3173 eum
3765 3113 3833 3146 "‘

556 3214 849 3285 temptandi
893 3213 1070 3269 locum
1103 3212 1233 3267 dare
1260 3219 1670 3266 consenserant.
1709 3209 1817 3264 lllic
1847 3208 1916 3263 ab
1946 3208 2027 3264 eis
2056 3208 2131 3262 ni,

555 3305 668 3362 chil
716 3306 861 3360 aliud
913 3305 1014 3360 nisi
1071 3303 1448 3359 mendaciaet
1497 3302 1653 3371 quasi
1691 3301 2142 3357 comminationes

555 3396 817 3468 quasdam
866 3394 935 3450 ab
957 3393 1252 3465 apostolico
1299 3393 1352 3447 in
1400 3407 1495 3448 eos
1539 3392 1711 3447 factas
1733 3391 2040 3454 audierant,
2076 3404 2143 3443 eo

555 3487 998 3559 quoddominum
1026 3496 1082 3541 et
1126 3500 1307 3556 regem
1359 3501 1515 3540 suum
1546 3484 1749 3556 perjuri
1792 3493 1847 3539 et
1897 3482 2144 3538 inﬁdeles

554 3589 747 3635 contra
797 3577 882 3634 fas
921 3577 1117 3647 injuste
1169 3575 1482 3645 abjeceriut.
1537 3577 1613 3634 De
1660 3592 1913 3633 sermone
1964 3583 2144 3630 autem

558 3672 813 3742 ealioqtzii
848 3672 1089 3741 prmdicti
1144 3681 1200 3728 et
1244 3672 1605 3728 auatltematis
1673 3672 1954 3743 apostolici
1996 3670 2145 3726 nulla

556 3762 635 3818 ibi
661 3764 730 3818 ab
762 3764 843 3820 eis
865 3765 1162 3820 secundum
1199 3764 1487 3819 veritatem
1517 3766 1721 3819 mentio
1751 3764 1895 3820 facta
1919 3773 2032 3829 est;
2063 3773 2148 3818 to—

560 3861 675 3912 tam
698 3856 898 3926 quippe
928 3856 1072 3910 illius
1109 3856 1393 3911 sententia:
1414 3856 1609 3911 seriem
1665 3856 1776 3926 regi
1812 3853 2077 3911 Roudoll‘o
2095 3860 2150 3908 et

562 3947 681 4001 suis
709 3947 1089 4003 consentaneis
1126 3946 1259 4001 falsa
1288 3962 1385 4002 sua
1429 3948 1797 4002 obstinatione
1842 3946 2152 4018 pertinaces

560 4040 914 4111 inponebant.
960 4040 1200 4096 Tandem
1235 4056 1363 4095 vero
1401 4040 1648 4097 Saxones
1710 4042 1797 4096 his
1841 4040 2062 4102 auditis,
2099 4045 2153 4093 et

562 4149 669 4192 cur
716 4131 843 4190 illuc
881 4135 1132 4189 venerint
1180 4132 1589 4188 evidentissime
1625 4132 1937 4203 exploratis,
1979 4145 2045 4184 ne
2095 4142 2155 4184 se

568 4229 724 4299 quasi
778 4242 901 4283 reos
949 4228 1004 4281 in
1055 4226 1137 4280 bis
1165 4241 1287 4295 qua:
1316 4225 1424 4280 illis
1459 4226 1789 4295 objecerant,
1822 4233 1873 4278 ct
1907 4222 2062 4291 quasi
2090 4221 2157 4276 de

564 4319 799 4374 adventu
847 4325 902 4371 et
953 4316 1219 4371 sententia
1254 4315 1436 4368 domui
1474 4330 1623 4385 papae
1662 4314 1879 4369 timidos
1918 4313 2158 4367 aestima-

565 4417 714 4471 rent,
743 4407 910 4462 immo
957 4405 1140 4475 potius
1184 4405 1720 4476 percupientissimos
1753 4413 1804 4460 et
1849 4403 2159 4458 laetissimos

2241 3215 2414 3284 gratia
2450 3232 2548 3271 sua
2579 3214 2889 3270 donandum
2918 3214 3204 3284 reciperet.
3230 3211 3272 3267 si
3297 3212 3458 3265 modo
3484 3225 3545 3264 se
3583 3208 3686 3263 sibi
3713 3220 3835 3262 cum

2240 3304 2557 3375 pmnitcntia
2583 3314 2637 3357 et
2665 3302 2992 3358 obmdientia
3025 3300 3366 3357 deditiuut’"
3401 3298 3712 3354 exhiberet.

2314 3394 2558 3449 Saxones
2595 3402 2774 3448 autem
2811 3400 2867 3447 et
2893 3391 3195 3447 Roudulfus
3244 3405 3346 3445 rex
3385 3388 3494 3443 hoc
3528 3393 3831 3457 comperto,

2236 3486 2530 3543 manifeste
2590 3501 2714 3541 eum
2785 3483 3313 3540 excommunicatum
3377 3496 3504 3536 cum
3584 3475 3833 3534 omnibus

2241 3576 2623 3635 consentaneis
2660 3575 2803 3631 illius
2854 3573 3237 3644 adjudicabaut
3282 3581 3337 3627 et
3365 3569 3825 3639 comprobabant,

2240 3684 2313 3724 eo
2334 3668 2478 3738 quod
2505 3667 2830 3743 colloquium
2854 3666 2922 3720 ab
2951 3663 3250 3735 apostolico
3282 3671 3390 3716 tam
3427 3655 3830 3728 inrelragabili-

2248 3774 2336 3819 ter
2372 3762 2670 3825 decretum,
2702 3760 2817 3828 ipse
2850 3767 2955 3813 tam
2979 3758 3232 3829 pervicax
3259 3765 3314 3812 et
3352 3752 3705 3808 inoboediens
3741 3765 3836 3804 an-

2249 3853 2496 3909 nullavit.
2541 3852 2737 3909 Pacem
2790 3852 2956 3906 etiam
2994 3864 3159 3920 quam
3214 3844 3528 3902 aurieuiarii
3585 3842 3733 3913 regis
3784 3848 3838 3895 et

2253 3944 2496 3999 Saxones
2544 3942 2686 3998 inter
2718 3956 2777 3997 se
2806 3938 3185 4003 condixeraut,
3247 3946 3373 3991 ante
3422 3947 3588 4005 quam
3630 3932 3833 4001 legatus

2250 4035 2542 4104 praedictus
2589 4033 2656 4087 ad
2712 4045 2807 4087 eos
2859 4029 3209 4100 repairiaret,
3249 4026 3434 4097 quiex
3487 4031 3646 4093 parte
3698 4018 3836 4090 regis

2255 4124 2494 4179 Heinriei
2544 4131 2720 4187 erant,
2767 4120 3049 4175 castellum
3103 4118 3374 4187 quoddam
3432 4111 3745 4169 invadendo
3790 4116 3840 4162 et

2254 4227 2445 4276 contra
2487 4217 2643 4270 ﬁdem
2678 4215 2859 4267 datam
2900 4208 3258 4281 expugnando
3286 4194 3511 4261 omnino
3547 4200 3842 4272 parvipen-

2258 4311 2466 4365 derant.
2508 4305 2770 4361 Meteusis
2811 4317 3027 4374 quoque
3086 4300 3373 4370 episc0pus
3403 4303 3459 4350 et
3495 4292 3587 4348 alii
3655 4303 3841 4360 quam-

2258 4400 2441 4472 plures
2470 4396 2949 4466 Lotharingorum,
2979 4391 3071 4463 qui
3106 4390 3311 4445 eisdem
3338 4387 3529 4441 diebus
3560 4382 3629 4437 ad
3659 4394 3839 4472 regem

566 4496 685 4555 fore
711 4497 1022 4566 probarent,
1053 4469 1385 4565 colloquium
1441 4498 1583 4566 quod
1639 4493 1927 4550 destinavit
1960 4507 2152 4548 omnes
2181 4501 2226 4560 ι)
2254 4469 2568 4548 ileinricum
2596 4488 2759 4543 ductu
2786 4483 2914 4539 ﬁdei
2955 4488 3240 4545 venerant,
3294 4473 3652 4545 attemptandi
3688 4472 3734 4525 si
3775 4469 3837 4524 ad

566 4589 881 4652 laudabant,
957 4588 1123 4659 ipsius
1175 4587 1291 4644 sive
1349 4587 1650 4660 legatorum
1702 4588 1817 4657 ejus
1861 4586 2151 4640 adventum

566 4694 602 4749 q
643 4695 731 4733 am
767 4680 859 4734 vix
907 4695 966 4734 se
1013 4679 1420 4749 praestolaturos
1449 4690 1503 4734 et
1532 4678 1815 4734 sententiae
1850 4676 2002 4731 illius
2038 4690 2156 4729 om-

566 4772 829 4843 niumque
860 4775 1014 4845 regni
1040 4778 1364 4846 optimatum
1404 4787 1566 4843 super
1586 4771 1690 4825 hoc
1720 4768 1937 4839 negotio
1962 4766 2158 4822 diﬁini-

569 4863 748 4923 tiones
788 4881 849 4922 se
895 4882 991 4937 per
1018 4866 1204 4923 omnia
1245 4868 1650 4925 observaturos,
1679 4858 1946 4914 constanti
1977 4858 2159 4913 animo

569 4962 629 5010 et
680 4958 891 5016 ratione
959 4958 1234 5027 liberrima
1292 4955 1604 5012 ﬁrmissime
1653 4951 1831 5021 palam
1874 4949 2160 5020 protestati

2259 4586 2405 4642 illius
2434 4581 2764 4638 voluntatem
2822 4573 3073 4630 inclinari
3114 4576 3352 4642 possent,
3394 4566 3581 4622 audito
3625 4571 3838 4633 aposta-

2256 4676 2377 4732 licae
2403 4671 2688 4744 legationis
2706 4673 3019 4736 contemptu
3061 4678 3119 4718 se
3149 4662 3202 4717 in
3244 4668 3398 4730 parte
3420 4657 3606 4713 domui
3628 4663 3839 4725 aposto-

2262 4765 2352 4822 lici
2412 4776 2632 4820 manere
2682 4768 2739 4813 et
2788 4757 3082 4829 persistere
3120 4752 3300 4825 palam
3344 4748 3686 4821 proﬁtentes,
3727 4760 3842 4800 cum

2264 4857 2467 4914 oﬁ‘ensa
2510 4854 2679 4925 ipsius
2710 4850 2886 4921 gratia
2935 4847 3155 4903 domum
3209 4843 3480 4899 redibant.
3537 4838 3689 4906 Quos
3736 4836 3841 4907 ipse

2267 4946 2557 5003 confestim
2587 4942 2724 4998 duce
2752 4938 3093 4996 Theoderico
3137 4944 3193 4992 et
3219 4932 3342 4989 aliis
3365 4931 3602 4988 militum
3627 4941 3840 4983 suorum

572 5057 738 5092 ιιιιιιο
803 5061 853 5092 m
933 5022 1126 5092 mium:
1176 5049 1377 5092 rinmrm
1430 5020 1722 5092 annstnlim
1776 5040 2167 5092 inobmdientes
2267 5041 2441 5092 enniis
2490 5035 2784 5092 assumptis
2835 5040 3178 5092 prosecutus,
3209 5042 3271 5083 ei
3305 5023 3603 5092 improviso
3652 5020 3842 5074 Meten-
