3940 5382
89 286 184 343 ΗῚ

1311 282 1652 341 ANNALES.
1694 313 1764 326 -—
1807 285 1921 340 AN.
1964 287 2114 342 I078.

3247 299 3353 355 ιιε

91 412 185 461 est.
238 399 315 458 Ibi
349 400 538 456 diebus
593 392 928 472 r0gationurn
984 411 1348 464 commorans,
1408 397 1664 469 Thiepal-
1695 407 1741 461 Α
1771 395 2104 464 ferbuerant,
2141 408 2197 455 et
2225 401 2449 470 privatis
2479 403 2634 459 bellis
2661 420 2725 462 ex
2757 413 2912 474 parte
2945 406 3185 465 Heinrici
3214 414 3358 482 regis

93 497 206 551 dum
229 493 300 525 ³⁵⁸
330 491 799 548 Constantiensem
830 490 1203 562 praepositum,
1248 505 1406 544 suum
1439 503 1659 561 quoque

93 584 446 656 capellanum,
506 592 694 639 contra
740 583 1074 638 voluntatem
1137 583 1526 638 cauonicorum
1599 591 1660 637 et

94 677 258 732 domui
287 676 572 746 apostolici
612 675 846 730 bannum
893 676 1004 730 illic
1049 677 1361 746 episcopum
1413 676 1664 748 incathe-

95 769 276 824 drarit.
320 768 401 822 Illi
431 782 684 836 namque,
717 783 875 837 quia,
896 784 964 823 ne
1008 767 1242 838 aliquem
1271 783 1299 820 a
1335 782 1458 836 rege
1502 767 1666 822 lIein-

94 862 195 914 rico
217 859 682 929 reciperent,jam
722 875 787 914 ex
826 870 981 930 parte
1011 860 1192 914 domui
1244 875 1395 931 papae
1452 859 1532 914 eis
1584 860 1667 914 in-

97 951 374 1004 terdictum
403 949 592 1016 est‘“,
625 950 884 1006 canonice
907 950 1007 1004 sibi
1035 949 1332 1020 quemlibet
1355 950 1665 1022 eligendum

96 1040 143 1092 in
170 1038 389 1093 Christo
439 1040 781 1095 concorditer
829 1039 1220 1095 deliberabant.
1269 1039 1430 1096 Istius
1482 1052 1667 1096 autem

98 1132 411 1204 promotioni
436 1147 557 1187 cum
589 1133 664 1188 illi
687 1133 934 1188 canonici
972 1133 1038 1188 de
1067 1144 1258 1188 sancto
1287 1133 1496 1189 Thoma
1547 1151 1668 1188 ma-

1767 489 1922 556 victi,
1956 489 2225 547 interfecti
2259 501 2314 547 et
2347 493 2518 564 fugati
2565 507 2714 562 sunt,
2765 499 2858 568 qui
2896 501 3130 570 praedas,
3166 504 3358 561 incen-

1767 579 1851 634 dia
1879 590 1934 635 et
1961 583 2248 652 sacrilegia
2297 586 2528 654 plurima
2586 589 2639 645 iu
2681 590 2812 660 ipsis
2860 593 3122 652 ecclesiis
3157 597 3355 665 sacris,

1769 675 2043 730 temerarii
2079 675 2367 734 violatores
2415 694 2624 750 earum,
2656 697 3032 741 exercuerant.
3100 687 3176 742 Ex
3229 689 3356 758 qui-

1769 778 1870 832 pus
1895 763 2210 822 Basilicusis
2252 776 2307 822 et
2331 768 2664 839 Argentiuus
2711 775 3063 846 antiepiscopi
3095 778 3194 832 .vix
3225 777 3353 848 fuga

1770 853 1939 922 elapsi
1992 866 2142 921 sunt,
2195 858 2460 913 militibus
2506 877 2694 916 eorum
2744 881 2773 918 a
2807 868 3122 923 marchione
3171 869 3350 940 (I80),

1770 948 2046 1006 Bertholdi
2096 948 2166 980 “'
2194 950 2348 1005 ducis
2397 952 2527 1017 filio,
2578 952 2792 1010 fortiter
2839 974 3012 1027 pugna
3060 960 3356 1028 prostratis

1770 1053 1824 1100 et
1851 1045 2049 1112 captis,
2079 1044 2402 1113 rusticisque
2431 1063 2566 1115 quos
2593 1064 2688 1117 per
2727 1051 3015 1106 comitatus
3051 1054 3152 1106 sibi
3195 1053 3352 1123 adju-

1773 1146 1922 1191 ratos
1946 1137 1998 1188 in
2027 1136 2288 1192 auxilium
2351 1140 2587 1207 undique
2620 1151 2934 1210 coegerant,
2961 1160 3024 1198 ex
3061 1156 3217 1213 parte
3261 1163 3357 1200 eu-

100 1238 317 1294 gnopere
340 1239 623 1278 assensum
641 1226 1120 1280 etlaudamentum
1147 1225 1502 1296 praebuerint,
1533 1225 1672 1279 divi-
1733 1218 1736 1220 ’
1774 1227 2098 1282 nuehizatis.
2149 1227 2266 1296 Ipsa
2312 1237 2631 1298 tempestate
2703 1235 2868 1287 duces
2921 1234 3250 1292 Bertholdus
3295 1245 3354 1292 et

101 1331 212 1370 nam
239 1331 347 1370 non
383 1322 554 1372 multo
589 1325 710 1387 post
758 1317 1020 1372 ultionem
1070 1317 1283 1387 experti
1325 1326 1472 1373 sunt.
1527 1317 1672 1388 Ignis

104 1410 284 1479 quippe
311 1408 630 1465 :ecclesiam
689 1410 984 1465 claustrum
1018 1419 1072 1464 et
1094 1422 1287 1464 cuncta
1316 1425 1502 1465 eorum
1533 1409 1668 1464 tedi-

105 1500 209 1554 ﬁcia
257 1510 309 1555 et
353 1501 672 1557 caminadas
700 1503 917 1572 penitus
947 1502 1230 1558 combusta
1281 1502 1669 1572 insumpserat.

106 1593 293 1649 Dehinc
324 1610 424 1649 rex
472 1593 758 1650 Ileinricus
790 1595 1163 1650 Alemanniam
1199 1595 1453 1650 invadere
1480 1611 1676 1666 propo-

107 1699 243 1749 nens,
275 1694 359 1740 set
404 1701 516 1740 non
573 1695 755 1741 tantos
786 1687 888 1740 sibi
938 1692 1248 1740 coadunare
1278 1685 1505 1753 valens”
1530 1685 1673 1756 quod

1774 1315 1954 1371 \Velfo
1982 1316 2267 1372 Franciam
2297 1319 2376 1374 cis
2409 1321 2652 1375 Rhenum
2692 1337 2758 1376 ex
2789 1340 2980 1395 magna
3030 1337 3182 1396 parte
3208 1343 3354 1399 pra:-

1779 1410 1867 1464 dis
1893 1419 1948 1464 et
1971 1410 2234 1466 incendiis
2261 1413 2698 1469 devastaveraut.

1850 1500 2060 1555 Interea
2095 1517 2190 1555 rex
2229 1511 2459 1573 uterque
2507 1507 2913 1576 expeditionem
2949 1510 3000 1564 in
3032 1509 3354 1569 alterutrum

1775 1609 1884 1646 non
1920 1593 2146 1647 minimo
2177 1596 2359 1651 studio
2385 1605 2439 1652 et
2463 1601 2724 1667 apparatu
2755 1599 3131 1670 disponebant,
3191 1605 3354 1658 colle-

1777 1682 1880 1736 ctis
1906 1684 2280 1755 undecumque
2306 1689 2880 1759 etquomodocumque
2909 1692 3190 1748 auxiliaris
3209 1693 3354 1749 milio

109 1776 193 1830 hoc
219 1778 331 1832 sine
361 1777 606 1848 periculo
628 1793 889 1850 peragere
913 1787 1116 1849 posset,
1143 1779 1194 1832 in
1235 1778 1554 1850 Pagoariam
1591 1779 1673 1832 di-
1704 1786 1747 1845 Β
1778 1773 1984 1828 laribus
2005 1776 2120 1831 suis
2149 1779 2336 1846 copiis.
2369 1779 2435 1832 Et
2464 1780 2608 1834 circa
2635 1779 2906 1836 Kalendas
2923 1781 3150 1852 Augusti
3180 1785 3350 1840 duces

108 1869 278 1925 vertit.
309 1869 386 1924 lbi
417 1871 562 1940 apud
604 1870 950 1941 Ratisponam
972 1879 1324 1940 pentecosten
1355 1870 1671 1934 celebravit,

108 1967 153 2013 et
184 1960 420 2016 marchio
453 1959 774 2031 Liutpaldus
797 1961 948 2032 (179)
973 1961 1028 2016 in
1061 1960 1456 2032 aliquantulum
1484 1962 1553 2016 ab
1603 1977 1670 2018 co

110 2047 320 2106 offensus
346 2053 678 2122 regreditur.

181 2140 403 2212 Legatus
435 2152 618 2199 autem
651 2143 981 2214 apostolicus
1012 2144 1102 2214 qui
1129 2142 1197 2198 ad
1242 2158 1426 2215 regem
1453 2143 1671 2200 Heinri-

112 2244 212 2284 cum
237 2231 285 2284 in
314 2233 518 2302 pascha
560 2248 662 2304 pro
694 2233 785 2290 illo
843 2234 1179 2304 disponendo
1221 2235 1492 2305 colloquio
1529 2235 1672 2305 quod

110 2334 222 2388 papa
251 2319 494 2376 decrevit
525 2323 838 2388 advenerat,
867 2325 918 2378 in
957 2323 1148 2394 primis
1200 2324 1327 2393 quia
1364 2325 1492 2394 ipsi,
1545 2324 1672 2380 licet

113 2409 255 2463 invito
273 2419 324 2465 et
353 2412 585 2480 nolenti,
611 2413 728 2483 ejus
747 2414 970 2468 omnino
1005 2414 1468 2470 interminatiouis
1499 2424 1672 2470 terro-

115 2502 239 2557 ribus
253 2505 591 2576 parvipensis
620 2507 942 2577 legationem
976 2507 1325 2577 apostolicam
1354 2508 1671 2563 liberrimus

115 2594 432 2660 intimaverit,
463 2598 858 2670 aliquantisper
885 2601 1280 2666 occultabatur,
1309 2600 1380 2655 ita
1410 2614 1468 2654 ut
1505 2603 1673 2671 pluri-

114 2702 294 2742 morum
325 2690 635 2758 suspicione
660 2691 798 2746 clam
831 2692 1151 2748 interfectus
1197 2694 1311 2747 sive
1371 2692 1670 2748 exhiliatus

114 2778 482 2845 aestimaretur;
531 2781 747 2836 tandem
780 2783 992 2853 publica
1037 2783 1215 2850 palam
1268 2783 1572 2837 reverentia
1615 2792 1671 2838 et

118 2869 296 2925 honore
325 2870 392 2924 ab
420 2886 488 2926 eo
517 2881 801 2938 tractatus,
819 2882 874 2926 et
901 2873 1117 2928 habitus
1137 2883 1240 2928 est.
1271 2872 1364 2928 Set
1392 2889 1515 2928 eum
1550 2882 1672 2926 tan-

117 2960 485 3031 tisperquidam
512 2978 610 3032 pro
635 2963 736 3018 hac
759 2965 1031 3019 detentum
1051 2965 1670 3034 eonjiciuntoccasione,

117 3059 280 3106 utsese
307 3069 399 3123 per
459 3053 607 3108 illum
659 3056 726 3110 ab
767 3057 1018 3126 imposita
1079 3057 1526 3126 qualitercnnque
1579 3058 1672 3113 de—

116 3141 324 3198 fenderet
380 3148 967 3204 excommunicatione.
1030 3148 1165 3204 Cum
1216 3149 1426 3204 scilicet
1479 3165 1670 3205 omnes
1698 3132 1742 3194 (ἶ

118 3247 389 3304 cernerent,
434 3239 792 3309 apostolicum
829 3240 1066 3312 legatum
1128 3241 1200 3295 illi
1245 3242 1668 3308 communicare,

117 3343 249 3382 nemo
276 3346 502 3399 prorsus
529 3345 650 3386 eum
679 3332 836 3401 quasi
865 3332 1397 3388 exconimuuicatum
1434 3334 1673 3388 aestima-

118 3431 184 3475 ret
205 3437 289 3477 seu
319 3426 610 3492 devitaret,
635 3425 800 3481 immo
829 3427 1009 3496 potius
1053 3441 1150 3496 pro
1178 3427 1460 3481 mendacio
1501 3426 1672 3481 ﬁrmi-

118 3521 187 3568 ter
225 3526 616 3587 computarent,
654 3518 918 3588 quidquid
971 3518 1174 3587 passim
1230 3518 1434 3573 dictum
1486 3517 1556 3573 sit
1604 3517 1672 3572 de

119 3609 351 3663 sententia
397 3611 593 3682 synodi
646 3611 922 3676 Romanae,
954 3619 1009 3666 et
1037 3611 1104 3668 de
1133 3611 1498 3666 anathematis
1539 3611 1670 3666 facti

118 3695 404 3760 diliinitione
450 3719 464 3755 :
503 3702 650 3771 quia,
684 3702 825 3757 sicut
851 3718 943 3757 rex
997 3703 1301 3760 Roudullus
1338 3702 1669 3758 cardinalem

118 3786 406 3859 Romanum,
439 3795 509 3848 ita
539 3794 653 3862 ipse
680 3794 915 3865 legatum
945 3793 1300 3864 apostolicum
1333 3796 1386 3849 in
1419 3794 1668 3850 testimo-

120 3878 243 3934 nium
273 3896 379 3937 suae
405 3883 732 3940 obedientite
758 3893 814 3938 et
843 3884 1168 3941 innocentiae
1194 3884 1374 3940 oalam
1409 3885 1668 3942 omnibus

119 3982 272 4040 posset
305 3984 584 4031 ostentare
612 3976 708 4029 ³⁸³.

175 4063 273 4120 Rex
300 4076 480 4122 autem
533 4067 833 4123 Roudolqu
886 4068 1026 4137 apud
1063 4068 1367 4124 Goslariam
1419 4076 1672 4138 penteco-

121 4159 216 4204 sten
245 4156 524 4225 magnifice
549 4156 869 4222 celebravit,
911 4157 1141 4212 collecta
1188 4157 1316 4241 illuc
1361 4157 1669 4228 principum

121 4240 482 4303 Saxonicorum
519 4258 577 4304 et
617 4249 1019 4318 Thoringorum
1074 4265 1181 4304 non
1223 4240 1440 4304 modica
1490 4249 1672 4303 multi-

121 4334 294 4402 tudine,
317 4350 366 4393 et
400 4340 472 4393 ibi
503 4354 626 4393 cum
659 4339 740 4393 eis
780 4339 1182 4394 communicato
1204 4339 1459 4404 consilio,
1505 4353 1672 4409 expe-

122 4427 343 4484 ditionem
387 4438 578 4486 contra
612 4445 794 4500 regem
825 4428 1135 4484 Heinricum
1182 4431 1396 4500 paravit
1449 4437 1504 4485 et
1555 4431 1668 4484 dis-

122 4519 288 4584 posuit.
315 4520 442 4576 Illuc
488 4521 569 4574 ad.
607 4535 734 4574 eum
771 4519 932 4590 legati
981 4519 1216 4590 Philippi
1273 4520 1417 4589 regis
1471 4519 1667 4574 Gallias

124 4621 238 4670 rum,
273 4621 323 4664 et
350 4610 828 4681 Fladirtingorum,
888 4618 944 4665 et
988 4609 1444 4680 Lotharingorum
1503 4625 1666 4680 quam

125 4696 345 4765 plurium,
371 4719 468 4758 nec
490 4719 598 4758 non
623 4703 766 4772 regis
792 4700 1174 4772 Ungariorum,
1205 4700 1531 4771 adjutorium
1565 4703 1668 4773 ipsi

128 4799 314 4861 propter
337 4793 498 4849 Deum
530 4802 587 4849 et
615 4803 864 4848 sanctum
917 4793 1136 4848 Petrum
1183 4793 1248 4848 ad
1297 4793 1669 4850 defensionem

129 4895 298 4942 sancta:
319 4889 574 4944 mcclesize
600 4897 656 4943 et
681 4889 828 4958 regni
877 4887 1040 4942 totius
1071 4887 1531 4943 Theutonicorum
1555 4897 1670 4942 stu-

133 4973 395 5036 diosissime
439 4981 870 5052 promittentium
899 4977 1261 5046 advenerant;
1288 4979 1536 5052 quamvis
1562 4995 1669 5036 non

132 5063 205 5129 ila.
228 5078 278 5131 ut
305 5074 624 5140 promissum
646 5079 750 5138 est,
771 5069 996 5124 omnino
1019 5068 1366 5137 perficerent.

403 5181 492 5194 κρι-
525 5176 691 5194 Initum
719 5177 970 5194 mulalnn‘
996 5163 1176 5194 rel-Iunt-
1225 5168 1464 5194 Iln.’:.¢--A
1491 5176 1670 5194 MAI-‘4-

1775 1868 2019 1937 praedicti
2068 1885 2190 1924 cum
2233 1871 2583 1927 Alemanuiea
2635 1873 2824 1927 militia
2895 1876 3007 1945 regi
3086 1875 3355 1934 Roudolfo

1773 1959 1840 2014 de
1866 1959 2100 2014 Saxouia
2133 1963 2426 2031 egredienti
2463 1979 2750 2019 occurrere
2799 1965 3189 2021 deliberabant.
3233 1968 3342 2023 Sed

1773 2048 1878 2104 hoc
1908 2051 2130 2104 omnino
2175 2068 2267 2106 rex
2321 2053 2604 2109 IIeiuricus
2653 2071 2775 2109 cum
2825 2071 3067 2111 maximo
3105 2060 3354 2114 exercitu

1775 2143 2164 2208 interveniens.
2217 2163 2283 2202 ne
2316 2148 2429 2202 ﬁeri
2482 2161 2684 2218 posset,
2742 2151 3088 2221 impediebat.
3150 2152 3214 2205 Et
3274 2152 3356 2206 sic

1773 2236 1974 2292 bellum
2025 2240 2266 2308 quotidie
2310 2251 2614 2310 sperantes,
2647 2251 2700 2295 et
2725 2244 3043 2298 occasiones
3093 2259 3204 2299 sua:
3259 2243 3356 2298 de-

1773 2329 2085 2384 stinationis
2127 2333 2631 2400 percupieutissime
2660 2333 2775 2388 fieri
2810 2335 3112 2400 molientes,
3164 2350 3355 2405 quam-

1771 2422 1854 2475 vis
1885 2437 1988 2475 non
2009 2421 2126 2476 sine
2158 2423 2380 2478 niinimo
2402 2425 2660 2492 periculo,
2689 2441 2718 2479 e
2745 2427 2996 2496 proximo
3055 2428 3168 2498 regi
3223 2442 3355 2481 con-

1773 2511 2050 2566 sederant.
2080 2513 2308 2582 Insuper
2335 2517 2817 2583 comprovinciales
2846 2519 3082 2573 rusticos
3115 2519 3354 2587 undique

1772 2619 1870 2674 per
1916 2619 2108 2659 omnes
2142 2606 2352 2660 illarum
2391 2610 2628 2677 partium
2682 2620 3025 2664 centenarias
3063 2611 3352 2664 adversum

1773 2710 1833 2751 se
1875 2696 2192 2767 coniuratos
2221 2707 2275 2751 et
2311 2699 2480 2752 armis
2532 2699 2862 2755 militaribus
2913 2701 3232 2765 instructos,
3285 2701 3356 2755 ad

1773 2788 2057 2844 duodecim
2117 2790 2232 2846 fere
2278 2791 2445 2847 millia
2493 2784 2926 2861 pugnacissimos
2972 2804 3027 2848 et
3069 2795 3355 2849 infestissi-

1773 2893 1890 2933 mos
1924 2880 2048 2946 sibi,
2079 2895 2108 2934 e
2137 2881 2316 2936 vicino
2343 2883 2709 2937 sustinebant.
2744 2883 2833 2938 Sic
2871 2883 3114 2939 Saxones
3155 2896 3210 2939 et
3235 2884 3356 2939 Alea

1773 2987 2003 3027 mannos
2056 2974 2122 3026 ab
2173 2974 2402 3027 invicem
2432 2984 2830 3043 sequestratos.
2861 2985 2933 3038 et,
2965 2991 3030 3030 ne
3056 2977 3356 3031 convenire

1773 3072 1868 3118 aut
1924 3078 2019 3134 per
2045 3063 2408 3120 internuntios
2435 3065 2624 3119 saltem
2649 3066 2868 3129 interse
2893 3067 3195 3122 deliberare
3226 3083 3356 3136 pos-

1774 3163 1892 3208 sent
1914 3154 2042 3222 quid
2073 3153 2125 3206 in
2158 3155 2324 3207 tantis
2355 3155 2612 3223 periculis
2643 3156 2903 3210 coartatis
2949 3157 3217 3223 agendum
3250 3155 3352 3212 sibi

1772 3252 1936 3307 esset,
1971 3243 2299 3299 omnimodis
2329 3246 2822 3316 prohibitos(I8I),
2848 3263 2943 3301 rex
2976 3248 3261 3302 IIcinrictts
3296 3248 3353 3303 in

1775 3345 1882 3390 tam
1917 3337 2160 3392 maximo
2192 3353 2290 3393 suo
2341 3339 2580 3393 conlisus
2608 3340 2875 3404 exercitu,
2903 3340 3052 3409 prius
3082 3341 3149 3393 de
3177 3338 3358 3394 Saxo-

1773 3428 1951 3492 uibus,
1977 3430 2101 3482 exin
2147 3429 2213 3483 de
2264 3429 2586 3485 Alemannis
2639 3432 2974 3500 triumphare
3017 3431 3154 3486 satis
3183 3429 3359 3484 artiﬁ-

1771 3518 1951 3573 ciosus
1978 3517 2290 3586 destinavit,
2327 3529 2382 3575 ct
2415 3521 2468 3574 id
2498 3521 2756 3577 facillime
2787 3532 2840 3577 et
2861 3524 3080 3594 absque
3108 3536 3355 3577 suorum

1774 3609 2100 3664 detrimento
2123 3611 2239 3665 lieri
2272 3626 2429 3681 posse
2459 3627 2567 3667 non
2597 3614 2886 3669 dubitavit.
2941 3613 3064 3669 Mox
3107 3613 3197 3669 ille
3257 3613 3360 3668 ltu-

1766 3702 2004 3773 jusmodi
2047 3704 2277 3758 consilio
2308 3720 2430 3759 cum
2477 3705 2592 3761 suis
2642 3707 3068 3772 communicato,
3107 3705 3360 3778 explora-

1779 3803 1925 3849 tores
1959 3794 2249 3862 quosdam,
2279 3794 2427 3849 viros
2455 3810 2561 3849 non
2597 3795 2880 3865 ignobiles,
2910 3799 3063 3866 quasi
3094 3811 3193 3866 pro
3223 3808 3360 3866 pace

1774 3884 1914 3938 inter
1958 3896 2016 3937 se
2065 3883 2438 3938 wnlirmanda
2471 3885 2582 3954 regi
2613 3884 2883 3940 Roudolfo
2936 3903 3037 3942 nec
3083 3901 3193 3941 non
3241 3886 3358 3955 pri-

1773 3975 2012 4030 matibus
2042 3973 2321 4030 Saxonum
2363 3975 2697 4031 simulatorie
2743 3977 2963 4033 direxit.
3004 3977 3118 4044 Qua
3163 3977 3231 4032 ad
3269 3977 3360 4030 in-

1771 4069 1945 4123 vicem
1997 4067 2246 4123 condicta
2302 4075 2358 4121 et
2408 4066 2571 4122 solito
2624 4066 2831 4121 foedere
2885 4066 2953 4121 ad
3011 4075 3228 4136 tempus
3287 4067 3357 4120 ab

1773 4159 2022 4225 utrisque
2057 4157 2402 4221 conﬁrmata,
2453 4157 2579 4210 dum
2631 4157 2731 4228 ipsi
2760 4156 2828 4210 ad
2879 4157 3158 4212 dominum
3199 4171 3358 4211 suum

1772 4248 2090 4303 festinanter
2137 4247 2395 4311 redirent,
2427 4247 2516 4302 ille
2553 4263 2648 4304 eos
2687 4256 2864 4303 astute
2902 4249 2982 4302 sic
3029 4247 3249 4302 delusos
3287 4246 3359 4301 de

1777 4349 1998 4408 repente
2045 4347 2101 4392 et
2131 4336 2243 4392 fere
2273 4353 2340 4390 ex
2387 4337 2684 4408 improviso
2724 4351 2915 4393 vecors
2963 4346 3018 4392 et
3064 4337 3360 4393 insidiosos

1775 4438 1983 4482 armata
2035 4444 2199 4482 manu
2243 4438 2302 4489 et
2327 4429 2529 4498 impetu
2566 4429 2826 4484 bellicoso
2885 4431 3166 4500 inparatos
3211 4430 3362 4484 inva-

1775 4521 1869 4575 sit.
1925 4521 2041 4588 Rex
2071 4529 2251 4574 autem
2296 4519 2599 4592 Roudolfus
2627 4522 2715 4576 vix
2751 4538 2876 4578 cum
2927 4522 3043 4577 suis
3072 4522 3139 4576 de
3166 4521 3364 4577 castris

1774 4612 2222 4668 festinantissime
2262 4628 2319 4668 se
2357 4614 2688 4682 proripiens,
2743 4622 2799 4669 et
2850 4622 3114 4684 quantum
3164 4613 3217 4667 in
3266 4609 3361 4666 tali

1775 4705 2002 4760 articulo
2040 4705 2157 4759 lieri
2189 4705 2379 4775 potuit,
2414 4705 2561 4761 acies
2607 4721 2734 4760 suas
2776 4713 2968 4760 contra
2996 4704 3212 4759 hostem
3252 4704 3358 4757 im-

1778 4797 2072 4854 minentem
2124 4798 2424 4865 prudenter
2462 4795 2723 4854 ordinans
2776 4805 2832 4850 et
2872 4797 3192 4861 exhortans,
3254 4795 3358 4865 ipsi

1780 4898 1893 4943 tam
1927 4885 2141 4941 fortiter
2172 4886 2606 4956 pugnacissimus
2635 4884 3008 4956 congreditur,
3027 4885 3165 4941 utin
3192 4884 3366 4954 prima

1779 4978 1963 5033 statim
1996 4975 2230 5030 coitione
2265 4976 2493 5036 victoria
2538 4975 2649 5030 Deo
2681 4977 2843 5032 dante
2897 4975 3136 5030 feliciter
3164 4975 3364 5046 potire-

1781 5081 1891 5135 tur,
1947 5070 2234 5140 prostratis
2261 5068 2313 5122 in
2346 5068 2495 5122 brevi
2525 5067 2737 5125 duabus
2781 5066 2976 5138 primis
3035 5065 3372 5136 legionibus.

1780 5165 1888 5194 Nan
1919 5177 2064 5194 vnnlbn
2120 5177 2210 5194 νυν
2253 5161 2323 5193 I63
2349 5161 2463 5194 :ncn
2510 5161 2855 5194 ηνῖηιῖηλιιηιιο
2901 5176 3027 5194 an.“
3081 5165 3208 5194 Ωιιῖο
3261 5161 3386 5194 inti-
