3940 5382
537 276 640 332 419

1455 269 1843 328 BERTllOLDl
1881 221 2315 326 PRESBYTER“
2351 266 2939 328 CONSTANTIENSIS

3713 267 3828 328 ιὲο

494 438 496 440 ,
539 401 644 455 tus,
709 387 840 443 visis
865 402 982 457 qum
1000 385 1224 451 ﬁebant,
1263 385 1514 452 imbellis,
1545 385 1765 440 timidus
1808 392 1865 440 et
1889 383 2118 438 mirabi-
2147 389 2194 447 Α
2223 382 2398 438 fessus
2435 391 2489 438 et
2535 383 2762 439 sincera:
2808 383 3054 441 veritatis
3093 384 3244 440 testis
3275 400 3334 441 re
3382 399 3510 440 vera
3548 385 3822 453 idoneus,

536 486 660 542 liter
695 482 1037 556 perterritus,
1063 489 1118 535 et
1140 479 1253 550 ipse
1276 479 1328 533 in
1357 479 1570 534 diversa
1601 476 1881 549 fugitando
1910 491 1969 532 se
2011 476 2121 532 sal-

533 590 678 633 vare
699 575 831 630 satis
855 586 1124 645 superque
1171 569 1424 626 anxiatus
1475 568 1824 625 omnifariam
1879 574 2122 637 pertem-

543 668 740 740 ptavit.
772 667 1013 721 Saxones
1049 672 1228 718 autem
1252 662 1370 733 plus
1409 677 1573 732 quam
1607 661 1674 715 ad
1713 659 1818 713 tria
1869 657 2120 711 milliaria

544 758 816 831 persecuti
865 767 986 811 sunt
1021 771 1143 821 eos,
1208 756 1475 809 instantes
1529 751 1848 824 pugnaciter
1895 765 1926 803 a
1969 757 2121 820 tergo

543 852 892 924 fugientibus.
924 849 1038 904 Illic
1068 865 1132 903 ex
1166 857 1321 917 parte
1354 847 1496 917 regis
1519 844 1758 900 Heinrici
1789 843 1856 899 de
1894 841 2123 896 nobilio-

543 943 695 997 ribus
742 941 862 1011 plus
912 954 1076 1009 quam
1133 939 1385 1009 triginta,
1417 937 1487 992 de.
1518 936 1819 991 minoribus
1855 949 2009 1000 vero,
2063 944 2126 988 ut

541 1037 715 1100 aiunt,
763 1036 831 1090 ad
861 1034 1099 1104 quinque
1153 1031 1317 1086 millia
1364 1029 1634 1085 interfecti
1681 1028 2118 1098 procubuerant;

540 1134 598 1181 et
622 1140 691 1180 ex
738 1133 891 1194 parte
936 1123 1248 1177 adversaria
1281 1122 1348 1176 de
1383 1119 1683 1175 minoribus
1721 1128 1931 1173 tantum
1959 1119 2027 1171 ad
2054 1117 2124 1172 80

542 1218 691 1274 viros
737 1215 999 1272 cecidisse
1051 1223 1340 1269 testantur.
1387 1214 1612 1282 Insuper
1651 1210 1894 1280 ejusdem
1947 1207 2125 1278 partis

543 1308 615 1341 ²⁶ι
653 1308 743 1376 qni
771 1315 976 1377 prmsto
1000 1307 1228 1360 aderant
1281 1305 1544 1374 episc0pi,
1574 1318 1604 1356 a
1635 1301 1968 1373 fugientibus
2007 1299 2126 1369 qui-

549 1398 780 1452 busdam
811 1395 1047 1451 falsariis
1090 1395 1275 1449 audito
1301 1394 1460 1464 quasi
1494 1408 1590 1448 rex
1636 1391 1923 1446 l-leinricus
1980 1392 2125 1446 vice-

545 1488 636 1549 rit,
663 1502 784 1542 cum
811 1487 925 1540 suis
977 1485 1029 1538 iu
1079 1484 1289 1538 diversa
1342 1482 1612 1552 fugerant.
1669 1481 1747 1535 Ex
1771 1480 1970 1551 quibus
2005 1495 2129 1535 car-

543 1578 738 1634 dinalis
767 1577 1042 1631 Romanus
1069 1591 1191 1631 cum
1216 1573 1487 1645 plerisque
1513 1573 1637 1628 aliis
1689 1572 1822 1627 satis
1853 1570 2129 1642 periclita-

544 1679 633 1725 tus
666 1677 770 1734 est,
816 1683 915 1724 nec
962 1684 1066 1722 non
1095 1683 1125 1721 a
1151 1667 1456 1722 latronibus
1485 1665 1696 1722 Sclavis
1727 1665 1781 1719 in
1815 1665 1986 1730 silvis,
2019 1679 2126 1733 quo

2226 483 2582 546 properanter
2601 491 2883 546 regressus
2914 484 3019 533 est.
3049 476 3169 549 Ipse
3198 493 3327 534 vero
3355 494 3456 534 nec
3485 494 3592 534 non
3627 481 3697 510 '“
3726 481 3825 536 alii

2226 567 2481 636 deinceps
2537 580 2635 635 per
2683 566 2866 636 plures
2911 582 3026 622 rem
3069 576 3349 638 gestorum
3403 569 3823 626 indubitabilem

2223 654 2422 709 domno
2450 669 2600 725 papae
2626 657 2967 726 cauterisque,
3000 658 3298 713 mendaciis
3327 658 3687 713 mirabilibus
3711 676 3821 715 non

2223 762 2413 817 parum
2464 749 2780 802 nutantibus
2827 763 2890 804 ac
2939 765 3059 806 sese
3109 749 3482 806 desolantibus
3510 791 3526 817 ,
3575 752 3822 806 seriatim

2228 840 2349 895 testi
2359 839 2501 894 licati
2533 847 2679 894 sunt.

2294 930 2566 986 Autumno
2598 931 2794 987 dehinc
2821 941 3106 1002 sequente,
3135 933 3423 990 Heinricus
3466 947 3569 988 rex
3591 934 3825 989 recolle-

2224 1018 2329 1074 ctis
2359 1021 2734 1093 undecumque
2761 1024 2931 1094 copiis
2973 1025 3317 1092 militaribus,
3353 1026 3555 1081 iterum
3602 1027 3823 1096 expedi-

2227 1112 2432 1167 tionem
2461 1115 2618 1184 quasi
2648 1115 2700 1168 in
2749 1116 3039 1171 Saxoniam
3076 1117 3412 1172 simulatorie
3456 1117 3818 1186 disponebat;

2226 1214 2282 1262 et
2301 1222 2436 1276 quos
2462 1217 2650 1263 contra
2675 1208 2920 1265 Saxones
2941 1211 3216 1280 adjuratos
3239 1219 3616 1274 contraxerat,
3647 1210 3822 1264 maxi-

2228 1312 2373 1352 mum
2403 1297 2652 1353 Roudolll
2688 1299 2832 1371 regis
2880 1300 2935 1353 in
2969 1315 3259 1356 occursum
3282 1300 3382 1360 sibi
3411 1299 3816 1370 pugnacissime

2227 1391 2527 1445 exercitum
2579 1392 2918 1460 comperiens
2961 1393 3248 1448 advenisse
3274 1433 3290 1459 ,
3341 1392 3397 1446 in
3436 1390 3821 1446 Alemanniam

2229 1479 2619 1535 devastandam
2648 1480 2895 1551 perjuros
2925 1483 3230 1538 induxerat.

2299 1573 2415 1628 lllic
2440 1574 2694 1644 pessimis
2741 1575 3088 1645 praedonibus
3135 1585 3190 1631 et
3243 1575 3718 1631 inhumanissimis
3758 1575 3820 1630 de

2227 1663 2474 1730 Boemia,
2499 1663 2782 1734 -Pagoaria
2809 1705 2826 1731 ,
2874 1665 3182 1736 Burgundia
3209 1705 3222 1730 ,
3269 1665 3501 1720 Francia
3529 1707 3544 1731 ,
3578 1680 3680 1720 nec
3719 1681 3819 1720 non

546 1760 830 1815 latibulum
887 1760 1240 1829 quaerebant,
1306 1759 1592 1829 episcopus
1645 1757 2120 1827 Parthenopolita-
2154 1751 2199 1810 Β
2231 1769 2604 1825 quoscumque
2631 1764 2844 1825 poterat
2891 1757 2956 1811 de
2989 1757 3101 1826 ipsa
3141 1756 3458 1811 Alemannia
3512 1757 3816 1820 conductis,

545 1867 649 1906 nus
667 1849 736 1882 ’⁸⁵
752 1851 948 1922 sagitta
971 1864 1263 1919 percussus
1292 1858 1394 1916 est,
1409 1848 1915 1904 Baderbrunnensis
1937 1857 2128 1918 captus

542 1943 877 2014 exspoliatns
908 1951 964 1997 et
999 1941 1172 1997 ferme
1196 1942 1371 1997 nudus
1397 1941 1634 2012 profugit
1657 1941 1726 1995 ab
1741 1941 1858 2005 eis;
1889 1950 1943 1995 et
1965 1939 2128 1995 Wor-

545 2036 828 2090 matiensis
875 2034 1063 2089 itidem
1091 2043 1307 2102 captus,
1361 2033 1471 2103 regi
1505 2032 1760 2087 lleinrico
1791 2047 1918 2086 cum
1971 2031 2129 2087 Heri»

545 2142 745 2182 manno
776 2126 940 2181 nobili
977 2129 1210 2196 quodam
1244 2126 1445 2181 comite
1474 2126 1814 2180 contraditus
1844 2133 1946 2181 est.
1996 2125 2129 2180 Pro-

545 2218 742 2289 ﬂigatis
781 2217 852 2251 ³⁸⁸
879 2227 1060 2272 autem
1094 2228 1150 2274 et
1173 2216 1480 2272 interfectis
1531 2226 1609 2271 tot
1638 2218 1876 2272 hostium
1905 2217 2120 2283 turmis,

545 2308 792 2365 Saxones
816 2309 1070 2364 laetantes
1095 2310 1161 2363 ad
1186 2309 1362 2363 locum
1397 2309 1586 2379 primae
1615 2309 1739 2364 belli
1780 2324 2124 2380 congressro—

546 2402 634 2454 nis
679 2408 736 2454 et
787 2400 854 2455 ad
879 2408 1058 2454 castra
1092 2415 1190 2454 sua
1239 2400 1674 2454 revertebantur.
1708 2399 1894 2469 Ibique
1928 2415 2127 2469 perno-

545 2500 780 2557 ctantes,
811 2491 864 2546 in
897 2491 1194 2546 crastinum
1224 2490 1452 2546 consilio
1485 2506 1606 2545 cum
1637 2505 1762 2561 rege
1808 2506 1905 2546 suo
1965 2492 2122 2562 inito,

547 2589 603 2634 et
626 2582 748 2650 jure
789 2581 970 2650 legum
1016 2596 1260 2644 suarum,
1290 2596 1356 2635 ne
1388 2581 1517 2651 ipsis
1564 2581 1616 2636 in
1657 2582 1797 2637 bello
1827 2582 2128 2638 victoribus

547 2671 1006 2740 progrediendum
1060 2679 1209 2724 esset
1243 2669 1492 2733 ulterius,
1526 2672 1594 2724 ab
1632 2687 1750 2740 ipso
1771 2685 2020 2742 accepto,
2072 2675 2126 2728 in

547 2759 844 2816 Saxoniam
870 2777 1023 2817 suam
1056 2777 1178 2815 cum
1210 2761 1443 2831 tripudio
1477 2763 1669 2832 grandi
1703 2763 2128 2834 triumphatores

548 2856 889 2909 remeabant.

617 2944 732 3000 Rex
761 2955 942 3001 autem
990 2945 1281 3002 Heinricus
1327 2945 1540 3017 absque
1597 2962 1751 3003 mora
1805 2947 2128 3020 Pagoariam

545 3052 721 3108 usque
745 3039 1112 3108 pertenderat.
1169 3037 1285 3092 Non
1321 3038 1607 3092 minimum
1653 3039 1721 3072 ³⁸⁷
1767 3041 1988 3110 quippe,
2033 3043 2126 3114 qni

2228 1848 2449 1917 praedis,
2496 1847 2784 1911 incendiis,
2835 1848 3181 1904 castellorum
3214 1856 3270 1904 et
3301 1848 3629 1917 oppidorum
3680 1864 3817 1902 non-

2227 1937 2498 1993 nullorum
2553 1938 3033 2005 destructionibus,
3067 1949 3122 1994 et
3167 1940 3220 1994 in
3251 1940 3435 1995 divina
3472 1955 3632 1994 sacra
3666 1940 3819 1993 inau-

2228 2029 2358 2085 ditis
2388 2029 2728 2100 sacrilegiis,
2771 2031 2974 2101 passim
3016 2029 3425 2087 efferatissimus
3449 2031 3546 2086 Dei
3571 2041 3816 2086 contem-

2228 2131 2353 2191 ptor
2379 2122 2763 2176 miserabiliter
2789 2123 3092 2178 insistebat.
3139 2122 3295 2176 Nulla
3327 2123 3474 2177 inter
3506 2138 3727 2177 sacrum
3767 2131 3817 2176 et

2229 2231 2334 2269 non
2366 2229 2586 2269 sacrum
2619 2213 2953 2280 dilIerentia,
2983 2214 3128 2269 nulla
3171 2215 3223 2269 in
3257 2223 3333 2270 tot
3373 2214 3614 2269 miseriis
3660 2214 3818 2268 misc-

2231 2307 2369 2361 ratio
2401 2307 2594 2362 fuerat.
2630 2305 3188 2378 Ecclesiasgquippc,
3232 2309 3298 2362 ad
3339 2323 3476 2378 quas
3503 2324 3628 2363 cum
3658 2308 3815 2362 rebus

2229 2399 2341 2453 suis
2368 2399 2758 2454 conservandis
2809 2409 2966 2454 terra:
3015 2399 3267 2470 inquilini
3300 2399 3686 2471 confugerant,
3719 2402 3817 2454 mi-

2229 2491 2870 2563 serabiliter'7'sacrilegi
2903 2501 2954 2547 et
2987 2492 3399 2564 praesumptuosi
3431 2492 3810 2556 incenderant,

2229 2580 2520 2651 depraedati
2552 2590 2707 2648 sunt;
2755 2582 3068 2638 sacerdotes
3098 2583 3269 2638 sacris
3292 2582 3536 2636 vestibus
3579 2583 3813 2647 indutos,

2230 2676 2545 2731 seminudos
2574 2685 2628 2731 et
2673 2676 2979 2731 miserrime
3017 2676 3298 2747 vapulatos
3335 2677 3812 2748 proculcaverant;

2230 2765 2421 2820 altaria
2445 2775 2756 2822 sanctorum
2772 2767 3016 2837 reliquiis
3040 2767 3162 2822 inde
3184 2767 3378 2824 ablatis
3400 2771 3812 2835 destruxerant;

2230 2871 2392 2926 super
2410 2870 2494 2921 ea,
2525 2858 2666 2926 quod
2695 2873 2724 2910 a
2752 2857 2980 2928 paganis
3007 2857 3307 2913 inauditum
3329 2869 3433 2925 est,
3461 2870 3809 2926 cacaverant.

2235 2947 2494 3002 carnibus
2538 2948 2732 3017 przeda:
2766 2949 2821 3002 in
2867 2946 3041 3004 frusta
3071 2948 3344 3006 dilaniatis
3391 2953 3810 3023 superinpositis

2237 3055 2302 3096 ea
2359 3049 2778 3096 cruentaverant
2811 3080 2829 3108 ,
2896 3041 3156 3119 mulieres
3219 3058 3356 3113 quas
3423 3044 3478 3098 in
3556 3045 3814 3101 azcclesiis

545 3107 762 3183 exista
779 3136 936 3196 parte
966 3127 1084 3197 ipsa
1136 3126 1225 3182 die
1257 3140 1385 3184 cum
1438 3107 1799 3183 Francorum—
1826 3107 2128 3202 coniuratis
2160 3107 2205 3171 (ἶ
2236 3141 2509 3202 ceperant,
2557 3133 2882 3204 inpudenter
2923 3107 3036 3190 illic
3076 3107 3308 3190 velut—in
3355 3136 3662 3206 prostibqu
3687 3153 3814 3192 eou-

549 3218 886 3274 centenariis
924 3217 1068 3274 bello
1115 3217 1410 3274 durissimo
1457 3219 1682 3275 omnino
1719 3219 2020 3292 proﬂigatis
2074 3232 2132 3279 et

546 3311 922 3367 eunuchizatis
952 3310 1282 3367 dimicabant
1310 3312 1400 3378 κθ,
1443 3322 1499 3368 et
1527 3313 1765 3369 victores
1803 3315 2131 3370 mirabiliter

547 3401 897 3467 exstiterant,
943 3399 1372 3457 Alemannorum
1403 3402 1666 3476 impetum
1694 3403 1991 3458 metuebat.
2025 3404 2130 3471 Qui

547 3500 606 3549 et
627 3492 735 3563 ipsi
782 3506 912 3546 vere
945 3501 1224 3562 comperta
1279 3494 1514 3549 hostium
1567 3495 1696 3565 fuga
1750 3503 1808 3549 et
1856 3497 1938 3550 sui
1990 3497 2132 3568 regis

549 3581 778 3638 victoria
821 3590 878 3636 et
896 3583 1227 3649 reversione,
1256 3585 1532 3640 successui
1576 3599 1796 3640 suorum
1827 3587 2134 3656 congaude-

549 3672 705 3738 bant,
733 3680 788 3726 et
817 3672 1081 3728 incendiis
1109 3674 1414 3745 przedisque
1470 3677 1706 3746 undique
1752 3675 2050 3733 devastatis
2077 3685 2134 3732 et

549 3764 876 3834 expugnatis
929 3767 1143 3836 oppidis
1197 3768 1631 3823 adversariorum
1691 3783 1913 3824 suorum
1967 3785 2132 3841 quam

549 3857 820 3926 plurimis,
875 3859 1048 3914 reditu
1091 3861 1402 3932 triumphali
1443 3871 1674 3919 ovanter
1729 3865 2128 3935 repairiabant.

623 3949 861 4006 Tandem
910 3951 1114 4007 falsarii
1169 3961 1225 4008 et
1274 3956 1680 4012 mendaciorum
1739 3959 2132 4014 commentarii

550 4046 698 4118 regis
754 4046 990 4103 Heinrici
1041 4048 1250 4103 circum
1295 4050 1441 4105 circa
1499 4060 1811 4117 terrarum,
1854 4052 2132 4107 dominum

550 4154 708 4195 suum
734 4140 997 4196 victorem
1027 4141 1096 4197 de
1131 4140 1403 4198 Saxonico
1445 4141 1586 4199 bello
1618 4157 1889 4199 remeasse
1913 4184 1928 4210 ,
1962 4143 2137 4215 impu-

551 4231 747 4286 denter
770 4231 1130 4300 allirmabant,
1158 4243 1216 4288 et
1255 4235 1328 4288 ita
1354 4244 1662 4290 commenta
1692 4250 1790 4289 sua
1841 4236 2015 4304 ipsum
2067 4237 2135 4270 ⁸⁸⁸

553 4322 752 4378 domno
783 4338 956 4392 papae,
987 4323 1248 4379 Romanis
1289 4333 1344 4380 et
1395 4325 1609 4380 cunctis
1639 4325 2010 4393 Longobardis
2039 4341 2138 4396 per

2231 3230 2646 3293 stupraverant;
2697 3222 2967 3277 stabulum
3015 3223 3170 3296 equis
3216 3231 3273 3279 et
3315 3225 3644 3282 animalibus
3689 3225 3812 3291 suis,

2233 3330 2338 3370 nec
2367 3329 2473 3370 non
2500 3313 2730 3368 latrinas
2763 3312 2816 3368 in
2848 3314 2928 3370 eis
2955 3325 3268 3370 erexerant.
3301 3315 3556 3371 Mulieres
3588 3316 3714 3371 item
3752 3315 3813 3369 ad

2231 3421 2405 3476 usque
2460 3413 2691 3460 mortem
2740 3405 3144 3475 constuprando
3199 3404 3488 3461 nonnullas
3531 3421 3810 3478 Oppresse-

2235 3507 2385 3562 rant;
2443 3495 2732 3566 plerasque
2784 3496 3019 3552 viriliter
3070 3506 3380 3553 tonsuratas
3434 3513 3501 3554 ac
3555 3499 3808 3561 vestitas,

2235 3592 2477 3660 captivas
2527 3591 2870 3646 abduxerant
2921 3608 2933 3644 :
2991 3591 3224 3662 ligneam
3295 3591 3502 3647 Christi
3580 3590 3812 3647 cruciﬁxi

2235 3681 2525 3752 imaginem
2605 3681 2750 3750 apud
2822 3679 3007 3735 Altorf
3029 3721 3044 3746 ,
3093 3690 3150 3737 et
3207 3680 3338 3736 alibi
3385 3682 3550 3736 etiam
3580 3722 3596 3746 ,
3648 3681 3814 3751 capite

2235 3773 2487 3828 manibus
2515 3782 2570 3827 et
2599 3772 2829 3841 pedibus
2869 3773 3338 3828 detruncaverant
3374 3773 3656 3828 abscissis.
3689 3771 3817 3838 Quid

2233 3864 2430 3935 plura?
2469 3863 2643 3918 Omne
2688 3876 2904 3918 sacrum
2935 3871 2992 3918 et
3020 3864 3262 3920 divinum
3310 3872 3644 3918 temerantes
3669 3905 3682 3929 ,
3711 3863 3819 3934 plus

2235 3971 2395 4024 quam
2423 3955 2643 4009 ethnica
2668 3953 2881 4009 insania
2923 3954 3212 4010 omnifaria
3258 3953 3583 4024 polluerant.
3611 3985 3684 3995 —-
3707 3954 3821 4008 lla'c

2235 4048 2450 4117 quidem
2499 4047 2682 4101 omnia
2735 4047 3154 4116 episcoporum,
3201 4049 3294 4118 qui
3342 4046 3506 4102 simul
3567 4061 3696 4101 cum
3747 4047 3819 4101 eis

2236 4138 2512 4195 accclesias
2541 4137 2636 4192 Dei
2667 4137 2999 4202 invaserant,
3043 4138 3168 4193 data
3197 4137 3415 4192 licentia
3444 4138 3674 4192 fiebant.
3707 4137 3821 4192 Fie-

2239 4227 2332 4284 bat
2361 4237 2540 4282 autem
2568 4227 2682 4282 haec
2711 4225 3053 4282 detestabilis
3084 4238 3287 4282 sancta:
3311 4227 3574 4284 aacclesim
3611 4229 3822 4284 concul-

2239 4319 2383 4376 catio
2403 4326 2462 4374 et
2492 4316 2755 4372 desolatio
2786 4317 2932 4373 circa
2957 4317 3314 4374 festivitatem
3341 4318 3585 4373 omnium
3614 4329 3820 4374 sancto-

554 4413 762 4469 litteras
783 4415 853 4446 ³⁷⁸³
897 4415 1278 4470 commendare
1333 4415 1646 4472 effecerant.
1690 4417 1907 4472 Eisdem
1950 4419 2140 4475 diebus
2171 4429 2385 4509 Drum-
2440 4410 2594 4466 Tunc
2641 4424 2857 4482 quoque
2908 4426 3097 4481 parum
3152 4411 3331 4466 minus
3382 4427 3551 4482 quam
3610 4421 3821 4467 centum

555 4507 724 4562 abbas
775 4505 1148 4573 Massiliensis;
1184 4509 1329 4564 sedis
1384 4508 1695 4579 apostolicae
1744 4508 1954 4579 legatus
1983 4551 2000 4576 ,
2045 4513 2138 4579 qui

557 4611 681 4652 eum
729 4597 958 4653 ducibus
1001 4598 1424 4656 Alamannorum
1479 4601 1753 4672 przedictae
1811 4604 2138 4674 expeditioni

557 4697 757 4758 praesto
808 4688 1074 4756 interfuit,
1131 4701 1186 4747 et
1214 4694 1302 4749 cui
1353 4693 1532 4750 omnia
1563 4693 1824 4750 bellorum
1873 4706 2026 4768 gesta
2071 4712 2138 4752 ex

559 4787 674 4833 toto
703 4795 808 4835 non
840 4779 1021 4850 ignota
1064 4779 1301 4850 fuerant,
1332 4785 1457 4854 quia
1484 4785 1687 4840 nullum
1727 4787 1970 4856 inpositae
1992 4787 2138 4859 lega-

558 4869 724 4926 tionis
773 4879 829 4926 et
888 4871 1287 4929 tecclcsiastica:
1346 4875 1593 4932 utilitatis
1644 4877 1940 4947 profectum
1993 4881 2132 4951 apud

559 4963 864 5004 Ωηηαιαιῖρω
909 4967 1047 5004 ερδῖα
1079 4967 1414 5004 θδυηνοηι-ἶηρ
1479 4986 1537 5004 ea
1585 4985 1682 5004 nan
1733 4971 1987 5004 Inc-kll;e:~n
2035 4989 2132 5004 nnn

2243 4501 2498 4556 aecelesia:
2523 4500 2578 4554 in
2604 4499 2693 4554 illa
2731 4498 3077 4570 expeditione
3123 4499 3336 4556 violata:
3375 4509 3522 4555 sunt.
3570 4501 3820 4557 Attamen

2243 4592 2359 4646 haec
2407 4591 2478 4622 ⁸⁷³
2507 4605 2617 4646 non
2667 4590 2912 4662 inpunite
2937 4591 3159 4645 omnino
3214 4589 3358 4644 facta
3405 4599 3562 4655 sunt;
3605 4589 3819 4660 quidam

2241 4701 2475 4756 namque
2507 4685 2744 4751 illorum,
2775 4692 2834 4740 ut
2880 4685 3060 4753 aiunt,
3118 4684 3187 4739 ab
3232 4684 3513 4738 inmundis
3542 4684 3819 4755 spiritibus

2239 4780 2464 4850 arrepti,
2491 4795 2663 4850 usque
2689 4787 2753 4833 ad
2781 4788 3010 4834 mortem
3037 4778 3404 4842 vexabantur;
3425 4777 3673 4832 nonnulli
3699 4793 3816 4832 vero

2238 4889 2266 4927 a
2294 4872 2631 4945 principibus
2654 4869 2969 4925 Alemannis
2997 4868 3288 4935 interfecti,
3311 4870 3478 4940 capti,
3503 4869 3812 4940 exspoliati;

2237 4965 2464 5004 ηΙιιςιίηιςι
2497 4977 2624 5004 nam:
2651 4976 2836 5004 nnrnm
2868 4961 3127 5004 pnnrinnli
3157 4960 3226 4993 ⁸⁷⁸
3259 4969 3315 5004 pl
3343 4961 3648 5004 dplrnnnnli
3679 4969 3812 5004 enim-
