3940 5382
170 156 303 232 32f
1402 159 1742 230 ANNALEs.
1781 205 1850 217 —
1888 175 2004 232 Aa.
2048 176 2205 232 toni.
3354 185 3470 242 tes

172 285 443 352 sarcinis,
469 286 709 352 domum,
735 298 842 342 non
870 283 1029 357 pleno
1054 292 1234 341 tamen
1263 283 1558 356 triumpho,
1593 288 1764 358 tripu-
1794 292 1846 354 Α
1871 285 2054 341 nuerit
2077 326 2091 348 ,
2141 285 2244 340 nisi
2305 286 2495 341 eadem
2553 286 2755 356 praedia
2803 288 3074 347 aecclesiis
3117 291 3420 351 restituerit
3445 336 3466 364 ,

174 381 400 437 diantes
425 379 694 434 redibant.
1873 376 2416 432 excommunicationi
2447 376 2745 447 subjaceat.

251 471 394 542 Ipsis
417 471 612 526 diebus
640 472 746 526 dux
773 469 1099 526 Bertholdus
1143 469 1460 527 christiana:
1494 470 1773 543 religionis
1951 485 1970 520 ‹
2005 467 2062 522 Si
2093 467 2216 537 quis
2245 465 2708 526 Nortmanuorum
2751 472 2952 541 prmdia
2982 478 3294 533 monasterii
3320 477 3466 536 beati
3495 522 3500 529 .

173 575 402 621 amator
426 573 484 620 et
529 563 780 620 defensor
809 562 1106 627 studiosus,
1151 569 1209 616 et
1252 562 1553 641 secundum
1602 562 1772 617 Deum
1875 558 2148 613 Benedicti
2181 561 2379 614 montis
2405 559 2614 616 Cassiui
2647 562 2938 628 invaserit,
2970 566 3052 620 vel
3097 583 3466 640 quascumque

175 670 238 715 et
271 657 522 715 secutum
569 657 752 713 sobrie
781 665 835 711 et
876 656 1128 711 ordinate
1159 655 1401 710 honestae
1439 655 1562 708 vita:
1601 654 1776 709 cultor
1878 666 1965 706 res
1991 649 2231 719 ejusdem
2260 654 2574 708 monasterii
2605 655 2800 724 injuste
2824 658 3144 724 abstulerit,
3182 671 3237 715 et
3269 664 3349 717 bis
3378 663 3464 718 vel

174 766 294 806 non
335 749 587 804 modicus
613 789 627 814 ,
655 747 926 817 aequitatis
953 754 1008 801 et
1034 745 1205 816 pacis,
1235 744 1511 799 modestiae
1535 753 1590 799 et
1619 743 1776 798 disci-
1879 749 1962 796 ter
1991 742 2300 798 admonitus
2334 759 2438 797 non
2470 746 2841 800 emendaverit
2867 788 2880 813 ,
2912 753 3464 809 excommunicationi

175 840 374 911 plinas,
407 839 912 895 misericordiarum
945 836 1155 906 zelique
1187 835 1282 891 Dei
1312 836 1774 901 servantissimus,
1877 832 2192 903 subjaceat,
2246 834 2418 890 donec
2472 835 2793 906 resipiscat,
2847 848 2904 893 et
2950 839 3208 895 recclesiae
3252 843 3467 899 satisfa-

176 931 369 1005 legum
402 940 459 987 et
500 931 824 1001 dignitatum
843 938 1195 1000 paternarum
1223 937 1509 983 exsecutor
1530 927 1779 982 scientis-
1880 926 2009 981 ciat.

178 1025 366 1080 simus
386 1065 402 1090 ,
433 1023 520 1078 vir
563 1024 744 1093 magni
810 1020 1019 1076 consilii
1067 1019 1518 1090 prudentissimus
1562 1028 1618 1076 et
1667 1028 1777 1075 tota
1961 1016 2260 1084 «Quoniam
2292 1017 2641 1074 investituras
2661 1019 3013 1074 ecclesiarum
3043 1029 3232 1077 contra
3261 1031 3466 1078 statuta

181 1133 407 1174 momm
450 1117 736 1172 honestate
765 1115 898 1170 satis
927 1115 1216 1178 virtuosus,
1268 1115 1446 1168 anima
1496 1129 1590 1169 sua
1625 1124 1734 1170 tota
1759 1154 1776 1181 ,
1880 1121 2194 1166 sanetorum
2223 1109 2444 1166 Patrum
2477 1127 2507 1165 a
2535 1111 2689 1166 laicis
2720 1113 2774 1166 in
2811 1113 2993 1168 multis
3029 1124 3295 1170 terrarum
3343 1133 3467 1188 par-

179 1223 298 1278 qua
327 1208 594 1278 oportuit,
643 1221 737 1278 spe
775 1206 986 1276 fideque
1015 1205 1069 1260 in
1117 1221 1310 1260 manus
1363 1205 1458 1260 Dei
1501 1222 1778 1262 commen-
1884 1205 2025 1260 tibus
2051 1203 2168 1260 ﬁeri
2200 1207 2552 1277 cognovimus
2580 1245 2595 1272 ,
2635 1215 2689 1260 et
2714 1222 2777 1262 ex
2806 1221 2870 1262 eo
2901 1207 3160 1277 plurimas
3190 1209 3240 1264 in
3273 1209 3464 1265 teccle-

179 1300 322 1354 data
352 1339 370 1366 ,
442 1299 715 1368 domoque
769 1313 867 1352 sua
927 1297 1223 1368 prudenter
1277 1297 1538 1366 disposita
1572 1337 1588 1362 ,
1638 1297 1779 1353 felici
1883 1296 1960 1350 sia
2011 1298 2453 1366 perturbationes
2504 1313 2624 1353 esse
2655 1339 2669 1362 ,
2717 1298 2882 1354 immo
2955 1301 3138 1356 ruinas
3193 1301 3466 1372 religionis

178 1393 664 1448 consummatione
719 1392 902 1456 diem,
952 1405 986 1446 ο
1037 1390 1276 1444 utinam!
1329 1389 1672 1447 felicissimus
1711 1391 1780 1422 ’⁷³
1882 1399 2082 1443 sancta),
2129 1389 2302 1453 oriri,
2349 1406 2415 1444 ex
2463 1390 2661 1460 quibus
2707 1390 2822 1460 ipsa
2872 1392 3183 1447 christiana:
3225 1409 3466 1450 censura:

178 1485 469 1539 clauserat
497 1495 826 1541 extremum.
1883 1480 2119 1550 dignitas
2151 1481 2521 1547 conculcatur,
2559 1483 2958 1551 perspeximus-
3009 1485 3368 1542 decernimus.
3407 1495 3466 1541 ut

261 1576 541 1633 Hildult'us
585 1578 934 1650 symoniacus
980 1576 1072 1633 ille
1116 1576 1452 1632 Coloniensis
1482 1579 1778 1649 appositus,
1813 1645 1848 1650 _
1886 1571 2061 1626 nullus
2107 1571 2429 1627 clericorum
2464 1571 2808 1628 iuvestituras
2835 1573 3177 1644 episcopatus
3204 1617 3218 1639 ,
3246 1576 3327 1630 vel
3366 1577 3464 1631 ab-

183 1667 508 1736 apostolica:
587 1645 931 1723 auctoritatis
993 1668 1267 1722 sententia
1301 1707 1316 1732 ,
1384 1645 1568 1736 utpote
1621 1670 1780 1726 here-
1811 1645 1854 1703 Β
1882 1664 2062 1727 haliae.
2095 1663 2177 1718 "0|
2207 1663 2487 1728 wcclcsiIP.
2536 1679 2631 1719 seu
2660 1665 3024 1733 pricpositurac
3050 1705 3064 1731 ,
3105 1665 3191 1720 vel
3239 1663 3466 1734 alicujus

183 1760 334 1815 ticus
380 1758 470 1814 fur
517 1769 573 1815 et
597 1759 756 1827 latro,
796 1775 958 1830 super
1009 1768 1207 1814 terram
1248 1761 1536 1817 damnatus
1564 1765 1776 1829 eodem,
1883 1755 2150 1811 clericalis
2179 1755 2457 1826 dignitatis
2484 1757 2549 1810 de
2581 1771 2742 1809 manu
2783 1755 3155 1825 imperatoris,
3186 1757 3268 1812 vel
3298 1759 3464 1828 regis,

182 1859 458 1906 autumno
502 1851 758 1922 migravit
793 1868 824 1906 a
870 1853 1058 1908 seculo
1105 1854 1266 1908 etiam
1315 1854 1369 1909 in
1420 1854 1558 1911 coelo
1588 1872 1783 1927 ρει-ρη-
1882 1849 1964 1904 vel
1991 1849 2217 1918 alicujus
2253 1849 2403 1904 laicze
2438 1863 2679 1919 persona:
2703 1889 2719 1916 ,
2749 1848 2848 1902 viri
2884 1849 2967 1904 vel
2995 1848 3209 1904 feminae
3231 1889 3247 1915 ,
3294 1851 3467 1905 susci-

179 1943 331 1998 niter
357 1945 577 2014 ligatus.
1882 1947 2011 2012 piat.
2045 1941 2198 2010 Quod
2236 1941 2281 1996 si
2332 1943 2754 2011 praesumpserit,
2787 1951 3135 2011 recognoscat
3178 1944 3464 1997 iuvestitu--

260 2032 521 2104 Synodus
551 2050 744 2106 magna
772 2035 958 2091 Romae
991 2035 1134 2092 facta
1186 2046 1289 2104 est,
1331 2046 1443 2094 tum
1477 2040 1546 2071 ³⁷⁸
1573 2042 1642 2096 ob
1671 2041 1782 2111 plu-
1886 2050 2000 2089 ram
2028 2034 2174 2088 illam
2207 2033 2502 2102 apostolica
2538 2032 2862 2086 auctoritate
2906 2032 3113 2085 irritam
3135 2047 3278 2096 esse,
3321 2043 3373 2088 et
3408 2049 3468 2088 se

182 2124 361 2177 rimas
406 2125 669 2180 azcclesia':
711 2137 912 2182 sancta:
943 2128 1296 2184 necessitates
1321 2169 1337 2195 ,
1376 2139 1488 2184 tum
1545 2132 1782 2188 maxime
1883 2143 2053 2197 usque
2089 2125 2154 2180 ad
2187 2125 2404 2196 dignam
2449 2123 2875 2180 satisfactionem
2922 2126 3468 2182 excommunicationi

181 2215 256 2269 ob
304 2217 653 2286 tyrannidem
705 2217 942 2273 Heinrici
990 2221 1132 2291 regis
1174 2221 1643 2293 qualitercumque
1693 2239 1782 2278 se-
1883 2218 2182 2288 subjacere.

183 2307 448 2362 dandam.
502 2309 562 2362 ln
594 2324 702 2378 qua
751 2313 1032 2382 utriusque
1082 2312 1226 2382 regis
1277 2311 1438 2382 legati
1492 2330 1558 2368 ex
1615 2329 1782 2369 causa
1959 2310 2057 2366 «Si
2105 2311 2226 2380 quis
2255 2311 2539 2380 episc0pus
2569 2309 2919 2378 praebendas,
2975 2310 3465 2374 archidiaconatus,

181 2400 539 2455 dominorum
614 2417 835 2457 suorum
891 2420 950 2459 se
1003 2405 1477 2475 proclamaverunt
1507 2449 1521 2473 ,
1580 2422 1782 2477 eosque
1883 2404 2305 2473 praeposituras,
2351 2403 2433 2455 vel
2484 2401 2663 2471 aliqua
2693 2400 2865 2456 ofﬁcia
2914 2401 3296 2458 a-cclesiastica
3337 2420 3467 2458 ven-

177 2492 559 2564 jurejurando,
593 2511 662 2550 ne
693 2496 1041 2568 colloquium,
1087 2500 1232 2570 quod
1273 2499 1504 2556 domnus
1545 2517 1682 2571 papa
1727 2502 1780 2557 in
1883 2496 2100 2561 diderit,
2133 2495 2217 2549 vel
2261 2494 2420 2548 aliter
2464 2509 2627 2562 quam
2673 2500 2872 2548 statuta
2904 2504 3215 2548 sanctorum
3249 2496 3468 2548 Patrum

183 2591 436 2658 proxima
474 2590 703 2660 synodo,
738 2606 804 2645 ne
829 2592 951 2660 quis
982 2591 1282 2662 impediret,
1314 2592 1413 2647 sub
1437 2593 1780 2650 anathemate
1883 2586 2205 2659 pra‘cipiuut
2234 2585 2566 2639 ordinaverit
2593 2625 2606 2647 ,
2641 2584 2708 2637 ab
2755 2583 2929 2638 otlicio
2958 2587 3340 2654 s'xspendatur.
3373 2587 3469 2639 Di-

183 2679 494 2746 constituit,
543 2682 644 2752 ipsi
701 2681 846 2736 nulla
897 2691 1013 2737 arte
1057 2684 1141 2759 vel
1188 2685 1403 2754 ingenio
1433 2685 1739 2754 impediren;

1909 2695 2045 2745 {num
2073 2687 2156 2734 est
2182 2677 2352 2742 enim,
2383 2686 2442 2731 ut
2478 2678 2616 2730 sicut
2649 2677 2818 2746 gratis
2845 2676 3213 2747 episcolialum
3242 2679 3465 2765 accepit.

184 2765 507 2822 innocentes
536 2781 659 2822 esse
690 2767 962 2822 testiﬁcati
994 2778 1143 2823 sunt.
1170 2769 1370 2840 Legato
1412 2782 1592 2825 autem
1639 2772 1780 2840 regis
1882 2775 1954 2830 ita
1987 2772 2225 2827 membra
2254 2766 2493 2838 ejusdem
2547 2768 2890 2840 episcopatus
2918 2770 2999 2825 vel
3037 2771 3317 2841 dignitatis
3349 2771 3470 2827 dis-

188 2854 445 2910 Roudolti
495 2857 563 2911 ab
592 2856 815 2927 optimis
863 2859 1168 2928 quibusque
1196 2859 1399 2929 optime
1435 2859 1777 2928 credebatur,
1885 2862 2107 2919 tribuat.

186 2945 279 3000 alii
313 2962 446 3002 vero
475 2948 716 3033 .perjut'ii
766 2949 1100 3007 iucriminati
1157 2961 1302 3006 sunt.
1358 2951 1599 3007 Tandem
1629 2968 1782 3018 ,_vero
1810 2993 1856 3058 α
1963 2970 1980 3006 ι
2013 2951 2417 3016 Ordinationes,
2447 2965 2566 3021 quae
2589 2950 2979 3006 interveniente
3007 2952 3203 3022 pretio,
3233 2951 3317 3008 vel
3345 2968 3470 3024 prc-

186 3052 288 3108 pro
355 3041 638 3098 invasione
701 3043 850 3114 regni
906 3044 1196 3100 anathema
1250 3044 1316 3100 ab
1378 3044 1672 3115 apostolico
1729 3047 1784 3102 in
1812 3041 1856 3058 “⁴
1889 3043 2063 3110 cibus,
2114 3043 2198 3098 vel
2250 3042 2510 3113 obsequio
2555 3041 2714 3097 alicui
2765 3056 3008 3112 personae
3053 3058 3115 3098 ea
3179 3043 3474 3100 intentione

188 3147 378 3203 regem
432 3133 759 3190 Roudoll'um
808 3143 1132 3206 extorquere
1199 3135 1632 3206 attemptabant;
1704 3146 1788 3195 set
1889 3134 2138 3205 inpenso,
2165 3133 2251 3190 vel
2284 3149 2390 3190 non
2436 3133 2708 3188 communi
2740 3147 3008 3189 consensu
3051 3132 3180 3190 cieri
3212 3146 3266 3190 et
3293 3135 3474 3207 populi

188 3232 420 3280 econtra
458 3233 568 3280 tota
598 3226 805 3298 synodo
833 3227 922 3280 vix
955 3225 1283 3298 suffragante
1329 3228 1502 3300 (182),
1550 3243 1620 3284 ne
1651 3229 1703 3285 id
1731 3229 1787 3286 in
1892 3225 2188 3283 secundum
2219 3225 2511 3282 canonicas
2539 3225 2849 3281 sanctiones
2890 3225 3046 3290 fiunt,
3076 3233 3132 3282 et
3171 3225 3239 3282 ab
3279 3226 3362 3280 his
3405 3224 3474 3280 ad

188 3329 378 3385 regem
410 3313 725 3370 liciuricum
755 3317 825 3371 ob
850 3317 1292 3372 iuobtedientiam
1322 3327 1376 3372 et
1405 3328 1483 3374 tot
1504 3317 1786 3392 sacrilegia
1888 3333 2024 3390 quos
2054 3317 2391 3374 consecratio
2421 3317 2655 3385 pertinet
2681 3331 2787 3371 nou
2833 3315 3275 3383 comprobantur,
3307 3315 3475 3371 falsas

187 3419 316 3474 quae
358 3404 614 3472 praedicta
652 3412 780 3458 sunt
820 3406 1338 3475 mendaciorumque
1385 3407 1788 3465 versutissimas
1889 3419 1944 3466 et
1985 3411 2168 3464 irritas
2218 3423 2338 3464 esse
2385 3407 2774 3478 dijudicamus;
2835 3422 3093 3476 quoniam
3151 3408 3244 3477 qui
3299 3407 3478 3463 taliter

187 3494 476 3550 illusiones
521 3495 666 3550 illius
703 3495 1033 3563 judicialiter
1075 3497 1143 3531 ⁸⁷⁷
1186 3508 1531 3569 retorqueret
1597 3501 1744 3572 (l85)
1771 3543 1786 3569 ,
1890 3505 2233 3568 ordinantur,
2265 3517 2369 3558 non
2415 3515 2512 3571 per
2541 3501 2764 3564 ostium,
2797 3499 2849 3554 id
2900 3509 2985 3554 est
3035 3515 3132 3570 per
3176 3499 3475 3566 Christum,

188 3587 296 3658 ipsi
337 3588 480 3643 datis
507 3594 562 3643 ei
603 3589 672 3644 ad
709 3589 1119 3644 conversionem
1172 3600 1228 3645 ct
1269 3591 1674 3659 responsionem
1722 3594 1788 3648 ad
1892 3593 2124 3655 intrant,
2155 3601 2237 3648 set
2266 3599 2323 3646 ut
2363 3590 2478 3661 ipsa
2520 3589 2726 3645 Veritas
2756 3598 3003 3655 testatur,
3052 3588 3200 3644 fures
3251 3601 3379 3644 sunt
3422 3598 3479 3645 et

189 3692 366 3748 usque
391 3679 694 3748 proximam
723 3679 987 3752 synodum
1010 3680 1094 3736 vel
1115 3682 1256 3736 infra
1288 3682 1540 3749 induciis,
1569 3684 1788 3740 domum
1891 3685 2148 3740 latrones.

189 3784 316 3825 cum
369 3770 636 3826 dedecore
690 3779 747 3825 et
812 3771 1017 3842 absque
1066 3773 1360 3842 apostolica
1418 3775 1792 3831 benedictione
1970 3793 1988 3826 ‹
2023 3774 2211 3830 Falsas
2243 3773 2593 3843 pteniteutias
2619 3771 2866 3836 dicimus,
2897 3786 3017 3841 quae
3043 3785 3149 3824 non
3179 3771 3478 3826 secundum

190 3859 544 3917 confusibiles
570 3863 903 3918 remeabant.
934 3863 976 3918 E
1005 3865 1204 3934 quibus
1251 3881 1390 3920 unus
1417 3859 1792 3937 ,Eigilbertus
1895 3868 2279 3922 auctoritatem
2326 3875 2636 3921 sanctorum
2681 3873 2891 3934 patrum
2931 3879 3031 3933 pro
3067 3863 3327 3933 qualitate
3372 3864 3481 3919 eri-

191 3951 540 4009 Pataviensis
589 3958 936 4026 praepositus,
981 3957 1073 4028 qui
1113 3957 1229 4027 jam
1273 3960 1340 4013 ab
1389 3960 1640 4029 episcopo
1695 3976 1792 4017 suo
1893 3958 2100 4012 minum
2139 3957 2510 4028 imponuntur.
2553 3956 2780 4025 Ideoque
2801 3955 3126 4024 quicumque
3156 3954 3308 4009 miles
3335 3994 3350 4019 ,
3389 3953 3479 4008 vel

185 4044 522 4116 judicialiter
549 4049 1054 4104 excommunicatus
1085 4060 1197 4115 est,
1242 4050 1309 4104 ad
1347 4065 1525 4121 regem
1575 4051 1792 4107 Hcint‘i-
1893 4050 2228 4121 negotiator,
2253 4048 2338 4103 vel
2377 4048 2534 4102 alicui
2563 4047 2737 4102 ollicio
2766 4046 2977 4102 deditus
3007 4045 3149 4114 quod
3194 4044 3310 4098 sine
3356 4058 3479 4113 pec-

192 4149 320 4189 cam
363 4135 444 4189 sic
484 4134 738 4206 perjurus
778 4137 1022 4200 rediens,
1076 4138 1338 4194 aecclesia:
1375 4139 1686 4195 Trevirensi
1725 4141 1793 4197 ab
1894 4153 2018 4201 cato
2044 4142 2283 4198 exerceri
2313 4157 2419 4196 non
2443 4141 2635 4212 possit,
2663 4139 2833 4209 culpis
2861 4137 3197 4209 gravioribus
3233 4135 3479 4191 irretitus

196 4228 314 4298 ipso
372 4243 440 4284 eo
495 4229 586 4298 qui
643 4244 674 4284 a
725 4229 872 4285 clero
921 4239 976 4285 et
1029 4231 1226 4300 populo
1277 4232 1539 4287 canonice
1588 4231 1792 4290 electus
1896 4236 1963 4290 ad
2016 4234 2386 4305 paenitentiam
2417 4232 2648 4295 venerit,
2701 4231 2752 4284 id
2803 4238 2886 4284 est
2929 4228 3022 4298 qui
3071 4226 3209 4282 bona
3256 4226 3478 4281 alterius

194 4330 277 4376 est
335 4321 407 4352 ³⁷⁸
459 4321 753 4391 reprobate
781 4363 794 4385 ,
845 4322 1002 4378 solita
1051 4323 1306 4379 violentia
1361 4341 1456 4394 sua
1507 4325 1690 4382 invitis
1736 4335 1792 4382 et
1816 4356 1866 4415 Β
1895 4326 2090 4396 injuste
2115 4324 2446 4390 detinet,ch
2480 4324 2572 4394 qui
2599 4322 2779 4378 odium
2810 4323 2862 4375 in
2905 4321 3070 4375 corde
3106 4319 3285 4390 gerit,
3328 4333 3479 4374 recc-

197 4413 506 4469 nolentibus
535 4414 748 4475 cunctis
777 4413 1102 4486 Symoniace
1128 4427 1211 4472 est
1239 4417 1494 4486 praelatus
1519 4417 1686 4490 (184).
1820 4413 1845 4415 ⁷
1894 4428 2118 4490 gnoscat
2147 4434 2204 4473 se
2229 4433 2412 4472 veram
2442 4416 2818 4488 paenitentiam
2843 4430 2950 4469 non
3001 4428 3160 4484 posse
3197 4427 3474 4483 peragere.

265 4503 325 4559 lu
365 4505 555 4560 eadem
599 4507 810 4578 synodo
839 4508 922 4563 ha:
986 4510 1272 4567 sententiae
1317 4509 1620 4565 decretales
1660 4526 1789 4566 con-
1892 4525 1990 4580 per
2019 4525 2181 4580 quam
2213 4508 2282 4563 ad
2320 4516 2578 4562 attentam
2625 4505 2788 4559 vitam
2819 4502 2996 4558 valeat
3039 4502 3342 4572 pervenire,
3377 4502 3479 4556 nisi

197 4610 356 4651 sensu
388 4606 445 4651 et
471 4598 873 4667 subscriptione
901 4601 1191 4656 universali
1220 4601 1360 4656 datae
1389 4608 1514 4655 sunt
1543 4599 1712 4672 (l85).
1894 4601 2049 4657 miles
2076 4615 2226 4654 arma
2254 4600 2507 4668 deponat,
2539 4597 2867 4666 ulteriusque
2909 4609 2971 4648 ea
3003 4595 3103 4649 nisi
3136 4603 3226 4648 aut
3253 4592 3478 4648 comitio

273 4711 293 4743 ι
331 4693 674 4765 Quicumque
729 4695 959 4752 militum
1005 4698 1395 4769 cujuscumque
1455 4697 1663 4753 ordinis
1701 4697 1784 4753 vel
1893 4691 2272 4762 religiosorum
2306 4690 2680 4759 episcoporum
2711 4698 2766 4741 et
2789 4701 2887 4756 pro
2913 4683 3479 4753 defcndeudajustitia

200 4783 548 4854 professionis
573 4785 775 4855 praedia
807 4787 1176 4843 ecclesiastica
1214 4803 1246 4840 a
1286 4801 1412 4858 rege
1433 4802 1526 4844 seu
1553 4787 1783 4843 seculari
1889 4798 1996 4838 non
2038 4781 2178 4836 ferat
2210 4797 2225 4835 :
2257 4789 2312 4836 et
2360 4779 2662 4848 negotiator
2710 4777 2986 4847 negotiqu
3025 4774 3385 4846 derelinquat,
3429 4783 3484 4827 ct

201 4879 439 4950 principe
462 4921 478 4946 ,
534 4881 806 4951 episcopis
856 4897 949 4939 seu
1015 4881 1306 4938 abbatibus
1374 4891 1469 4937 aut
1515 4881 1786 4953 aliquibus
1887 4871 2132 4929 oﬂicialis
2163 4869 2394 4926 ofﬁcium
2425 4871 2660 4930 deserat.
2689 4867 2830 4924 bona
2861 4881 2980 4936 qua?
3007 4864 3237 4936 quilibet
3264 4863 3482 4918 illorum

203 4970 565 5027 ecclesiarum
603 4973 904 5029 rectoribus
940 4974 1150 5039 invitis,
1187 4975 1430 5044 suscepit.
1481 4973 1566 5028 vel
1602 4990 1787 5031 susce-
1892 4966 2091 5035 injuste
2133 4963 2355 5019 abstulit
2384 4962 2656 5025 restituat,
2683 4969 2740 5016 et
2785 4961 2968 5016 odium
2997 4973 3064 5013 ex
3096 4957 3263 5012 corde
3306 4955 3486 5009 dimit-

188 5063 356 5131 perit,
384 5064 589 5122 invasit
618 5065 705 5119 vel
743 5065 1021 5128 invaserit,
1055 5064 1139 5120 vel
1162 5079 1358 5136 eorum
1403 5079 1670 5122 consensu
1718 5075 1744 5120 ti

1930 5067 1997 5110 at.
2028 5054 2137 5112 Nec
2169 5063 2352 5110 tamen
2384 5053 2600 5109 interim
2633 5051 2905 5123 desperet,
2956 5057 3038 5104 sct
3066 5046 3325 5119 quicquid
3361 5045 3486 5097 boui

1513 5200 1678 5238 tum
1697 5200 1751 5238 in
1793 5189 2206 5238 I.RCT|0NES.
