3940 5382
471 167 583 224 425

1367 144 1760 206 Βιξιὶτιιοιῡηι
1790 140 2227 200 PRESBYTER!
2263 136 2854 198 CONSTANTIENSlS
2946 176 2953 180 -

3638 130 3744 192 424

475 278 658 337 facere
692 275 889 348 poterit
917 315 932 339 ,
972 273 1253 352 hortamur
1284 274 1341 321 ut
1368 267 1563 330 iaciat,
1610 275 1669 320 nt
1712 263 1856 319 Deus
1895 260 2071 318 omni-
2097 263 2145 322 Α
2169 259 2249 315 eis
2280 250 2710 322 recalcitrantes,
2743 254 2921 311 studio
2950 261 3006 310 et
3038 252 3319 309 voluntate
3376 248 3743 321 refragantur;

478 382 676 445 potens
704 383 801 424 cor
828 366 970 421 illius
1003 362 1067 417 ad
1095 359 1468 432 pmnitcntiam
1499 356 1752 423 illustret.

555 460 856 522 (Decimus,
874 471 1008 524 quas
1031 455 1085 508 in
1115 468 1211 506 usu
1240 449 1454 521 pietatis
1469 462 1756 503 concessas
1769 460 1887 501 esse
1902 459 2066 500 cauo—

478 555 607 613 nica
636 551 929 608 auctoritas
967 545 1257 609 sanctivit,
1289 545 1338 597 a'
1372 541 1527 596 l'aicis
1556 539 1819 611 possideri
1853 546 2068 606 aposto-

481 649 587 705 lica
624 642 944 700 auctoritate
974 636 1341 708 prohibemus.
1374 632 1503 688 Sive
1546 631 1691 686 enim
1740 630 1814 683 ab‘
1853 628 2065 697 episco-

483 741 590 809 pis,
638 736 722 790 vel
757 733 993 805 regibus,
1037 729 1119 785 vel
1152 726 1484 799 quibuslibet
1527 721 1778 795 personis
1829 721 1968 776 idem
1998 717 2067 751 ’τ’

484 807 539 886 in
568 826 952 900 proprietatem
983 836 1076 874 eas
1107 817 1439 887 acceperint,
1464 816 1568 871 nisi
1595 812 1859 870 (ecclesiae
1888 807 2069 865 reddi-

482 920 681 981 derint,
709 916 902 979 sciant,
936 929 996 967 se
1031 910 1301 981 sacrilegii
1337 911 1542 964 crimen
1585 906 1926 964 committere
1953 943 1968 971 ,
2017 910 2073 959 et

481 1014 550 1069 ob
575 1011 628 1066 id
654 1019 869 1064 astet-nae
898 1004 1264 1061 damnationis
1293 1000 1596 1074 periculum
1623 1000 1926 1055 incurrere.

561 1101 733 1169 «Quia
760 1100 875 1155 dies
905 1097 1113 1153 sabbati
1140 1096 1280 1167 apud
1310 1102 1527 1149 sanctos
1553 1093 1739 1147 Patres
1776 1098 1992 1146 nostros
2018 1088 2074 1144 in

484 1194 812 1250 abstinentia
887 1190 1118 1245 celebris
1171 1197 1255 1244 est
1306 1187 1522 1243 habitus
1553 1226 1567 1251 ,
1620 1199 1719 1240 nos
1774 1182 2073 1238 eorundem

485 1286 864 1343 auctoritatem
913 1288 1227 1351 sequentes,
1271 1278 1564 1335 salubriter
1591 1276 1947 1332 admonemus
1969 1320 1983 1346 ,
2015 1280 2077 1328 ut

486 1379 813 1446 quicumque
849 1389 906 1428 se
949 1371 1260 1427 christiana!
1300 1368 1575 1440 religionis
1607 1366 1924 1438 participem
1955 1378 2077 1419 esse

488 1470 782 1532 desiderat,
813 1465 881 1521 ab
926 1479 1022 1518 esu
1065 1465 1313 1518 carnium
1362 1461 1553 1517 eodem
1586 1458 1674 1513 die
1699 1497 1714 1522 ,
1745 1456 1848 1511 nisi
1884 1453 2077 1524 majori

490 1566 783 1625 testivitate
812 1560 1205 1619 interveniente
1248 1556 1330 1613 vel
1370 1554 1686 1612 inﬁrmitate
1726 1549 2072 1623 impediente.

491 1660 785 1721 abstineat.

566 1771 585 1803 ι
616 1749 687 1806 Ut
713 1748 899 1804 nullus
922 1746 1089 1801 abbas
1120 1742 1358 1799 decimas
1383 1749 1438 1796 et
1473 1737 1764 1810 primitias,
1791 1742 1846 1791 et
1870 1732 2078 1804 reliqua

491 1859 615 1915 qua:
651 1840 950 1898 secundum
978 1846 1179 1893 statuta
1214 1847 1482 1890 canonum
1509 1832 1578 1886 ad
1620 1827 1907 1900 episcOpos
1946 1840 2076 1897 per-

495 1938 689 2000 tinent,
741 1933 859 1987 sine
919 1928 1242 1985 auctoritate
1305 1924 1537 1980 llomani
1594 1920 1915 1994 pontiﬁcis,
1983 1931 2078 1972 seu

495 2025 733 2101 episcopi
756 2036 1022 2081 consensu
1047 2021 1100 2075 in
1133 2018 1289 2087 cujus
1314 2016 1517 2073 diocesi
1555 2014 1790 2080 habitat,
1818 2012 2078 2077 detineat,

495 2117 791 2190 apostolica
824 2112 1105 2169 sanctione
1140 2110 1442 2164 firmamus.

575 2206 798 2261 «Nullus
818 2204 1103 2275 cpiscOpus
1129 2213 1424 2272 gravamen
1453 2213 1548 2254 seu
1572 2194 1768 2252 servile
1796 2192 2081 2249 servitium

497 2314 569 2356 ex
609 2313 707 2353 usu
756 2305 946 2351 contra
998 2290 1445 2346 mcclesiasticam
1496 2301 1742 2342 normam
1796 2282 2084 2339 abbatibus

498 2405 593 2446 seu
617 2387 832 2443 clericis
853 2383 969 2439 suis
1025 2380 1272 2450 inponat,
1306 2377 1389 2434 vel
1423 2377 1771 2432 interdictum
1824 2371 2081 2427 sacerdo-

500 2482 606 2537 tale
625 2476 857 2535 cilicium
894 2475 1069 2547 pretio
1100 2471 1497 2527 interveniente
1524 2469 1812 2531 restituat;
1842 2463 1986 2520 idem
2013 2462 2082 2495 ’⁸ο

498 2575 545 2630 si
578 2573 787 2639 fecerit,
818 2567 979 2625 officii
1010 2567 1090 2622 sui
1119 2564 1419 2635 periculum
1452 2562 1665 2617 subeat.

577 2685 596 2719 ι
616 2666 675 2720 Si
706 2664 831 2733 quis
859 2660 1058 2732 praedia
1090 2658 1233 2714 beati
1260 2655 1403 2711 Petri
1431 2651 1800 2725 apostolorum
1825 2646 2087 2721 principis

498 2759 827 2827 ubicumque
848 2755 1023 2828 posita
1047 2754 1100 2808 in
1132 2751 1520 2822 proprietatem
1543 2761 1696 2802 suam
1720 2740 2084 2814 usurpaverit,

500 2847 585 2904 vel
614 2849 793 2904 sciens
826 2844 1097 2899 occultata
1151 2858 1258 2897 non
1291 2837 1674 2910 propalavcrit,
1710 2836 1795 2890 vel
1846 2834 2086 2889 debitum

501 2941 783 3007 servitium
816 2937 1011 2993 exinde
1043 2943 1232 2990 sancto
1269 2933 1432 2987 Petro
1478 2945 1584 2985 non
1630 2928 1962 2991 exhibuerit,
1999 2940 2087 2980 re-

504 3043 817 3107 cognoscat,
846 3046 906 3087 se
941 3031 1078 3085 iram
1113 3026 1207 3082 Dei
1255 3034 1311 3080 et
1349 3031 1665 3080 sanctorum
1718 3017 2085 3090 apostolorum

502 3124 655 3180 velut
710 3120 1032 3191 sacrilegum
1081 3117 1382 3171 incurrere.
1432 3112 1774 3181 Quicumque
1821 3116 2003 3164 autem
2036 3107 2087 3161 in

506 3215 614 3271 hoc
640 3214 872 3270 crimine
902 3209 1272 3281 deprehensus
1310 3206 1493 3268 fuerit,
1529 3203 1762 3260 eandem
1818 3198 2091 3257 heredita-

508 3315 618 3361 tem
648 3304 811 3360 beato
847 3303 1008 3358 Petro
1040 3299 1314 3363 restituat,
1349 3305 1406 3352 et
1433 3309 1654 3366 pinnam
1685 3289 2090 3363 quadruplicem

509 3397 578 3452 de
599 3394 839 3466 propriis
873 3391 1032 3447 bonis
1053 3389 1347 3462 persolvat.

587 3486 676 3542 «Si
703 3485 828 3556 quis
854 3484 1142 3555 episcopus
1162 3478 1503 3537 fornicationi
1532 3475 1958 3550 prcsbiterorum
1980 3472 2095 3528 dia-

510 3592 775 3636 couorum
805 3591 900 3632 seu
940 3575 1398 3631 subdiacouorum
1447 3570 1535 3626 vel
1582 3567 1798 3624 crimini
1855 3566 2095 3621 incestus

513 3671 570 3726 in
592 3686 692 3727 sua
717 3669 1000 3740 parrochia
1036 3666 1291 3739 precibus
1330 3664 1417 3720 vel
1471 3663 1657 3734 precio
1693 3657 2097 3716 intervenienti—

513 3765 617 3820 bus
635 3762 1001 3827 consenserit,
1028 3760 1114 3817 vel
1143 3758 1434 3815 commissa
1461 3755 1791 3812 auctoritate
1818 3753 1906 3809 sui
1935 3750 2096 3808 cilicii

514 3871 625 3912 non
657 3854 1072 3926 impugnaverit,
1096 3852 1163 3908 ab
1191 3848 1779 3921 ofﬁciosuspendatur.

590 3946 695 4003 «Ut
719 3946 899 4003 omnis
927 3945 1264 4001 christianus
1293 3952 1556 4015 procuret
1578 3942 1645 3997 ad
1665 3941 1960 3996 missarum
1992 3937 2099 3994 sol-

516 4038 714 4094 lemnia
737 4036 943 4107 aliquid
966 4037 1076 4092 Deo
1109 4035 1328 4100 oilerre,
1361 4044 1419 4091 et
1440 4035 1639 4091 ducere
1657 4033 1724 4088 ad
1756 4030 2097 4092 memoriam,

514 4131 664 4200 quod
699 4129 844 4184 Deus
868 4144 966 4199 per
999 4127 1219 4198 Moysen
1261 4126 1399 4183 dixit
1429 4141 1443 4181 :
1477 4144 1497 4178 ι
1536 4124 1655 4180 Non
1709 4122 1998 4193 apparebis
2046 4121 2101 4175 in

516 4230 814 4293 conspectu
845 4233 1216 4275 meo.vacuus.
1259 4237 1280 4270 ι
1317 4218 1532 4273 Etenim
1559 4218 1615 4271 in
1645 4215 1887 4271 collectis
1912 4215 2105 4269 missa-

2167 353 2333 408 Multa
2362 352 2530 407 etiam
2560 350 2626 405 ad
2655 348 2948 403 utilitatem
2973 345 3234 401 mcclesiae
3258 351 3460 414 praeter
3493 344 3593 397 ista
3637 343 3749 397 illic

2166 444 2509 517 promulgata
2536 451 2682 509 ευιιι,
2713 456 2834 511 (ιιιω
2863 455 3005 496 nunc
3032 453 3319 495 recensere
3359 449 3467 492 Ι]οη
3502 446 3585 491 est
3613 443 3748 490 tem-

2166 539 2336 608 poris.
2371 539 2566 592 Actum
2598 536 2650 590 in
2674 534 2920 590 aecclesia
2952 532 3154 588 domini
3186 529 3493 586 Salvatoris
3516 527 3747 582 Latera—

2169 630 2326 688 ueusi
2354 630 2388 686 5
2414 629 2536 684 ldus
2568 625 2859 682 Novembr.
2906 625 3058 696 (186)
3079 638 3222 679 anno
3251 621 3544 679 dominica:
3567 619 3748 675 lucar-

2168 724 2408 781 nationis
2436 721 2593 784 1078,
2638 720 2934 776 indictione
2963 718 3016 772 Ι.

2243 814 2531 872 lleiuricus
2555 811 2833 868 Curiensls
2860 810 3148 879 cpiscopus
3173 805 3332 861 obiit.

2809 898 3101 956 MLXXIX.

2245 1000 2530 1058 lieinricus
2556 1013 2651 1054 rex
2679 995 2912 1052 natalem
2942 976 3157 1049 Domini
3186 989 3327 1061 apud
3356 987 3749 1058 Mogontiacum

2173 1110 2280 1149 non
2323 1093 2457 1149 satis
2499 1088 2786 1161 magnifice
2834 1086 3152 1142 celebravit.
3201 1082 3313 1138 illic
3349 1092 3539 1136 contra
3586 1079 3749 1136 nostri

2174 1187 2409 1245 climatis
2438 1185 2602 1241 situm
2630 1197 2824 1252 magna
2849 1179 3061 1250 fulgura
3088 1194 3224 1242 vrsa,
3257 1186 3315 1232 et
3335 1185 3583 1230 tonitrua
3626 1174 3750 1228 satis

2178 1278 2440 1338 terribilia
2467 1277 2651 1332 audita
2688 1283 2837 1339 sunt,
2887 1282 2942 1329 et
2974 1273 3131 1328 turbo
3163 1270 3508 1341 tempestatis
3540 1277 3749 1338 partem

2178 1389 2282 1430 non
2311 1371 2591 1427 minimam
2621 1366 2687 1422 de
2717 1363 3041 1437 episcopalis
3070 1362 3328 1418 aecclesia:
3367 1368 3580 1415 tectura
3617 1358 3753 1412 dire-

2176 1476 2349 1539 ptam,
2381 1460 2611 1535 projecit
2639 1459 2692 1514 in
2726 1467 2957 1522 terram;
3014 1464 3069 1510 et
3118 1456 3223 1509 hoc
3245 1468 3312 1508 eo
3370 1461 3617 1521 tempore
3665 1464 3752 1519 ge-

2180 1567 2346 1619 stum,
2374 1568 2481 1609 non
2509 1550 2792 1606 minimum
2822 1545 3170 1602 admirationi
3197 1560 3228 1599 a
3254 1543 3474 1599 cunctis
3520 1540 3753 1597 habeba-

2111 1640 2156 1697 B
2184 1655 2292 1702 tur.
2317 1642 2556 1700 Posthoc
2585 1639 2735 1712 (187)
2777 1636 3091 1693 Coloniensi
3121 1634 3382 1691 :ecclesue
3416 1646 3513 1687 rex
3568 1639 3751 1685 contra

2180 1740 2462 1797 decretum
2486 1731 2842 1808 apostolicum
2864 1731 3161 1803 Sigwinum
3190 1727 3485 1800 quendam,
3513 1723 3753 1792 ejusdem

2180 1831 2283 1888 loci
2311 1831 2592 1893 decanum,
2638 1841 2747 1881 non
2789 1824 3052 1879 canonice
3086 1833 3184 1893 per
3209 1821 3410 1877 ostium
3463 1819 3750 1872 intrantem

2180 1921 2426 1994 pnel‘ecit
2453 1919 2786 1990 episcopum.
2815 1915 2915 1981 Qui
2948 1914 3328 1969 investituram
3365 1909 3517 1964 illam
3544 1912 3611 1962 de
3647 1920 3756 1959 ma-

2183 2032 2255 2071 nu
2285 2014 2426 2086 regis
2463 2022 2519 2069 et
2560 2012 2676 2083 ipse
2718 2012 2969 2082 accipere
3019 2016 3209 2063 contra
3262 2004 3347 2059 fas
3398 2013 3751 2074 pnesumens,

2183 2124 2311 2166 mox
2342 2102 2900 2165 excommunicationi
2956 2098 3140 2156 infelix
3181 2094 3522 2164 subjacebat.
3561 2090 3753 2146 Dehinc

2186 2215 2281 2256 rex
2301 2198 2458 2268 juxta
2489 2196 2557 2228 ²⁸¹
2590 2195 2840 2249 Rhenum
2865 2205 3038 2261 usque
3092 2190 3149 2243 in
3196 2184 3431 2241 mediam
3468 2180 3754 2254 quadrage-

2184 2292 2380 2348 simam
2418 2287 2895 2359 qualitercumque
2923 2286 3310 2342 commoratus,
3348 2275 3553 2330 iterum
3576 2283 3748 2325 omnes

2184 2396 2321 2455 quos
2349 2391 2540 2436 contra
2578 2375 2929 2449 apostolicam
2976 2370 3294 2441 dignitatem
3317 2418 3332 2430 ,
3355 2363 3680 2420 conducens
3708 2366 3757 2413 et

2185 2451 2487 2549 provocare
2526 2478 2758 2543 poterat,
2801 2467 3056 2540 privatim
3087 2451 3175 2519 ad
3213 2461 3664 2517 inoboedienttam
3707 2460 3757 2508 et

2187 2546 2539 2624 rebellionem
2569 2565 2849 2635 adjuratos
2872 2565 3252 2623 contraxerat;
3278 2562 3467 2608 etnon
3493 2550 3667 2606 solum
3712 2546 3757 2600 id

2185 2658 2442 2733 privatim
2467 2664 2522 2713 et
2552 2655 2697 2712 clam
2740 2650 2981 2715 molitur,
3008 2664 3196 2704 verum
3237 2645 3422 2717 potius
3454 2641 3603 2709 apud
3651 2637 3756 2693 Fri-

2190 2732 2471 2807 teslariam
2520 2749 2573 2802 in
2605 2745 2900 2815 colloquio,
2933 2757 3040 2811 quo
3069 2739 3347 2796 Saxonum
3386 2734 3680 2802 optimates
3713 2732 3758 2780 et

2189 2842 2359 2913 ipsius
2405 2839 2582 2895 iutiuti
2629 2838 2887 2893 astitores
2916 2833 3001 2887 his
3027 2832 3216 2885 diebus
3243 2830 3641 2886 convenerant,
3681 2832 3760 2889 pa-

2190 2907 2297 2988 lam
2316 2930 2568 2990 omnibus
2598 2928 2728 2985 fecit
2759 2924 3063 2997 praedicari,
3091 2921 3216 2992 quia
3266 2919 3320 2972 in
3353 2915 3507 2970 nullo
3539 2911 3678 2982 quod
3701 2907 3758 2963 ad

2190 3037 2249 3078 se
2269 3020 2597 3094 pertinuerit
2617 3026 2742 3073 actu
2771 3016 2856 3072 vel
2888 3014 3103 3085 negotio
3131 3024 3320 3065 curam
3344 3005 3435 3059 vel
3466 3010 3758 3074 respectum

2189 3087 2414 3184 prorsus
2446 3111 2500 3167 in
2533 3110 2730 3166 domno
2763 3105 3064 3178 apostolico
3096 3100 3298 3157 habere
3333 3095 3593 3151 voluerit.
3627 3087 3761 3159 Quod

2190 3181 2354 3262 etiam
2385 3204 2489 3258 hoc
2513 3209 2836 3271 argumento
2872 3192 3142 3268 probavit,
3170 3190 3297 3261 quia
3327 3188 3540 3259 legatos
3567 3198 3698 3254 quos
3718 3181 3763 3234 in

2191 3296 2443 3370 proxima
2466 3293 2674 3367 synodo
2711 3291 2780 3346 ab
2814 3304 2880 3344 eo
2915 3288 3018 3345 sibi
3068 3285 3300 3341 Romam
3338 3281 3407 3335 ad
3459 3285 3764 3348 sequentem

2192 3369 2458 3462 Synodum
2487 3400 2626 3457 papa
2659 3399 2758 3452 pro
2791 3396 2970 3438 causa:
3004 3380 3150 3435 illius
3177 3374 3459 3446 responsis
3490 3369 3763 3426 mittendos

2194 3459 2499 3538 constituit.
2525 3475 2751 3532 omnino
2779 3479 3075 3528 contumax
3105 3467 3326 3522 mittere
3361 3459 3708 3530 contempsit.

2267 3571 2567 3642 Postquam
2593 3583 2686 3624 rex
2708 3564 3008 3621 Roudolfus
3039 3569 3160 3632 post
3190 3567 3475 3630 peractum
3511 3554 3704 3610 bellum
3723 3555 3768 3603 et

2194 3663 2482 3719 victoriam
2511 3659 2763 3728 adeptam
2793 3655 2972 3710 denuo
3021 3651 3125 3720 sibi
3173 3650 3609 3707 iusurrectnrum
3661 3653 3767 3695 cum

2197 3770 2306 3810 non
2335 3752 2552 3808 modico
2579 3747 2823 3805 exercitu
2854 3746 3066 3800 hostem
3090 3755 3246 3798 suum
3282 3737 3608 3808 praedictum
3632 3748 3766 3788 com-

2197 3846 2359 3918 perit,
2389 3844 2504 3914 ipse
2533 3842 2731 3908 iterum
2755 3852 2877 3893 cum
2911 3834 3152 3890 maximo
3181 3827 3639 3886 electissimorum
3654 3839 3765 3877 suo-

2200 3953 2321 3995 rum
2345 3936 2575 3992 militum
2608 3942 2972 4004 pugnatorum
2999 3929 3203 3997 impetu
3250 3922 3300 3977 ci
3338 3920 3604 3992 congredi
3634 3932 3769 3972 acer-

2202 4029 2379 4086 rimus
2419 4023 2767 4084 omnifariam
2795 4021 2889 4067 τ²⁸²
2916 4027 3271 4088 attemptaus,
3316 4014 3666 4068 omnifariam
3711 4006 3769 4041 ³⁸⁸

2202 4117 2554 4191 perterritum
2597 4121 2654 4169 et
2700 4107 3065 4181 stupefactum
3120 4122 3150 4161 a
3182 4121 3240 4162 se
3285 4101 3599 4175 profugavit
3638 4115 3767 4156 eum.

2204 4211 2324 4280 Quo
2362 4210 2509 4266 facto
2539 4208 2667 4263 dum
2718 4197 2889 4260 nichil
2923 4201 3070 4256 aliud
3114 4199 3219 4254 hac
3256 4198 3376 4252 vice
3414 4194 3487 4251 ab
3522 4210 3591 4250 eo
3638 4192 3767 4254 ﬁeri.

520 4310 664 4367 libus
685 4318 996 4364 sanctorum
1020 4305 1243 4360 Patrum
1267 4306 1472 4376 liquido
1495 4312 1742 4376 apparet,
1766 4303 1892 4374 quia
1915 4317 2105 4358 omnes
2137 4330 2183 4389 ι)
2208 4308 2313 4363 nisi
2344 4303 2594 4361 militiam
2619 4299 2774 4356 suam
2826 4297 3047 4354 domum
3078 4311 3109 4350 a
3138 4310 3198 4350 se
3227 4292 3581 4350 dimissurum
3636 4287 3768 4344 arbi-

523 4398 811 4456 christiani
858 4414 927 4453 ex
978 4412 1080 4452 usu
1124 4408 1441 4452 sanctorum
1498 4395 1720 4451 Patrum
1748 4398 1859 4453 Deo
1903 4394 2107 4466 aliquid

525 4490 727 4549 offerre
744 4491 962 4545 debent.
991 4508 1010 4542 ι

595 4583 656 4638 lu
688 4582 884 4638 eadem
916 4581 1119 4653 synodo
1144 4580 1414 4636 sententia
1472 4579 1835 4637 anathematis
1871 4580 1993 4637 data
2025 4587 2110 4635 est

527 4676 587 4732 in
607 4688 799 4731 omnes
830 4672 1187 4745 Symoniacos
1211 4680 1266 4726 et
1292 4670 1589 4728 Nicolaitas
1619 4672 1910 4737 hereticos,
1939 4671 2109 4741 quiin

527 4767 736 4824 erroris
777 4768 862 4823 sui
893 4776 1039 4824 secta
1078 4765 1339 4832 indurati,
1393 4764 1745 4838 synodalibus
1794 4772 2108 4820 sanctorum

528 4867 749 4930 patrum
777 4857 1184 4915 diﬂiuitionibus
1212 4867 1269 4914 et
1287 4856 1654 4913 decretalibus
1675 4869 1864 4911 eorum
1889 4852 2109 4910 statutis

530 4952 771 5010 scienter
818 4950 1235 5017 iuobwdientes,
1274 4958 1761 5018 apostatarumque
1809 4945 2112 5017 pertinacia

2210 4405 2468 4461 traretur,
2498 4395 2615 4465 ipse
2642 4392 2696 4447 in
2736 4389 3034 4445 Saxoniam
3063 4402 3218 4442 suam
3248 4399 3371 4441 cum
3404 4383 3521 4438 suis
3547 4381 3769 4453 glorian-

2210 4500 2292 4546 tcr
2342 4485 2626 4545 remeavit.
2670 4483 2765 4540 ille
2797 4491 2979 4537 autem
3010 4478 3303 4534 inmaniter
3331 4472 3616 4538 efferatus,
3664 4469 3770 4528 Aie-

2209 4583 2510 4647 manniam,
2542 4588 2605 4636 ut
2642 4576 2960 4651 praedictqu
3009 4581 3117 4640 est,
3145 4587 3268 4627 eam
3307 4570 3691 4625 devastaturus
3715 4577 3768 4618 ex

2210 4673 2509 4746 improviso
2554 4672 2878 4727 invaserat:
2941 4664 3147 4722 nullum
3218 4662 3333 4717 fere
3399 4656 3770 4714 uominabilem

2208 4741 2410 4842 praeter
2442 4766 2725 4835 Hugonem
2776 4759 3035 4817 comitem
3083 4753 3232 4826 (188)
3277 4752 3379 4806 hac
3432 4747 3687 4803 violentia
3715 4741 3770 4796 ad

2214 4841 2545 4915 deditionem
2583 4854 2679 4910 vel
2719 4851 3086 4910 conditionem
3146 4841 3429 4900 ﬁdelitatis
3477 4848 3768 4896 coacturus.

2217 4946 2517 5006 Roudolfus
2541 4954 2722 5001 autem
2749 4959 2869 5009 rex,
2905 4938 3212 4997 Saxonibus
3246 4933 3362 4992 suis
3388 4947 3421 4986 a
3475 4944 3539 4988 se
3570 4928 3770 4985 domum

1818 5109 2050 5166 VARI/E
2089 5104 2489 5165 isECTlONES.

602 5209 673 5244 ³⁷⁸
707 5209 846 5263 deest
876 5206 930 5259 in
955 5205 1038 5261 ed.
1114 5205 1183 5237 "°
1231 5205 1284 5260 id
1323 5205 1465 5259 enim
1502 5207 1565 5259 ed
1601 5202 1667 5233 ²⁸¹
1742 5202 1885 5258 circa
1917 5200 2073 5271 juxta
2100 5201 2137 5254 2
2162 5202 2233 5233 ⁸⁸⁸
2306 5196 2598 5256 omniiaria
2625 5192 2680 5248 2.
2748 5191 2819 5225 ²⁸³
2842 5189 2991 5248 omni
3026 5190 3216 5249 fariaﬂ
3237 5190 3457 5248 omnino
3482 5188 3569 5241 ed.

2006 5310 2240 5371 NOTAE.
