3940 5382
130 231 228 288 ιξε

1324 234 1662 288 ΑδΝΑιιςδ.
1701 262 1773 275 --
1808 232 1921 289 ΔΝ.
1966 233 2119 291 ωπι.

3255 234 3360 303 tes

126 343 392 403 dimissis,
416 342 531 412 paci
567 351 625 398 et
654 344 946 399 secundum
993 344 1144 414 leges
1179 360 1367 401 eorum
1391 344 1610 415 iudiciis
1632 354 1691 401 et
1718 352 1766 411 Α
1793 345 2022 414 sumptis
2059 342 2265 399 secutu‘
2297 343 2761 401 commilitonibus
2805 344 2937 408 suis,
2975 358 3099 398 cum
3150 352 3362 416 magna

126 433 355 503 jnstitiis,
378 434 582 501 absque
632 448 985 503 personarum
1016 435 1333 503 acceptione
1357 434 1693 502 iustissimus

128 523 349 585 studuit,
382 533 644 592 quantum
666 524 902 579 maxime
932 525 1064 593 ipsis
1085 525 1466 594 adjuvantibus
1493 525 1683 594 potuit.

130 614 252 670 Post
279 629 373 671 mo
394 615 552 675 iicum
585 615 820 683 denique
871 616 983 684 ipse
1007 614 1251 673 febribus
1277 624 1334 671 et
1362 616 1579 686 pleurisi
1607 617 1691 670 in-

129 705 441 760 manissitue
462 714 729 775 arreptus,
761 705 881 775 plus
904 722 1067 776 quam
1092 707 1229 763 duos
1253 721 1467 763 menses
1493 708 1547 762 in
1570 717 1691 763 tan-

129 806 236 848 tum
260 794 547 849 laborabat
569 806 625 849 et
649 798 955 862 contabuit,
983 807 1043 852 ut
1062 812 1096 853 a
1130 798 1402 869 plerisque
1431 799 1688 855 nimirum

130 886 320 941 devita
372 896 432 941 ct
484 886 659 944 Salute
701 904 993 959 numnam
1045 891 1408 960 recuperanda
1465 891 1690 945 omnino

131 978 438 1047 desperatus
462 976 645 1034 fuerit.
680 980 901 1037 Domum
926 996 1156 1050 namque
1186 991 1265 1037 tot
1297 981 1553 1051 periculis
1576 981 1688 1036 Deo

132 1069 292 1137 ipsum
318 1068 626 1123 medicante
656 1070 790 1124 satis
811 1069 1183 1127 desideranter
1218 1070 1686 1137 reconvalescens,

129 1158 455 1229 nativitatem
482 1159 691 1214 Domini
716 1160 1105 1229 gloriosissime
1123 1163 1399 1232 apud......
1428 1178 1551 1219 cum
1580 1179 1686 1217 non

133 1240 333 1310 modico
360 1249 757 1325 Saxoutcorum
788 1252 1091 1322 principum
1139 1253 1365 1323 collegio
1398 1252 1686 1308 festivissi-

134 1353 240 1401 mus
277 1336 593 1401 celebravit,
626 1348 683 1394 et
708 1354 831 1393 mox
860 1349 986 1395 ante
1014 1344 1461 1412 septuagesimam
1514 1343 1687 1403 unde-

130 1447 344 1501 cumque
383 1432 687 1486 recollectis
715 1432 943 1485 milittun
982 1446 1203 1485 suorum
1232 1434 1421 1490 turmis
1470 1435 1687 1506 expedi-

134 1523 312 1575 tionem
344 1522 398 1575 in
433 1536 616 1591 regem
661 1521 969 1575 llciuricum
998 1520 1304 1595 accelerare
1331 1524 1614 1579 deliberat.

194 1612 335 1678 Quod
390 1612 521 1665 dum
580 1611 667 1665 ille
717 1612 948 1681 primum
995 1612 1278 1681 comperit,
1327 1628 1492 1682 seque
1533 1614 1582 1668 ei
1632 1613 1684 1667 in

1789 434 2010 489 virtutis
2035 434 2240 504 impetu
2274 433 2501 487 Raetiam
2525 434 2841 489 Curiensetn
2870 434 3250 491 devastaturus
3278 436 3362 491 in-

1787 525 2039 588 vadebat,
2058 524 2258 594 pretiis
2276 534 2334 578 et
2354 523 2620 579 incendiis
2645 523 2947 589 insistebat,
2964 525 3178 583 comitis
3202 523 3357 581 Otto-

1788 615 1876 670 nis
1905 613 2051 684 (l89)
2074 613 2243 671 tilium
2269 630 2392 671 cum
2421 614 2542 670 aliis
2571 609 2893 684 quibusdam
2942 614 3237 682 majoribus
3264 618 3361 671 ad-

1780 700 2050 774 iuratum,
2084 702 2196 771 regi
2251 701 2517 777 Roudolfo
2556 698 2861 774 subigebat.
2899 704 3104 758 Dehinc
3148 704 3360 759 fortiter

1788 792 2019 863 quadam
2044 786 2202 845 clusa
2238 805 2331 844 seu
2364 791 2539 860 palma
2576 799 2909 863 expugnata,
2941 792 3243 848 interfectis
3267 810 3360 849 ca-

1788 884 1895 953 ptis
1918 882 2224 955 fugatisque
2245 883 2514 946 hostibus,
2547 884 2658 939 Deo
2702 885 2938 939 donante
2966 900 3093 938 cum
3123 887 3357 940 maxima

1790 974 1840 1027 vi
1869 973 2042 1029 victor
2069 973 2371 1046 regreditur
2393 974 2485 1040 ³⁸⁸,
2505 973 2765 1042 quosdam
2788 974 2924 1030 alios
2945 973 3202 1044 deinceps
3225 974 3357 1030 sub-

1787 1077 2008 1121 acturus
2150 1136 2153 1139 _

1858 1157 2057 1211 Eadem
2088 1158 2497 1227 quadragesima
2518 1157 2667 1230 (l90)
2699 1161 2934 1230 synodus
2957 1175 3147 1231 magna
3173 1159 3359 1214 Roma:

1787 1248 2012 1321 collecta
2037 1258 2117 1325 est
2142 1264 2284 1303 anno
2304 1249 2597 1329 Dominica:
2620 1252 3009 1307 incarnationis
3034 1252 3191 1318 1079,
3219 1253 3358 1307 iudi-

1786 1341 1967 1398 ctione
1995 1341 2054 1404 2,
2084 1342 2119 1397 ὅ
2174 1340 2299 1397 ldus
2324 1341 2627 1398 Februarii.
2659 1341 2739 1398 Ad
2774 1330 2957 1413 quam,
3005 1343 3130 1397 licet
3158 1343 3358 1398 furtivo

1786 1432 1874 1489 vix
1903 1431 2276 1488 diversiclin'to
2320 1433 2663 1499 itinerantcs,
2718 1434 3013 1488 cardinalis
3059 1434 3353 1497 llomanns,

1786 1523 2124 1578 Pataviensis
2147 1532 2202 1577 et
2229 1522 2482 1577 Metensis
2507 1524 2770 1594 episcopi,
2801 1539 2900 1595 pro
2930 1532 3011 1577 tot
3040 1538 3260 1577 suarum
3302 1534 3359 1577 et

1784 1612 2298 1667 aecclcsiasticarum
2340 1612 2659 1680 iniuriarum
2689 1612 2870 1669 causis
2905 1612 3213 1683 apostolicae
3240 1610 3376 1667 sedi‘

136 1714 231 1757 tant
258 1704 404 1759 brevi
443 1704 705 1773 temporis
732 1703 961 1758 articulo
997 1720 1101 1757 non
1132 1718 1291 1773 posse
1322 1700 1577 1760 resistere
1606 1705 1683 1759 vi—
1718 1693 1759 1751 Β
1787 1704 2210 1781 proclamandis,
2232 1693 2505 1777 plerisque
2550 1706 2869 1761 insidiarum
2910 1714 2966 1761 ct
3005 1705 3359 1760 custodiario—

138 1794 219 1853 dit,
242 1792 465 1848 consilio
496 1808 620 1847 cum
649 1793 760 1847 suis
789 1793 942 1856 inito,
975 1810 1083 1848 non
1106 1811 1171 1849 ex
1204 1810 1298 1848 sua
1341 1806 1423 1851 set
1445 1810 1511 1850 ex
1541 1796 1682 1865 opti-

141 1893 317 1939 tuatutn
374 1898 600 1939 suorum
645 1898 901 1951 persona,
948 1883 1153 1955 legatos
1208 1891 1360 1954 quasi
1410 1899 1508 1955 pro
1555 1901 1689 1956 pace

140 1974 608 2041 quantulacumque
635 1975 702 2027 ad
743 1974 973 2028 invicem
1022 1976 1388 2045 componenda
1432 1976 1498 2031 ad
1546 1977 1686 2046 cpti-

144 2072 289 2117 mates
319 2062 595 2116 Saxonum
646 2064 979 2119 astutissime
1037 2063 1301 2119 fallendos
1333 2050 1688 2135 properanter

138 2152 395 2221 dirigebat,
438 2152 532 2221 qui
561 2150 698 2205 bella
729 2161 781 2207 et
813 2154 1126 2218 seditiones,
1174 2154 1541 2210 :ecclesiarum
1593 2155 1684 2208 de-

143 2242 420 2305 solationes,
457 2251 513 2295 et
544 2252 623 2296 tot
674 2242 973 2298 facinorum
1014 2244 1359 2299 inmanitates
1408 2244 1685 2299 simulato-

142 2340 206 2392 ric
226 2348 611 2407 conquerentes
635 2338 1055 2407 detestarentur,
1080 2337 1278 2407 quique
1295 2337 1489 2392 domno
1511 2352 1681 2407 papa‘,

147 2429 253 2499 ipsis
293 2439 346 2483 et
396 2429 623 2498 optimis
667 2427 738 2462 ’⁸⁸
785 2430 1089 2500 quibusque
1133 2445 1251 2485 sese
1292 2429 1684 2490 dominumque

146 2535 275 2572 suum
300 2536 471 2591 regem
534 2520 845 2576 Heinricutn
876 2530 1292 2583 consentaucos,
1319 2530 1374 2576 et
1404 2521 1456 2575 in
1497 2517 1683 2589 liuius-

145 2609 263 2661 ntodi
321 2610 496 2663 causis
550 2609 904 2664 emendandis
971 2624 1069 2680 per
1112 2611 1290 2664 omnia
1351 2609 1686 2665 obmdituros

148 2696 419 2752 ﬁrmissime
445 2707 908 2769 protestareutur,
937 2709 990 2753 et
1019 2699 1061 2752 si
1095 2698 1251 2752 aliter
1297 2699 1477 2753 verbis
1525 2699 1682 2752 fidem

146 2801 233 2840 non
257 2788 527 2852 haberent,
550 2784 906 2860 jurejurando
928 2789 1135 2844 datisve
1156 2788 1435 2842 obsidibus
1475 2804 1536 2842 ea
1582 2790 1684 2843 sibi

150 2866 537 2946 comprobarent.
568 2880 688 2946 Quo
715 2879 897 2933 audito
923 2876 1166 2933 Sationes
1196 2878 1247 2931 in
1275 2878 1425 2933 brevi
1455 2878 1553 2940 eis,
1605 2888 1687 2933 ut-

148 2974 250 3031 pote
273 2976 371 3020 tam
400 2968 716 3023 dulcissime
754 2968 1171 3031 blandientibus,
1224 2966 1449 3022 nimium
1479 2969 1683 3023 creduli

1791 1812 1912 1853 rum
1942 1797 2191 1853 articulis
2214 1797 2306 1852 Dei
2339 1798 2513 1866 gratia
2544 1813 2736 1875 secure
2762 1797 3127 1867 pertransitis,
3175 1807 3359 1867 gratu-

1789 1887 1966 1946 lanter
1991 1905 2304 1960 pervenere.
2338 1888 2513 1946 Ubiin
2560 1891 2835 1947 audientia
2870 1892 3039 1947 totius
3082 1891 3270 1962 synodi
3300 1897 3387 1945 se

1789 1981 2210 2051 proclamantes,
2237 1982 2474 2054 cpisc0pi
2499 1992 2782 2054 gratanter
2806 1983 2974 2038 auditi
3003 1981 3360 2053 acceptaban-

1764 2082 1896 2125 ‘tnr.
1930 2071 2030 2128 Ubi
2054 2072 2260 2142 legatus
2292 2074 2433 2144 regis
2456 2074 2700 2130 Roudolfi
2745 2074 2892 2147 (191)
2922 2074 3207 2144 prardictas
3231 2073 3355 2128 Ale-

1790 2163 2053 2217 manniczn
2077 2164 2465 2218 devastationis
2486 2164 2834 2221 calamitosas
2861 2164 3088 2218 multum
3115 2163 3359 2219 miserias

1787 2252 2029 2306 seriatim
2051 2256 2432 2323 conquerendo
2461 2271 2808 2322 enumerans,
2850 2272 2953 2312 nec
2992 2272 3099 2311 non
3134 2264 3359 2310 caeteras

1789 2342 1930 2412 regis
1962 2342 2200 2398 lleinrici
2232 2355 2340 2400 tam
2368 2348 2665 2413 tyrannide
2686 2347 3123 2418 praesumptionis
3151 2361 3247 2416 per
3273 2356 3357 2398 to-

1790 2443 1902 2486 tum
1966 2434 2293 2504 ubicumque
2357 2452 2578 2506 regnum
2641 2436 2879 2491 insanias
2946 2434 3360 2506 proelatnatorie

1788 2523 1923 2578 satis
1951 2538 2307 2595 exaggerans,
2354 2542 2459 2580 non
2493 2525 2611 2581 sine
2649 2524 2939 2580 lacrimosa
2987 2524 3169 2579 domui
3207 2539 3359 2593 papze

1788 2615 2228 2686 perpluriumque
2263 2615 2760 2671 comtuiserantium
2782 2608 3165 2681 amaritudine,
3199 2622 3360 2683 prnttl

1788 2716 2102 2776 oportuerat
2131 2723 2253 2762 cum
2281 2707 2350 2739 ³⁸⁸
2372 2707 2647 2783 eollegatis
2678 2692 2795 2761 suis
2844 2706 3130 2776 dignanter
3168 2705 3361 2760 audie-

1789 2796 1966 2851 batur.
1994 2828 2062 2836 —
2091 2796 2321 2865 Legatus
2350 2812 2564 2865 quoque
2610 2796 2845 2851 lleinrici
2892 2796 3032 2858 regis
3058 2810 3251 2850 causas
3278 2794 3357 2863 ip-

1790 2888 1924 2952 sius,
1956 2888 2202 2957 quamvis
2232 2902 2421 2942 revera
2450 2903 2555 2941 non
2579 2885 2934 2954 justissitnas,
2966 2884 3213 2955 plurimis
3251 2884 3353 2938 Sibi

1791 2988 1848 3033 ut
1881 2977 1995 3032 lieri
2029 2978 2165 3035 solet
2201 2977 2629 3040 confaventibus,
2661 2978 3126 3048 qualitercumque
3154 2965 3355 3046 depro-

151 3056 271 3124 facti,
296 3059 685 3129 expeditionem
714 3060 983 3129 inceptam
1011 3060 1064 3113 in
1106 3059 1299 3129 primis
1337 3060 1558 3113 domino
1590 3076 1685 3113 suo
1715 3045 1758 3105 (ἶ
1792 3070 2001 3133 melmt;
2033 3069 2122 3138 qui
2153 3085 2275 3122 eum
2303 3068 2416 3122 suis
2436 3083 2465 3121 a
2499 3083 2633 3139 papa
2664 3045 2913 3122 falsitatis
2933 3045 3167 3122 convicti
3199 3045 3350 3127 sunt;

148 3145 509 3205 dissuadebam.
538 3148 744 3203 Dehinc
768 3158 976 3204 certum
1008 3149 1150 3202 diem
1183 3148 1235 3201 in
1264 3149 1510 3218 proxima
1551 3165 1686 3218 qna-

153 3237 418 3308 dragesima
442 3241 508 3293 ad
541 3239 959 3309 colloquendnm
989 3239 1089 3291 sibi
1114 3240 1254 3308 apud
1310 3238 1684 3293 Friteslariatn

152 3328 477 3394 cunstituunt;
502 3338 560 3382 et
587 3329 659 3381 ita
684 3328 833 3399 pacis
860 3327 1063 3383 fmdere
1105 3326 1246 3381 clam
1281 3327 1560 3393 condicto,
1590 3328 1685 3382 do-

155 3432 271 3470 mum
314 3419 376 3472 ab
428 3421 660 3475 invicem
714 3418 1052 3489 gratulantes
1097 3417 1398 3473 discedunt.
1460 3419 1683 3474 Domum

154 3520 257 3561 vero
278 3524 407 3573 cum,
437 3518 497 3563 ut
539 3509 920 3573 condixerant,
954 3508 1330 3573 convenirent,
1391 3509 1683 3579 cptimates

154 3601 270 3670 regis
295 3601 518 3659 lleinrici
565 3611 876 3659 commenta
900 3617 996 3657 sua
1026 3612 1080 3657 et
1106 3602 1393 3657 vecordias
1425 3602 1687 3672 qualiter-

153 3706 346 3765 cumque
373 3697 724 3753 defendentes
765 3706 819 3751 et
861 3696 1288 3757 dissimulantes.
1335 3710 1393 3751 se
1438 3712 1542 3751 non
1576 3697 1679 3750 alia

159 3786 334 3842 ratione
356 3789 559 3845 venisse
589 3787 769 3843 testati
793 3795 937 3850 sunt,
970 3802 1133 3855 quam
1174 3798 1233 3840 ut
1256 3785 1511 3841 'Snxones
1542 3786 1683 3854 apud

157 3874 387 3931 dominum
432 3896 616 3944 suum,
670 3890 931 3948 quantum
986 3886 1226 3947 possent,
1258 3877 1597 3945 adiuvarent,
1635 3879 1679 3931 si

156 3969 282 4021 modo
306 3971 366 4024 ad
392 3971 721 4026 deditionem
759 3969 942 4024 venire
967 3969 1180 4024 vellent.
1206 3968 1283 4022 illi
1316 3982 1464 4032 vero,
1492 3985 1680 4038 quam-

157 4058 220 4112 vis
238 4059 411 4115 frustra
442 4078 498 4118 se
526 4063 741 4118 venisse
770 4062 1054 4132 solitisque
1084 4061 1312 4116 fallaciis
1341 4071 1394 4114 et
1423 4060 1561 4116 dolis
1588 4062 1681 4116 dc-

157 4142 273 4203 lusos
298 4166 406 4205 esse
435 4153 854 4223 persensissent,
897 4152 1037 4206 bona
1069 4161 1248 4206 tamen
1302 4150 1562 4220 patientia
1610 4150 1679 4203 ad

158 4252 327 4306 pacein,
350 4246 687 4300 concordiam
710 4252 765 4300 et
793 4244 1101 4314 apostolicae
1122 4243 1264 4297 sedis
1294 4242 1678 4301 ouwdicntiatn

158 4326 274 4395 ipsos
303 4334 577 4388 secundum
602 4349 724 4390 sesc
751 4333 1123 4403 paratissimos
1150 4331 1263 4385 fieri
1294 4343 1563 4401 oportere,
1590 4346 1678 4385 sa-

157 4415 215 4468 tis
237 4420 589 4478 admonebant.
619 4420 712 4477 lsti
753 4432 934 4477 autem
984 4430 1229 4486 econtra,
1278 4421 1480 4475 nullam
1527 4422 1679 4491 pacis

161 4519 302 4577 neque
323 4528 459 4582 papae
486 4529 671 4570 curam
696 4528 813 4569 sese
831 4523 886 4569 et
907 4513 1179 4568 dominum
1207 4526 1363 4566 suum
1398 4513 1679 4567 habituros

162 4592 270 4661 fore,
290 4602 481 4667 publica
505 4602 934 4659 conclamatione
964 4600 1215 4671 professi,
1240 4599 1342 4657 (ide
1368 4604 1681 4673 pariterque

162 4699 266 4752 Pace
286 4695 344 4747 ad
370 4696 590 4752 invicem
638 4694 966 4760 renuntiata,
1021 4693 1100 4748 sic
1149 4701 1351 4749 temere
1396 4695 1679 4765 provocati

163 4783 502 4848 tepatriabant.
1328 4796 1333 4801 ‘
1404 4768 1405 4773 η
1682 4800 1685 4803 ·

217 4869 296 4928 llis
320 4876 496 4935 diebus
534 4875 656 4935 ante
700 4879 1172 4952 quadraresmtam
1221 4876 1327 4931 dux
1362 4873 1541 4933 Welfo
1592 4892 1677 4929 as-

1790 3158 1909 3211 aliis
1946 3169 2126 3212 autem
2158 3160 2226 3213 ab
2252 3158 2469 3227 optimis
2498 3157 2824 3227 quibuslibet
2852 3157 3053 3226 optime
3084 3156 3217 3210 satis
3243 3169 3358 3210 crc-

1786 3244 2034 3303 dcbatur.
2070 3246 2287 3302 Publice
2314 3247 2567 3302 nimirum
2597 3247 2650 3301 in
2694 3249 2900 3319 synodo
2945 3247 3173 3301 domnus
3219 3259 3356 3315 papa

1787 3339 2087 3411 legationes
2136 3337 2375 3393 lleinrici
2419 3338 2560 3409 regis
2603 3338 2888 3391 mendosos
2931 3350 3050 3391 esse
3078 3336 3357 3405 professus

1784 3440 1897 3494 est;
1924 3444 2088 3499 seque
2111 3443 2234 3484 eum
2261 3443 2291 3481 a
2322 3426 2843 3498 regnojmlicialiter
2881 3426 3219 3495 deposuisse,
3249 3438 3351 3478 nec

1786 3530 1974 3592 postea
2001 3518 2341 3587 aliquatenus
2381 3516 2684 3571 restituisse
2711 3524 3043 3585 protestatus
3068 3526 3170 3568 est.
3204 3514 3357 3568 Unde

1785 3623 1836 3664 et
1864 3611 1985 3665 ilico
2001 3626 2122 3663 eum
2141 3609 2645 3671 anatltematizaret,
2663 3608 2761 3661 nisi
2780 3608 2920 3677 quod
2946 3608 3202 3660 omnibus
3228 3608 3357 3658 utri-

1787 3717 1959 3769 usque
2020 3701 2192 3770 partis
2252 3700 2568 3753 astitoribus
2625 3700 2727 3751 bno
2788 3698 2970 3765 potius
3042 3696 3349 3765 placuerat,

1786 3793 1930 3860 quod
1957 3806 2126 3859 usque
2152 3790 2517 3845 in'asrcnsam
2547 3789 2754 3842 Domini
2786 3789 2962 3842 adhuc
2990 3778 3360 3856 exspectando

1784 3878 2093 3936 diﬂ‘erretur
2113 3921 2126 3945 ,
2154 3882 2229 3933 ob
2252 3881 2302 3933 id
2324 3879 2613 3948 praecipue,
2639 3894 2704 3932 ne
2724 3877 2852 3943 quid
2883 3877 3243 3930 inordinatum
3267 3889 3357 3943 sy-

1784 3979 1957 4031 nodus
1985 3976 2236 4030 Romana
2264 3975 2316 4028 itt
2343 3989 2465 4028 eum
2494 3976 2896 4044 pra‘CIpitanter
2926 3971 3123 4025 fecisse
3140 3970 3353 4025 causari

1783 4065 2044 4136 potuerit.
2104 4065 2337 4135 Legatus
2385 4078 2618 4131 namque
2667 4061 2808 4115 illius
2850 4060 3024 4129 palam
3076 4060 3353 4127 professus

1780 4164 1883 4218 est,
1915 4156 2057 4224 quod
2081 4171 2186 4209 non
2218 4152 2411 4208 callide
2437 4159 2516 4205 set
2544 4157 2864 4206 nceessntatc
2886 4157 3107 4203 coactus
3128 4147 3350 4201 dimise-

1783 4245 1875 4309 rit,
1907 4247 2048 4314 qnod
2079 4243 2338 4305 nondum,
2378 4242 2529 4311 juxta
2562 4242 2702 4309 quod
2751 4240 2804 4294 in
2855 4236 3097 4307 proxima
3147 4238 3355 4305 synodo

1781 4349 1915 4403 papa
1944 4334 2216 4395 sanctivit,
2243 4331 2378 4384 tales
2407 4331 2454 4385 ei
2481 4330 2684 4395 legatos
2719 4327 2999 4390 direxerit,
3032 4328 3121 4395 qui
3152 4326 3375 4394 legatos"

1792 4426 2112 4493 apostolicos
2134 4439 2230 4494 pro
2281 4431 2388 4475 tam
2434 4421 2674 4476 maxima
2719 4418 2951 4473 sedanda
2983 4416 3353 4472 discordiu‘in

1791 4514 2182 4569 'l‘beutonicam
2207 4513 2439 4581 patriam
2464 4527 2685 4566 securos
2711 4512 2908 4565 dueere
2939 4518 3175 4577 possent.
3198 4506 3367 4561 iura--

1788 4606 2065 4661 vitantem
2105 4606 2247 4674 quod
2307 4603 2554 4658 dominus
2592 4619 2722 4658 suus
2772 4600 2903 4655 tales
2944 4599 3171 4655 Romam
3210 4599 3353 4652 intra

1786 4699 2158 4751 ascensionem
2193 4695 2400 4750 Domini
2424 4695 2690 4749 missurus
2709 4701 2872 4752 esset.
2903 4700 2958 4747 et
2987 4692 3129 4749 quod
3158 4691 3272 4759 ipse
3302 4691 3356 4741 in

1786 4803 1948 4842 causa
1986 4788 2134 4855 regni
2176 4787 2441 4841 obtedtret
2482 4785 2807 4840 omnimodis
2858 4778 3168 4852 apostolicae
3220 4781 3351 4834 sedi.

1787 4876 2036 4933 Juralum
2066 4885 2150 4931 est
2174 4885 2230 4931 et
2250 4883 2507 4947 exparte
2537 4874 2974 4944 regis-Roudoltl,
2994 4875 3143 4943 quod
3167 4879 3221 4927 et
3247 4872 3372 4940 ipsa-

1381 4980 1616 5062 vim;
1656 5007 2062 5067 LECTIONES.

217 5092 274 5126 ’“
310 5101 633 5168 optimatibus
659 5106 737 5158 ed.
815 5104 884 5138 ⁸⁸⁸
917 5103 1188 5173 egreditur
1219 5101 1272 5153 ‘2.
1349 5099 1420 5133 ’⁸⁸
1437 5118 1557 5153 eum
1581 5103 1633 5155 ἓ.
1678 5156 1683 5161 ,

1512 5218 1519 5223 ⁷
1574 5236 1831 5303 'NOTIE.
1872 5254 1877 5259 ε
1949 5250 1957 5257 ·
