3940 5382
538 201 640 259 ιη

1427 200 1815 259 BERTHOLDI
1840 198 2274 257 Ριιεεητειιι
2306 198 2898 258 σοαδτΑΝτιΕΝειδ

538 321 590 375 in
617 319 886 393 colloquio
912 321 1055 393 quod
1083 330 1218 394 papa
1247 321 1623 387 constitueret,
1647 320 1931 393 ei'pariter
1953 321 2108 375 obm-
2140 325 2188 385 Α
2213 317 2534 375 electionem
2576 332 2737 375 suam
2784 316 3097 375 testimonio
3137 317 3411 389 probabili
3442 360 3443 363 η
3478 318 3806 379 manicat-

533 412 694 468 diret.
723 412 962 485 Denique
985 408 1212 469 domnus
1241 413 1571 484 apostolicus
1593 414 1772 468 denuo
1796 425 2117 468 excommu.

534 502 739 557 u‘icavit
787 501 958 569 illum,
1021 503 1366 574 quicumque,
1420 518 1490 559 ne
1536 503 1591 558 in
1639 501 1913 573 praeterito
1972 514 2116 558 anno

533 592 861 663 colloquium
885 592 1060 660 fieret,
1087 593 1333 664 quolibet
1359 593 1576 666 ingenio
1605 608 1702 649 seu
1742 591 1982 649 {actione
2008 593 2115 649 im-

534 685 796 754 pedierit;
835 685 1147 757 pariterque
1189 700 1335 751 eum,
1380 685 1475 757 qui
1516 683 1758 741 futurum
1786 683 2113 757 impedierit,

531 776 678 846 quod
704 778 880 832 denuo
908 776 1010 833 hac
1033 776 1153 832 vice
1173 776 1476 832 constituit.
1728 794 1729 797 ‘

604 868 879 925 Pmdietis
927 878 1111 925 autem
1159 869 1395 926 induciis
1441 869 1686 926 omnium
1738 868 2111 926 Romanorum

532 959 746 1014 animos
779 958 880 1015 sibi
927 959 1242 1015 conciliavit
1284 961 1339 1015 in
1370 969 1612 1025 tantum,
1642 966 1703 1015 ut
1747 974 1857 1016 non
1887 958 2116 1016 ulterius

532 1053 820 1107 anathema
844 1052 895 1107 in
913 1051 1227 1108 Heinricum
1252 1067 1433 1123 regem
1450 1050 1651 1109 ditl‘erri
1668 1059 1872 1123 petant,
1885 1050 1932 1109 si
1952 1052 2114 1109 modo

530 1145 634 1201 sibi
660 1146 907 1202 obmdire
928 1154 1265 1201 contemnat.
1290 1144 1466 1202 Nichil
1492 1160 1621 1202 vero
1641 1145 1709 1200 de
1733 1145 1953 1218 regibus
1973 1159 2114 1217 papa

530 1253 677 1295 nunc
719 1236 1010 1304 sanctivit,
1052 1236 1159 1294 nisi
1210 1236 1353 1309 quod
1415 1237 1731 1293 Pataviensi
1776 1245 1832 1293 et
1883 1236 2113 1294 Metensi

528 1328 786 1400 episcopo
839 1327 1073 1400 aliisque
1121 1328 1403 1400 collegatis
1444 1343 1665 1394 eorum,
1717 1335 1980 1399 quantum
2014 1343 2114 1400 pro

533 1420 792 1492 temporis
819 1419 1149 1476 necessitate
1172 1419 1435 1491 Oportuit,
1464 1432 1571 1475 non
1594 1433 1981 1490 usquequaque
2001 1419 2114 1475 dis-

529 1508 740 1582 pllcuit.
768 1511 973 1567 Omnes
1001 1510 1269 1582 siquidem
1298 1510 1551 1566 meliores
1582 1509 1637 1565 in
1664 1518 1819 1581 parte
1863 1507 2113 1566 Roudoltl

533 1606 677 1679 regis
719 1605 1030 1662 llrmissime
1075 1606 1471 1672 constiterant,
1511 1608 1673 1676 quem
1703 1602 2111 1661 obmdientissi-
2158 1672 2165 1679 ,

2144 1689 2190 1751 Β
2218 1695 2423 1754 nosttis
2468 1692 2825 1759 sustinuerit,
2869 1698 2925 1750 et
2972 1709 3136 1765 quam
3200 1695 3491 1751 minimum
3544 1693 3804 1750 acclesia

527 1709 678 1750 mum
708 1694 908 1751 domno
937 1709 1090 1766 papa:
1113 1708 1212 1766 per
1236 1693 1419 1750 omnia
1441 1694 1948 1766 comprobaverant.

554 1780 557 1785 ί
602 1786 976 1843 Theodericus
1005 1786 1112 1843 dux
1141 1784 1293 1859 (192)
1330 1800 1622 1857 comesque
1648 1784 1936 1843 Folmarns
1963 1784 2115 1857 (l95)

528 1899 629 1954 pro
693 1884 975 1939 invasione
1023 1881 1283 1939 Metensis
1335 1881 1599 1939 accelesite
1660 1880 2114 1937 excommunicati

526 1983 674 2031 sunt.
706 1972 947 2043 Itemque
982 1987 1208 2040 omnes,
1245 1971 1340 2042 qui
1369 1971 1510 2028 bona
1542 1971 1958 2042 episcoporum,
2006 1968 2118 2026 Mo-

524 2064 736 2135 gontini
785 2064 997 2119 scilicet
1026 2072 1084 2119 et
1116 2071 1441 2119 cancrorum
1494 2061 1586 2133 qui
1635 2062 1703 2117 de
1741 2060 1960 2117 sedibus
2003 2059 2116 2116 suis

524 2153 733 2224 expulsi
787 2153 1038 2219 fuerant,
1084 2150 1287 2222 injuste
1335 2151 1439 2208 sibi
1479 2150 1929 2207 vendicavcrunt.
1980 2149 2115 2207 ltcm

524 2244 943 2302 Mediolanensis
977 2245 1267 2317 episcOpus
1297 2253 1354 2299 et
1390 2243 1708 2310 Ravennas;
1757 2259 1855 2299 nec
1883 2257 1991 2300 non
2023 2258 2117 2314 pa-

525 2340 663 2395 riter
693 2339 785 2409 qni
819 2338 1074 2394 abbatem
1122 2337 1455 2408 Augienscm
1484 2344 1773 2407 ceperant,
1800 2336 1890 2407 qui
1918 2345 1973 2392 et
2005 2336 2118 2407 ipse

522 2431 593 2486 ad
621 2430 888 2504 synodum
921 2444 1018 2502 pro
1046 2445 1212 2485 causa
1243 2445 1338 2485 sua
1368 2427 1753 2501 proclamanda
1779 2429 2111 2492 tetenderat,

523 2522 835 2578 Parmensis
882 2520 1125 2592 episcopi
1191 2519 1340 2590 (194)
1411 2518 1614 2574 milites
1675 2518 2112 2575 anathematizati

522 2623 676 2669 sunt.
722 2612 840 2683 lps‘e
889 2621 1070 2668 autem
1116 2611 1186 2667 ob
1219 2611 1446 2666 eandem
1493 2618 1775 2681 capturam
1821 2610 1889 2665 ab
1934 2609 2112 2666 ollicio

520 2721 818 2777 suspensus
849 2713 952 2760 cst.
987 2703 1250 2760 Abbas’"
1290 2701 1540 2769 tandem,
1574 2716 1695 2755 cum
1728 2701 1890 2755 aliter
1921 2716 1979 2757 se
2005 2716 2109 2757 non

520 2816 681 2872 posse
713 2799 930 2855 liberari
969 2795 1393 2869 persentisceret
1415 2835 1430 2861 ,
1461 2795 1689 2866 pecunia
1721 2795 1834 2848 suis
1861 2802 2019 2865 pacta
2048 2809 2111 2849 ac

518 2897 699 2967 jnrata
732 2891 1073 2962 captoribus,
1122 2890 1381 2946 dimissus
1411 2889 1478 2943 ab
1520 2888 1635 2954 eis,
1666 2888 1924 2952 Romam,
1954 2894 2113 2958 prout

524 2997 684 3043 antea
710 2984 1000 3056 dispOsuit,
1025 2981 1369 3053 gratulanter
1388 2980 1656 3052 pervenit.
1680 2978 1809 3033 inde
1829 2994 1989 3035 causa
2013 2993 2106 3034 sua

2219 425 2343 469 esse
2368 411 2565 469 ibidem
2592 410 2916 467 testiﬂtattus
2937 419 3165 476 esu-set
3180 425 3289 482 pro
3319 411 3648 468 investiusra
3670 427 3802 468 con-

2219 515 2302 561 tra
2331 505 2651 561 canonicam
2698 511 2756 559 et
2801 502 3154 574 apostolicam
3192 504 3541 561 sanctionem
3588 519 3622 558 a
3667 503 3803 561 laico

2214 611 2447 669 persona
2473 595 2575 651 sibi
2604 601 2863 665 usurpata
2894 608 2923 647 a
2963 607 3101 665 papa
3128 593 3488 665 reprobatus,
3517 592 3808 649 diﬂinitic-

2215 686 2302 742 nls
2330 684 2569 756 ejusdem
2596 693 2858 741 stauttum
2903 698 2979 740 se
3007 684 3293 757 ignorasse
3316 695 3375 741 et
3406 685 3799 753 mn'aadisse,

2214 780 2424 850 synodo
2452 778 2505 833 id
2532 778 2608 832 ita
2626 776 2913 848 iudicante
2928 815 2944 841 ,
2965 773 3322 846 jurejurando
3342 776 3527 848 palam
3550 790 3803 847 compto

2214 867 2382 923 bavit.
2409 866 2615 922 Dehinc
2641 873 2755 922 toto
2774 875 3046 921 conventu
3070 881 3168 937 pro
3197 881 3266 923 eo
3292 867 3348 923 in
3375 867 3431 923 id
3457 867 3641 938 ipsum
3660 868 3800 939 apud

2213 974 2408 1034 papam
2439 958 2832 1023 intercedente,
2861 957 2917 1014 in
2936 973 2991 1030 pt
3006 958 3150 1025 imis,
3174 967 3235 1016 ut
3267 960 3439 1017 moris
3464 968 3577 1025 est,
3604 963 3800 1031 iulans

2213 1059 2282 1108 et'
2303 1051 2551 1107 idoneam
2579 1046 2967 1104 obmdientiam
3003 1062 3071 1105 se
3101 1048 3498 1119 subiectionem
3524 1057 3585 1103 et
3609 1046 3807 1104 salsa-

2213 1141 2360 1214 gium
2405 1138 2717 1212 apostolicae
2756 1138 2872 1195 sedi
2902 1147 2961 1194 et
2986 1139 3162 1196 sancti
3190 1140 3340 1196 Petri
3388 1140 3611 1196 vicario
3650 1152 3802 1211 papas

2213 1237 2474 1310 Gregorio
2503 1251 2602 1309 per
2636 1234 3019 1309 jusjurandum
3050 1233 3355 1307 professus,
3382 1234 3458 1291 ab
3485 1248 3556 1290 eo
3578 1234 3800 1290 anulum

2214 1330 2506 1401 et'virgam
2552 1336 2610 1385 et
2648 1337 2849 1385 caetera
2877 1327 3244 1399 Aquileiensis
3277 1327 3692 1400 patriarcbatus
3717 1324 3799 1382 in-

2214 1424 2390 1496 signia
2419 1423 2683 1480 canonice
2712 1422 2984 1494 suscepit;
3030 1433 3114 1479 set
3142 1437 3248 1480 non
3280 1439 3408 1480 cum
3450 1437 3522 1479 eo
3549 1423 3800 1493 deinceps

2215 1529 2605 1586 usquequaque
2636 1511 2872 1569 lldcliter
2897 1512 3028 1585 egit.
3074 1513 3387 1570 Cardinalis
3408 1526 3641 1585 quoque
3676 1510 3803 1567 Ber-

2216 1604 2456 1672 nardus,
2504 1604 2633 1676 quid
2679 1602 2886 1660 laboris
2932 1612 2988 1659 et
3034 1605 3422 1675 periculorum
3453 1605 3510 1660 in
3561 1603 3803 1675 partibus

2214 1788 2476 1862 prodesse
2497 1785 2763 1859 potuerit,
2786 1794 2844 1840 et
2866 1783 3008 1842 inter
3027 1793 3245 1852 calere,
3273 1787 3401 1857 quia
3426 1801 3619 1859 regem
3648 1784 3803 1842 licin-

2216 1881 2390 1937 ricum
2432 1894 2530 1936 suo
2557 1886 2829 1935 consenSu
2875 1876 2930 1932 in
2958 1879 3154 1949 primis
3195 1895 3226 1932 a
3278 1878 3604 1950 Mogontino
3629 1887 3689 1933 et
3710 1892 3800 1935 se!

2214 1964 2342 2029 aliis
2367 1986 2490 2028 cum
2511 1985 2578 2028 eo
2598 1968 2869 2042 episcopis
2884 1969 3130 2040 judiciali
3159 1985 3388 2026 censura
3406 1972 3562 2041 juste
3590 1984 3803 2027 excom-

2217 2066 2549 2124 municatum
2568 2105 2584 2131 ,
2626 2071 2681 2120 et
2727 2061 2844 2132 ipse
2868 2062 3021 2134 juxta
3058 2074 3388 2135 praeceptum
3418 2064 3575 2120 illius
3604 2080 3635 2118 a
3661 2080 3800 2121 una.

2219 2157 2472 2213 munione
2518 2155 2763 2226 corporis
2803 2164 2858 2209 et
2907 2156 3188 2227 sanguinis
3234 2155 3451 2211 Domini
3501 2170 3631 2211 eum
3685 2173 3799 2212 cum

2217 2248 2469 2304 omnibus
2492 2247 2592 2304 sibi
2620 2247 3088 2306 consentientibus
3121 2248 3569 2315 abalienaverit,
3600 2258 3660 2305 et
3684 2266 3716 2305 ει
3746 2251 3799 2304 li-

2218 2340 2456 2397 minibus
2478 2339 2739 2396 mcclcsiae
2771 2349 2831 2395 ut
2853 2338 3178 2412 sacrilegum
3212 2338 3465 2407 ejccerit,
3497 2339 3628 2396 etei
3658 2339 3799 2410 regni

2216 2431 2581 2505 gubernacula
2607 2441 2793 2504 utpote
2821 2441 3053 2504 tyranno
3082 2441 3137 2487 et
3163 2432 3403 2488 invasuri
3436 2422 3797 2495 intenlixcrit,

2214 2534 2268 2578 et
2301 2522 2415 2594 regi
2449 2520 2719 2580 Roudolt‘o
2750 2531 2938 2593 utpote
2977 2522 3092 2578 sedi
3138 2521 3453 2593 apostolica:
3484 2538 3589 2594 per
3626 2523 3796 2577 omnia

2213 2609 2681 2670 Obmdientissimo
2732 2614 3066 2679 subdiderit,
3121 2615 3380 2669 domuum
3440 2615 3795 2684 apostolicum

2214 2718 2319 2761 non
2350 2706 2573 2761 omnino
2597 2707 2792 2774 tacuit;
2828 2722 2928 2764 nec
2959 2722 3064 2763 non
3096 2705 3467 2763 Romanorum
3518 2708 3796 2779 prrcciptis

2212 2806 2266 2854 et
2291 2798 2594 2869 quibusque
2621 2799 2844 2872 optimis
2886 2800 3001 2856 haec
3032 2799 3215 2856 omnia
3258 2799 3505 2856 seriatim
3555 2799 3795 2855 intimzrt

2213 2903 2320 2944 non
2350 2889 2557 2945 omisit.

2286 2980 2524 3037 Domnus
2554 2989 2733 3037 autem
2782 2980 3115 3053 apostolicus
3145 2980 3287 3037 miro
3311 2979 3552 3052 quodam
3587 2979 3794 3053 ingen’o

524 3079 665 3148 apud
693 3054 886 3150 papam
929 3075 995 3129 ad
1025 3074 1238 3131 libitum
1287 3082 1543 3143 peracta,
1582 3085 1688 3126 non
1722 3071 1840 3125 sine
1868 3070 2106 3141 periculo
2136 3054 2179 3115 C
2205 3070 2318 3141 jam
2353 3071 2471 3142 plus
2494 3066 2652 3142 quam
2684 3088 2885 3127 annum
2922 3073 3038 3128 haec
3078 3072 3259 3151 o'ntnia
3308 3069 3413 3127 sibi
3458 3086 3572 3127 non
3626 3072 3791 3151 ignvia

521 3171 587 3225 ad
609 3168 838 3239 Augiam
860 3165 1134 3236 quondam
1162 3180 1314 3221 suam
1346 3162 1674 3230 revertitur;
1700 3162 1786 3217 cui
1813 3177 1908 3217 rex
1941 3161 2097 3217 Hein-

521 3264 670 3321 ricus
685 3263 800 3334 jam
829 3261 882 3317 in
907 3262 1107 3333 pascha
1132 3268 1422 3330 tyrannum
1449 3256 1598 3312 illum
1622 3258 2106 3325 anatltematicum,

520 3369 681 3426 quem
712 3352 880 3409 etiam
908 3350 1061 3408 cellae
1089 3347 1264 3406 sancti
1291 3347 1430 3404 Galli
1466 3347 1809 3403 destruenda:
1845 3363 2109 3419 superpo-

521 3451 735 3511 suerat,
767 3440 1135 3497 antiabbatem
1162 3452 1262 3495 suo
1302 3452 1454 3494 more
1485 3445 1832 3509 apposuerat.

593 3535 743 3593 Misit
774 3547 991 3605 quoque
1043 3531 1276 3589 domnus
1319 3530 1649 3602 apostolicus
1697 3531 1910 3588 litteras
1957 3529 2105 3603 (l95)

519 3644 620 3699 per
653 3635 822 3685 totum
851 3623 1249 3681 Theutonicum
1278 3630 1335 3678 et
1364 3621 1606 3678 Italicum
1660 3635 1884 3694 regnum
1916 3631 2107 3678 sancto

522 3718 689 3777 Petro
731 3714 1137 3773 obmdientibus
1188 3713 1242 3767 in
1295 3713 1413 3769 haec
1462 3711 1626 3767 verba
1671 3728 1684 3767 ;
1740 3710 1798 3767 Si
1845 3712 1936 3782 qui
1985 3723 2105 3767 sunt

518 3807 814 3879 presbiteri,
837 3804 1050 3861 diaconi
1077 3802 1155 3859 vel
1181 3801 1522 3869 subdiaconi,
1555 3801 1645 3873 qui
1664 3801 1882 3873 jatceant
1913 3801 1969 3856 in
2004 3800 2107 3855 cri-

521 3902 660 3956 mine
683 3897 1081 3970 fornicationis,
1116 3895 1476 3949 interdicimus
1515 3894 1590 3948 eis
1634 3909 1700 3948 ea:
1742 3904 1891 3964 parte
1936 3895 2102 3949 omni-

523 3990 747 4062 potentis
774 3988 871 4043 Dei
904 3996 954 4043 et
984 3986 1297 4041 auctoritate
1324 3985 1493 4039 sancti
1531 3981 1673 4039 Petri
1703 3984 1974 4038 introitum
2006 4001 2108 4039 tec-

516 4084 712 4147 elesits,
738 4094 899 4150 usque
921 4078 1046 4133 dum
1073 4076 1357 4146 paeniteant
1384 4083 1431 4129 et
1452 4074 1743 4128 emendem.
1779 4071 1838 4128 Si
1867 4074 1957 4145 qui
1986 4090 2104 4128 vero

510 4178 571 4231 in
597 4182 809 4246 peccato
836 4189 932 4228 suo
963 4184 1298 4242 perseverare
1330 4169 1644 4233 maluerint,
1671 4167 1847 4221 nullus
1875 4178 2103 4223 vestrum

508 4265 739 4337 omcium
774 4277 957 4318 eorum
980 4258 1288 4313 auscultare
1312 4265 1629 4327 prtesumat,
1662 4256 1786 4327 quia
1818 4257 2103 4312 benedictio

2209 3164 2364 3235 quasi
2424 3163 2819 3219 dissimulando
2889 3160 3251 3219 sustinuerat.
3305 3160 3462 3230 Quod
3523 3150 3791 3216 nonnullis

2212 3274 2420 3328 magna:
2465 3257 2565 3313 fuit
2613 3257 2963 3315 admirationi
2995 3274 3093 3312 cur
3139 3255 3374 3311 fecerit:
3414 3254 3522 3311 nisi
3575 3256 3791 3309 forsitan

2210 3350 2339 3405 illud
2365 3349 2691 3421 colloquium
2713 3391 2727 3416 ,
2769 3351 2912 3422 quod
2959 3365 3057 3422 pro
3105 3357 3215 3403 tam
3245 3349 3487 3403 maxima
3520 3348 3786 3403 discordia

2208 3443 2445 3498 sedanda
2478 3442 2657 3499 denuo
2678 3441 2793 3512 jam
2833 3441 3054 3512 jamque
3082 3441 3183 3496 sub
3211 3441 3567 3494 anathemate
3592 3439 3787 3494 consti—

2210 3542 2421 3601 tuerat,
2471 3534 2537 3590 ad
2581 3534 2922 3591 ellieicndum
2970 3533 3113 3604 quod
3159 3532 3429 3597 voluerit,
3476 3531 3654 3587 solum
3694 3530 3786 3586 sibi

2208 3630 2454 3684 sntlirere
2501 3644 2607 3684 non
2649 3627 2998 3684 dubitaverit.
3054 3625 3150 3681 Sin
3196 3638 3415 3691 autem,
3469 3623 3787 3694 colloquium

2208 3716 2388 3789 imped
2414 3718 2551 3774 turis
2595 3726 2652 3774 et
2695 3717 2799 3773 sibi
2830 3718 2900 3772 ad
2952 3730 3143 3786 pacem
3191 3722 3246 3770 et
3296 3712 3649 3768 concordiam
3687 3725 3787 3766 non

2206 3810 2559 3875 obmdituris,
2614 3810 2754 3865 istud
2796 3818 2923 3864 tunc
2970 3808 3036 3862 aul
3079 3807 3259 3877 priora
3303 3820 3399 3861 sua
3449 3805 3785 3859 anathemata

2206 3904 2360 3973 quasi
2413 3920 2481 3959 ex
2526 3901 2800 3973 inproviso
2847 3899 3286 3964 accumulatum,
3331 3895 3674 3966 jnstissimus
3725 3908 3785 3945 ac

2206 3995 2587 4050 severissimus
2615 3993 2785 4064 judex
2835 4001 2987 4047 tanto
3020 3991 3190 4063 inagis
3238 3990 3291 4045 in
3323 3997 3594 4044 :eternnm
3640 3987 3784 4040 dam-

2206 4086 2482 4143 nandis’”
2534 4087 2793 4155 inponere
2844 4083 3240 4140 destinaverit:
3294 4090 3353 4136 ut
3398 4094 3565 4151 quem
3608 4079 3782 4133 mitem

2204 4188 2260 4235 et
2289 4178 2719 4234 dissimulantem
2770 4177 3071 4248 perduelles
3108 4182 3584 4244 contempserant,
3617 4171 3782 4224 vindi-

2204 4284 2322 4324 cem
2356 4276 2485 4323 tunc
2512 4267 2868 4324 durissimum
2897 4265 3250 4337 perditissimi
3274 4262 3649 4333 experiantur.

511 4357 621 4412 illis
654 4360 714 4412 in
741 4353 1081 4409 maledictum
1118 4358 1368 4428 vertet-ur,
1419 4358 1468 4405 et
1503 4349 1677 4404 oratio
1717 4349 1772 4402 in
1808 4358 2098 4420 peccatum.
2132 4396 2182 4457 υ
2277 4362 2463 4417 Eidem
2495 4360 2756 4416 Romana»,
2781 4360 2989 4432 synodo
3017 4356 3312 4430 Gregorius
3331 4370 3473 4428 papa
3497 4351 3782 4426 praesidens

515 4447 584 4503 Et
610 4453 831 4503 czetera.

588 4536 941 4606 Beringarius
975 4533 1311 4591 Turonensis
1339 4531 1488 4605 (I96)
1520 4532 1756 4588 heresim
1804 4548 1956 4589 suam
1995 4534 2102 4611 illic

517 4626 820 4701 abjuravit,
851 4625 1177 4684 catholicam
1210 4623 1369 4680 ﬁdem
1396 4622 1693 4695 professus.

548 4775 555 4780 .
589 4708 877 4777 Heinricus
901 4716 1257 4789 Augustensis
1286 4715 1546 4779 clericus,
1587 4714 1679 4784 qui
1710 4728 1739 4767 a
1770 4727 1896 4785 rege
1932 4712 2096 4769 llein-

518 4812 633 4867 rice
654 4810 1028 4867 investituram
1048 4807 1410 4879 Aquileiensis
1427 4804 1689 4863 :ccclcsite
1700 4805 1814 4879 jam
1837 4805 2092 4875 suscepit,

2206 4449 2647 4595 d'xtii'dilfa‘ltiones
2684 4538 2759 4573 ¹⁸⁹
2803 4536 3052 4603 illorum,
3097 4536 3189 4609 qui
3231 4512 3776 4591 ab‘excommunicatis

2202 4640 2325 4685 sunt
2353 4631 2601 4693 ordinati,
2631 4640 2936 4686 sanctorum
2967 4627 3191 4684 Patrum
3235 4637 3508 4699 sequentes
3538 4623 3772 4695 vestigia.

2197 4720 2378 4775 irritas
2399 4719 2517 4790 ﬁeri
2550 4720 2868 4774 censuimus.

2274 4807 2410 4864 Item
2430 4808 2501 4846 ¹⁹⁹
2538 4817 2841 4864 sanctorum
2872 4805 3315 4877 praedecessorum
3345 4804 3649 4859 nostrorum
3679 4810 3775 4858 sic»

1256 4938 1264 4948 ι
1808 4891 2041 4950 nam
2074 4880 2472 4955 an'nonss.

587 4995 656 5030 ³⁸⁷
671 4994 857 5068 Augiae
877 5008 1049 5066 gressa
1071 5007 1195 5048 saec.
1214 4987 1297 5044 ΧΙ
1315 4987 1348 5041 ν
1379 4988 1433 5042 in
1451 4987 1506 5042 2.
1583 4985 1653 5018 ’⁸⁸
1667 4984 2054 5128 ὑπωπιαηάὨῇ
2098 4990 2110 5019 ¹

2057 5074 2110 5131 ο.

2216 4991 2311 5060 Iap.
2347 4989 2386 5046 Ι.
2423 4990 2478 5043 in
2501 5004 2669 5060 marg.
2698 4988 2753 5043 2.
2827 4989 2898 5021 ¹⁹⁹
2914 4985 3119 5059 Cap."
3144 4986 3201 5039 in
3229 5000 3399 5053 marg.
3426 4983 3488 5040 2.

586 5170 1167 5250 (192)“Lotharingite;
1194 5167 1544 5250 effregorii
1573 5165 1660 5221 Vll
1720 5166 1854 5236 Reg.
1890 5181 1964 5230 vs,
1996 5165 2088 5231 22,

516 5237 641 5304 daia
667 5237 862 5300 v'Non.
887 5237 1069 5305 Marti,
1105 5256 1156 5293 a.
1187 5239 1325 5294 10:9
1354 5237 1476 5295 Uss.

587 5320 606 5382 ί
617 5317 735 5382 I95)
777 5313 1051 5377 Metensis.

2272 5168 2431 5242 (196)
2461 5169 2539 5226 De
2564 5171 2665 5242 hac
2691 5185 2856 5242 causa
2882 5170 2936 5224 in
2958 5170 3164 5242 synodo
3186 5165 3766 5242 tractatABernoldusja

2198 5234 2469 5307 Opusculo
2495 5257 2549 5295 n.
2580 5241 2667 5304 l7,
2711 5250 2768 5297 et
2810 5234 3451 5307 llugo'Flaviniacensis.
3499 5236 3619 5293 Uss.
3666 5234 3764 5299 α.

2077 5376 2087 5382 .
2195 5311 2607 5382 Aetaconcllii,
2638 5310 2808 5382 Mansi
2839 5308 2933 5365 XX
2953 5351 2969 5373 ,
2998 5324 3050 5379 p.
3077 5308 3207 5365 δειδ.
3277 5375 3335 5382 μ
3397 5375 3421 5382 Α
