3940 5382
105 168 220 224 ‘99

1328 161 1670 219 ANNALES.
1711 191 1781 204 ο-
1820 161 1931 217 AN.
1968 162 2128 218 1079.

3305 172 3406 228 1⁸50

105 293 230 336 tuta
261 290 532 345 tenentes,
557 295 643 333 eos
689 278 780 349 qui
815 277 1280 332 excommunicatis
1313 275 1570 345 ﬁdelitate
1618 285 1708 330 ant
1741 285 1786 344 Α
1815 275 2036 346 gatione
2088 274 2196 330 illic
2250 276 2557 346 peragenda
2615 277 2948 335 omnimodis
3008 286 3404 351 commonitos,

108 382 457 427 sacramento
487 369 756 423 constricti
796 379 957 433 sunt,
1005 368 1296 438 apostolica
1339 368 1654 421 auctoritate
1680 384 1712 421 a

107 462 471 518 sacramentis
491 462 812 516 absolvimus
835 502 851 526 ,
877 472 926 516 et
956 477 1020 515 ne
1056 460 1154 514 sibi
1198 460 1506 529 ﬁdelitatem
1539 458 1715 514 obser-

110 562 264 617 sent,
296 551 545 606 omnibus
579 552 749 606 modis
776 551 1133 621 prohibemus.
1209 601 1222 614 ,

181 644 329 699 Item
346 644 442 697 ²⁹⁸.
473 642 542 698 Et
571 644 821 715 quoniam
853 642 1046 698 multos
1077 638 1321 714 peccatis
1369 643 1562 697 nostris
1599 644 1713 699 exi—

111 742 361 812 gentibus
381 758 475 811 per
488 758 701 796 causam
718 741 1277 795 excommunicationis
1297 741 1467 810 perire
1503 741 1714 794 cottidie

114 833 419 894 cernimus,
463 832 660 901 partim
704 831 1040 899 ignorantia,
1086 829 1283 894 partim
1339 830 1497 882 etiam
1552 830 1714 882 nimia

114 923 485 992 εἱιιψίὶοἱιαιε,
515 922 707 991 partim
731 921 939 985 timore,
966 921 1161 989 partim
1191 919 1349 974 etiam
1378 905 1713 984 necessitate;
1755 951 1767 962 -

117 1014 304 1070 devicti
332 1013 731 1077 misericordia,
762 1013 1114 1066 anathematis
1142 1013 1452 1068 sententiam
1482 1011 1552 1064 ad
1582 1022 1710 1065 tem-

116 1122 239 1172 pus,
269 1114 436 1174 prout
464 1120 770 1172 possumus,
803 1115 1059 1174 oportune
1090 1111 1463 1171 temperamus.
1494 1105 1714 1172 Aposto-

121 1199 220 1252 lica
271 1199 460 1266 itaque
504 1197 819 1250 auctoritate
867 1195 932 1249 ab
980 1193 1330 1249 anathematis
1377 1192 1582 1248 vinculo
1623 1194 1716 1246 hos

120 1292 486 1344 subtrahimus
519 1303 538 1341 :
583 1289 815 1344 videlicet
860 1288 1432 1344 excommunicatorum
1493 1302 1715 1351 uxores,

124 1383 334 1450 liberos,
375 1399 577 1448 servos,
601 1381 844 1444 ancillas,
874 1398 966 1435 seu
997 1381 1280 1450 mancipia,
1312 1397 1403 1434 nec
1431 1396 1533 1434 non
1560 1382 1718 1434 rusti-

124 1489 204 1527 cos
243 1484 292 1530 et
341 1472 630 1527 servientes
651 1512 666 1537 ,
695 1483 742 1526 et
784 1488 961 1526 omnes
1011 1471 1181 1537 alios,
1217 1472 1308 1541 qui
1338 1488 1440 1526 non
1469 1471 1598 1525 adeo
1628 1487 1722 1524 cu-

127 1564 361 1618 riales’”
385 1573 541 1627 sunt,
572 1572 627 1616 ut
656 1578 834 1616 eorum
863 1562 1086 1617 consilio
1112 1561 1307 1616 scelera
1338 1573 1716 1631 perpetrentur,

1816 364 2047 419 Romam
2079 366 2146 418 ad
2177 381 2235 420 se
2264 381 2485 422 securos
2511 369 2826 425 cautissime
2857 371 3200 430 reducerent.

1895 453 2217 510 Patriarcha
2270 465 2492 522 autem,
2547 459 2640 529 qui
2694 477 2833 516 unus
2886 476 2952 517 cx
3005 465 3212 522 intimis
3265 473 3408 540 regis

1817 545 2056 600 Heinrici
2092 545 2289 612 fuerat,
2324 563 2428 602 non
2451 551 2653 619 optima
2687 551 2792 606 [ille
2819 563 2872 607 et
2901 554 3082 610 studio
3109 558 3403 630 inpositam

1818 640 1918 695 sibi
1955 639 2280 710 legationem
2311 640 2633 708 observans,
2660 646 2909 701 nuntium
2942 651 3289 718 secretalem,
3313 655 3407 723 qui

1816 729 2148 784 voluntatem
2193 730 2340 784 illius
2388 741 2444 786 et
2478 733 2865 790 obmdientiam
2917 738 3247 808 exploraret,
3293 745 3408 816 regi

1817 821 2140 878 t‘est'nanter
2169 823 2524 896 Ratisponam
2566 842 2665 897 pro
2709 845 2770 884 se
2811 831 3032 888 direxit.
3079 835 3194 905 Ipse
3224 849 3408 896 autem

1818 913 2114 984 collegatos
2142 930 2269 970 suos
2293 915 2396 970 bac
2417 917 2536 971 vice
2562 919 2909 986 retardando,
2927 924 3230 992 Aquileiam
3253 945 3409 987 suam

1818 1003 2133 1068 revertitur,
2181 1004 2282 1074 ipsi
2315 1015 2494 1060 autem
2527 1005 2854 1079 Paduugiam
2890 1013 2960 1046 ²⁹³
2989 1015 3138 1086 (199)
3169 1019 3408 1078 diverte-

1821 1103 1967 1149 runt.
1998 1093 2114 1149 Rex
2165 1105 2346 1149 autem
2380 1097 2688 1168 bujusmodi
2714 1100 3039 1170 legationem
3071 1123 3101 1160 a
3129 1124 3266 1180 papa
3303 1110 3410 1168 sibi

1819 1185 2084 1239 directam
2129 1187 2500 1256 comperiens,
2533 1189 2690 1244 solita
2743 1198 3088 1252 contumacia
3135 1217 3256 1256 eam
3302 1219 3410 1260 non

1821 1275 2076 1339 maxime,
2113 1284 2300 1346 utpote
2349 1293 2454 1332 non
2507 1280 2933 1349 observaturus,
2988 1289 3272 1362 diligebat.
3309 1293 3412 1350 Ve-

1823 1376 2130 1419 rumtamen
2164 1369 2321 1437 quasi
2350 1368 2640 1439 legationis
2672 1376 2989 1443 apostolica:
3018 1379 3242 1450 inscius,
3267 1401 3411 1440 nun-

1822 1457 1958 1511 tium
1990 1459 2214 1513 Romam
2251 1477 2356 1514 non
2387 1463 2616 1519 modicis
2647 1463 2880 1523 fallaciis
2924 1470 3174 1542 dolisque
3205 1476 3412 1533 ins‘ru-

1823 1557 1970 1602 etum
2023 1549 2484 1621 Osniburgensem
2539 1556 2853 1626 episcopum
2899 1565 2967 1616 ad
3013 1566 3296 1624 condictus
3330 1571 3414 1626 in-

127 1664 169 1707 et
194 1653 313 1707 illos
339 1653 435 1723 qui
471 1654 774 1722 ignoranter
797 1652 1264 1707 excommunicatis
1295 1652 1716 1715 communicant,

1825 1639 2013 1696 ducias
2043 1643 2328 1714 dirigebat,
2355 1647 2446 1715 qui
2479 1647 2718 1716 quolibet
2748 1652 2968 1724 ingenio
3002 1665 3058 1710 et
3081 1658 3445 1730 oboedientia,

128 1762 211 1799 seu
245 1745 369 1798 illos
415 1745 509 1814 qui
549 1744 936 1798 communicant
965 1761 1083 1797 cum
1113 1745 1187 1798 eis
1214 1744 1305 1814 qui
1333 1744 1723 1797 communicant

129 1835 611 1890 «:communicatis.
627 1833 954 1904 Quicumque
970 1846 1143 1889 autem
1166 1844 1256 1889 aut
1279 1845 1483 1900 arator,
1506 1836 1613 1889 sive
1635 1851 1723 1904 pe-

134 1927 494 1997 regritttts,attl
520 1929 709 1993 uiator,
735 1929 786 1981 in
815 1937 1009 1982 terram
1033 1927 1607 1982 excotnatunicatorum
1634 1927 1724 1982 de-

134 2021 338 2083 venerit,
364 2019 460 2073 ubi
484 2036 589 2073 non
617 2020 778 2089 possit
799 2035 990 2084 emere,
1007 2018 1081 2072 vel
1109 2035 1212 2072 non
1229 2018 1385 2072 habet
1407 2018 1543 2071 unde
1561 2027 1722 2083 emat,

133 2111 190 2162 ab
216 2111 685 2164 excontmunicatis
715 2111 920 2164 emendi
945 2121 992 2163 et
1015 2111 1306 2179 accipiendi
1335 2110 1598 2164 licentiam
1625 2110 1723 2164 da-

137 2219 260 2256 aius.
273 2201 340 2256 Et
358 2203 406 2256 si
430 2204 550 2273 quis
577 2202 780 2274 aliquid
801 2204 1267 2257 excommunicatis
1293 2220 1397 2260 non
1410 2221 1504 2273 pro
1516 2214 1723 2259 susten-

137 2295 315 2348 tatione
337 2295 622 2364 superbiae,
652 2307 728 2350 set
762 2296 1108 2350 humanitatis
1139 2313 1302 2351 causa
1332 2298 1459 2351 dare
1481 2299 1720 2362 voluerit,

135 2382 239 2447 ﬁeri
253 2384 928 2453 nonprohibemus.Actntn
956 2385 1009 2439 in
1036 2386 1253 2441 ecclesia
1265 2388 1468 2441 domini
1478 2386 1721 2442 Salrato-

141 2475 202 2528 ris
223 2474 252 2528 5
266 2473 455 2529 Nonas
467 2474 654 2529 Martii
680 2493 818 2530 anno
833 2475 1126 2530 Dontinicte
1150 2478 1533 2533 incarnationis
1561 2479 1716 2534 1079.

199 2567 436 2624 Domnus
492 2568 675 2638 itaque
719 2568 1050 2639 apostolicus
1096 2584 1196 2640 pro
1240 2585 1403 2625 causa
1455 2570 1716 2640 praedicta

142 2658 435 2715 dillinienda
468 2660 735 2732 synodum
764 2660 943 2716 denuo
967 2660 1022 2716 in
1045 2661 1345 2716 ebdomada
1377 2671 1718 2732 pentecostes

145 2752 246 2806 tieri
269 2751 598 2815 destinavit;
629 2751 921 2821 missisque
959 2751 1154 2823 legatis
1184 2750 1250 2805 ad
1292 2767 1474 2823 regem
1502 2752 1720 2807 Heinri-

146 2854 250 2894 cum
274 2839 587 2909 patriarcha
613 2839 783 2910 (198),
807 2839 1101 2896 Albanensi
1133 2841 1391 2912 episcopo
1415 2840 1578 2897 Petro
1598 2843 1717 2896 vim

145 2929 407 3000 religioso,
435 2940 494 2988 et
519 2930 812 2988 Oudalrico
834 2931 1096 2986 Paduano
1125 2932 1413 3004 episcopo,
1438 2950 1564 2989 cum
1595 2935 1715 2988 aliis
1745 2988 1782 3004 η

148 3025 245 3080 suis
265 3024 535 3089 ﬁdelibus,
558 3025 688 3096 quid
711 3025 826 3094 ipse
849 3025 902 3080 in
925 3026 1132 3097 synodo
1154 3042 1318 3097 super
1339 3041 1406 3081 eo
1427 3035 1715 3092 statueret,

149 3131 231 3188 per
256 3119 503 3174 ordinem
535 3117 612 3173 illi
659 3117 1033 3181 demandavit,
1065 3127 1120 3173 et
1150 3128 1209 3173 ut
1247 3127 1455 3174 certum
1504 3128 1717 3188 tempus

149 3219 198 3260 et
219 3207 383 3265 locum
409 3208 669 3278 colloquii
697 3209 765 3264 ad
795 3209 1080 3266 arbitrium
1103 3225 1262 3264 suum
1284 3219 1339 3266 et
1375 3211 1544 3266 otium
1576 3228 1701 3267 cum

152 3295 319 3368 legatis
341 3301 619 3370 praedictis
647 3301 700 3354 in
725 3301 875 3356 brevi
900 3301 1315 3368 detertntnaret,
1342 3304 1441 3373 ipsi
1473 3312 1716 3358 tractan-

152 3389 262 3444 dum
283 3393 579 3457 concessit;
613 3402 669 3447 et
698 3402 758 3447 ut
781 3393 1169 3449 obedientiam
1190 3434 1204 3460 ,
1233 3411 1395 3465 quam
1428 3396 1477 3450 ei
1515 3395 1714 3450 multo-

154 3483 274 3538 tiens
298 3483 528 3541 Romam
559 3485 894 3555 probandam
939 3486 1124 3542 verbis
1155 3486 1538 3553 demandavit,
1573 3502 1716 3542 nunc

156 3589 203 3628 re
227 3575 331 3646 ipsa
361 3593 547 3634 veram
579 3579 945 3648 experiretur,
973 3578 1042 3632 ab
1070 3594 1135 3634 eo
1162 3578 1436 3650 exigebat.
1467 3578 1522 3634 In
1555 3595 1712 3650 arguo

155 3674 369 3720 mentum
395 3682 617 3738 quoque
635 3667 978 3724 oboedientiae
1000 3668 1293 3738 probanda:
1316 3669 1419 3738 ipsi
1439 3671 1713 3739 praecepit,

154 3763 204 3805 ut
227 3769 399 3822 pacem
422 3773 551 3814 enni
584 3757 838 3813 omnibus
865 3758 968 3812 sibi
999 3757 1420 3814 adversantibus
1441 3773 1613 3828 usque
1648 3759 1715 3812 ad

157 3847 370 3912 prndicti
397 3848 652 3920 colloquii
685 3849 1204 3903 consummationem
1236 3849 1549 3903 ﬁrmissime
1571 3850 1716 3920 pepi-

160 3934 334 4001 gisset,
377 3947 431 3992 et
459 3938 740 4008 episcopis
779 3953 918 4009 quos
953 3938 1082 3993 sede
1126 3955 1223 3993 sua
1253 3939 1368 4009 jam
1401 3938 1712 4010 expulerat,

159 4032 451 4091 potestatem
481 4029 821 4084 liberrimam
862 4029 1235 4085 tecclesiarum
1271 4044 1560 4099 rerumque
1591 4046 1716 4086 sua-

163 4133 293 4186 rum,
321 4133 371 4178 et
398 4139 654 4179 securum
682 4122 1081 4195 paciﬁcumque
1111 4124 1242 4195 ipsis
1270 4125 1485 4178 utendis
1513 4133 1568 4178 et
1593 4140 1716 4195 pos.

162 4210 371 4270 sidendis
406 4215 714 4287 ingressum
740 4225 796 4270 et
825 4217 1147 4282 arbitrium,
1193 4226 1402 4272 remota
1447 4218 1592 4273 omni
1628 4219 1716 4274 la:-

1827 1733 1972 1790 illius
2007 1739 2300 1794 lantotiens
2333 1739 2470 1795 falso
2512 1741 2785 1812 simulata,
2820 1748 2922 1804 hac
2951 1750 3116 1805 etiam
3150 1753 3270 1810 vice
3309 1771 3409 1826 pa-

1826 1843 1951 1896 pam
1986 1829 2283 1891 deluderet.
2326 1843 2380 1887 et
2418 1841 2475 1887 ut
2501 1835 2867 1892 anathematis
2911 1840 3054 1897 illius
3083 1845 3414 1906 sententiam

1825 1928 1881 1974 et
1903 1922 2170 1991 synodum
2195 1923 2308 1992 jam
2343 1923 2393 1977 in
2428 1927 2765 1996 tyrannidem
2798 1930 2941 1999 regis
2965 1937 3412 2004 compescendam

1824 2013 2129 2080 specialiter
2165 2013 2337 2070 lenne
2367 2016 2697 2074 destinatam
2745 2023 3076 2080 artiliciosus
3118 2028 3414 2097 plurimum

1823 2105 2292 2176 qualitercummie
2321 2108 2632 2179 impediret.
2663 2109 2781 2180 Ipse
2803 2111 3040 2184 denique
3073 2120 3276 2186 pascha
3304 2119 3416 2176 Ra-

1826 2196 2048 2267 tispona:
2079 2199 2591 2271 quomodocumque
2622 2204 2754 2274 egit,
2782 2205 3035 2260 ducatum
3076 2209 3414 2272 Alemannize

1825 2285 1876 2340 in
1935 2290 2140 2342 erroris
2195 2289 2597 2346 irritamentum
2643 2295 2828 2349 comiti
2883 2296 3164 2355 Friderico
3213 2301 3411 2363 ibidem

1821 2393 1851 2430 c
1874 2378 2231 2444 rtnmendans',
2257 2389 2312 2434 et
2335 2381 2662 2448 Augieusem
2686 2384 2960 2441 abbatiatn
2984 2390 3074 2454 τυ,
3107 2407 3270 2461 quam
3297 2395 3414 2465 ipse

1814 2466 1929 2536 jam
1974 2471 2056 2524 bis
2104 2473 2418 2542 symoniaee
2449 2476 2721 2530 venditum
2745 2517 2760 2540 ,
2790 2477 2987 2533 deliine
3017 2481 3346 2552 Eggibardo,
3379 2503 3410 2542 a

1820 2561 2080 2616 fratribus
2114 2563 2228 2617 suis
2279 2565 2604 2632 regulariter
2650 2567 2827 2622 electo
2857 2579 2913 2624 et
2948 2569 3107 2638 juxta
3141 2575 3410 2650 privilegii

1819 2649 2059 2719 ejusdem
2090 2651 2192 2706 loci
2224 2661 2487 2709 statutum
2520 2672 2549 2709 a
2579 2671 2719 2726 papa
2773 2657 3037 2730 legittime
3080 2649 3409 2731 ordinando,

1817 2741 2176 2805 contradidit;
2223 2752 2278 2798 et
2307 2745 2436 2815 quia
2487 2747 2685 2815 injuste
2715 2750 2786 2780 ³⁸⁸
2823 2752 2964 2820 parti
2997 2752 3117 2822 ejus
3145 2755 3293 2824 (200)
3321 2755 3408 2812 fa-

1819 2850 1945 2889 vere
1991 2852 2096 2889 non
2150 2853 2314 2893 ausus
2347 2848 2434 2893 est
2482 2840 2658 2910 (801),
2691 2859 2834 2898 nunc
2881 2843 3079 2914 injuste
3117 2849 3409 2918 reprobate

1817 2936 1872 2982 ct
1915 2928 1966 2981 in
2012 2929 2271 2997 ιη’ςυιιίριει
2315 2933 2571 3001 captione
2621 2934 2876 3002 detento,
2907 2947 3198 3008 tyrannum
3236 2955 3408 3014 qnenf

1820 3021 1943 3072 dam
1972 3020 2147 3090 (2202),
2189 3023 2361 3076 sancti
2410 3022 2549 3076 Galli
2581 3023 2729 3079 ('ellte
2755 3041 2915 3095 quem
2946 3029 3296 3097 praediximus
3325 3030 3407 3085 itt-

1823 3123 2069 3163 vasorcm
2108 3119 2163 3163 et
2215 3109 2616 3166 devastatorem
2647 3154 2662 3178 ,
2713 3115 2918 3185 pariter
2967 3117 3076 3172 illic
3103 3119 3171 3148 ’λθ
3213 3133 3406 3178 contra

1821 3197 1902 3253 fas
1951 3201 2273 3270 prmliciens,
2308 3202 2361 3254 iit
2411 3203 2768 3260 orientalibus
2818 3207 3065 3279 Pagoria:
3117 3218 3173 3266 et
3220 3209 3406 3268 Norici

1819 3291 1972 3344 sinus
2019 3292 2283 3360 pultibus,
2316 3293 2522 3348 incolas
2555 3295 2675 3349 illo:
2723 3298 3060 3353 devastando
3104 3310 3159 3356 et
3187 3299 3405 3372 Littpul-

1819 3381 1945 3436 dum
1975 3383 2342 3438 ll't'H‘l'lllttltt'lll
2375 3385 2443 3439 :ul
2471 3386 2800 3442 deditionem
2835 3390 2936 3444 sibi
2971 3408 3094 3444 eum
3123 3391 3245 3446 aliis
3283 3397 3407 3463 qui-

1819 3478 2044 3534 busdam
2098 3480 2436 3545 coartando,
2492 3498 2667 3553 usque
2724 3484 2776 3538 in
2828 3493 3183 3555 [mntecosten
3238 3485 3410 3543 ferino

1818 3583 2185 3628 commoratus
2216 3582 2319 3626 est.

1892 3663 2040 3716 leor
2065 3679 2192 3718 vero
2225 3664 2370 3732 regis
2415 3664 2660 3719 Rondolli
2717 3666 2936 3720 nomine
2983 3667 3255 3730 Adcllteit,
3298 3668 3408 3724 lilia

1818 3753 2125 3809 Ade-Umida:
2159 3756 2587 3821 lttﬂl‘ClllOlIiSStB,
2622 3774 2778 3813 soror
2797 3759 3014 3817 licrtluc
3041 3763 3243 3833 reginae
3274 3779 3409 3818 uxo-

1823 3843 1896 3898 ris
1929 3843 2185 3908 lleinriei,
2216 3862 2281 3901 ex
2315 3862 2423 3916 quo
2457 3847 2573 3916 ipse
2607 3849 2900 3904 Saxoniam
2935 3852 3183 3917 intravit,
3215 3855 3267 3906 in
3297 3854 3410 3922 epi-

1819 3945 2042 4005 sc0patu
2096 3935 2498 3991 Constantiensi
2546 3938 2599 3992 in
2659 3937 2848 3995 Duello
2891 3940 3040 4010 (205)
3087 3949 3143 3996 et
3184 3942 3236 3994 in
3287 3943 3409 4000 aliis

1819 4027 2055 4082 castellis
2093 4027 2248 4097 juxta
2281 4027 2527 4084 Rhenum
2560 4031 3028 4103 qualitercumque
3059 4044 3405 4097 conversam,

1819 4127 2084 4188 egestate,
2112 4135 2370 4184 mmrore,
2402 4122 2678 4193 variisque
2699 4124 3089 4180 adversitatum
3119 4125 3405 4180 calamita.

1823 4213 1963 4268 tibus
2003 4212 2272 4278 confecta,
2297 4215 2514 4272 demum
2555 4218 2935 4286 aegritudinum
2985 4219 3407 4289 mortaliumth

165 4299 293 4356 sione
318 4313 370 4357 et
399 4305 658 4375 perﬁdia,
706 4307 1064 4372 concederet;
1101 4315 1156 4361 et
1205 4307 1270 4362 de
1320 4308 1715 4377 potentioribus
1745 4326 1793 4384 υ
1822 4303 2050 4360 febrium
2103 4307 2438 4376 aliquamdiu
2486 4308 2734 4365 confecta
2791 4309 3091 4372 molestiis,
3147 4309 3407 4380 disposita

167 4391 664 4468 religiosissimisque
686 4398 799 4452 suis
821 4407 1026 4468 septem
1057 4399 1208 4453 viros
1239 4398 1466 4453 Romam
1495 4400 1560 4452 ad
1591 4415 1720 4454 cen-

169 4481 338 4539 ilictnm
369 4497 580 4560 tempus
617 4490 719 4544 sibi
768 4491 1064 4562 dirigeret,
1094 4491 1184 4561 qui
1227 4489 1586 4562 jurejurando
1617 4494 1718 4547 sibi

169 4577 480 4634 securitatem
509 4579 784 4644 facerent,
813 4590 872 4634 ut
913 4581 1118 4651 legatos
1149 4596 1278 4635 suos
1307 4581 1371 4634 ad
1403 4581 1717 4652 praedictum

170 4664 458 4740 colloquium
487 4686 610 4728 cum
641 4686 776 4744 pace
796 4672 1120 4744 perductos,
1148 4681 1205 4727 et
1231 4673 1284 4728 in
1313 4673 1604 4729 commissa
1645 4673 1720 4728 le-

1819 4396 1979 4452 domo
2015 4413 2110 4452 sua
2158 4407 2252 4463 et,
2301 4409 2463 4468 prout
2511 4401 2772 4470 oportuit,
2827 4401 3023 4456 anima:
3072 4417 3185 4458 suae
3233 4403 3410 4464 salute

1817 4488 2146 4542 omnimodis
2171 4489 2223 4542 in
2252 4488 2471 4544 Christo
2499 4491 2735 4560 provisa,
2765 4489 2904 4545 t‘elici
2929 4505 2962 4544 ο
2989 4491 3196 4546 utinam
3223 4493 3237 4546 Σ
3271 4509 3408 4549 conv

1819 4581 2189 4635 summatione
2235 4581 2288 4635 in
2340 4596 2532 4636 manus
2589 4581 2733 4635 illius
2775 4581 3126 4637 devotissime
3165 4583 3406 4640 moriens

1820 4672 2072 4743 spiritum
2122 4685 2284 4728 suum
2339 4672 2765 4754 commendavit,
2807 4683 2863 4728 et
2902 4674 2969 4730 ad
3021 4674 3410 4729 monasterium

1377 4853 1609 4909 VARle
1642 4852 2042 4910 LECTIONES.

231 4983 285 5058 9-⁸
306 4986 424 5058 Cap.
455 4990 516 5046 lll
565 4991 620 5046 in
653 5007 816 5057 marg.
875 4988 937 5043 ‘2.

1019 4989 1155 5064 ”_'lti
1183 5001 1265 5064 est
1292 4990 1542 5046 enicaces
1572 4988 1746 5064 glossa
1776 5004 1898 5042 sazc.
1928 4985 2069 5064 ινξιγ
2097 5006 2152 5064 in
2174 4991 2224 5046 2.
2305 4990 2377 5024 ’θ’
2409 5005 2460 5059 p.
2495 4987 2562 5042 ad
2592 4994 2828 5064 augiam
2864 4985 2920 5040 2.
2993 4983 3063 5016 ""
3106 4987 3335 5044 abbatin
3359 4988 3411 5042 Ξ.

178 5047 235 5081 ’⁸³
261 5056 324 5110 ita
348 5047 415 5115 1³.
441 5062 492 5116 2.
521 5063 682 5133 iusta:
721 5047 840 5116 Uis.
881 5058 1112 5126 scripsit.
1186 5061 1254 5092 ²⁹⁶
1293 5077 1396 5117 vox
1455 5047 1616 5128 supra
1643 5061 1839 5113 lineam
1875 5059 2070 5127 scripta
2096 5059 2155 5115 2.

1661 5189 1894 5247 ΝΟΤΑΕ.

1899 5359 2044 5382 lant“
2082 5364 2129 5382 II
2168 5370 2178 5380 ο
2256 5369 2268 5382 ο
2310 5365 2323 5382 e
