3940 5382
515 178 617 269 ut

1442 178 1845 262 ntctmtoeot'
1876 202 2308 259 nassonem
2345 176 2933 259 CONSTANrtEASIs

3694 204 3798 262 £32

520 326 695 383 sancti
724 324 884 380 Blasii
927 325 1075 398 (ΞΜ)
1104 340 1227 379 cum
1271 321 1564 376 omnifario
1608 319 1875 395 exequiali
1918 318 2099 374 debito
2131 322 2173 378 Α
2202 318 2297 381 sis,
2330 318 2578 388 quamvis
2606 317 2895 383 simnlatm,
2922 319 3265 375 obmdieutia:
3305 318 3422 392 ejus
3462 322 3797 392 compertis

520 416 759 473 oiliciose
787 417 922 472 satis
956 414 1337 485 sepeliebatur.

518 494 527 517 ³
578 509 710 565 Rex
752 518 932 565 autem
984 507 1283 564 Rou‘dull‘us
1315 507 1427 580 jam
1477 508 1672 564 viduus
1705 505 1917 579 factus,
1962 510 2103 581 apud

520 601 827 660 Goslariam
856 590 1055 675 pascha
1088 600 1377 675 magniﬁce
1429 600 1757 669 celebravit,
1802 611 1857 657 et
1883 603 2099 673 expedi-

522 692 724 748 tionem
756 707 931 758 suam,
957 685 1363 763 quamprimum
1403 690 1756 761 optimatibus
1785 692 1898 748 suis
1937 707 2099 762 opor-

426 852 435 858 ‘
520 776 710 838 tonum
763 781 1066 858 videretur,
1113 779 1166 836 in
1215 780 1525 837 lleinricum
1579 783 1918 849 acerrimus,
1970 784 2103 838 satis

518 866 816 943 prudenter
862 856 1217 945 disponebat;
1262 871 1372 931 nec
1402 889 1512 932 non
1543 883 1654 931 tota
1704 874 1940 932 Saxonia
1970 892 2102 949 pace

518 961 828 1019 ﬁrmissima
866 963 1192 1020 mirabiliter
1241 966 1493 1032 counita,
1543 964 1702 1038 legali
1743 968 1919 1037 gentis
1958 966 2101 1024 illius

511 1050 635 1123 jure
676 1062 732 1110 et
760 1055 1179 1124 constitutione,
1212 1057 1477 1127 judicium
1505 1070 1560 1116 et
1595 1061 1864 1132 justitiam
1895 1064 2101 1133 absque

516 1158 878 1217 personarum
928 1150 1248 1220 acceptione
1268 1152 1522 1208 omnibus
1560 1154 1613 1209 in
1665 1153 1717 1210 id
1739 1154 1926 1226 'jpsum
1960 1146 2099 1226 πιηί

516 1236 960 1293 servantissimus
1009 1238 1385 1298 sollertissime
1432 1241 1685 1300 faciebat.
1724 1244 1919 1301 Filium
1969 1260 2100 1301 vero

510 1321 659 1380 illius
688 1323 867 1398 (205),
923 1327 1010 1383 cui
1054 1327 1169 1401 jam
1220 1331 1445 1401 parvulo
1485 1334 1663 1390 adhuc
1700 1335 1926 1393 ducatus
1970 1335 2098 1392 Ale-

512 1415 747 1471 'rnanniaa
777 1433 805 1471 a
837 1432 962 1490 rege
1012 1417 1267 1477 Hcinrico
1318 1421 1597 1496 delegatus
1637 1434 1750 1493 est,
1782 1427 1890 1482 dux
1920 1426 2099 1482 Well‘o

510 1500 638 1562 ‘cu'm
668 1508 940 1564 nonnullis
981 1511 1288 1569 senioribus
1324 1507 1428 1586 qui
1460 1516 1529 1573 ad
1574 1531 1699 1572 eum
1729 1518 2095 1591 pertinebant.

508 1606 851 1670 assumptum
885 1598 1095 1657 Ulmam
1126 1604 1519 1675 perduxerunt,
1544 1609 1702 1680 eique
1729 1624 1789 1665 se
1812 1625 1933 1667 cum
1965 1610 2097 1665 civi-

512 1687 615 1743 bus
640 1688 764 1757 jure
799 1690 959 1747 solito
992 1692 1380 1763 subdiderunt,
1413 1698 1799 1772 communique
1838 1700 2097 1772 suffragio

513 1780 571 1832 et
596 1777 941 1837 laudantento
970 1782 1251 1840 dominum
1282 1785 1387 1844 sibi
1429 1798 1485 1846 et
1512 1789 1704 1847 ducem
1744 1808 1886 1848 nunc
1920 1794 2096 1850 denuo

510 1871 995 1933 conﬁrmaverunt.
1056 1880 1063 1883 ’
1334 1884 1335 1887 ‘
1760 1880 1763 1881 ⁷

595 1961 704 2016 Illis
731 1975 909 2018 autem
938 1962 1063 2023 inde
1090 1967 1307 2026 domum
1349 1971 1629 2043 digressis,
1654 1989 1835 2031 comes
1858 1974 2096 2034 Frideri-

509 2068 608 2111 ‘cus
634 2056 874 2114 collectis
902 2061 1276 2133 undecumque
1313 2081 1379 2121 ex
1420 2077 1577 2138 parte
1609 2070 1751 2141 regis
1774 2071 1856 2125 sui
1884 2071 2096 2127 Austri-

510 2145 738 2216 l‘rancis,
767 2149 999 2219 .llactis,
1030 2152 1327 2212 Vindelicis
1349 2198 1364 2225 ,
1406 2156 1722 2230 Pagoariis,
1769 2170 1822 2216 et
1871 2161 2094 2232 quibus-

503 2240 745 2312 ‘cumqne
775 2252 991 2312 poterat
1028 2246 1358 2305 militaribus
1399 2252 1571 2322 c0piis
1595 2293 1611 2318 ,
1651 2265 1708 2309 et
1736 2255 1852 2324 ipse
1880 2254 2093 2311 Ulmam

509 2346 616 2386 non
637 2333 755 2388 sine
779 2334 1048 2405 periculo,
1082 2335 1192 2394 illic
1219 2350 1565 2418 pentecosten
1604 2354 1848 2415 acturus,
1880 2348 2090 2406 invase-

504 2420 623 2489 rat;
649 2432 731 2478 set
760 2425 945 2481 audito
964 2426 1118 2484 ducis
1152 2424 1412 2486 Well‘onis
1435 2433 1602 2511 citato
1629 2435 1681 2491 in
1706 2439 1935 2493 eundem
1965 2455 2093 2495 con-

509 2524 593 2568 tra
640 2532 699 2571 se
730 2516 905 2573 locum
940 2518 1123 2575 hostili
1174 2521 1409 2594 impetu,
1458 2526 1547 2581 vix
1598 2531 2091 2601 pernoctausjllic,

507 2622 632 2663 cum
666 2609 839 2665 tribus
879 2611 994 2666 suis
1044 2614 1312 2686 episcopis
1358 2616 1483 2674 inde
1532 2634 1715 2677 secum
1763 2623 2093 2692 proturbatis

507 2713 632 2754 cum
664 2699 929 2759 dedecore
962 2704 1178 2762 timidus
1205 2717 1259 2762 ct
1297 2709 1509 2766 inbellis
1538 2711 1658 2769 loco
1699 2715 1947 2772 cedebat.
1977 2714 2091 2771 Dux

508 2788 693 2858 itaque
742 2790 868 2847 illuc
924 2793 1245 2867 ingreditur,
1291 2808 1346 2854 et
1395 2811 1519 2871 post
1545 2794 1819 2874 paululum
1871 2806 2095 2861 obsesso

506 2876 620 2934 illic
663 2879 716 2934 in
747 2883 996 2951 proximo
1037 2887 1271 2954 quodam
1306 2889 1616 2949 ﬁrmissimo
1658 2894 1878 2951 castello
1925 2897 2091 2968 (ξοδ).

508 2968 577 3026 ad
600 2970 851 3042 injuriam
874 2973 1135 3032 Friderici
1161 2980 1404 3048 praedicti
1431 2982 1552 3055 plus
1581 2999 1743 3055 quam
1774 2986 1906 3042 duas
1925 2988 2092 3045 ebdo-

509 3060 700 3118 madas
728 3062 875 3117 illum
903 3064 1101 3121 ibidem
1137 3068 1239 3123 sibi
1263 3086 1440 3143 pugna
1468 3089 1888 3144 congressurum
1915 3079 2092 3135 audax

510 3150 677 3207 nimis
705 3162 762 3207 et
781 3152 1072 3212 bellicosus
1114 3160 1458 3229 praestolatus
1479 3174 1586 3231 est,
1617 3164 1789 3224 donec
1818 3169 2096 3226 machina-

511 3240 715 3297 mentis
739 3241 1006 3301 balisticis
1032 3261 1152 3316 qua:
1176 3265 1472 3324 mangones
1498 3255 1893 3327 theutonizant,
1923 3269 2092 3317 totum

513 3332 683 3388 diruit
706 3332 1043 3407 expugnavit
1062 3348 1116 3395 et
1140 3339 1402 3415 incendit,
1428 3346 1866 3419 castellanosqne
1906 3366 2094 3409 omnes

512 3423 633 3479 sine
654 3423 897 3493 qualibet
925 3429 1236 3499 conditione
1270 3432 1339 3488 ad
1381 3433 1709 3493 deditionem
1751 3439 1853 3495 sibi
1884 3455 2095 3498 conra-

506 3515 608 3569 'vit.
640 3515 954 3574 Fridericns
975 3528 1155 3576 autem
1179 3527 1518 3596 congregatis
1542 3530 1792 3585 omnibus
1822 3534 1911 3604 qui
1946 3542 2096 3592 tanto

516 3616 760 3677 tempore
791 3611 1298 3685 quomodocumque
1320 3628 1575 3687 poterant
1603 3619 1692 3687 ²⁹⁷,
1727 3631 1782 3677 et
1808 3623 1997 3679 videns
2038 3640 2097 3680 se

508 3699 640 3755 'dnci
689 3700 756 3756 ad
809 3706 1268 3772 congrediendum
1313 3709 1452 3765 bello
1498 3711 1676 3768 adhuc
1726 3712 1883 3788 longe
1935 3718 2096 3775 nimis

513 3790 781 3860 inparem,
815 3809 936 3849 cum
992 3796 1256 3854 dedecore
1303 3816 1401 3856 suo
1447 3817 1554 3857 non
1604 3805 1831 3862 minimo
1879 3809 1995 3864 suis
2043 3812 2093 3864 iu

511 3882 724 3940 diversa
778 3889 1146 3957 vertentibus,
1204 3892 1552 3952 tristissimus
1601 3900 1940 3956 returnabat.
2001 3902 2095 3958 His

508 3988 725 4044 quoque
754 3985 875 4045 post
901 3979 1209 4046 pascalibus
1256 3983 1446 4041 diebus
1470 3984 1794 4045 Bertboldus
1824 3991 2091 4058 marcluo,

505 4061 661 4119 ducis
692 4064 963 4122 Bertholdi
1006 4068 1149 4125 ﬁlius
1174 4111 1189 4135 ,
1242 4073 1552 4141 spectabilis
1588 4076 1924 4148 multumque
1958 4079 2094 4136 libe-

506 4153 642 4209 ralis
700 4156 1061 4226 adolesceus,
1109 4168 1164 4214 et
1213 4162 1503 4217 omnifaria
1549 4179 1761 4219 morum
1810 4167 2096 4225 honestate

502 4254 771 4300 streuuue
821 4260 880 4301 se
918 4256 973 4301 et
1002 4248 1136 4302 satis
1178 4250 1419 4306 virtuose
1470 4268 1639 4324 agens
1665 4294 1679 4320 ,
1732 4271 1956 4313 uxorem
1992 4259 2093 4314 sibi

2204 412 2347 467 circa
2404 420 2803 482 pentetecosten
2835 413 2904 468 ad
2954 428 3078 469 eum
3115 414 3470 485 Ratisponam
3517 430 3801 487 pervene-

2208 500 2351 558 runt.
2390 502 2490 560 Ubi
2516 516 2623 559 non
2657 505 2791 560 satis
2841 505 3130 577 magniﬁce
3180 507 3476 577 aceeptati,
3508 506 3798 577 negotium

2203 607 2302 662 pro
2328 608 2435 663 quo
2463 594 2611 667 missi
2662 603 2792 650 sunt
2835 610 2933 666 pro
2982 596 3187 653 viribus
3224 597 3419 669 exequi
3452 599 3799 668 pertempta-

2204 685 2353 742 bant.
2384 687 2609 743 Demum
2637 703 2764 744 vero
2794 688 3086 761 plurimum
3134 698 3247 747 toto
3276 691 3493 762 ingenio
3533 699 3596 746 et
3627 689 3802 744 artili-

2203 779 2289 835 cio
2316 780 2427 853 regi
2458 781 2725 838 instantes
2748 790 2804 839 et
2831 783 3189 854 surripientes
3209 825 3223 849 ,
3264 778 3356 839 vix
3384 786 3452 839 ab
3479 799 3548 839 eo
3578 780 3801 837 verbis;

2203 874 2329 931 liter
2385 884 2591 931 tantum
2641 891 2969 950 quamquam
3015 876 3168 948 pacis
3208 876 3511 941 simulata},
3540 886 3606 930 ct.
3635 873 3742 930 coll
3765 904 3801 921 .-

2153 961 2165 971 ’
2203 967 2317 1040 quii
2348 967 2533 1024 Romae
2576 968 2631 1024 in
2659 969 2850 1043 synodi
2880 969 3157 1025 audientia
3205 984 3303 1040 per
3329 969 3573 1040 legatum
3627 967 3799 1037 ipsius

2195 1057 2388 1131 jurati,
2435 1060 2837 1117 laudamentum
2880 1070 2933 1117 et
2978 1076 3305 1117 consensum
3361 1060 3803 1130 extorquebaut;

2204 1152 2270 1207 Et
2297 1151 2477 1208 missis
2506 1151 2688 1207 statim
2718 1168 2830 1225 pra:
2851 1166 2908 1208 se
2939 1152 2991 1207 iu
3024 1150 3318 1208 Saxoniam
3352 1152 3419 1205 ad
3452 1148 3797 1206 Roudoll’nm

2204 1259 2386 1316 regem
2412 1252 2469 1300 et
2506 1244 2573 1299 ad
2604 1251 2831 1300 caeteros
2872 1243 3148 1299 Saxonum
3181 1243 3451 1313 principes
3476 1284 3494 1306 ,
3535 1256 3647 1297 nec
3693 1256 3794 1295 non

2201 1336 2267 1390 ad
2296 1335 2489 1391 ducem
2522 1334 2828 1391 Welfonem
2858 1345 2911 1391 et
2952 1334 3377 1391 Alemannorum
3433 1334 3700 1389 meliores
3746 1343 3797 1389 et

2200 1424 2432 1495 majores
2472 1425 2683 1497 legatis,
2709 1425 2940 1481 demand
2962 1426 3110 1482 .baut
3131 1426 3226 1484 eis.
3260 1434 3317 1479 ut
3346 1433 3401 1481 et
3424 1424 3527 1496 ipsi
3552 1426 3635 1479 ob
3661 1440 3794 1480 ean-

2200 1517 2320 1573 dem
2360 1533 2577 1573 causam
2614 1531 2800 1574 secum
2834 1518 3174 1573 tractandam
3216 1518 3283 1573 ad
3320 1516 3713 1573 Fritcslariam
3742 1516 3793 1570 in

2199 1608 2453 1662 condicto
2497 1606 2583 1662 die
2629 1605 2731 1663 sibi
2771 1615 3144 1663 occurrerent.
3176 1605 3285 1663 Nec
3315 1622 3490 1673 mora,
3527 1615 3795 1680 percepta

2130 1677 2170 1736 Β
2203 1698 2508 1770 hujusmodi
2543 1700 2841 1772 legatione,
2874 1699 3123 1757 Saxones
3172 1716 3297 1756 cum
3346 1716 3473 1771 rege
3503 1716 3613 1757 suo
3660 1715 3796 1772 pra-

2196 1793 2369 1865 ceptis
2412 1792 2723 1865 apostolicis
2772 1792 3250 1857 obmdientissimi,
3286 1791 3444 1862 juxta
3492 1792 3653 1865 quod
3699 1792 3793 1846 de-

2197 1883 2513 1939 mandatum
2543 1891 2629 1939 est
2655 1882 2763 1938 illis
2788 1891 3129 1954 peregerant.

2266 1977 2385 2031 Dux
2443 1983 2622 2030 autem
2669 1973 2847 2030 Welfo
2902 1972 3195 2043 catterique
3245 1975 3312 2029 dc
3354 1972 3687 2029 Alemannis
3728 1970 3819 2043 ξιον

2197 2068 2283 2123 lue
2323 2067 2603 2132 advocati,
2657 2066 2782 2121 dum
2831 2073 2887 2120 et
2929 2065 3029 2136 ipsi
3073 2063 3186 2135 jam
3225 2065 3411 2120 venire
3452 2060 3790 2136 paratissimi

2196 2160 2470 2228 fuissent,
2529 2159 2818 2225 ductores,
2866 2158 2959 2229 qui
3003 2174 3033 2225 a
3076 2173 3203 2228 rege
3256 2156 3513 2213 llcinrico
3575 2157 3651 2212 ad
3710 2169 3791 2210 se-

2196 2267 2386 2307 curum
2444 2251 2664 2306 ductum
2712 2249 2844 2319 ipsis
2892 2250 3343 2315 nominatt.suut,
3386 2249 3457 2303 ab
3502 2263 3572 2304 eo
3632 2248 3787 2302 solita

2196 2340 2312 2409 ejus
2361 2339 2676 2411 perﬁdaque
2704 2340 2958 2395 vecordia
3008 2340 3223 2395 retracti
3252 2346 3409 2407 sunt,
3444 2353 3511 2395 ne
3560 2336 3641 2394 ad
3665 2355 3787 2392 con-

2196 2428 2405 2488 dictum
2434 2446 2529 2487 eos
2555 2429 2956 2502 perduxissent.
2987 2428 3297 2486 Saxonibus
3322 2433 3553 2501 quoque
3596 2432 3788 2486 eadem

2196 2524 2423 2598 perﬁdia
2465 2523 2686 2580 molitus
2736 2523 2983 2589 insidias,
3019 2523 3145 2577 dum
3195 2533 3250 2579 et
3294 2523 3397 2594 ipsi
3427 2522 3625 2594 patria:
3681 2536 3787 2578 sua:

2199 2617 2334 2673 ﬁnes
2388 2615 2595 2685 egressi
2655 2613 2849 2677 legatis
2900 2612 3212 2684 apostolicis
3261 2614 3650 2674 occurrebant.
3685 2629 3787 2668 non

2196 2724 2396 2783 paucos
2444 2707 2763 2761 militarium
2815 2705 3097 2775 c0piarum
3147 2720 3351 2761 cuneos
3386 2704 3455 2760 de
3502 2704 3728 2759 Boemia
3756 2719 3785 2757 a

2198 2788 2349 2876 tergo
2395 2803 2476 2859 eis
2509 2801 2814 2866 inmiserat,
2844 2800 2945 2870 qui
2988 2799 3249 2855 terminos
3304 2798 3523 2856 illorum
3583 2801 3784 2854 irrum-

2196 2905 2384 2967 pentes
2415 2910 2480 2950 ac
2503 2894 2866 2958 devastantes,
2885 2907 3046 2946 manu
3081 2892 3403 2969 praedatoria
3436 2891 3763 2962 diripieufes

2197 2998 2398 3055 eosque
2430 2983 2703 3039 hostiliter
2741 2983 3071 3038 omnimodis
3099 2983 3479 3039 molestarenl.
3512 2982 3667 3050 Quos
3708 2992 3783 3037 ta—

2199 3091 2342 3140 men,
2374 3075 2517 3131 malo
2542 3090 2641 3131 suo
2672 3075 2800 3131 dum
2830 3074 3106 3129 marcbam
3144 3075 3225 3129 sic
3266 3075 3605 3142 invaserant,
3638 3091 3781 3129 mar-

2197 3166 2475 3222 chionales
2524 3176 2714 3221 turum
2742 3165 2794 3221 in
2828 3180 2994 3220 unum
3040 3165 3301 3229 collectae.
3335 3166 3561 3222 incursu
3592 3167 3785 3224 bellico

2197 3258 2507 3330 proﬁigatos
2534 3259 2729 3330 partim
2760 3256 3167 3325 interfecerant,
3198 3259 3394 3328 partim
3422 3260 3603 3315 victos
3629 3276 3783 3330 cepe-

2198 3359 2322 3405 rant
2364 3359 2561 3420 praeter
2609 3365 2747 3422 quos
2774 3349 2909 3422 ,l'uga
2945 3350 3077 3422 ipsis
3114 3351 3473 3422 paucissimos
3500 3367 3668 3422 quam
3698 3353 3777 3405 vix

2198 3441 2524 3512 diripuerat.
2849 3445 2853 3449 ’

2269 3533 2455 3605 Legati
2504 3549 2636 3590 vero
2665 3534 2946 3605 apostolici
3003 3533 3556 3591 lonoriﬁccntissime
3599 3548 3628 3588 a
3672 3532 3777 3588 llo-

2202 3626 2433 3699 gontino
2464 3625 2875 3697 archiepiscopo
2903 3629 3225 3696 cmterisque
3269 3624 3532 3680 omnibus
3574 3634 3630 3681 et
3664 3639 3776 3679 ma-

2152 3745 2157 3749 -
2191 3717 2407 3786 joribus
2452 3727 2506 3775 et
2540 3719 2840 3774 minoribus
2874 3719 3013 3789 apud
3038 3718 3433 3774 -Fritcslariam
3466 3719 3738 3790 acceptati
3763 3760 3777 3778 .

2198 3824 2418 3864 causam
2450 3819 2506 3865 et
2556 3809 2826 3865 rationem
2875 3811 2954 3864 sui
2993 3809 3257 3865 adventus
3306 3809 3485 3879 palam
3529 3808 3780 3866 omn‘b-ts

2199 3901 2357 3956 simul
2386 3902 2731 3973 aperiebant,
2749 3900 2978 3956 salutem
3004 3911 3055 3956 et
3076 3900 3423 3972 apostol‘cam
3441 3900 3526 3956 be:
3550 3903 3778 3959 edictio-

2200 4008 2320 4048 nem
2366 3994 2555 4065 pacis,
2610 3993 2836 4065 justitiaa
2867 4034 2882 4059 ,
2934 4005 2989 4049 et
3037 3993 3382 4061 obmdientitc
3438 3993 3778 4051 amatoribus

2198 4084 2574 4139 enuntiabant.
2599 4083 2694 4138 His
2716 4084 3050 4155 gratulanter
3080 4085 3298 4149 auditis,
3328 4079 3611 4140 Suionum
3639 4086 3775 4155 prin-

2197 4174 2345 4244 cipes
2367 4189 2488 4229 cum
2522 4190 2646 4245 rege
2667 4191 2766 4229 suo
2797 4190 2895 4229 nec
2924 4168 3027 4229 neu
3060 4190 3172 4230 sum.
3208 4176 3385 4246 partis
3412 4176 3776 4230 communiter

2197 4264 2489 4337 universis,
2531 4266 2598 4320 ad
2628 4280 2815 4335 pacem
2848 4264 3112 4320 indictam
3146 4267 3583 4330 custodiendam,
3628 4275 3683 4321 et
3710 4265 3777 4319 ad

508 4337 717 4428 accepit
756 4339 1052 4428 Agnetem,
1094 4339 1341 4396 Roudolﬁ
1388 4344 1532 4416 regis
1582 4345 1743 4402 ﬁliam
1770 4389 1785 4414 ,
1833 4358 1888 4405 et
1918 4349 2085 4421 ipsam
2120 4365 2166 4424 υ
2196 4356 2327 4412 tanti
2360 4356 2567 4412 dissidii
2617 4367 2671 4414 et
2710 4358 2994 4414 seditionis
3020 4375 3238 4413 causam
3280 4357 3427 4428 juste
3465 4368 3521 4413 et
3564 4369 3775 4415 sentem

500 4426 797 4480 admodum
832 4427 884 4481 in
926 4426 1038 4482 suis
1085 4430 1335 4486 omnibus
1372 4447 1477 4488 non
1527 4434 1706 4491 minus
1753 4438 1950 4495 marito
1980 4441 2085 4494 vir-

510 4524 661 4570 tunsa
669 4532 742 4571 nl.
1288 4536 1293 4539 “

578 4606 877 4689 Ριδωάἱοιυε
906 4621 1086 4667 autem
1132 4616 1443 4682 patriarcha
1472 4620 1761 4691 caeterique
1788 4621 1932 4678 sedis
1963 4640 2088 4696 apo-

506 4699 713 4755 stolicae
742 4701 900 4771 legati
931 4705 1113 4778 (207),
1146 4720 1246 4776 per
1293 4710 1516 4766 nuntios
1546 4729 1682 4783 quos
1708 4716 2085 4785 prmmiserant

506 4801 563 4846 et
591 4790 1046 4866 Osuiburgensem
1071 4801 1382 4872 episcopum
1415 4804 1558 4875 regis
1587 4804 1822 4864 Heinrici
1863 4824 2087 4883 respon-

2195 4449 2398 4505 tialiter
2412 4451 2853 4516 examinandam,
2868 4460 2921 4506 et
2943 4452 3196 4522 colloquii
3226 4453 3555 4506 sententiam
3588 4450 3773 4507 statuti

2191 4543 2593 4621 observandum.
2620 4557 2679 4599 se
2718 4558 2814 4614 per
2845 4543 3039 4598 omnia
3072 4543 3268 4597 domno
3299 4557 3451 4614 papa:
3497 4542 3774 4598 oboedien-

2193 4633 2436 4705 tissimus
2484 4633 2598 4688 fore
2646 4634 2927 4704 protestati
2981 4643 3132 4700 sunt;
3179 4650 3245 4689 eo
3293 4642 3472 4687 autem
3521 4644 3700 4702 pacto,
3730 4634 3770 4686 si

2192 4739 2319 4794 pars
2340 4725 2732 4780 adversaria'in
2762 4726 2811 4780 id
2843 4726 3040 4796 ipsum,
3066 4728 3206 4780 datis
3243 4741 3271 4780 a
3309 4742 3367 4781 se
3392 4727 3643 4796 utrisque
3681 4712 3771 4777 obl

2160 4815 2400 4889 rsidibus
2441 4816 2751 4886 mutuisquc
2794 4815 3152 4885 jurisjurandi
3201 4816 3565 4875 ﬁrmamentis
3658 4818 3769 4888 pari

1813 4962 2042 5028 VARIE
2083 4965 2480 5025 LECTIONES.

576 5093 646 5130 '"
680 5092 833 5166 potit
862 5092 921 5147 2.

1068 5215 1275 5275 35”"
1323 5214 1342 5220 ”
1964 5202 2192 5300 Nm.
