3940 5382
100 378 223 436 453

1325 379 1666 437 ΑΝΝΑιεε.
1703 406 1775 423 -ο
1808 378 1921 434 ΑΝ.
1961 380 2122 436 £0793

3283 390 3389 449 451

104 505 245 553 toto
299 495 658 552 consentiret.
713 495 886 552 Aliter
936 512 1172 567 namque
1241 514 1349 554 non
1408 499 1703 555 maximam
1735 498 1950 577 Asoria
1974 500 2407 569 querimoniosus
2448 502 2821 573 proclamavit,
2876 513 3014 560 etut
3064 503 3388 562 Roudoll‘um

102 587 283 644 ﬁdem
316 588 375 643 in
405 601 587 656 regem
637 585 956 644 lleinricum
999 587 1225 659 ejusque
1271 591 1569 647 tantotiens
1615 606 1711 646 ex-

99 688 332 748 pertam
358 680 644 751 perﬁdiam
666 689 722 736 et
749 680 1061 738 vecordiam
1083 697 1142 738 se
1171 682 1455 740 habituros
1481 683 1706 754 professi

98 779 259 829 alunt.
290 802 367 812 —
388 771 706 828 Pati-iarcha
737 783 919 829 autem
963 774 1255 845 caeterique
1286 776 1429 845 regis
1458 777 1529 809 ”⁶
1553 778 1711 833 lanti-

98 862 300 927 liares,
350 880 494 935 quos
543 864 702 934 legati
747 864 1028 935 apostolici
1078 866 1132 921 in
1181 881 1281 923 suo
1322 868 1393 900 ²⁹⁹
1442 867 1705 923 comitatu

96 968 304 1029 secum
363 954 753 1022 adduxerant,
803 953 1112 1024 bnjusmodi
1153 966 1371 1033 pactum
1403 959 1556 1028 quasi
1598 976 1705 1015 non

97 1044 493 1103 necessarium
540 1044 634 1100 diu
691 1044 1032 1118 multumque
1079 1057 1426 1116 recusantes,
1483 1049 1706 1108 laudare

96 1134 427 1209 noluerant.
452 1135 682 1193 Domum
706 1152 835 1193 vero
861 1153 986 1193 cum
1011 1137 1237 1211 legatos,
1262 1139 1540 1198 Saxonum
1580 1156 1701 1197 sen-

99 1227 303 1280 tentize
320 1236 511 1300 utpote
524 1227 873 1299 probabiliori
902 1228 1083 1283 favere
1104 1232 1580 1300 perseutiscerent,
1598 1249 1657 1285 nr
1670 1249 1702 1286 n

95 1314 349 1371 multum
400 1318 883 1384 contradicentes,
931 1318 1209 1374 dominum
1260 1335 1417 1377 suum
1457 1324 1704 1392 quamvis

92 1407 486 1478 refragantem
525 1408 592 1463 ad
622 1409 723 1465 hoc
745 1419 964 1481 pactum
1009 1425 1070 1466 se
1095 1421 1383 1470 coacturos
1413 1413 1551 1480 fore,
1577 1416 1701 1470 ﬁcta

91 1510 152 1554 et
202 1501 437 1557 vecordi
481 1502 877 1572 pollicitatione
910 1503 1326 1575 proﬁtebantur.
1374 1506 1450 1562 Ea
1492 1509 1702 1564 ratione

91 1594 362 1651 Saxones
389 1594 644 1667 legationi
680 1596 994 1667 apostolica}
1018 1600 1185 1667 sedis,
1219 1600 1263 1656 si
1291 1601 1443 1671 pacis
1467 1612 1523 1656 et
1546 1616 1700 1657 secu-

92 1688 289 1744 ritatis
342 1688 680 1748 ﬁrmitudine
711 1690 832 1747 ﬁeri
876 1702 1100 1764 posset,
1152 1708 1212 1749 se
1256 1710 1381 1753 cum
1427 1710 1551 1766 rege
1603 1711 1703 1752 suo

90 1781 229 1834 olm
251 1780 453 1853 ﬁentes
482 1780 698 1855 futuros
734 1798 831 1853 per
856 1785 1038 1840 omnia
1069 1786 1444 1843 subdiderant.
1496 1788 1699 1845 Dehinc

1811 603 1934 645 cum
1964 589 2078 645 suis
2114 590 2366 646 omnibus
2392 593 2735 649 auctoritatis
2781 593 3097 664 apostolica:
3154 596 3384 651 anathe-

1812 686 1961 739 mate
1988 677 2152 751 digno
2183 680 2557 750 percellerent,
2583 682 2719 738 satis
2761 697 3029 754 superque
3053 682 3409 755 eﬁlagitavit..

1811 766 2085 845 Multaque
2113 768 2166 825 id
2193 783 2360 840 genus
2383 769 2845 838 adiuventionum,
2870 774 3403 844 accusationumque.

1810 857 2191 937 clamosarum,
2218 869 2301 915 set
2327 877 2433 917 non
2457 870 2515 916 ut
2533 860 2711 917 fertur
2732 879 2796 919 ex
2822 865 2967 920 omni
2986 872 3148 935 parte
3173 864 3392 923 idonea-

1812 966 1931 1005 rum
1953 951 2389 1022 excogitamcnta
2412 952 2528 1023 ipse
2565 969 2689 1009 cum
2737 955 2854 1012 suis
2905 956 3159 1013 onmibus
3192 957 3396 1021 tumul-

1811 1050 1964 1098 tuosa
1995 1043 2155 1098 nimis
2182 1044 2530 1102 animositate
2551 1047 2996 1118 inportunusillic
3021 1056 3104 1105 set
3136 1064 3243 1104 non
3270 1063 3394 1104 sen-

1814 1133 2044 1208 tentiose
2094 1134 2484 1203 concinnabat;
2522 1152 2582 1192 se
2624 1152 2838 1209 quoque
2866 1138 3173 1210 apostolica:
3191 1138 3394 1195 delibe-

1811 1223 2004 1277 rationi
2028 1222 2321 1305 obtndisse,
2346 1225 2688 1282 adversarios
2703 1237 2884 1299 autem
2906 1243 3032 1283 suos
3058 1216 3393 1284 inoboedien-

1809 1300 1895 1369 tia:
1922 1300 2198 1372 convictos
2230 1316 2369 1383 tore,
2392 1327 2447 1374 et
2474 1319 2526 1373 in
2554 1318 2658 1375 hoc
2686 1320 3240 1377 excommunicationi
3263 1321 3395 1379 sub-

1804 1420 1965 1483 esse,
2018 1406 2295 1463 libe'rime
2348 1409 2600 1476 asseruit,
2661 1419 2955 1481 reatusque
3021 1412 3393 1481 probamentis

1809 1496 2305 1568 inrefragabilibus.
2344 1490 2568 1556 Demnm
2615 1516 2749 1556 vero
2801 1501 3119 1573 apostolicae
3147 1502 3292 1571 sedis
3319 1500 3395 1558 le-

1806 1591 1936 1659 gati,
1957 1591 2150 1662 spiritu
2186 1591 2452 1648 libertatis
2483 1608 2589 1648 non
2619 1604 2677 1648 ut
2703 1593 2772 1627 ³⁰²
2795 1594 3095 1664 oportuerit
3128 1593 3390 1660 roborati,

1806 1696 1863 1735 se
1901 1696 2001 1751 pro
2034 1695 2167 1752 pace
2193 1681 2565 1751 componenda
2613 1670 2820 1755 proque
2854 1684 2941 1739 die
2980 1683 3211 1756 locoque
3230 1683 3396 1740 collo-

1805 1774 1936 1844 quii,
1966 1790 2069 1829 non
2096 1772 2401 1845 huiusmodi
2430 1784 2633 1843 autem,
2652 1786 2735 1833 set
2755 1776 2915 1849 quale
2939 1775 3170 1834 Romam
3196 1776 3415 1833 domno.

90 1870 186 1922 die
214 1878 276 1925 et
321 1869 443 1927 loco
470 1870 728 1943 colloquii
773 1874 1009 1933 habendi
1042 1878 1185 1948 apud
1233 1876 1699 1950 Herbipolitanatn
1738 1857 1776 1911 υ
1803 1881 1943 1937 papa
1973 1864 2252 1922 decretum
2283 1874 2389 1934 cst.
2414 1866 2832 1935 constituendis.
2856 1880 2912 1925 οι
2938 1880 2997 1924 ιιι
3028 1868 3100 1945 '°.’
3124 1867 3205 1925 sic
3224 1867 3397 1939 partis

93 1961 301 2015 urbem
332 1959 406 2015 ab
444 1963 692 2034 utrisqu
718 1958 1008 2032 condictis,
1041 1966 1095 2022 hi
1129 1965 1450 2035 Sasouiam,
1482 1968 1570 2025 isu
1603 1985 1701 2025 an-

96 2058 211 2117 tem
254 2064 388 2105 cum
436 2049 630 2120 legatis
659 2054 975 2125 apostolicis
1010 2056 1078 2111 ad
1118 2058 1393 2112 dominum
1424 2074 1580 2113 suum
1612 2074 1700 2114 re-

95 2140 369 2195 mealiant
396 2140 726 2199 festinanter
751 2143 1132 2216 Ratisponatn.

167 2231 297 2300 Ipse
327 2242 533 2296 autem.
566 2234 690 2289 ﬁdei
733 2245 952 2307 pactum
1001 2238 1146 2308 quod
1180 2232 1539 2296 coridixerant
1574 2240 1701 2296 dum

94 2326 146 2380 ei
179 2326 564 2395 notiﬁcarent,
587 2329 754 2386 corde
792 2332 1067 2401 verboque
1111 2332 1377 2402 pertinaci
1417 2333 1703 2402 parvipcn-

97 2408 262 2483 dens,
299 2419 590 2488 paciﬁcum
631 2421 1038 2493 prepitiumque
1065 2436 1125 2477 se
1174 2421 1281 2479 illis
1329 2422 1700 2478 exhibiturum

98 2507 222 2561 fore
266 2509 343 2564 ob
371 2509 554 2565 domui
588 2526 742 2583 papae
785 2512 1049 2569 honorem
1082 2513 1287 2584 pariter
1323 2522 1379 2569 et
1436 2522 1698 2579 amorem,

98 2600 191 2654 vix
233 2598 311 2655 ab
341 2601 425 2657 eis
472 2604 811 2661 constrictus
839 2605 1218 2676 proﬁtebatur,
1250 2614 1333 2661 set
1362 2605 1407 2660 si
1440 2605 1505 2659 ad
1555 2604 1701 2661 dedi-

100 2692 321 2748 tionem
386 2693 490 2749 sibi
538 2695 764 2753 indilate
816 2711 1110 2754 occurrere
1160 2707 1218 2754 et
1262 2696 1540 2753 humiliari
1592 2714 1699 2754 non

99 2780 507 2839 detractarent.
551 2786 739 2858 anue
787 2790 1102 2845 conditione
1151 2787 1506 2860 colloquium,
1556 2790 1700 2859 quod

100 2868 299 2927 Romae
345 2873 402 2927 in
437 2875 647 2945 synodo
672 2892 702 2932 a
733 2876 909 2950 legato
950 2893 1050 2933 suo
1088 2875 1371 2948 juratum,’
1395 2887 1451 2934 et
1478 2894 1700 2935 excom-

100 2964 498 3021 municationis
519 2968 846 3027 auctoritate
866 2986 895 3024 a
920 2971 1080 3026 nullis
1100 2972 1332 3042 partium
1351 2981 1701 3044 utrarumque

100 3055 360 3123 personis
391 3071 497 3111 non
529 3059 691 3114 modo
718 3076 822 3115 non
860 3060 1132 3130 impediri,
1162 3062 1293 3132 quin
1317 3062 1497 3131 potius
1525 3063 1674 3117 omni

100 3143 286 3199 modis
315 3146 597 3202 observari
650 3147 933 3205 decretum
976 3160 1079 3217 est,
1112 3167 1172 3207 se
1219 3167 1343 3207 cum
1391 3151 1699 3207 Saxonibus

100 3226 428 3293 habiturum
458 3237 740 3308 laudabat;
764 3242 924 3299 aliter
947 3214 1130 3299 autem
1162 3258 1525 3315 nequaquam.
1544 3244 1699 3313 Quod

99 3320 225 3382 cum
273 3329 604 3398 primatibus
652 3330 926 3388 Saxonum
971 3334 1505 3405 Alemannorumque
1542 3347 1704 3391 caete’

100 3418 292 3489 risque
304 3420 422 3477 suis
437 3422 903 3480 commilitonibus
918 3435 1256 3498 compertum
1277 3423 1488 3491 fuisset,
1506 3441 1698 3497 quam-

98 3516 270 3575 quam
312 3511 384 3567 ad
427 3513 740 3571 condictum
782 3516 1112 3589 colloquium
1142 3518 1256 3587 jam
1306 3528 1702 3575 consentaneus

99 3616 160 3655 se
204 3603 413 3658 domno
440 3605 740 3674 apostolico
769 3609 1128 3673 eahiberent.
1166 3619 1295 3665 tunc
1319 3609 1479 3666 simul
1514 3624 1703 3664 omnes

100 3694 445 3761 pertinacem
480 3700 628 3769 regis
662 3698 903 3759 lleinrici
948 3704 1259 3759 vecordiam
1287 3703 1698 3766 commirantes,

101 3796 154 3837 et
188 3794 570 3845 contumacem
598 3790 1041 3849 inobtedientiam
1070 3795 1420 3858 detestantes,
1444 3793 1702 3850 sollicitu-

102 3877 263 3931 dines
307 3879 774 3954 necessitatcsque
800 3900 928 3940 suas
976 3884 1086 3941 Deo
1118 3900 1213 3956 per
1239 3886 1310 3917 ³⁰⁰
1338 3885 1521 3940 omnia
1554 3901 1704 3941 com-

104 3971 436 4027 mendantes
458 3974 608 4029 domi
632 3976 965 4032 unanimiter
994 3992 1055 4034 se
1079 3978 1488 4034 continuerant.

124 4055 135 4139 ξ
175 4060 302 4133 Ipse
330 4074 519 4120 autem
576 4067 961 4142 undecumque
988 4085 1096 4126 non
1132 4070 1363 4127 modicis
1401 4086 1512 4127 suae
1534 4069 1705 4140 partis

105 4154 490 4236 episcoporum
504 4168 937 4231 ceterorumque
958 4160 1285 4232 complicum
1312 4176 1535 4216 suorum
1574 4175 1705 4215 con-

106 4249 306 4304 tractis
328 4238 528 4321 copiis,
582 4252 652 4307 ad
708 4255 1025 4324 praedictam
1057 4255 1336 4312 civitatem
1368 4250 1539 4327 (208),
1568 4270 1634 4311 ac
1657 4256 1704 4310 si

104 4354 204 4416 per
232 4340 340 4396 hoc
363 4342 667 4423 apostolico
694 4360 753 4402 se
789 4334 1180 4423 excusabilem,
1212 4349 1559 4404 anathemate
1582 4361 1709 4419 per-

99 4428 349 4506 juriique
394 4445 550 4491 reatu
610 4436 887 4495 inmunem
919 4437 984 4471 ³⁰¹
1028 4448 1213 4512 posset
1263 4437 1511 4502 etIicere,
1561 4441 1712 4497 circa

1804 1960 2085 2029 utriusque
2106 1958 2493 2015 oboedientiam
2518 1958 2807 2035 diligenter
2834 1962 3235 2026 examinarent,
3258 1976 3396 2017 exa-

1804 2047 2175 2120 niinatamque
2189 2050 2256 2105 ad
2270 2051 2453 2106 sedem
2468 2053 2824 2121 apostolicam
2849 2052 3249 2120 renuntiarent,
3265 2052 3396 2107 mis-

1802 2154 1892 2219 sos
1920 2136 2085 2195 fuisse
2135 2139 2364 2211 professi
2388 2151 2546 2210 sunt;
2580 2158 2747 2215 seque
2795 2160 2902 2199 non
2958 2144 3121 2206 solos,
3152 2153 3236 2200 set
3268 2158 3395 2200 cum

1802 2230 1923 2312 aliis
1952 2232 2068 2289 suis
2096 2248 2235 2304 quos
2286 2234 2519 2292 domnus
2545 2252 2681 2309 papa
2714 2238 3091 2305 destinaverit,
3136 2237 3398 2308 deinceps

1804 2320 2010 2377 idoneis
2039 2323 2321 2394 collegatis
2349 2326 2416 2381 ad
2454 2326 2598 2382 illam
2642 2343 2806 2399 quam
2840 2338 2968 2384 tunc
2988 2327 3400 2403 expostularent

1802 2412 2128 2470 seditionum
2161 2424 2214 2471 et
2243 2416 2554 2488 przeliorum
2599 2434 2821 2475 causam
2854 2420 3005 2493 juste
3034 2418 3415 2477 dirimendam.

1804 2504 1875 2535 ὀδ
1898 2503 2113 2574 judices
2140 2507 2467 2574 nominatos,
2493 2509 2651 2564 modo
2690 2526 2795 2565 non
2821 2522 3029 2576 autem,
3079 2518 3163 2566 set
3183 2512 3409 2565 luturos.

1804 2598 1916 2651 fure
1951 2598 2265 2669 dispositos,
2303 2599 2506 2670 bisqui
2547 2617 2606 2656 se
2638 2602 2933 2658 tantmiens
2989 2600 3400 2659 inclamitabant

1803 2689 1871 2721 ³⁰⁸
1906 2691 2191 2761 protestati
2242 2701 2389 2747 sunt.
2438 2692 2623 2763 quue
2688 2693 3058 2764 responsionis
3099 2692 3399 2747 artiﬁcioso

1804 2782 1963 2838 modo
1994 2781 2081 2838 vix
2114 2797 2173 2839 se
2198 2784 2267 2839 ab
2314 2782 2741 2840 inclamantibus
2770 2794 2824 2841 et
2850 2784 3308 2840 tumultuantibus
3334 2781 3398 2837 li-

1802 2869 2093 2939 berabant;
2118 2873 2354 2928 scientes
2392 2888 2491 2943 pro
2520 2876 2885 2946 certoiregem
2915 2872 3230 2929 Ileinricum
3262 2888 3390 2928 cum

1803 2963 2191 3018 consentaneis
2238 2963 2495 3018 omnibus
2522 2964 2655 3030 suis,
2694 2963 2945 3035 colloquii
2990 2963 3059 3018 ab
3102 2962 3394 3041 apostolica

1803 3058 2126 3115 auctoritate
2151 3058 2340 3115 statuti
2365 3074 2472 3114 non
2504 3059 2663 3114 modo
2678 3073 2783 3115 non
2806 3044 3237 3121 observatorem,
3267 3054 3395 3126 quin

1806 3138 1986 3221 potius
2009 3148 2355 3205 temerarium
2379 3149 2759 3222 impeditorem
2791 3147 3091 3210 exstitisse,
3134 3146 3265 3202 etin
3294 3144 3399 3199 hoc

1805 3232 2137 3294 anathemati
2158 3254 2215 3294 se
2234 3236 2532 3310 apostolico
2555 3236 2733 3309 palam
2758 3252 2882 3292 cum
2910 3235 3023 3292 suis
3048 3232 3399 3315 complicibus

1805 3331 2205 3395 substravisse;
2235 3345 2337 3386 nec
2381 3344 2487 3385 non
2528 3331 2704 3399 ipsum
2745 3316 3031 3400 prtesentis
3061 3323 3251 3396 synodi
3284 3339 3395 3403 sua:

1804 3417 2154 3478 simulatorire
2187 3422 2362 3476 locum
2389 3436 2512 3477 eum
2546 3419 2737 3475 incolis
2762 3420 2875 3474 suis
2895 3413 3398 3488 justoiamjndicio

1804 3515 1871 3568 ab
1907 3516 2164 3585 episcopo
2207 3530 2306 3568 suo
2352 3513 2607 3568 similiter
2650 3509 2962 3566 damnatum
3008 3509 3193 3573 fuisse,
3226 3521 3397 3578 seque

1805 3606 1951 3676 ipxos
1982 3607 2063 3662 bis
2087 3604 2340 3663 omnibus
2369 3613 2559 3659 contra
2586 3601 2666 3657 l‘as
2691 3609 2748 3657 et
2771 3598 2861 3670 jus
2890 3600 3211 3655 canonicum
3246 3598 3395 3675 peri-

1804 3698 1985 3753 culoso
2010 3696 2143 3751 satis
2165 3696 2622 3751 communicasse.

1877 3789 1969 3845 Sic
1992 3786 2451 3842 anathematicum
2473 3785 2575 3841 hoc
2620 3784 2910 3841 concilium
2942 3781 3397 3855 tergiversatione

1804 3885 2027 3941 vecordi
2062 3893 2173 3939 tum
2189 3880 2572 3937 execrabiliter
2600 3880 2890 3944 initiatum,
2915 3887 3027 3932 tum
3041 3874 3399 3931 execrabilius

1808 3979 2018 4032 ﬁnitum
2044 3973 2220 4045 (θεοῦ),
2254 3974 2504 4031 turbidus
2548 3972 2682 4029 satis
2706 3980 2763 4026 et
2800 3969 3080 4024 animosus
3108 3964 3417 4037 tleinricus

1808 4085 1922 4135 rex,
1951 4066 2249 4137 assumptis
2283 4081 2468 4122 secum
2492 4064 2686 4137 legatis
2715 4060 3049 4133 apostolicis,
3100 4056 3398 4115 exercitum

1806 4177 1968 4231 quem
2000 4160 2071 4193 ³⁸⁸
2099 4176 2206 4216 ιιοιι
2239 4159 2565 4215 mediocrem
2605 4156 2984 4225 undecumque
3012 4159 3409 4231 contraxerat,

1809 4254 1862 4308 in
1888 4251 2135 4327 Saonnes
2173 4249 2446 4307 hostiliter
2474 4247 2835 4327 devastandos
2860 4242 3148 4301 temerarie
3170 4240 3407 4325 Inuitum

1808 4314 2364 4401 abhinc'dimoverat.
2406 4322 2699 4412 Comperto
2738 4346 2920 4393 autem
2956 4344 3064 4390 tam
3091 4322 3302 4390 hostilis
3325 4331 3398 4385 in-

1808 4438 2080 4495 cursionis
2104 4438 2159 4493 in
2200 4423 2270 4493 's'e
2321 4449 2556 4506 suosque
2585 4434 2816 4504 impetu,
2850 4428 3150 4486 Roudollus
3194 4439 3289 4481 rex
3343 4423 3398 4478 in

107 4531 319 4578 sanctae
340 4521 528 4580 Maria-
554 4529 984 4598 assumptionem
1005 4545 1129 4586 cum
1150 4530 1342 4601 legatis
1373 4528 1703 4601 apostolicis,
1737 4557 1785 4617 υ
1814 4521 1923 4589 Deo
1942 4531 2166 4603 ejusque
2189 4530 2537 4586 miseratione
2567 4527 2633 4560 “7
2665 4524 2908 4583 conﬁsus
2927 4532 2984 4579 et
3010 4522 3413 4617 corrobora‘l‘lis.

105 4603 159 4685 et
184 4613 343 4684 ipsis,
359 4625 420 4670 ut
444 4618 619 4685 aiunt,
635 4621 952 4678 muneribus
975 4622 1175 4693 partim
1194 4620 1483 4691 corruptis,
1500 4621 1701 4693 partim

111 4714 261 4777 metu
315 4709 592 4782 minisque
642 4712 961 4779 contractis,
1014 4723 1078 4769 et
1129 4713 1433 4777 blanditiis.
1487 4714 1706 4770 astutiis

114 4798 381 4870 omnique
409 4801 627 4873 ingenio
657 4804 710 4859 in
744 4805 886 4860 illius
940 4806 1181 4861 favorem
1228 4809 1400 4861 tenue
1443 4803 1703 4871 seductis,

113 4892 442 4948 tenterarius
468 4896 605 4949 satis
636 4898 904 4968 pervenit.
939 4896 1052 4952 Illic
1083 4898 1152 4953 ad
1187 4896 1399 4953 libitum
1436 4911 1591 4953 suum
1622 4912 1707 4969 sy-

110 4985 252 5039 nodo
281 4982 386 5040 bac
409 4986 751 5045 simulatoria
805 4988 1157 5046 omnifariam
1188 5005 1287 5060 per
1315 5004 1443 5047 suos
1487 4990 1709 5060 synodi-

109 5088 204 5128 cos
222 5082 282 5129 et
307 5076 617 5134 causidicos
659 5079 959 5135 secundum
1012 5093 1108 5133 cor
1131 5095 1287 5135 suum
1326 5082 1699 5152 disputaturos

110 5166 399 5222 disnosita.
438 5170 551 5222 inse
574 5188 669 5222 nro
693 5174 841 5222 regni
875 5172 959 5222 sui
988 5171 1444 5222 disturbatnrllms
1473 5183 1527 5222 et
1550 5173 1699 5222 inva-

1812 4625 2030 4691 liducia,
2061 4631 2118 4680 et
2169 4625 2283 4695 ipse
2314 4638 2418 4677 non
2456 4621 2724 4677 modicum
2780 4632 2943 4688 quem
2970 4615 3210 4695 studiose
3238 4608 3400 4667 colle-

1812 4724 1967 4787 gerat
2013 4729 2126 4770 suze
2173 4713 2379 4791 militia)
2433 4721 2753 4782 apparatum
2806 4709 2860 4763 in
2907 4719 3197 4761 occursum
3255 4701 3401 4756 iliius

1812 4807 2110 4879 prudenter
2132 4804 2440 4859 ordinatum
2456 4810 2841 4874 promoverat;
2872 4797 3159 4865 missisque
3183 4794 3248 4849 ad
3275 4808 3397 4891 om.-

1814 4911 1912 4951 ncs
1943 4892 2217 4950 exercitus
2245 4894 2458 4949 hostilis
2485 4894 2776 4964 optimates
2809 4888 3035 4951 nuntiis,
3056 4900 3153 4941 eos
3177 4898 3276 4953 per
3301 4888 3403 4935 nu-

1813 4985 2171 5044 sericordiam
2213 4986 2307 5041 Dei
2336 4986 2680 5051 obsecratus,
2729 4980 3007 5040 humiliter
3026 4975 3161 5033 satis
3202 4971 3404 5041 rogita-

1807 5081 1905 5143 vit,
1932 5076 2190 5148 quatinus
2213 5077 2566 5148 colloquium,
2597 5076 2743 5144 quod
2771 5086 2906 5146 papa
2924 5069 3034 5140 jam
3062 5082 3161 5137 pro
3182 5076 3315 5133 pace
3351 5066 3406 5111 et

1808 5168 2019 5222 unitate
2046 5165 2307 5220 aecclesiae
2331 5182 2396 5220 ac
2442 5166 2611 5220 totius
2645 5167 2797 5220 regni
2847 5155 3137 5217 concordia
3185 5161 3419 5217 compo-.
