3940 5382
559 399 626 459 35
1413 403 1806 462 BER'l‘HOLDl
1829 399 2277 460 'PRESBYTERi
2312 397 2900 459 CONS'I'ANTIENSTS

3705 389 3804 444 436

521 525 664 584 rem.
696 517 908 587 Sibique
931 515 1107 572 locum
1131 515 1368 585 ejusdem
1385 517 1709 574 observandi
1733 518 1838 573 title
1863 531 2102 588 paceque
2131 519 2173 576 Α
2203 515 2587 587 proripientes,
2615 527 2679 569 ac
2709 511 2964 582 colloquii
2993 517 3208 581 paetum
3235 505 3547 562 baxonibus
3594 503 3804 559 detnsis

523 625 632 665 non
665 609 789 664 fleta
843 608 1221 664 concederent.
1269 608 1379 664 Illic
1424 610 1658 680 denique
1699 623 1758 664 se
1807 624 1904 678 per
1927 609 2109 663 omnia

527 699 727 755 domno
752 713 901 769 papa:
926 698 1249 767 ueterisque
1272 699 1422 770 regni
1448 700 1797 770 optimatibus
1821 710 2109 755 consenta-

527 805 692 846 neum
715 791 1190 860 obtrditurumque
1251 791 1303 846 in
1347 793 1448 847 hac
1477 808 1598 862 qua:
1642 793 1872 848 instaret
1923 808 2107 859 causa,

524 883 843 938 firmissime
870 881 1096 936 multum
1140 883 1270 938 cum
1306 883 1419 939 suis
1446 884 1700 940 omnibus
1749 884 2108 940 collauda‘aat.

524 973 583 1028 Si
615 981 795 1028 autem
825 972 877 1027 id
902 982 1252 1029 contumaces
1303 973 1626 1040 refutarent,
1673 991 1733 1030 se
1781 977 1859 1031 eis
1901 976 2111 1031 hostem

521 1065 635 1120 Deo
650 1065 978 1135 propitiante
997 1067 1322 1122 acerrimum
1347 1069 1518 1124 armis
1542 1083 1963 1141 congressurum
1982 1079 2036 1125 et
2054 1079 2112 1124 ut

522 1155 580 1210 in
603 1171 754 1226 pacis
769 1157 1070 1228 acjustitia:
1111 1160 1545 1216 anathematicos
1567 1162 1955 1233 induratosque
1983 1177 2114 1218 con-

523 1256 822 1316 temptores
866 1249 1191 1318 oportuerit,
1240 1265 1300 1307 se
1323 1251 1378 1306 in
1401 1251 1509 1308 illis
1535 1249 1652 1306 fore
1687 1251 2109 1322 vindicaturum,

522 1337 749 1394 minime
782 1339 1116 1396 dubitarent.

551 1435 562 1458 ί
595 1429 693 1486 llis
722 1431 944 1498 auditis,
973 1443 1193 1506 tamque
1215 1434 1331 1504 ejus
1355 1436 1717 1493 inmanissimi
1736 1447 1791 1493 et
1820 1437 1876 1494 in
1901 1454 1959 1495 se
1987 1437 2115 1495 effe—

523 1529 628 1584 rati
653 1529 927 1585 exercitus
950 1531 1266 1588 cohortibus
1282 1549 1377 1603 per
1403 1533 1780 1604 exploratores
1805 1549 1930 1589 suos
1954 1535 2114 1589 nimis

524 1617 904 1692 indubitanter
949 1624 1266 1695 compertis,
1335 1642 1438 1680 non
1488 1641 1678 1698 parum
1723 1627 1941 1698 quidem
1990 1643 2115 1682 cum

523 1710 654 1766 belli
678 1715 959 1780 instantia,
996 1726 1106 1770 tum
1148 1717 1428 1787 injustitize
1458 1720 2037 1776 excommunicationis
2062 1729 2116 1777 et

525 1799 929 1860 inobmdientize
949 1821 1059 1861 sua:
1107 1807 1440 1863 conscientia
1469 1809 1540 1842 ³⁰⁸
1583 1811 1882 1879 perterriti,
1937 1809 2113 1866 domi-

525 1908 658 1947 num
688 1909 868 1962 suum,
897 1912 1145 1966 qnamv.s
1173 1901 1462 1955 lacrimoso
1505 1899 1706 1970 ejulatu
1738 1901 1830 1956 diu
1862 1905 2119 1958 multum-

526 1996 634 2054 que
686 1987 1115 2055 pertinacissime
1143 1989 1522 2056 reluctantem,
1557 1992 1624 2046 ad
1655 1993 1757 2047 hoc
1781 1993 2120 2064 constringe-

523 2077 679 2145 bant,
709 2079 1053 2137 utinminens
1087 2083 1391 2162 periculum
1412 2083 1570 2153 juxta
1594 2085 1877 2141 consilium
1906 2085 2120 2142 illorum

523 2169 845 2238 dissolvere,
881 2189 1048 2245 seque
1072 2177 1138 2230 ab
1163 2176 1250 2232 his
1298 2178 1496 2246 quibus
1528 2177 1791 2249 congredi
1843 2193 1906 2234 ac
1956 2193 2120 2248 repu-

529 2275 703 2332 gnare
727 2278 834 2319 non
871 2265 1164 2332 sufficeret,
1200 2283 1420 2338 quoquo
1451 2269 1612 2324 modo
1634 2271 1868 2325 liberare
1891 2285 2001 2324 non
2031 2269 2122 2326 de-

530 2360 816 2409 trectaret.
868 2355 1081 2412 Justam
1135 2372 1369 2428 namque
1423 2375 1644 2415 causam
1701 2376 1730 2415 a
1785 2375 1843 2416 se
1876 2361 2122 2418 Saxones

525 2457 652 2498 cum
689 2446 909 2502 domino
941 2464 1039 2504 suo
1069 2450 1434 2520 expostulare,
1491 2453 1851 2522 sequestratis
1905 2455 1972 2506 ab
2019 2455 2122 2508 hoc

531 2551 788 2595 sermone
811 2541 1082 2612 episcopis
1108 2543 1220 2598 suis
1260 2543 1497 2608 cunctis,
1524 2543 1859 2598 unanimiter
1908 2558 2120 2599 assere-

523 2628 676 2684 bant.
717 2630 794 2686 illi
822 2633 1021 2704 quippe
1051 2633 1230 2704 lingua
1259 2643 1466 2690 tantum
1509 2650 1804 2706 pugnaces,
1831 2636 1980 2706 ipsos
2009 2649 2121 2690 rem

531 2723 730 2779 mortis
751 2723 945 2796 gladiis
968 2727 1204 2798 experiri
1232 2725 1490 2783 indefessi
1528 2742 1745 2797 semper
1771 2736 1825 2783 et
1848 2726 2122 2797 inportuni

528 2811 894 2886 instigabant,
931 2834 1052 2874 eam
1079 2834 1201 2891 qua:
1234 2818 1303 2874 ab
1333 2819 1417 2874 his
1448 2833 1664 2891 egressa
1695 2828 1752 2875 et
1797 2819 2009 2873 initiata
2040 2825 2125 2874 est

529 2914 644 2961 tam
693 2907 967 2964 inmanem
997 2921 1200 2966 sanctae
1230 2911 1494 2966 :ccclesia:
1525 2911 1786 2982 regnique
1837 2913 2004 2965 totius
2032 2911 2123 2965 tle-

523 2996 871 3065 solationem,
887 3000 1212 3057 discordiam
1226 3012 1278 3058 et
1294 3003 1631 3072 iniquitatem
1649 3001 1728 3057 sic
1745 3001 2126 3057 miserabiliter

530 3087 672 3142 tueri
707 3104 770 3142 ac
797 3092 1155 3146 corroborarc
1183 3091 1534 3161 perditissimi
1565 3093 1702 3146 satis
1723 3091 2122 3146 existimantes.

528 3175 642 3234 Nec
673 3181 1060 3250 tnora,,legatis
1091 3177 1494 3252 apostolicis'ad
1519 3198 1576 3238 se
1604 3183 1838 3249 vocatis,
1864 3191 1976 3238 toto
2002 3184 2120 3240 nisu
2151 3216 2200 3288 ρ

531 3266 588 3322 id
609 3281 732 3322 cum
763 3267 868 3325 illis
899 3271 1224 3338 actitabant,
1253 3285 1313 3328 ut
1365 3274 1463 3328 sub
1498 3274 1864 3329 anathematis
1893 3273 2124 3331 articulo

529 3359 816 3430 utriusque
835 3363 1004 3431 partis
1026 3363 1172 3420 acies
1188 3364 1634 3421 indissolubiliter
1655 3367 2092 3438 constringet-ent
2107 3408 2124 3434 ,

538 3450 686 3506 nein
711 3467 771 3506 se
820 3451 1144 3528 alterutrum
1175 3455 1316 3510 bello
1359 3467 1772 3529 consurgerent,
1833 3467 1914 3513 set
1947 3460 2126 3528 potius

533 3555 672 3610 pace
699 3541 766 3596 ad
796 3542 1027 3598 invicem
1073 3545 1450 3608 confuederati.
1481 3563 1578 3619 pro
1606 3548 1828 3604 instanti
1856 3565 2019 3605 causa
2069 3551 2122 3604 in

527 3634 680 3688 brevi
718 3634 1044 3706 colloquium
1084 3648 1271 3710 utpote
1331 3642 1482 3713 regni
1541 3641 2037 3700 subministeriales
2067 3653 2125 3699 et

529 3727 952 3797 connnunicipes
994 3731 1289 3786 conderent
1335 3733 1426 3800 m,
1455 3742 1506 3788 et
1538 3749 1636 3804 per
1658 3735 1948 3804 optimates
1990 3751 2126 3805 quos

531 3817 602 3871 ad
639 3817 740 3872 hoc
767 3818 1048 3889 eligerent,
1077 3823 1210 3877 tanti
1253 3824 1716 3882 causatn‘dissidii
1759 3827 1922 3895 justce
1953 3827 2120 3881 ratio-

533 3910 622 3965 nis
643 3926 873 3966 censura
899 3928 1223 3984 componere
1263 3927 1713 3988 pertemptarent.
1753 3919 1832 3972 Ad
1861 3919 1977 3973 lucc
2003 3919 2125 3989 qui-

532 4000 658 4054 dam
689 4017 755 4056 ex
782 4012 934 4072 parte
968 4003 1207 4062 llcinrici
1261 4009 1426 4079 regis,
1451 4023 1585 4079 pace
1615 4025 1642 4061 a
1695 4008 2125 4078 Saxonibusac-

534 4104 690 4166 cepta
721 4095 1068 4168 vicissimque
1099 4099 1246 4165 data,
1270 4101 1497 4156 eandem
1526 4117 1749 4157 causam
1790 4111 1897 4156 tam
1924 4101 2126 4157 obn'xe

538 4186 668 4242 serii
695 4187 964 4258 pacifique
995 4191 1324 4246 mediatores
1345 4208 1466 4247 eum
1497 4193 1579 4248 eis
1611 4195 2126 4261 tractabant,donec

542 4280 614 4334 ab
652 4281 898 4361 utrisque
924 4282 991 4337 ad
1024 4283 1125 4338 hoc
1155 4283 1559 4341 laudamentum
1585 4297 1903 4357 perventum
1931 4301 2035 4353 est,
2068 4300 2128 4344 ut

540 4386 662 4425 eam
699 4381 931 4440 partem,
956 4386 1117 4441 quam
1143 4373 1198 4426 in
1231 4373 1521 4445 colloquio,
1555 4377 1695 4445 quod
1724 4377 1804 4432 eis
1827 4378 2126 4448 apostolico

538 4457 805 4512 indictum
841 4458 940 4513 fuit
993 4475 1287 4532 pl'a'cepto,
1323 4463 1528 4534 justam
1579 4466 1694 4521 fore
1745 4468 2124 4538 decernerent,

537 4559 660 4600 sese
689 4562 880 4604 omnes
909 4552 1243 4606 unanimiter
1263 4555 1671 4612 contraherent.

613 4639 727 4696 Hoc
747 4644 900 4711 quasi
932 4645 1154 4701 honoris
1185 4646 1497 4705 defensorio
1532 4653 1763 4721 quodam
1806 4665 2128 4725 argumento

543 4746 666 4788 sese
691 4732 991 4791 artificiose
1039 4737 1337 4796 liberantcs
1391 4739 1719 4807 Saxonibus,
1768 4746 1858 4814 qui
1911 4756 2126 4816 pactum

541 4824 696 4895 pacis
720 4827 872 4895 prius
899 4829 1018 4883 duri
1041 4845 1265 4898 prorsus
1290 4833 1634 4902 respuebant,
1662 4845 1790 4890 tunc
1817 4837 2128 4906 gratissima

543 4914 715 4984 ipsius
737 4917 1096 4985 opitulatione
1128 4922 1469 4988 communiti,
1498 4921 1670 4993 fugaci
1712 4926 1798 4980 vix
1820 4927 2130 4982 reversione

542 5007 676 5062 inde
705 5022 828 5062 cum
854 5026 978 5080 rege
1009 5026 1107 5066 suo
1136 5012 1347 5068 confusi
1376 5013 1530 5068 valde
1571 5015 1942 5071 discedebant.
1971 5017 2128 5084 Quod

544 5096 604 5150 in
631 5098 826 5167 primis
858 5115 1094 5170 namque
1137 5117 1245 5156 non
1289 5103 1504 5158 modica
1561 5104 1933 5172 Bajoariorum
1980 5123 2125 5176 pars,

544 5189 663 5242 viso
691 5189 971 5242 'Saxonico
1033 5194 1312 5242 procinctu
1355 5197 1758 5242 nhstnnpfaom,
1823 5199 2103 5242 ἰηροιηιη-ειι

2212 610 2363 665 flocci
2391 609 2707 678 pendentes,
2737 606 2931 661 iterum
2959 618 3051 658 rex
3075 616 3202 658 suos
3231 609 3342 657 toto
3369 601 3493 655 nisu
3515 601 3674 670 ipsos
3705 614 3806 653 non

2213 703 2497 758 minimum
2525 699 2818 756 seductiles
2847 698 2902 752 in
2941 695 3170 752 eundem
3222 694 3568 764 procinctum
3591 699 3809 747 coarta-

2212 794 2328 859 bat,
2353 803 2408 848 et
2429 808 2526 848 eos
2558 792 2612 846 in
2644 791 2697 846 id
2727 790 2905 861 ipsum
2939 803 3092 842 more
3144 786 3306 841 solito
3333 784 3638 838 tantntiens
3670 782 3809 853 peie-

2215 896 2360 942 ratos
2409 883 2740 942 examussim
2789 880 3092 952 adiurabat.
3122 877 3308 948 Legati
3354 891 3488 931 vero
3525 872 3810 946 θροεῖσιῖἰεί

2213 979 2300 1037 itis
2334 973 2588 1050 negotiis,
2628 986 2687 1032 ut
2734 975 2909 1040 aiunt,
2943 990 3009 1031 ac
3060 974 3104 1030 si
3157 969 3311 1028 inviti
3352 971 3808 1029 intermanentes,

2218 1073 2432 1128 tandem
2458 1069 2745 1142 magnifice
2771 1067 2956 1122 donati
2979 1065 3232 1126 Romam,
3255 1071 3341 1118 set
3371 1075 3480 1115 non
3511 1056 3712 1121 simul,
3739 1058 3814 1110 in-

2214 1161 2371 1218 fectis
2401 1175 2499 1231 pro
2542 1160 2740 1229 quibus
2782 1156 2933 1212 missi
2991 1155 3208 1209 fuerant
3253 1149 3533 1213 omnibus,
3581 1147 3813 1220 regressi

2215 1265 2357 1311 Sunt.
2390 1252 2629 1321 Quorum
2659 1251 2814 1314 alter,
2839 1247 3050 1304 scilicet
3079 1241 3596 1307 Paduanus,'tantis
3630 1255 3815 1294 mune—

2216 1347 2367 1401 ribus
2396 1351 2709 1413 corruptus,
2749 1356 2872 1396 cum
2917 1339 2984 1393 ad
3016 1338 3272 1394 domuum
3313 1331 3684 1404 apostolicum
3700 1344 3814 1399 per-

2217 1439 2440 1494 fidiosus
2473 1436 2741 1508 ypocrita,
2766 1431 3087 1504 collegatum
3113 1445 3271 1485 suum
3301 1425 3613 1497 simplicem
3656 1421 3816 1476 nimis

2217 1539 2573 1598 sanctumque
2609 1527 2808 1591 virunz,
2833 1525 2913 1581 cis
2931 1522 3097 1594 Alpes
3144 1521 3396 1577 relictum
3445 1524 3814 1588 prmvenerat,

2219 1621 2530 1679 nmltifariis
2554 1623 2934 1693 iigmentorutn
2963 1616 3191 1688 argutiis
3231 1629 3295 1670 ac
3337 1611 3627 1681 responsis
3653 1608 3817 1664 mira~

2219 1716 2398 1772 biliter
2448 1715 2768 1780 instructus,
2797 1726 2904 1766 non
2957 1710 3131 1766 solum
3176 1708 3356 1764 obiter
3398 1696 3826 1776 Longobardos,

2220 1807 2489 1861 Romanos
2525 1805 2712 1871 etiam,
2744 1811 2828 1859 set
2869 1809 2924 1859 et
2979 1802 3153 1874 ipsum
3180 1815 3380 1870 papam
3431 1796 3724 1866 decipere,
3759 1808 3819 1846 ac

2150 1869 2194 1926 Β
2224 1901 2474 1956 Heinrico
2495 1913 2593 1954 suo
2619 1897 3086 1968 qualitercumque
3124 1892 3470 1962 complacare
3525 1889 3818 1944 studiosis-

2221 1994 2389 2049 simus
2418 1990 2667 2047 intcndit.
2704 1988 3068 2044 llumlllimam
3093 1999 3193 2056 per
3215 1984 3398 2040 omnia
3417 1978 3815 2038 oboedientiam

2224 2085 2349 2157 ipsi,
2379 2099 2501 2140 cum
2529 2084 2726 2153 quibus
2753 2081 3062 2151 excogitare
3088 2078 3154 2134 de
3193 2085 3392 2132 caetero
3431 2082 3624 2145 posset
3670 2072 3820 2126 obse

2224 2179 2472 2252 quiorum
2491 2175 2773 2248 promissis
2799 2173 3072 2233 omnibus.
3093 2186 3159 2226 ex
3179 2177 3334 2242 parte
3385 2165 3634 2222 l-leinrici
3669 2178 3823 2235 pseu-

2223 2273 2507 2342 dolcgatus
2530 2267 2870 2340 apportavit;
2896 2275 2950 2321 et
2990 2264 3164 2320 hocin
3197 2261 3469 2332 coiloquio
3497 2269 3554 2315 e'.
3578 2259 3633 2314 in
3667 2267 3824 2313 mete-

2231 2368 2385 2429 teris,
2441 2378 2542 2435 pro
2591 2362 2789 2432 quibus
2857 2373 2917 2416 se
2977 2357 3121 2413 ultra
3170 2349 3820 2413 montes'transmiserii,

2225 2465 2484 2528 quantum
2508 2453 2574 2509 ad
2593 2453 2739 2508 illum
2773 2448 3140 2507 observantiis
3169 2447 3303 2503 saiis
3327 2444 3621 2516 probatura
3653 2444 3821 2498 fuisse

2225 2545 2535 2604 ostentavit.
2557 2543 2692 2600 Cum
2749 2553 2930 2598 autem
2968 2539 3118 2597 tanta
3167 2536 3572 2595 inverecundus
3594 2534 3820 2590 audacia

2228 2651 2334 2695 tam
2360 2637 2802 2695 meudosissintus
2823 2636 3026 2708 passim
3059 2649 3182 2690 cum
3208 2634 3322 2689 suis
3337 2629 3823 2686 commendacilms

2225 2748 2415 2788 omnes
2437 2725 2791 2801 pertinaciter
2839 2727 3094 2782 deiudcre
3152 2740 3255 2780 non
3285 2731 3556 2786 cessaret,
3603 2722 3821 2794 quidam

2227 2825 2398 2881 frater
2419 2822 2588 2895 (210),
2620 2838 2651 2876 a
2697 2836 2823 2892 rege
2868 2817 3136 2874 Roudolfo
3168 2816 3393 2886 suisque
3441 2814 3821 2870 consentaneis

2227 2917 2321 2989 qui
2352 2916 2478 2971 illuc
2504 2916 2701 2970 missus
2743 2914 2886 2967 hunc
2915 2919 3276 2983 praevenerat,
3300 2907 3439 2964 satis
3487 2923 3655 2979 super
3683 2905 3823 2963 illius

2228 3028 2335 3068 non
2356 3007 2626 3065 sufliciens
2646 3005 2931 3078 permirari
2955 3002 3323 3074 inpudentiam
3349 3001 3530 3073 palam
3559 2999 3824 3054 mentien-

2230 3104 2320 3166 tis,
2353 3117 2415 3156 ac
2443 3109 2519 3155 tot
2566 3109 2851 3167 tantosque
2903 3096 3018 3152 suis
3042 3094 3372 3150 falsitatibns
3430 3091 3820 3158 dementantis,

2227 3193 2277 3247 ei
2328 3207 2510 3246 coram
2551 3191 2749 3244 domno
2771 3202 2906 3258 papa
2950 3189 3270 3256 ueterisque
3297 3183 3566 3238 Romanis
3625 3184 3677 3238 in
3718 3199 3822 3237 me-

2228 3284 2375 3339 dium
2408 3281 2664 3346 adducto,
2692 3280 2744 3334 in
2770 3279 2963 3333 faciem
3003 3277 3159 3332 testis
3180 3275 3434 3331 veritatis
3466 3273 3819 3329 confidentis-

2229 3374 2402 3428 simus
2448 3369 2668 3434 restitit;
2716 3383 2996 3440 quousque
3018 3367 3168 3422 illum
3216 3381 3339 3420 cum
3399 3364 3518 3420 suis
3553 3363 3821 3435 figmentis

2231 3457 2875 3530 omnibusinrcfragabili
2923 3457 3132 3511 ratione
3161 3456 3424 3517 evictum,
3484 3455 3820 3517 confessum,

2227 3551 2618 3620 confusumque
2640 3548 2817 3619 palam
2845 3546 3096 3602 omnibus
3116 3544 3430 3601 ostentavit.
3461 3541 3678 3613 Quippe
3702 3557 3816 3597 cum

2228 3647 2323 3702 illo
2352 3639 2556 3714 pariter
2579 3643 2632 3696 in
2666 3639 3098 3697 Ultratnontanis
3124 3638 3291 3710 gestis
3319 3633 3467 3691 illius
3499 3651 3568 3690 ac
3601 3634 3821 3705 negotiis

2228 3739 2543 3795 multoticns
2575 3741 2667 3790 aut
2705 3735 2820 3805 ipse
2852 3741 3241 3796 commoratus,
3272 3738 3364 3784 aut
3394 3745 3425 3782 a
3456 3729 3717 3784 veridicis
3741 3741 3822 3782 co-

2228 3832 2533 3906 gnitoribus
2584 3845 2698 3884 rem
2755 3836 2924 3883 totam
2974 3825 3311 3896 exploratam
3365 3821 3471 3876 sibi
3541 3821 3818 3892 diligenter

2227 3921 2610 3979 enarrantibus
2639 3919 2888 3982 edoctus,
2915 3923 3064 3970 tanto
3109 3911 3461 3969 testimoniaii
3491 3910 3652 3966 illum
3678 3909 3811 3964 refeL

2229 4015 2391 4077 lebat,
2423 4021 2627 4082 quanto
2656 4025 2777 4064 eum
2812 4008 2877 4062 de
2927 4006 3197 4062 universis
3229 4004 3303 4059 nil
3338 4017 3575 4074 prorsus
3603 4002 3811 4056 latebat.

2230 4105 2425 4174 Sicque
2454 4119 2482 4157 a
2513 4101 2711 4157 donmo
2752 4113 2889 4169 papa
2927 4095 3230 4167 iustissime
3270 4093 3604 4164 profanatas
3641 4101 3696 4148 et
3737 4091 3815 4146 ab-

2229 4197 2524 4260 alienatus,
2583 4191 2802 4247 domum
2870 4187 3416 4258 maestissimusmum
3460 4200 3575 4240 non
3609 4184 3818 4239 minimo

2229 4288 2492 4345 dedecore
2517 4295 2635 4340 retu
2646 4283 2845 4337 rnavit.

2303 4379 2506 4434 Dehinc
2541 4375 2720 4430 missis
2744 4373 2943 4428 litteris
2971 4387 3106 4444 papa
3131 4369 3352 4424 Petrum
3395 4366 3549 4423 illius
3595 4367 3821 4437 collega-

2233 4480 2345 4525 tmn
2371 4468 2435 4522 ad
2461 4467 2645 4522 sedem
2679 4464 3033 4536 apostolicam
3066 4460 3381 4531 qnantotius
3410 4458 3614 4512 'redire
3639 4471 3822 4527 praeces

2153 4560 2204 4619 D
2229 4562 2329 4633 pit.
2355 4559 2456 4626 Qui
2495 4557 2662 4629 jussis
2700 4555 3024 4619 obaudiens,
3066 4553 3208 4607 sicut
3257 4550 3346 4605 ille
3392 4548 3727 4612 mendaciis,
3756 4548 3822 4600 ita

2235 4653 2335 4708 istc
2365 4651 2486 4704 fidei
2520 4665 2583 4702 ac
2613 4647 2858 4702 veritatis
2886 4644 3221 4717 plenitudine
3256 4641 3691 4705 testimoniatus,
3721 4637 3822 4692 lio-

2235 4754 2552 4797 mamsuam
2590 4737 2887 4792 honorifice
2937 4736 3223 4800 reviserat,
3279 4741 3565 4801 totamque
3621 4731 3824 4785 inube-

2237 4829 2518 4893 dientiam,
2574 4829 2865 4894 falsitates,
2909 4827 3085 4892 dolos,
3133 4825 3407 4881 inauditas
3443 4823 3758 4888 vecordias,
3779 4829 3826 4876 et

2237 4924 2493 4996 quicquid
2546 4923 2655 4978 Deo
2694 4921 3032 4991 justititeque
3074 4928 3362 4989 repugnat,
3419 4917 3491 4973 de
3543 4915 3827 4989 tyrannide

2240 5017 2478 5074 Heinrici
2512 5017 2710 5071 domno
2741 5030 2891 5087 papae
2917 5015 3250 5084 reportabat.
3283 5011 3385 5078 Qui
3416 5012 3644 5066 tandem
3668 5011 3829 5065 veris-

2239 5111 2376 5165 sime
2400 5108 2700 5177 legalorum
2724 5122 2946 5162 suorum
2970 5106 3139 5176 gestis
3159 5103 3477 5174 compertis,
3497 5103 3668 5158 nichil
3699 5102 3828 5157 ultra

2241 5200 2307 5242 da
2338 5199 2588 5242 "pinrir'n
2614 5198 2923 5242 sciscitatus.
2952 5206 3033 5242 se!
3063 5212 3077 5242 ε
3105 5204 3188 5242 ερε
3214 5205 3394 5242 tamen
3421 5196 3535 5242 regi
3568 5191 3830 5242 Rondolfo
