3940 5382
131 307 245 366 657

1349 314 1686 372 ΑΝΝΑῌΞΞ.
1727 347 1798 358 -—
1827 315 1938 372 AN.
1972 315 2127 375 1080.

3325 327 3428 391 658

134 439 254 498 suae
278 423 660 492 tnellicatiam;
698 435 754 481 et
779 441 940 496 quam
997 429 1050 482 in
1098 443 1220 485 eum
1250 428 1468 500 quidam
1495 431 1734 485 aestima-
1761 440 1809 494 Α
1836 446 1977 494 esse,
2014 432 2166 486 novis
2204 441 2254 488 et
2295 433 2722 506 pseudograpliis
2761 437 3085 507 quibusdam
3133 439 3429 514 privilegiis

134 529 267 574 rent
293 519 350 574 iu
382 519 485 576 hac
511 535 672 575 causa
705 535 1060 590 personarum
1110 523 1504 592 acceptiouem,
1534 524 1736 580 nullam

133 609 370 666 omnino
407 609 543 676 fore,
595 610 852 681 nullaque
906 627 1063 668 usum
1121 612 1290 669 fuisse
1344 614 1599 682 levitate,
1655 623 1738 671 set

127 703 293 770 juxta
341 701 545 772 ingenti
573 704 657 758 sui
681 703 1018 760 intellectum
1046 720 1106 762 se
1127 708 1194 762 ad
1215 707 1738 779 hucusquejustitiat

133 793 348 858 favisse
375 795 446 826 ³⁸⁸
467 804 523 850 et
550 795 914 860 consensisse,
955 797 1177 852 conscio
1200 798 1303 853 sibi
1331 797 1442 854 Deo
1470 800 1735 856 testifica-

136 896 230 942 tus
251 897 360 942 est.
402 887 525 943 Illos
551 895 728 942 autem
753 888 807 943 in
839 888 1056 960 incepto
1078 890 1307 961 justitia:
1343 900 1530 947 tenore
1556 907 1736 963 perse-

135 990 360 1039 verare.
415 979 694 1035 utsolitus
737 989 844 1046 est,
894 982 1138 1051 paternis
1193 983 1737 1052 praedicamcntorum

137 1069 497 1126 suasionibus
517 1071 714 1127 obnixe
739 1072 874 1127 satis
893 1073 1212 1130 cohortatus
1239 1084 1342 1131 est.

209 1158 330 1215 Rex
371 1175 504 1216 vero
539 1160 836 1218 Roudolfus
875 1163 1113 1220 insuam
1153 1180 1214 1220 se
1257 1165 1552 1222 Saxouiam
1593 1169 1735 1224 reci-

134 1253 319 1322 piens,
352 1268 420 1308 ac
448 1253 778 1324 colloquium
806 1256 950 1326 quod
988 1272 1114 1314 cum
1144 1257 1451 1316 Saxonibus
1474 1260 1738 1330 primates

135 1355 192 1404 et
223 1345 524 1418 complices
565 1345 802 1403 Heinrici
843 1349 1040 1407 callide
1086 1351 1313 1407 multum
1345 1355 1735 1421 condixerant,

138 1451 250 1494 tam
292 1439 439 1497 falso
482 1441 760 1497 laudatum
801 1458 964 1512 quam
995 1460 1103 1501 non
1132 1444 1479 1501 observatum
1515 1461 1736 1517 persen-

139 1530 346 1586 tiscens
371 1568 387 1590 .
435 1547 543 1590 non
574 1547 763 1602 parum
795 1534 950 1589 triste
983 1535 1126 1601 tulit,
1162 1536 1306 1607 quod
1338 1551 1527 1592 eorum
1557 1547 1738 1594 tanto-

137 1626 282 1680 tiens
309 1633 596 1693 expertum
628 1624 776 1680 illum
806 1625 887 1681 sic
925 1626 1261 1683 astutissime
1297 1629 1550 1686 vecordia
1585 1629 1738 1685 delu-

135 1716 230 1772 sit.
266 1717 528 1773 Attamen
561 1731 619 1773 se
645 1718 944 1787 prudenter
973 1717 1270 1788 coniurata:
1300 1720 1512 1777 illorum
1545 1730 1734 1779 contra

134 1820 196 1859 se
222 1805 566 1874 expeditioni
610 1816 737 1862 tunc
773 1823 1068 1866 occurrere
1109 1810 1487 1881 magnanimus
1528 1821 1586 1868 et
1612 1827 1737 1869 con—
1767 1784 1812 1844 Β

135 1897 516 1952 stantissimus
538 1899 886 1968 przeparavit,
913 1908 968 1956 et
999 1900 1042 1956 si
1073 1899 1210 1956 ultra
1239 1901 1347 1957 sibi
1373 1903 1588 1958 occasio
1616 1903 1740 1960 talis

135 2001 193 2044 ut
223 1998 387 2046 antea
412 1990 528 2046 Deo
549 1992 880 2064 propitiante
910 1994 1245 2059 succederet,
1272 2009 1339 2050 ne
1366 1994 1440 2048 ita
1463 2008 1526 2050 se
1549 1994 1740 2052 deluso

133 2080 431 2140 ileimicus
461 2100 590 2140 cum
628 2087 744 2142 suis
771 2086 1055 2153 divaserit,
1077 2073 1211 2142 ‘toto
1240 2087 1363 2143 nisu
1398 2086 1738 2144 incessabili-

135 2183 208 2230 tet
249 2177 622 2245 praemeditari
654 2193 759 2232 non
795 2177 1026 2248 quievit.
1277 2181 1290 2190 ’

205 2264 506 2321 lleinricus
535 2275 713 2322 autem
744 2283 843 2338 per
872 2276 1042 2322 totam
1070 2268 1278 2324 circum
1308 2271 1454 2327 circa
1481 2268 1740 2325 errabun-

131 2359 238 2414 dus
267 2357 578 2414 Bavvariam
605 2361 999 2427 autumnando,
1031 2362 1418 2434 qualicumque
1451 2363 1625 2435 potuit
1651 2363 1736 2418 iu-

132 2450 302 2521 geuio
329 2462 386 2507 et
426 2451 544 2522 ipse
573 2467 696 2507 cum
731 2451 848 2508 suis
876 2453 1207 2510 contrahere
1235 2469 1340 2509 non
1365 2454 1601 2510 cessavit
1637 2454 1746 2509 mi.

132 2542 300 2598 litum
345 2543 663 2613 praegrande
698 2542 1019 2615 collegium,
1067 2559 1192 2599 mox
1239 2552 1360 2614 post
1400 2543 1748 2598 nativitatem

136 2633 359 2691 Domini
399 2632 694 2691 Saxoniam
727 2635 1034 2692 invasurus.
1077 2635 1354 2691 Saxonum
1382 2649 1598 2706 quoque
1627 2635 1742 2707 ple-

130 2741 342 2798 rosque
375 2725 729 2783 clandestinis
759 2727 1018 2784 maximis
1041 2741 1326 2783 munerum
1356 2737 1411 2782 et
1445 2729 1739 2799 possessio-

133 2838 264 2878 nem
291 2823 582 2894 promissis
606 2838 707 2894 per
728 2824 1093 2880 internuntios
1123 2839 1252 2880 suos
1281 2823 1738 2882 familiarissimos

132 2912 482 2968 incessanter
501 2921 850 2985 attemptans.
865 2915 1076 2984 sibique
1089 2923 1375 2986 corruptos
1395 2924 1448 2971 et
1464 2915 1739 2986 atljuratos

133 3003 478 3073 conjungere
522 3003 996 3075 qualitercumque
1041 3005 1342 3070 festinans,
1389 3005 1736 3064 indubitalem

1839 522 2311 595 qualitercumque
2340 527 2589 580 attestari
2624 537 2852 584 conatus
2882 537 2990 585 est.
3024 529 3119 587 Set
3154 540 3333 588 tamen
3372 535 3425 590 in

1840 613 1944 688 hoc
1969 627 2074 669 non
2103 616 2338 671 maxime
2363 616 2594 687 profecit
2620 618 2794 689 (212).

1910 704 2097 761 Αῐειθε
2120 721 2249 762 vero
2276 707 2440 778 ipsius
2471 708 2596 764 anni
2624 709 2786 765 nimis
2813 710 3056 782 pluviosa
3087 715 3424 784 praeteribat,

1837 805 1923 852 set
1958 806 2133 852 tamen
2173 812 2278 853 non
2309 813 2561 870 magnam
2590 798 2806 872 frugum
2849 804 3134 874 penuriam
3165 804 3428 877 intempeo

1839 887 1948 942 ries
1985 885 2108 942 talis
2137 885 2411 943 effecerat.

1911 977 2258 1034 Eberhardns
2275 978 2663 1050 Neapolitanus
2684 980 2834 1054 (2l3)
2851 982 3160 1054 episcopus,
3182 999 3213 1038 a
3229 983 3428 1038 domno

1839 1068 2138 1138 apostolico
2182 1079 2404 1140 propter
2441 1071 2842 1128 inoboedientia:
2879 1074 3281 1129 contumaciam
3315 1073 3428 1144 jam

1838 1160 2147 1229 damnatus,
2183 1169 2265 1216 set
2290 1177 2321 1216 a
2353 1175 2479 1232 rege
2507 1161 2765 1218 licinrico
2794 1162 3214 1235 Herbipolitanre
3241 1166 3431 1220 aaccle-

1839 1252 1933 1311 siae
1974 1262 2162 1309 contra
2209 1253 2296 1323 ius
2340 1268 2440 1324 pro
2484 1254 2829 1312 Adalberone
2866 1258 3120 1330 episcopo
3165 1259 3429 1329 legittimo

1840 1348 1963 1404 inde
1985 1349 2298 1420 propulsata
2327 1358 2529 1406 temere
2555 1350 2960 1417 incardinatus,
2990 1359 3045 1408 et
3068 1352 3184 1424 ipse
3215 1367 3430 1410 excom-

1841 1438 2144 1494 municatus
2178 1449 2234 1494 et
2275 1439 2761 1495 excommunicatis
2787 1448 2920 1508 .toto
2959 1440 3080 1495 nisu
3126 1441 3430 1496 communi-

1839 1542 1988 1592 cans,
2012 1543 2134 1584 cum
2159 1529 2247 1586 his
2269 1544 2404 1600 quos
2429 1529 2663 1586 libenter
2684 1530 3002 1603 complexus
3024 1538 3105 1587 est
3122 1531 3427 1602 portionem

1842 1622 2159 1689 habiturus,
2184 1621 2326 1677 diem
2357 1631 2660 1677 extremum
2690 1623 2926 1678 infausta
2963 1624 3262 1693 pertinacia
3292 1624 3429 1679 leta-

1841 1713 1964 1769 liter
1995 1713 2293 1780 clauserat,
2319 1714 2621 1786 justissime
2666 1731 2695 1770 a
2727 1731 2894 1787 regno
2930 1715 3023 1771 Dei
3070 1717 3126 1772 in
3163 1725 3427 1772 :eternuzu

1841 1807 2227 1864 cxcludendns.
2249 1808 2356 1865 Cui
2372 1810 2700 1866 successit...
2727 1810 2877 1883 (2M)
2903 1810 3432 1883 Parthenopolitaute

1840 1901 2098 1957 tecclesize
2123 1901 2448 1968 canonicus,
2485 1902 2748 1958 canonica
2777 1901 3044 1958 electione
3085 1902 3212 1958 liuic
3238 1901 3430 1958 subro-

1841 2002 2018 2065 gatus.
2037 1993 2238 2050 Eodem
2262 2008 2406 2049 anno
2427 1992 2947 2050 lliltiuisbeimensis
2970 1994 3257 2066 episcopus
3279 1988 3433 2048 Heci-'

1842 2085 1982 2142 linus
2001 2101 2070 2141 ex
2093 2085 2195 2141 hac
2215 2083 2565 2140 lacrimarum
2589 2083 2748 2149 valle,
2772 2099 2806 2140 ο
2827 2083 3035 2139 utinam
3059 2082 3426 2155 gratulanterl

1839 2177 2126 2250 emigravit
2153 2177 2220 2232 ad
2250 2175 2535 2232 Dominum
2554 2216 2568 2240 ,
2596 2190 2966 2232 successorem
2997 2175 3280 2230 habiturus
3305 2173 3432 2230 Uto-

1842 2284 1986 2333 ncm,
2009 2268 2266 2324 tecclesite
2287 2283 2396 2324 suae
2417 2269 2757 2324 canonicum.
2783 2265 3192 2338 Partlncnopolis
3214 2281 3431 2338 quoque

1841 2358 2010 2414 isdem
2051 2357 2242 2415 diebus
2281 2373 2378 2430 pro
2405 2373 2505 2413 suo
2541 2356 2655 2428 jam
2692 2356 2923 2414 feliciter
2951 2357 3304 2430 martyrizato
3342 2370 3432 2412 ar-

1839 2450 2161 2522 cbipraesule
2187 2452 2406 2507 tandem
2435 2451 2791 2521 Hartwigum,
2823 2450 3148 2522 Mogontinte
3170 2449 3432 2506 ecclesia:

1839 2543 2233 2610 camerarium,
2260 2542 2533 2599 electione
2568 2542 2832 2598 canonica
2872 2542 3206 2613 provisorem
3247 2555 3432 2596 susce-

1839 2645 2014 2708 perat.
2047 2635 2230 2692 Abbas
2263 2649 2480 2706 quoque
2517 2633 2902 2701 Massiliensis,
2937 2632 3296 2704 ’Bernbardus
3329 2647 3430 2687 no-

1840 2728 2006 2794 mine,
2039 2729 2126 2784 vir
2162 2742 2271 2784 non
2304 2727 2540 2783 minimae
2576 2726 2918 2792 sanctitatis,
2955 2724 3263 2797 sapientiae,
3306 2723 3433 2780 reli-

1840 2819 2048 2892 gionis,
2079 2819 2462 2889 caritatisque,
2497 2818 2588 2889 qui
2627 2817 2914 2874 nonnullas
2945 2831 3042 2888 pro
3078 2815 3293 2886 iustitia
3315 2815 3430 2887 jam

1834 2915 2055 2986 jamque
2077 2922 2388 2970 constanter
2412 2912 2746 2968 sustinuerat
2767 2910 3162 2983 persecutionis
3185 2909 3429 2980 injurias,

1839 3017 1896 3066 et
1938 3021 2098 3078 quem
2140 3021 2237 3076 pro
2275 3004 2684 3075 incomparabili
2727 3011 2997 3058 tantarum
3033 3000 3299 3056 virtutum
3350 2999 3431 3053 in-

133 3111 290 3164 spem
323 3096 492 3153 totius
522 3093 774 3154 Samnite
803 3097 921 3154 sine
943 3097 1089 3155 bello
1115 3098 1170 3154 in
1204 3098 1358 3156 brevi
1388 3097 1742 3171 subjicienda:
1765 3148 1808 3171 η
1841 3100 2073 3167 dustria,
2111 3098 2360 3154 intimum
2380 3139 2396 3167 ,
2427 3095 2785 3162 familiarem,
2816 3109 2917 3152 nec
2949 3109 3054 3149 nou
3084 3107 3197 3165 pra:
3223 3090 3432 3147 caeteris

133 3186 458 3255 acquisivit.

207 3275 307 3332 llis
331 3276 496 3333 etiam
519 3278 710 3335 diebus
727 3279 974 3338 Curiensi
997 3281 1278 3349 aacciesim,
1295 3282 1408 3354 jam
1429 3283 1552 3358 plus
1572 3301 1732 3356 quam

133 3383 346 3421 annum
377 3367 634 3441 episcopo
662 3386 762 3427 suo
787 3371 1014 3440 orbatae,
1049 3372 1396 3444 Nortpertum
1425 3376 1736 3448 Augusten-

135 3460 218 3514 sis
241 3459 510 3517 xcclesite
531 3465 906 3534 praepositum,
932 3469 1306 3537 symoniacum
1333 3470 1732 3536 avarissimum,

131 3563 187 3608 et
216 3569 331 3624 quo
367 3554 453 3610 sui
483 3557 693 3612 erroris
722 3573 829 3614 non
859 3558 927 3592 ⁸⁸⁸
961 3559 1216 3636 facillime
1245 3560 1348 3616 sibi
1376 3576 1562 3633 parem
1602 3579 1737 3620 con-

132 3661 423 3702 sensorem
467 3648 789 3707 adinvenire
828 3651 1167 3722 nequiverit,
1211 3653 1306 3708 illo
1347 3667 1510 3724 quem
1556 3654 1736 3712 clerus

134 3737 332 3792 militia
359 3746 421 3793 et
441 3739 670 3809 populus
693 3741 954 3798 meclesiae
978 3743 1150 3814 ipsius
1174 3745 1438 3800 canonice
1460 3744 1736 3817 elegerant

131 3826 386 3894 ejusdem
417 3827 609 3884 domus
634 3830 960 3900 praeposito,
988 3832 1108 3887 viro
1139 3831 1297 3890 valde
1330 3833 1616 3906 religioso,
1647 3851 1735 3891 re-

131 3917 412 3986 probate,
462 3916 650 3976 invitis
701 3929 757 3975 et
800 3916 1112 3979 nolentibus
1157 3923 1426 3981 universis
1471 3925 1736 3982 violenter

131 4008 404 4079 prmfecit.
429 4009 529 4078 Qui
561 4027 685 4067 mox
710 4013 965 4070 omnibus
990 4015 1164 4070 modis
1191 4025 1248 4072 et
1275 4017 1484 4072 artibus
1513 4032 1645 4084 suae,
1675 4029 1733 4075 ut

133 4115 355 4169 semper
382 4099 612 4165 solebat,
640 4103 883 4159 avaritia:
909 4106 1206 4165 induStrius
1233 4110 1478 4166 suberat.
1507 4111 1574 4166 Et
1603 4113 1732 4182 quia

131 4208 192 4248 se
222 4209 335 4248 non
372 4207 468 4263 per
494 4194 722 4260 ostium,
764 4205 847 4251 set
870 4197 1089 4255 aliunde
1121 4199 1176 4256 in
1218 4201 1362 4256 ovile
1388 4202 1735 4261 aicclesiasti-

131 4297 258 4338 eum
303 4283 611 4355 ingressum
649 4302 759 4342 nou
800 4280 1121 4358 ignorabat,
1161 4290 1544 4349 Mediolanensi
1580 4295 1737 4351 herc-

133 4372 244 4427 tico
261 4371 641 4446 antiepiscopo
659 4390 720 4432 se
739 4377 963 4434 subesse
978 4387 1031 4433 et
1052 4378 1121 4435 ab
1143 4380 1260 4450 ipso
1277 4381 1518 4438 ordinari
1536 4383 1732 4441 debere

131 4461 442 4530 hereticum
467 4506 484 4528 ,
533 4466 752 4524 eflicere
797 4471 1181 4541 pertemptavit
1224 4472 1315 4526 ³³⁸.
1361 4471 1728 4544 Mogontinum
1765 4499 1812 4566 η

132 4569 268 4612 vero
294 4556 643 4628 epismpum,
675 4558 830 4628 cujus
858 4575 985 4617 vere
1025 4560 1270 4618 ecclesia
1300 4563 1578 4620 Curieusis
1612 4565 1736 4621 sub-

135 4649 476 4719 parocbiana
512 4652 629 4710 fore
664 4663 900 4722 constat,
931 4655 1406 4726 metropolitanum
1437 4671 1594 4711 suum
1623 4673 1732 4712 non

1763 3148 1812 3210 C

1840 3194 2093 3250 omnibus
2136 3207 2196 3250 re
2238 3205 2368 3248 vera
2418 3191 2526 3247 sibi
2569 3189 2984 3246 dilectissimum
3025 3188 3256 3243 domnus
3292 3199 3430 3255 papa

1838 3287 1998 3342 unice
2026 3285 2126 3341 sibi
2157 3283 2500 3356 prterogavit,
2535 3291 2590 3338 et
2618 3281 2822 3338 idcirco
2855 3279 3045 3334 Roma:
3074 3275 3248 3331 sancti
3276 3272 3431 3329 Pauli

1838 3379 2097 3436 :ccclesim
2124 3377 2273 3448 (2l5)
2307 3377 2442 3433 satis
2469 3376 2718 3431 idoneum
2751 3373 2894 3428 hunc
2915 3370 3028 3442 jam
3057 3365 3430 3439 primicerium

1837 3472 2233 3539 incardinavit;
2275 3471 2404 3527 dum
2438 3468 2736 3525 Massiliam
2781 3479 2935 3522 suam
2978 3462 3264 3518 revisitare
3304 3472 3433 3530 pro-

1835 3573 2092 3636 poneret,
2121 3562 2174 3618 in
2208 3559 2531 3618 revertendo
2559 3556 2797 3614 febribus
2830 3551 3134 3610 mortaliter
3159 3557 3431 3620 arreptus,

1836 3657 1978 3712 viam
2009 3655 2278 3710 universa:
2307 3661 2499 3716 terrm,
2531 3658 2639 3705 tota
2671 3648 2855 3706 cordis
2892 3646 3174 3702 alacritate
3215 3643 3284 3698 ad
3316 3655 3430 3698 cte-

1834 3746 1992 3802 lestia
2035 3759 2370 3815 suspensus,
2412 3741 2540 3797 felix
2577 3739 2869 3812 plurimum
2912 3739 3183 3808 ingressus
3228 3742 3331 3789 est.
3364 3732 3432 3788 Et

1836 3837 1976 3908 apud
2007 3833 2400 3891 monasterium
2433 3831 2615 3901 (2l6),
2650 3829 2793 3900 quod
2822 3829 2874 3883 in
2906 3827 2991 3881 via
3016 3825 3168 3893 regia
3197 3823 3430 3878 Romam

1835 3925 2081 3982 euntium
2123 3923 2287 3980 situm
2321 3931 2429 3985 est,
2460 3920 2549 3975 ubi
2589 3937 2608 3970 ‹
2642 3917 2750 3973 Nar
2773 3916 2948 3972 'albus
2980 3929 3119 3986 aqua
3150 3910 3320 3985 »[Νίιιι
3347 3919 3431 3967 est

1834 4016 2064 4082 fluvius,
2110 4015 2316 4071 habens
2344 4011 2587 4068 turbidas
2624 4024 2813 4080 aquas.
2845 4007 2999 4065 Unde
3029 4006 3278 4061 Lucanus
3307 4003 3385 4057 ait
3411 4021 3426 4058 :

1837 4109 2143 4179 Sulplturea
2179 4105 2292 4160 Nar
2331 4105 2486 4159 albus
2531 4117 2695 4174 aqua.
2742 4101 2800 4155 2.
2852 4099 2906 4154 in
2953 4109 3227 4168 margme,
3267 4109 3430 4147 manu

1834 4199 2064 4272 eadem.]
2096 4199 2180 4255 cis
2222 4197 2484 4252 Sanctum
2535 4193 2834 4249 Dionisium
2874 4185 3211 4246 transvadari
3251 4183 3427 4248 solet,

1835 4307 1960 4348 cum
1981 4289 2336 4346 devotissimo
2354 4286 2622 4358 exequiali
2652 4286 2856 4341 honore
2881 4281 3197 4346 tumulatus,
3221 4278 3274 4334 in
3298 4292 3430 4350 pace

1836 4383 2040 4441 Christi
2072 4381 2365 4456 requiescit
2395 4379 2463 4436 l4
2490 4379 2608 4435 Kal.
2639 4378 2868 4450 Augusti
2895 4376 2985 4431 “'.

2498 4465 2765 4526 MLXXX.

1915 4566 2024 4624 Rex
2054 4565 2353 4622 Roudolfns
2383 4563 2719 4618 nativitatem
2749 4559 2960 4615 Domini
2994 4555 3284 4625 magnifico
3314 4553 3428 4624 pln-

1840 4660 2038 4713 rimum
2063 4668 2324 4729 apparatu
2350 4656 2496 4726 regio
2518 4655 2726 4723 apud...
2754 4649 3168 4706 solleumissime
3189 4645 3432 4704 celebra-

1407 4765 1643 4822 VARUE
1679 4755 2112 4826 LEC'I‘IONES."

205 4879 278 4958 '_"
307 4881 384 4958 ita
419 4879 539 4958 Uss.
583 4880 752 4958 fuisse
776 4881 886 4958 2.__
911 4879 982 4912 '"
1018 4896 1117 4958 vos:
1146 4881 1460 4958 abundat._
1485 4881 1554 4958 “_'
1593 4886 2108 4958 pertemptatum}.
2155 4901 2278 4958 scre.
2318 4882 2477 4938 XIV.
2510 4872 3131 4958 corrapertetnptavit.‘
3172 4870 3428 4958 ’θίξῊςηε

137 4948 262 5026 inde
298 4950 568 5026 Mercuri:
607 4963 677 5026 et“
699 4951 1136 5024 Engelbergensis
1175 4952 1390 5026 codices
1414 4945 1704 5026 AB‘e‘rhtoIdo
1742 4945 1970 5026 ou'iisxo,
2010 4955 2264 5011 Beruoldi
2299 4968 2498 5010 textum
2532 4945 2774 5007 exhibent
2813 4963 2830 5002 :
2865 4945 3068 5004 Ductor
3104 4945 3440 5002 Adaibertus

138 5018 288 5079 facto
314 5023 592 5094 verboque
625 5018 896 5090 disertus,
938 5018 1043 5076 ac.
1080 5036 1245 5092 usque
1274 5039 1332 5075 α.
1372 5022 1533 5091 l09l.

1653 5113 1887 5182 NOTAE.

207 5205 630 5282 (SlﬁigSuberat
659 5223 839 5267 revera
874 5207 950 5282 ab
985 5201 1196 5274 origine
1231 5205 1510 5282 gttriensis
1539 5204 1726 5282 Eccle-

1915 5211 2064 5282 (2l5)
2103 5212 2236 5267 Eam
2267 5228 2389 5268 cum
2425 5203 2943 5282 Massilieusiuni‘re
2973 5199 3281 5282 intenderat
3311 5195 3442 5251 Gre-
