3940 5382
527 382 639 440 439

1436 382 1829 438 BERTIIOLDI
1863 377 2296 437 PRESBYTER!
2330 376 2917 435 CONSTANTIENSIS

3698 376 3799 432 “0

524 495 634 561 .vit;
677 494 766 550 ubi
794 493 1189 566 prudenticum
1218 492 1353 561 suis,
1382 502 1440 547 ut
1461 493 1722 562 oportuit,
1747 491 2107 548 intentissimc
2136 493 2178 550 Λ
2211 487 2565 558 complicibus
2603 487 2901 554 universis,
2930 485 3077 557 justa
3121 489 3175 543 in
3201 500 3297 544 eos
3332 489 3457 542 data
3497 488 3795 553 sententia,

527 586 757 646 consilio
802 586 1222 650 communicato,
1260 584 1494 655 qualiter
1519 586 1775 643 Heiurico
1816 585 2107 641 Saxtiniam

528 694 683 735 suam
726 678 984 733 invadere
1009 675 1122 745 jam
1154 674 1377 746 jamque
1413 677 1747 746 attemptanti
1785 675 1989 747 absque
2022 673 2106 730 sui

529 769 855 847 detrimento
887 767 1143 843 resistere
1179 776 1386 837 posset,
1424 767 1691 823 sollicitus
1729 767 1863 823 satis
1895 777 2105 838 pertra-

528 861 712 916 ctavit.
739 859 838 927 Qui
865 868 922 916 et
955 859 1088 927 ipsis
1120 860 1309 917 diebus
1330 859 1669 931 Mogontiaci
1698 876 1805 916 non
1846 860 2110 931 dignitate

530 953 674 1021 regia
718 956 802 1004 set
841 947 1309 1020 qualitercumque
1344 965 1717 1013 conuuorans,
1761 960 1817 1005 et
1862 951 2107 1004 militiam

528 1035 594 1070 ³η
623 1053 728 1090 non
757 1052 981 1107 parvam
1009 1037 1077 1094 de
1101 1036 1441 1107 Burgundia,
1469 1040 1725 1104 Francia,
1752 1038 2071 1094 Alemannia
2091 1080 2107 1106 ,

524 1127 804 1197 Bajoaria,
836 1129 1054 1186 Boemia
1084 1139 1140 1186 et
1183 1133 1558 1202 undecumque
1587 1133 1952 1199 collectitans,
1986 1149 2111 1189 mox

522 1230 642 1290 post
676 1231 904 1279 octavas
930 1222 1272 1299 theophaniaa
1297 1224 1350 1278 in
1391 1224 1684 1281 Saxoniam
1714 1227 2111 1296 expeditionem

524 1314 709 1371 hostili
752 1314 955 1385 impetu
998 1316 1300 1372 acerrimus
1343 1330 1664 1386 promovere
1708 1335 1813 1373 non
1852 1320 2109 1375 cessavit.

523 1401 619 1456 Cui
650 1416 744 1457 rex
772 1402 1072 1461 Roudolfus
1093 1446 1108 1470 ,
1144 1405 1375 1462 collecto
1401 1415 1456 1461 et
1478 1460 1481 1465 ,
1502 1407 1617 1478 ipse
1659 1411 1961 1479 prmgrandi
1989 1425 2112 1464 suo-

522 1508 645 1549 rum
687 1494 917 1550 militum
966 1497 1208 1555 exercitu
1233 1540 1249 1563 ,
1289 1512 1579 1554 occursare
1614 1501 1892 1556 animosus
1939 1501 2112 1572 pluri-

522 1600 697 1650 nnun,
726 1587 930 1667 Deique
959 1587 1345 1667 misericordiae
1374 1589 1443 1622 διδ
1471 1588 1695 1661 ejusque
1717 1591 1942 1662 justitiaa
1971 1591 2111 1645 iidu-

523 1673 605 1729 εἰει
630 1690 974 1746 summopere
997 1678 1382 1737 corroboratus
1408 1679 1548 1736 bello
1574 1682 1827 1752 congredi
1851 1690 2112 1737 constan-

526 1766 731 1824 tissime
765 1770 1090 1836 destinavit;
1116 1785 1291 1843 eaque
1322 1772 1630 1830 intentione
1670 1775 1771 1844 ipsi
1796 1775 2011 1830 obviam
2043 1775 2111 1807 ³⁸⁸

521 1873 642 1914 sese
669 1860 928 1919 bellicoso
959 1873 1167 1920 terrore
1191 1864 1452 1921 audacter
1479 1842 1824 1935 promovens,
1846 1869 1935 1923 vix
1968 1869 2112 1925 illius
2145 1842 2185 1901 Β

522 1964 871 2023 congressum
917 1954 1262 2023 praestolatus
1307 1966 1411 2014 est.
1459 1958 1705 2030 Namque
1753 1969 1861 2015 tam
1902 1961 2111 2017 validus

523 2042 623 2099 zeli
652 2045 747 2100 Dei
775 2047 938 2102 ardor
965 2048 1112 2107 illum
1138 2050 1514 2115 succenderat,
1548 2060 1605 2107 ut
1632 2054 1676 2108 si
1706 2054 1962 2110 meclesia:
1985 2071 2108 2111 san—

523 2143 626 2189 ctze
667 2145 867 2192 statum
913 2154 1180 2209 suumque
1200 2139 1295 2209 jus
1330 2141 1653 2214 legittimnm
1684 2160 1783 2214 per
1821 2146 1922 2201 hoc
1953 2161 2107 2201 recu-

521 2242 715 2298 perare
755 2240 965 2300 posset,
1012 2247 1072 2289 se
1114 2233 1169 2287 in
1211 2248 1373 2290 omne
1412 2236 1710 2305 periculum
1743 2247 1799 2292 et
1839 2239 1891 2293 in
1916 2234 2109 2308 ipsam

521 2328 754 2375 mortem
806 2320 939 2377 dare
988 2337 1331 2398 nequaquam
1386 2327 1764 2384 detrectasset.
1825 2328 2112 2386 licini-iens

521 2426 652 2467 vero
684 2408 885 2493 milites
913 2416 1230 2475 suossolita
1260 2418 1536 2476 infatuans
1565 2414 1677 2477 Sum
1716 2422 2031 2478 calliditatis
2057 2431 2114 2478 et

521 2504 774 2563 falsitatis
814 2510 1066 2567 vecordia
1090 2550 1106 2575 ,
1149 2511 1399 2581 promisit
1435 2511 1640 2584 absque
1688 2515 1919 2571 bello'et
1962 2517 2111 2572 oumi

523 2598 882 2668 repugnantia
907 2599 1109 2666 hostili,
1137 2617 1220 2666 ac,
1248 2610 1306 2655 ut
1333 2603 1508 2667 aiunt,
1532 2604 1885 2674 jurejurando
1913 2606 2116 2662 contir-

520 2690 686 2744 mavit
728 2689 875 2755 illis,
920 2691 1174 2750 Saxonis:
1218 2706 1439 2765 regnum
1487 2695 1590 2751 sibi
1636 2700 1861 2765 patere,
1914 2708 1970 2754 et
2015 2714 2114 2769 per

520 2779 795 2837 Saxonum
834 2783 1106 2853 majores,
1140 2786 1341 2858 quippe
1382 2802 1521 2856 quos
1564 2801 1757 2842 omnes
1796 2788 1969 2844 ferme
2003 2791 2110 2845 sibi

518 2870 796 2941 adjuratos
835 2885 891 2931 et
927 2874 1333 2933 eonfeederatos
1368 2876 1655 2940 habuerit,
1702 2878 1911 2934 hostem
1952 2894 2109 2935 suum

518 2962 846 3021 Boudoll‘um
877 2982 1001 3022 cum
1024 2969 1138 3024 suis
1170 2978 1356 3040 optata
1388 2969 1650 3025 facilitate
1677 2970 1777 3026 sibi
1808 2980 2026 3039 captum
2054 2972 2109 3026 in

518 3068 715 3110 manus
743 3070 873 3110 suas
904 3057 1225 3112 tradendmn
1254 3058 1399 3123 fore,
1429 3067 1488 3113 et
1516 3059 1720 3116 idcirco
1750 3060 1831 3115 eis
1856 3061 1990 3115 nihil
2015 3076 2109 3130 pe—

519 3143 677 3198 riculi
717 3155 811 3200 aut
842 3144 1173 3211 diﬂieultatis
1198 3148 1447 3214 obstare;
1480 3150 1610 3218 quin
1640 3151 1842 3219 potius,
1872 3166 1971 3221 pro
2000 3166 2108 3220 quo

518 3241 602 3289 tot
644 3234 891 3291 laborum
944 3240 1374 3309 insumpserim,
1424 3241 1525 3296 sibi
1570 3256 1753 3299 secum
1795 3247 1861 3298 de
1908 3253 2108 3301 caatero

519 3326 725 3383 tamdiu
748 3329 1004 3398 adoptato
1035 3328 1188 3385 libitu
1212 3346 1550 3401 conregnare
1571 3343 1771 3402 praesto
1794 3335 2106 3404 propediem

517 3426 750 3473 restare.
786 3417 878 3473 Sic
911 3434 1146 3490 namque
1175 3421 1465 3477 seductiles
1490 3423 1705 3492 sibique
1733 3425 1960 3481 nimium
1991 3441 2111 3482 cre-

519 3508 678 3565 dulos
707 3507 904 3577 factos,
932 3510 987 3564 iu
1016 3510 1189 3579 ipsam
1219 3521 1448 3569 mortem
1480 3514 1865 3584 periclitandos
1891 3517 2112 3573 cavilla-

522 3600 658 3655 torie
696 3601 832 3669 satis
878 3602 1256 3672 praecipitavit.
1299 3602 1500 3675 Regem
1545 3606 1744 3676 quippe
1788 3604 2111 3663 Roudoll'um

519 3706 645 3748 eum
684 3694 985 3764 praegrandi
1032 3695 1305 3755 exercitus
1339 3697 1422 3751 sui
1470 3697 1695 3769 collegio
1721 3708 1775 3754 et
1820 3701 1872 3755 in
1912 3700 2108 3756 bellum

518 3784 683 3842 nimis
704 3788 1106 3857 prompt’ssimo
1130 3804 1193 3843 ex
1227 3787 1522 3858 improviso
1551 3791 1721 3848 ferme
1750 3792 2108 3850 oll'euderant.

520 3875 668 3943 Quos
712 3879 837 3935 dum
886 3881 1003 3952 ipse
1048 3884 1152 3938 sibi
1189 3893 1299 3939 tam
1349 3888 1626 3954 proximos
1667 3891 1969 3960 arrepsisse
2004 3906 2113 3960 per

519 3968 896 4038 exploratores
923 3987 1052 4028 suos
1084 3977 1476 4046 comperisset,
1503 3981 1659 4049 quasi
1712 3980 1924 4036 illorum
1964 3994 2109 4038 metu

518 4059 702 4130 fugam
739 4063 1037 4131 simulans,
1083 4066 1259 4122 locum
1303 4068 1385 4123 eis
1438 4070 1725 4127 invadendi
1776 4074 2109 4142 provinciam

520 4167 642 4207 eum
680 4154 794 4209 suis
828 4158 1183 4226 retrogradus
1211 4158 1507 4215 artiﬁciose
1540 4162 1782 4217 dederat.
1813 4164 1888 4218 Ea
1931 4173 2109 4218 tamen

519 4241 818 4298 intentione
846 4244 1227 4312 simulaverat,
1248 4264 1328 4303 ne
1356 4251 1402 4304 si
1437 4251 1489 4304 in
1517 4251 1839 4307 alterutrum
1871 4253 2013 4309 bello
2041 4255 2108 4286 ⁸¹⁷

520 4345 949 4404 consurgerent,
1000 4336 1102 4405 ipsi
1152 4355 1183 4392 a
1231 4354 1290 4394 se
1334 4353 1691 4410 persequente
1738 4353 1888 4399 tanto
1934 4347 2113 4404 minus

518 4439 673 4478 more
697 4440 796 4480 suo
823 4427 1158 4497 diffugissent
1176 4472 1191 4496 ,
1221 4442 1425 4502 quanto
1452 4433 1592 4489 intra
1619 4437 1808 4503 patriae
1835 4437 1976 4496 illius
2001 4449 2110 4496 ter-

2133 3197 2180 3261 C

2210 580 2532 652 dampnatos
2579 589 2634 637 et
2684 595 3072 638 excommunes
3127 582 3493 638 anathematis
3541 581 3798 637 strictura

2208 671 2581 727 coavinxerat.
2620 670 2773 739 Quod
2814 670 2969 741 juxta
3029 670 3249 727 solitum
3292 671 3445 740 ipsi,
3494 671 3595 725 Dei
3644 669 3800 738 justi-

2212 760 2301 816 tia:
2362 762 2823 817 contumacissimi
2881 769 3325 832 contemptores.
3390 760 3583 816 nichili
3648 760 3807 816 facti-

2211 858 2423 916 tantes,
2483 850 2757 907 Saxonum
2805 854 3000 911 cas'ris
3046 853 3170 908 belli
3229 851 3505 923 credisque
3541 866 3801 923 perquam

2209 952 2415 999 temere
2472 943 2747 1013 spirantes
2808 944 2944 1000 satis
3002 944 3544 1014 approximaverant.
3579 942 3801 1010 Hiemps

2209 1040 2421 1099 autem,
2451 1049 2573 1103 quae
2605 1034 2765 1090 solito
2795 1036 3043 1105 asperior
3076 1045 3207 1091 tunc
3233 1035 3615 1098 inhorruerat,
3640 1033 3800 1086 utris-

2211 1140 2317 1197 que
2381 1126 2629 1195 partibus
2667 1126 2736 1181 ad
2776 1127 2987 1182 instans
3040 1126 3319 1197 negotio-rt
3362 1141 3473 1178 non
3498 1138 3673 1194 parvo
3698 1124 3801 1175 im-

2210 1225 2521 1294 pedimento
2546 1223 2748 1279 fuerat.
2797 1223 2915 1278 Rex
2965 1223 3200 1293 denique
3232 1220 3538 1277 Roudolfus
3583 1221 3795 1274 Ιιοειειιι

2212 1315 2404 1372 adesse
2430 1316 2793 1386 comperiens,
2821 1331 2888 1371 ac
2908 1329 2966 1370 se
2993 1330 3115 1370 eum
3155 1315 3268 1369 suis
3280 1314 3616 1369 cohortibus
3641 1314 3709 1368 ad
3733 1313 3805 1345 ³³⁸

2211 1405 2410 1463 bellum
2434 1406 2849 1462 ordinatissime
2896 1405 3031 1461 satis
3085 1400 3371 1459 instructis
3426 1403 3613 1459 bellax
3647 1403 3802 1457 nimis

2214 1498 2627 1569 etvhorrendus
2669 1511 3016 1568 promorens,
3065 1496 3276 1549 iu'Deo
3308 1492 3543 1563 ejusque
3589 1491 3799 1560 justiti:

2214 1603 2540 1660 magnopere
2591 1597 2847 1658 speratus
2883 1597 2941 1642 et
2990 1586 3383 1643 corroboratus
3414 1626 3432 1649 ,
3486 1586 3685 1639 hostes
3747 1597 3804 1637 se

2211 1681 2380 1751 gratis
2431 1682 2755 1751 impetentes
2785 1679 3128 1750 praestolatus
3170 1688 3276 1735 est.
3329 1677 3470 1732 Nam
3518 1676 3642 1748 ipse
3668 1687 3801 1731 "non

2212 1781 2378 1842 caput
2414 1781 2471 1827 ct
2501 1772 2748 1842 inceptor
2799 1773 2967 1828 tanta:
3020 1771 3448 1841 congressionis,
3497 1778 3588 1826 set
3610 1770 3803 1825 suimet

2216 1882 2548 1937 suorumque
2574 1866 2835 1922 defensor
2862 1877 2919 1922 et
2937 1865 3222 1930 liberator,
3253 1873 3311 1919 et
3351 1864 3456 1918 hoc
3490 1862 3569 1899 ³³³
3595 1876 3803 1917 summa

2215 1959 2544 2014 necessitate
2592 1966 2903 2022 coartatus,
2934 1967 3138 2012 etesse
3182 1944 3239 2009 et
3283 1955 3412 2018 dici,
3457 1969 3571 2009 non
3594 1953 3800 2008 minimi

2215 2049 2453 2105 nominis
2476 2058 2532 2104 et
2558 2048 2743 2119 glorize
2766 2049 3123 2119 computavit.
3164 2047 3456 2102 Heinricus
3499 2060 3641 2102 vero
3683 2059 3801 2100 enin

2214 2141 2330 2195 suis
2351 2139 2656 2211 legionibus
2699 2138 2806 2193 ritu
2852 2138 3175 2195 bellantium
3208 2137 3531 2192 terribiliter
3576 2135 3801 2190 multum

2216 2229 2636 2299 prmordinatus,
2700 2230 2905 2301 impetu
2942 2228 3229 2284 .acerrimo
3277 2226 3381 2297 ipsi
3424 2224 3799 2296 congreditur,

2214 2320 2413 2390 partim
2444 2334 2513 2374 ex
2534 2320 2783 2386 adverso,
2813 2320 3010 2390 partim
3057 2332 3157 2389 per
3183 2317 3415 2373 insidias
3464 2327 3523 2372 et
3575 2333 3801 2372 succen-

2216 2412 2382 2467 tarios
2408 2426 2475 2468 ex
2505 2412 2801 2483 improviso
2823 2420 2935 2467 tota
2984 2421 3106 2468 arte
3156 2411 3260 2465 sibi
3293 2409 3633 2465 rebellantes
3667 2425 3791 2479 sup-

2213 2504 2450 2573 primere
2496 2511 2552 2558 et
2602 2502 3069 2573 qualitercumque
3123 2499 3417 2570 subjugare
3435 2501 3801 2556 totnsinlus-s

2215 2596 2372 2649 trins.
2425 2593 2532 2650 Sed
2579 2608 2708 2649 mox
2755 2592 2809 2648 in
2840 2593 3012 2664 prima
3062 2592 3302 2663 coitione
3359 2589 3666 2648 Roudolfus
3712 2608 3801 2646 res

2214 2702 2336 2743 cum
2375 2697 2524 2743 tanto
2554 2687 2759 2756 impetu
2780 2695 2994 2742 terrore
3013 2695 3069 2740 et
3117 2686 3339 2740 incursu
3361 2686 3800 2756 pugnacissimus

2215 2780 2347 2850 ipsis
2373 2778 2635 2836 violenter
2659 2778 2878 2844 institit,
2916 2788 2977 2832 ut
2998 2778 3216 2833 virtutis
3250 2776 3397 2831 illius
3425 2776 3795 2832 conetantiatu

2212 2872 2438 2928 mimino
2485 2873 2762 2929 sustinere
2796 2886 2906 2928 non
2952 2871 3317 2935 sufﬁcerent;
3341 2871 3475 2939 quin
3502 2871 3693 2940 potius
3711 2880 3803 2923 aut

2213 2964 2481 3021 interfecti
2516 2965 2625 3022 illic
2649 2966 3045 3027 occubuerunt,
3090 2973 3185 3020 aut
3209 2974 3447 3020 enerves
3475 2974 3528 3018 et
3559 2963 3799 3018 imbelles

2212 3056 2336 3126 fuga
2370 3071 2429 3113 se
2454 3056 2523 3112 ab
2579 3072 2648 3112 eo
2698 3057 2950 3128 quamvis
2992 3056 3301 3112 turbulenta
3360 3056 3677 3112 liberarunt
3708 3054 3792 3106 W.

2212 3151 2565 3219 Postumiam
2604 3164 2740 3220 ergo
2759 3148 2893 3204 belli
2917 3147 3253 3204 conﬂictatio
3280 3162 3505 3210 exorsa,
3530 3147 3601 3200 ad
3635 3161 3801 3215 usque

2212 3255 2428 3301 noctem
2494 3242 2863 3299 diversissime
2923 3242 3262 3312 perduravit,
3310 3248 3367 3294 et
3418 3240 3567 3308 quod
3617 3239 3801 3293 divino

2210 3336 2453 3394 creditur
2492 3343 2676 3391 actum
2717 3334 2787 3368 ³²⁶
2837 3332 3070 3403 judicio,
3099 3334 3152 3388 in
3181 3334 3300 3402 ipso
3337 3330 3533 3403 pugnae
3578 3333 3798 3387 exordio

2211 3431 2393 3488 statim
2419 3439 2606 3499 partes
2630 3438 2892 3498 utrasque
2939 3427 3096 3482 turbo
3145 3426 3349 3480 nivium
3372 3424 3443 3456 ³⁸⁷
3478 3426 3791 3481 ventosissi-

2209 3531 2470 3579 mus'tam
2506 3521 2834 3576 mirabiliter
2881 3518 3288 3582 obtenebravit,
3333 3525 3397 3572 ut
3430 3516 3609 3585 ferme
3640 3534 3797 3572 nemo

2212 3632 2344 3673 suos
2366 3615 2769 3672 commilitones
2786 3625 3120 3684 cognoscere
3147 3610 3413 3678 quivisset
3430 3651 3451 3674 ,
3480 3610 3661 3664 donec
3690 3625 3791 3663 nox

2210 3710 2522 3773 adveniens,
2557 3707 2851 3780 fugitantes
2886 3715 2942 3760 et
2969 3710 3365 3776 persequentes
3420 3702 3475 3758 in
3527 3703 3633 3758 hoc
3660 3702 3791 3757 arti-

2211 3802 2335 3857 culo
2360 3799 2742 3870 belligerantes
2782 3796 3092 3852 diremisset
3128 3796 3218 3849 ³⁸⁸.
3249 3794 3484 3864 Bajoarii
3518 3805 3576 3849 et
3604 3793 3795 3849 Franci

2212 3906 2336 3948 cum
2386 3905 2512 3960 rege
2565 3903 2667 3945 suo
2715 3887 3016 3959 perfugere
3074 3888 3383 3959 proximum
3417 3887 3489 3919 ³³⁸
3541 3902 3654 3941 sea
3686 3894 3796 3939 tam

2212 3999 2396 4059 strage
2441 3986 2738 4049 dirissima,
2765 3986 3083 4056 praeceleres
3128 4002 3194 4041 ac
3234 3980 3344 4040 non
3390 3984 3681 4041 minimum
3727 3980 3796 4013 '”

2210 4079 2508 4150 perterriti,
2532 4077 2805 4133 enerviter
2828 4078 3230 4148 praeripiebant.
3259 4077 3573 4132 DeBnemis
3596 4080 3797 4138 autem,

2212 4170 2304 4240 qui
2329 4170 2383 4224 in
2415 4169 2537 4224 suis
2572 4167 2759 4223 multis
2796 4167 3013 4224 milibus
3040 4166 3408 4230 confidentes,
3450 4167 3635 4222 eidem
3662 4163 3794 4219 bello

2212 4260 2509 4317 avidissimi
2556 4274 2617 4314 se
2644 4259 3169 4330 iutulerant_,utpote
3215 4261 3309 4330 qui
3364 4274 3467 4330 pro
3517 4258 3793 4314 servitutis

2213 4366 2325 4407 sum
2370 4349 2812 4406 remuneratione
2855 4350 2960 4404 huc
3001 4328 3202 4418 solum,
3234 4328 3309 4404 ut
3364 4328 3487 4419 pra:
3547 4348 3793 4404 omnibus

2213 4439 2373 4511 primi
2400 4438 2705 4495 Saxonibus
2728 4437 2988 4509 congredi
3017 4438 3364 4500 meruissent,
3392 4438 3790 4507 percupierant,

520 4515 699 4615 minos
743 4533 772 4619 a
822 4521 1193 4619 compatriotis
1238 4524 1492 4581 omnibus
1541 4526 1779 4597 undique
1829 4529 2013 4600 impeti
2056 4542 2109 4587 et
2134 4559 2186 4619 ο
2213 4534 2482 4604 prmeipua
2512 4542 2727 4603 strages
2759 4546 2826 4586 ac
2876 4530 3031 4585 ruina
3070 4530 3181 4585 illic
3222 4530 3361 4585 facta
3398 4539 3499 4585 est.
3554 4528 3791 4596 Quorum

520 4604 843 4662 circumdari
878 4607 986 4663 Deo
1014 4612 1341 4682 propitiante
1371 4615 1441 4648 ³⁸⁸
1477 4617 1797 4686 potuissent.

589 4695 665 4750 llli
692 4713 822 4754 vero
848 4699 1026 4772 fugam
1061 4704 1336 4761 Saxonum
1374 4722 1557 4763 veram
1584 4719 1640 4765 et
1680 4724 1788 4766 non
1819 4711 2101 4783 dispensa-

519 4789 714 4845 toriam
760 4792 1119 4860 arbitrantes,
1160 4797 1422 4853 audacter
1466 4799 1587 4855 illos
1625 4801 1971 4871 insequentes
2008 4805 2100 4872 ³⁸⁸,

517 4879 713 4947 praedis
736 4890 793 4936 et
819 4883 1111 4951 incendiis,
1143 4897 1226 4941 set
1252 4904 1362 4958 prae
1384 4891 1595 4944 czrteris
1622 4890 1727 4944 dux
1754 4892 2098 4962 Boemianns,

485 4967 766 5024 'iusistere
813 4974 1013 5042 passim
1053 4990 1504 5045 prmsumgseraut
1550 4980 1642 5036 m.
1689 4981 1842 5039 Unde
1878 4985 2102 5041 consilio

2212 4626 2477 4681 summam
2527 4621 2645 4675 fore
2685 4619 3059 4675 determinant
3102 4618 3272 4686 5235,
3322 4626 3529 4689 praeter
3559 4620 3663 4673 hos
3707 4617 3789 4687 qui

2211 4714 2322 4769 illic
2340 4711 2625 4784 perplures
2645 4710 2963 4773 ceciderant
3003 4710 3070 4764 de
3092 4750 3097 4763 .
3122 4708 3511 4775 Theutouicis,
3548 4708 3671 4764 sive
3704 4707 3789 4776 qui

2210 4804 2277 4860 de
2300 4802 2544 4872 utrisque
2583 4801 2726 4870 capti
2754 4808 2902 4864 sunt,
2931 4799 3000 4853 ad
3026 4798 3245 4869 plenum
3266 4808 3321 4852 et
3340 4798 3412 4854 ad
3433 4808 3654 4854 certum
3694 4812 3792 4853 non

2208 4904 2290 4949 est
2327 4891 2780 4962 comprehensum
2826 4896 2958 4958 quot
3000 4888 3224 4944 fuerint.
3276 4886 3351 4943 De
3385 4888 3581 4943 militia
3616 4902 3790 4946 autem

2209 4981 2455 5038 Roudolii
2488 4978 2631 5050 regis
2661 4978 2750 5043 58,
2776 4989 2831 5034 et
2858 4979 2910 5034 hi
2937 4993 3127 5035 omnes
3155 4988 3353 5048 praeter
3372 4977 3511 5034 duos
3533 4980 3607 5037 de
3629 4982 3792 5035 mino-
