3940 5382
109 328 229 384 441
1356 340 1698 398 ΑΝΝΔΙΕΒ.

1850 340 1963 396 AN.
2006 343 2142 399 l080
2692 350 2699 357 '
3320 338 3425 403 Ηε

112 445 245 502 illic
276 448 582 507 confossus
607 452 861 522 perierat.
892 453 1114 526 Fugatis
1144 472 1276 512 vero
1311 466 1366 513 et
1394 459 1447 512 vi
1477 459 1735 517 bellicosa
1768 463 1816 521 Α
1847 465 1932 510 tus
1981 457 2132 528 (ΞΠ)
2184 457 2561 521 confmderati.
2614 470 2733 530 post
2761 473 3014 517 eventum
3070 462 3195 517 belli
3239 462 3423 518 (nunc

114 556 352 609 passim
388 541 447 596 in
476 543 691 599 diversa
729 546 977 603 hostibus
1016 549 1376 617 propulsatis,
1415 551 1636 620 quidam
1666 569 1735 607 ex
1841 552 1975 606 satis
2003 562 2212 623 aperta,
2235 554 2556 623 quilutsdam
2582 554 2905 609 ﬁrmissimis
2929 554 3167 610 rastellis
3193 556 3423 610 militum

116 641 294 700 parte
324 632 577 690 Roudolﬁ
602 637 745 707 regis
765 638 1076 705 stationem,
1107 640 1200 695 ubi
1231 641 1485 697 custodes
1516 650 1735 713 tyrones

116 732 177 776 et
216 725 459 779 scutarii
486 726 701 783 hostilis
735 731 1027 795 exercitus,
1042 732 1371 799 saumarios,
1404 728 1651 793 vehicula
1680 742 1735 788 et

118 816 390 871 sarcinas
430 819 763 875 cibariorum
805 832 1084 878 sumtuum
1122 824 1572 880 vestimentorum
1614 840 1734 893 orn-

120 907 408 979 niumque
448 911 518 943 ³³⁸
554 913 1098 983 supellectuariorum
1141 934 1368 973 suorum
1413 935 1445 974 a
1488 936 1735 991 pugnau-

121 998 286 1053 tibus
329 1003 529 1056 remoti
578 1002 848 1075 ﬁnemque
889 1005 1013 1061 belli
1058 1010 1432 1078 pnestolantes
1476 1012 1734 1069 observa-

120 1090 307 1156 bant,
369 1108 479 1147 non
533 1110 726 1164 parum
776 1098 987 1154 alacres
1033 1101 1276 1172 undique
1331 1103 1733 1169 circumdaan

122 1180 480 1249 invaserant,
519 1195 812 1256 ceperant,
848 1198 903 1243 et
946 1189 1131 1246 omnia
1162 1206 1355 1247 secum
1386 1194 1467 1250 sic
1499 1192 1732 1250 letaliter

122 1274 392 1343 spoliatis
418 1278 671 1335 hostibus
700 1281 752 1335 in
775 1289 955 1337 castra
990 1300 1088 1339 sua
1120 1287 1456 1356 gratulanter
1482 1288 1726 1346 abduxe-

120 1376 279 1422 rant.

202 1459 358 1532 Ergo
396 1460 686 1520 Heinricus
714 1480 840 1521 eum
881 1484 997 1525 suae
1038 1472 1341 1541 tyrannidis
1376 1476 1732 1546 complicibus

124 1550 211 1608 sic
240 1553 690 1610 adversariorum
729 1574 954 1614 suorum
984 1548 1352 1630 persecutoria
1389 1566 1728 1633 inmanitate,

126 1644 303 1700 famis
358 1647 771 1716 internecione,
841 1650 1063 1722 frigoris
1123 1656 1451 1724 asperitate,
1513 1667 1732 1729 tamque

124 1736 278 1807 fuga
323 1738 671 1795 dedecorosze
702 1750 758 1795 et
791 1741 1045 1799 infausta:
1079 1747 1215 1801 satis
1242 1762 1514 1818 superque
1548 1749 1731 1819 proni-

124 1838 301 1898 gntus
345 1831 805 1895 exacerbatione,
854 1834 969 1904 ipse
1014 1836 1104 1890 vix
1146 1836 1506 1909 Batisponam
1571 1857 1727 1901 suam
1765 1835 1807 1893 Β

124 1920 609 2010 qualitercumque
634 1924 954 1980 revisitavit.
985 1925 1177 1983 Caeteri
1201 1940 1384 1985 autem
1414 1948 1522 1986 non
1546 1933 1730 1989 minus

126 2012 500 2080 miserabiles,
532 2023 752 2085 turpes,
785 2032 849 2073 ac
891 2027 972 2073 tot
1000 2020 1239 2078 miseriis
1278 2023 1380 2093 ipsi
1403 2023 1728 2095 nouimpa-

124 2103 267 2159 riter
312 2106 792 2175 contabescentes,
846 2111 1079 2179 patriam
1137 2118 1297 2170 suam
1349 2116 1730 2187 unusquisque

126 2211 241 2251 non
297 2198 595 2267 glorianter
661 2203 895 2257 multum
943 2205 1331 2274 repetiverunt.
1384 2206 1497 2264 Rex
1541 2218 1727 2265 autem

125 2285 461 2356 Boudoll'us,
483 2290 790 2348 recollectis
814 2295 1195 2367 undecumque
1233 2300 1469 2355 militum
1494 2316 1725 2357 suorum

126 2383 326 2452 copiis,
357 2383 542 2440 locum
573 2386 699 2441 belli
724 2388 793 2442 ad
831 2403 1021 2458 usque
1041 2392 1275 2446 mediam
1311 2403 1525 2449 noctem
1552 2395 1727 2450 victo-

125 2476 317 2531 riosus
345 2478 651 2548 occupavit.
690 2479 784 2534 Set
813 2481 942 2551 quia
969 2491 1079 2537 tam
1116 2485 1354 2540 maxima
1382 2487 1469 2541 vis
1501 2488 1722 2557 algoris,

127 2586 231 2625 nec
279 2585 393 2625 non
432 2573 502 2627 ad
550 2574 657 2629 hoc
705 2591 900 2648 pugna:
937 2579 1175 2635 recentis
1210 2582 1469 2652 praecipui
1508 2583 1724 2643 labores

125 2678 325 2717 omnes
371 2661 425 2717 in
462 2664 515 2719 id
552 2665 732 2736 ipsum
774 2668 1083 2738 confectos,
1114 2671 1463 2742 defatigatos,
1501 2688 1568 2728 ac
1605 2674 1723 2744 ple-

126 2768 333 2825 rosque
370 2755 590 2813 illorum
624 2760 941 2817 vulneratos
974 2761 1329 2818 multifariam
1362 2768 1727 2823 exacerbave-

127 2856 282 2913 rant;
332 2848 520 2904 locum
583 2867 709 2906 cum
759 2853 846 2909 bis
894 2854 992 2924 qni
1046 2855 1318 2913 interfecti
1377 2858 1494 2914 sive
1542 2860 1723 2916 adhuc

127 2940 437 2997 semineces
477 2944 587 2999 illic
619 2947 957 3014 procubuere
983 2949 1315 3016 desermtes,
1343 2952 1400 3007 in
1425 2957 1720 3024 quamdam

123 3029 279 3103 juxta
308 3034 515 3100 villam,
544 3037 637 3092 ubi
662 3036 919 3109 ﬁigorosi
942 3042 1249 3099 caleﬁerent
1272 3060 1338 3101 ac
1356 3047 1716 3116 quiescerent,

129 3125 196 3179 ad
227 3125 425 3181 horam
452 3128 910 3199 divertebant,‘et
946 3149 1076 3189 uno:
1112 3143 1237 3191 ante
1264 3138 1439 3193 lucem
1454 3139 1595 3195 xilluc
1626 3152 1721 3196 re-

128 3228 421 3285 vertentes,
446 3237 510 3276 ae
538 3237 635 3292 per
661 3194 835 3279 tntum
868 3226 1013 3281 diem
1047 3238 1261 3285 summe
1294 3194 1713 3302 triumphantes,
1751 3194 1796 3256 α

129 3314 466 3382 gt-atnlanter
484 3315 595 3370 illic
620 3316 1067 3374 incrastinabant.

174 3405 430 3477 ‘llag'nus
469 3423 602 3464 vero
639 3410 749 3465 dux
789 3426 853 3466 ac
892 3421 1121 3482 patruus
1175 3411 1317 3484 ejus
1350 3415 1714 3477 llerimannus

131 3511 315 3551 eomes
333 3538 350 3563 ,
377 3499 471 3568 qui
506 3500 561 3553 in
598 3502 922 3569 prmeedenti
964 3500 1104 3559 bello
1132 3504 1404 3564 Saxonico
1432 3520 1626 3580 captus
1650 3527 1715 3566 ac
1748 3540 1753 3543 -

132 3586 383 3644 Heinr-ica
418 3592 812 3663 traditus,‘jam
848 3597 917 3650 ab
954 3596 1047 3652 illo
1083 3614 1182 3667 pro
1216 3599 1339 3655 ﬁdei
1367 3602 1713 3658 condictione

130 3690 181 3733 et
221 3682 581 3750 promissione
620 3700 787 3755 quam
839 3687 956 3758 ipse
1003 3704 1069 3743 ac
1115 3690 1227 3745 dux
1264 3693 1555 3761 praedictus
1606 3696 1711 3750 sibi

128 3770 470 3839 jazaverant,
524 3776 801 3832 relaxatus
834 3774 921 3833 ’ac
970 3779 1236 3838 liberatus
1278 3792 1395 3850 est,
1446 3785 1603 3841 ﬁdem
1656 3797 1713 3842 et

133 3863 389 3918 auxilium
440 3881 607 3935 quam
657 3868 761 3938 ipsi
805 3864 875 3902 θ’
906 3872 1019 3940 jam
1069 3882 1227 3929 antea
1278 3876 1390 3948 regi
1441 3877 1712 3934 Roudoll‘o

129 3951 479 4024 jurejurando
515 3969 708 4014 contra
747 3977 938 4018 omnes
971 3964 1074 4019 sibi
1121 3967 1473 4025 adversantes
1511 3971 1711 4026 conﬁr—

132 4058 413 4103 maverunt
450 4050 542 4118 ³³³,
578 4052 771 4121 perﬁdi
813 4054 1110 4123 plurimum
1156 4057 1544 4130 infringentes,
1595 4064 1711 4119 col-

131 4138 280 4195 lectis
300 4143 557 4199 omnibus
574 4159 719 4213 quos
739 4153 1007 4214 poterant,
1032 4149 1231 4205 addere
1255 4165 1316 4205 se
1340 4151 1711 4210 fraudulenter
1745 4162 1754 4181 ‘

128 4240 253 4288 ante
284 4233 558 4305 inceptum
595 4235 801 4291 bellum
835 4239 1093 4307 praedicto
1117 4248 1348 4313 tyranno
1378 4236 1710 4317 pertempta-
1745 4270 1751 4284 ·

133 4322 283 4389 bant;
308 4333 393 4380 set
414 4341 445 4380 a
470 4327 801 4397 quibusdam
826 4329 1105 4387 Saxonum
1138 4335 1464 4403 primatibus
1490 4338 1707 4394 illorum

134 4415 845 4489 perﬁdiam'explorantibus
870 4437 997 4477 mox
1018 4426 1222 4494 repulsi
1248 4442 1313 4482 ac
1335 4424 1589 4499 relegati,
1614 4432 1709 4485 vix
1744 4437 1749 4443 ‘

1841 657 2062 699 suorum
2122 644 2382 700 subsidiis
2447 647 2740 716 derepente
2788 647 3091 716 occupatis,
3167 647 3277 717 regi
3323 663 3423 701 suo

1837 720 2175 812 perviéaccs,
2212 748 2474 809 apostata:
2500 740 2854 795 rebellabant.
2881 739 3026 806 Quos
3048 738 3282 810 denique
3314 740 3423 792 Deo

1839 834 2061 889 favente
2090 840 2284 885 omnes
2316 828 2445 885 inid
2477 829 2650 901 ipsum
2693 844 2847 884 suam
2893 831 2959 882 ad
3003 829 3333 885 deditionem
3369 829 3426 882 in

1838 924 1991 982 brevi
2039 922 2238 994 cocgit,
2272 932 2329 978 et
2368 922 2469 976 hoc
2513 938 2619 976 non
2653 922 2858 992 absque
2902 921 3114 975 illorum
3163 920 3415 990 dampuis

1838 1019 2033 1089 bisque
2078 1034 2184 1073 non
2242 1017 2505 1074 minimis.
2537 1016 2747 1087 Quippe
2795 1017 2996 1072 milites
3037 1016 3249 1071 illorum
3290 1016 3426 1085 ipsis

1837 1112 2177 1175 distraltens,
2204 1110 2423 1180 sibique
2452 1110 2734 1179 adiu'atns
2760 1108 2831 1141 ”"
2858 1125 2980 1165 cum
3013 1108 3169 1164 bonis
3203 1108 3419 1164 illorum

1838 1205 2133 1274 recipiens,
2188 1204 2391 1274 prazdia
2445 1201 2708 1257 beneﬁcia
2763 1200 3147 1271 marcbiasque
3207 1200 3419 1256 illm-um

1838 1300 1959 1355 aliis
1979 1319 2041 1353 ea
2066 1297 2572 1369 perctqiientissimc
2600 1297 2912 1366 petentibus
2934 1306 2987 1351 et
3015 1298 3423 1367 acceptanlib'is

1838 1391 2095 1462 largiens,
2146 1391 2293 1459 ipsos
2351 1391 2420 1444 de
2468 1388 2589 1445 loco
2617 1388 2682 1443 ad
2713 1388 2889 1444 locum
2947 1389 3093 1459 regia
3140 1387 3424 1456 majestate

1836 1485 2033 1556 l‘ttgans
2060 1492 2117 1539 et
2151 1494 2486 1553 persequens
2514 1490 2567 1536 et
2602 1480 2935 1536 omnimodis
2955 1479 3272 1547 subiiciens,
3312 1487 3423 1533 tam

1836 1577 2129 1632 nudtilaria
2157 1590 2252 1631 eos
2297 1574 2599 1631 coarctavit
2650 1582 2705 1628 et
2749 1569 3055 1627 bumiliarit
3102 1570 3420 1633 acerbitate.

1834 1676 2190 1743 quoadusque
2246 1687 2305 1726 re
2348 1671 2461 1740 ipsa
2523 1668 2733 1737 experti
2791 1675 2944 1733 sunt,
2988 1680 3152 1735 quam
3197 1663 3422 1720 stu'tunt

1835 1776 2001 1834 atque
2051 1761 2562 1832 dampnosissimnm
2615 1760 2706 1822 sit,
2762 1760 2875 1829 regi
2936 1773 3000 1813 ac
3040 1756 3263 1812 domino
3313 1770 3415 1811 suo

1836 1854 2248 1925 quomodolibet
2273 1853 2341 1885 ³³⁸
2364 1852 2538 1923 gratis
2559 1866 2624 1907 ac
2653 1849 3023 1905 fraudulenter
3050 1847 3423 1904 recalcitrare.

1834 1950 1926 2006 Sic
1955 1959 2076 2020 post
2098 1947 2415 2018 praedictum
2445 1945 2733 2014 quodcum
2761 1943 3016 2020 Heinrieo
3036 1941 3207 2011 gessit
3243 1940 3418 1994 maxi-

1822 2018 1980 2097 mum
2012 2040 2233 2096 bellum.
2287 2038 2458 2093 victor
2506 2036 2774 2108 gloriosus
2830 2018 3043 2089 rediens
3081 2020 3418 2093 Gnslariani,

1832 2133 2029 2189 dehinc
2058 2131 2143 2187 his
2176 2146 2282 2185 non
2308 2145 2500 2199 parum
2547 2127 2850 2182 minoribus
2889 2127 3131 2194 adusque
3178 2125 3423 2192 quadra-

1831 2229 2092 2300 gesimam
2148 2225 2416 2281 sollicitus
2472 2224 2815 2277 laboraverat
2838 2219 2908 2251 ³³⁸
2943 2227 3021 2272 tot
3055 2217 3339 2272 rebellium
3365 2226 3422 2269 et

1833 2321 2243 2377 adversantium
2278 2319 2348 2354 ³³⁷
2378 2316 2483 2372 sibi
2510 2316 2783 2372 bellicosis
2812 2314 3074 2375 motibus,
3109 2313 3282 2366 donec
3329 2326 3427 2366 eus

1829 2414 1932 2471 sibi
1956 2414 2212 2469 subactos
2241 2411 2313 2444 “'-
2333 2409 2722 2478 dedititiosque
2745 2406 2842 2463 “’.
2879 2415 3038 2477 prout
3082 2412 3422 2474 oportuerat,

1831 2507 2159 2580 perdomuit.

1902 2598 2191 2654 lleinricus
2211 2595 2477 2665 denique,
2506 2607 2630 2648 cum
2670 2604 2847 2661 neque
2896 2588 3036 2644 bello
3068 2600 3242 2657 neque
3267 2585 3424 2641 clan-

1831 2693 2041 2747 destina
2075 2690 2177 2745 bac
2208 2704 2369 2759 quam
2399 2701 2523 2741 eum
2549 2685 2829 2741 Saxonum
2855 2681 3182 2752 primatibus
3197 2678 3425 2748 gerebat

1830 2784 2207 2855 conjuratione
2229 2781 2295 2835 ad
2319 2780 2532 2835 libitum
2563 2791 2721 2833 suum
2746 2774 3058 2846 proﬁceret,
3087 2771 3217 2841 quin
3244 2769 3424 2841 potius

1832 2886 1970 2933 teste
2000 2892 2095 2931 sua
2124 2873 2459 2929 conscientia
2508 2872 2736 2945 iustitia:
2784 2868 2878 2924 Dei
2919 2867 3095 2938 palam
3133 2860 3421 2950 emituma-

1829 2986 1949 3027 cem
1986 2980 2041 3025 et
2071 2958 2513 3025 inolimdicntem,
2547 2975 2603 3020 et
2629 2964 2701 3019 ob
2742 2962 2795 3019 id
2821 2960 2933 3030 jam
2961 2958 3258 3031 apostolica
3290 2971 3425 3011 cen-

1830 3079 1956 3118 sura
1987 3060 2521 3116 (‘XCOIllIlllllliCiliUlll
2546 3073 2670 3112 eum
2711 3055 2848 3118 suis,
2885 3067 2946 3108 se
2968 3063 3273 3122 repugnare
3313 3061 3419 3102 non

1831 3156 2130 3224 ignoraret,
2169 3144 2434 3205 simulans
2472 3145 2687 3201 tandem
2727 3144 2903 3200 oblat
2927 3150 2981 3197 et
3006 3147 3187 3195 tantas
3217 3147 3425 3193 sanctae

1830 3242 2095 3298 (ecclesia:
2123 3241 2374 3295 miserias
2392 3247 2449 3293 et
2471 3234 2858 3299 desolationes,
2881 3249 3017 3303 quas
3044 3232 3114 3264 "°
3152 3231 3269 3301 ipse
3294 3230 3420 3283 cum

1828 3334 1943 3390 suis
1971 3335 2020 3389 ei
2055 3331 2332 3398 intulerat,
2387 3330 2534 3384 sedis
2581 3327 2893 3398 apostolicze
2935 3319 3416 3390 tncttnn,lton.atu

1827 3434 1890 3481 es
1941 3419 2331 3494 autiepiscnpis
2355 3423 2471 3477 suis
2500 3419 2848 3475 Brcmensem
2901 3425 2952 3471 et
3011 3410 3419 3482 Babinbergenw

1827 3524 1964 3583 sem,
1998 3527 2082 3573 set
2120 3532 2223 3571 non
2254 3518 2373 3570 sine
2413 3527 2634 3584 magno,
2677 3519 2732 3565 ut
2763 3510 2938 3574 aiunt,
2964 3506 3080 3562 auri
3115 3516 3171 3560 et
3205 3502 3418 3575 argenti

1826 3601 2086 3684 pm‘ulere,
2120 3624 2231 3679 quo
2265 3608 2541 3662 Romanos
2574 3616 2927 3673 corrumpere
2949 3602 3016 3656 ad
3043 3615 3203 3655 suum
3232 3607 3417 3652 vozutn

1828 3707 2283 3772 pertemptarcnl,
2316 3698 2595 3752 direxerat
2620 3697 2712 3749 ³⁴¹;
2744 3694 3061 3749 Paduauum
3104 3691 3172 3723 ³¹⁵²
3199 3704 3426 3760 quoque

1826 3794 2173 3867 epl‘scopnm,
2201 3793 2292 3862 qui
2326 3790 2394 3823 m
2425 3786 2754 3862 praecedenti
2793 3793 2984 3839 mstate
3033 3781 3247 3853 legatus
3284 3793 3418 3849 apo—

1825 3886 2054 3945 stolicus
2081 3888 2134 3941 iu
2165 3893 2379 3940 nostras
2403 3893 2589 3954 partes
2639 3878 2948 3934 destinatus
2974 3884 3081 3938 est,
3104 3871 3294 3928 eadem
3331 3871 3431 3943 iu-

1829 3980 2070 4035 teutione
2126 3991 2253 4045 cum
2306 3973 2631 4044 quibusdam
2688 3968 2811 4023 aliis
2866 3967 2982 4040 suis
3049 3962 3418 4018 l‘antiliaribus

1824 4062 2088 4138 perennia
2141 4065 2519 4137 copiosissima
2574 4071 2833 4119 onustum
2888 4068 2944 4114 et
3001 4054 3416 4112 sullarciuatum

1830 4161 1954 4215 illuc
1983 4159 2392 4219 transmiserat;
2429 4154 2521 4225 qui
2568 4153 2680 4225 jan.
2712 4150 2782 4205 ab
2810 4150 2928 4220 ipso
2956 4145 3276 4202 muneribus
3307 4156 3423 4197 non

1829 4251 2111 4306 mfu'tnum
2162 4254 2454 4324 corruptus
2501 4256 2587 4301 set
2634 4254 2692 4300 et
2737 4242 2809 4275 ³³⁸
2863 4240 2931 4295 ad
2957 4233 3421 4306 corrumpendum

1826 4343 1963 4398 alios
1995 4346 2257 4406 intentus,
2283 4340 2336 4395 in
2367 4340 2486 4410 ipso
2527 4338 2723 4393 itinere
2753 4350 2782 4389 a
2803 4331 3040 4405 quodam
3074 4343 3174 4385 suo
3212 4324 3421 4383 comite

1824 4450 1887 4490 et
1920 4433 2187 4490 industria
2225 4432 2418 4488 lancea
2467 4430 2800 4503 perforatus,
2852 4426 2921 4481 ad
2974 4421 3188 4479 inferna
3225 4434 3434 4476 corru¢

132 4507 516 4625 domitimabeis.
529 4508 1142 4625 salviseproripiebant'.
1157 4517 1357 4574 Eadem
1370 4520 1707 4578 clandestina
1755 4568 1798 4625 θ
1824 4530 2108 4588 piissimus
2129 4539 2295 4595 quam
2324 4530 2546 4593 rvpeule
2574 4520 2669 4576 Dei
2688 4506 2895 4591 judicio
2919 4513 3429 4625 praticipitatlus'cst.

133 4602 356 4667 perﬁdiae
390 4605 773 4674 coniuratione
798 4607 901 4676 ipsi
940 4620 1069 4663 cum
1109 4609 1225 4665 suis
1264 4612 1521 4669 omnibus
1560 4628 1710 4669 mar—
1755 4602 1795 4625 ν
1832 4616 2149 4673 'l‘besanrus
2173 4626 2383 4681 autem,
2415 4624 2635 4686 propter
2662 4626 2825 4684 quem
2866 4648 2879 4663 .
2924 4648 2939 4662 .
2964 4646 2998 4681 ν.
3038 4642 3052 4660 .
3098 4644 3113 4661 .
3156 4602 3437 4671 malum

131 4692 386 4754 rbinnissa
423 4696 589 4752 Adala
610 4741 626 4757 .
669 4690 942 4761 generque
978 4715 1112 4756 suus
1148 4690 1697 4771 marchio'Eggeber-
1831 4713 2161 4765 cltttlcrum.

771 4820 775 4824 ’
1448 4820 1683 4880 \‘Alildi
1724 4823 2128 4882 Lllti'i'lONliS.

210 4904 269 4944 "‘
297 4911 541 4988 catinium
569 4916 639 4972 U.
719 4916 790 4949 ³³¹
819 4916 933 4988 ipse
958 4912 1026 4970 υ.
1066 4915 1174 4988 43³³
1204 4915 1625 4988 conﬁrmarunt
1663 4914 1726 4969 U.

1836 4916 1880 4949 ³⁸
1932 4906 2302 4987 adjizratisl‘.
2380 4912 2447 4946 ³³⁸
2470 4909 2872 4988 quamlibet-1'.
2947 4892 3425 4988 ’:.lttli_or::fclh_‘:-

147 4979 210 5013 ’⁸⁷
252 4968 697 5060 adversariorum
726 4988 796 5045 U.
873 4968 945 5060 im
967 4968 1410 5060 V'Subjectosﬁl}:
1446 4968 1533 5017 7‘“
1557 4968 1721 5041 dcdid

1833 4968 2224 5060 ειιιιῖυἶω
2291 4968 2434 5055 duos
2474 4968 2549 5038 ε’.
2627 4974 3048 5037 “‘discratl'.
3127 4968 3447 5047 animum.

152 5070 265 5109 nutu
298 5059 315 5111 i
355 5097 371 5111 .
448 5059 518 5091 ³⁵³
548 5074 661 5131 quo
697 5060 755 5113 Γι
840 5058 916 5093 ³⁸⁵
938 5059 1080 5113 dem
1110 5062 1180 5114 ι’.
