3940 5382
441 315 3702 362 W

1711 478 1877 521 uno
1923 469 2153 522 DOMINI
2191 475 2459 519 MLXXIX.

1476 655 2674 949 JOANNES

1266 1105 2323 1276 summisse
2402 1099 2893 1220 ABBAss

1862 1331 2260 1351 ﬂ

1533 1450 2043 1546 NOTITIA
2097 1446 2785 1541 HISTORICA.

1360 1709 1549 1782 (Gallia
1586 1708 1914 1774 Christiana,
1937 1721 2062 1762 nov.
2091 1703 2224 1760 edit.
2251 1712 2383 1758 tom.
2413 1700 2501 1766 XI,
2533 1716 2656 1771 pag.
2685 1696 2840 1768 207.)

1933 1859 2316 1874 ψ

524 1987 833 2058 Joannes],
861 1988 915 2043 in
939 1987 1184 2058 partibus
1232 1985 1504 2040 Ravennae
1550 1994 1704 2040 ortus
1755 2001 1822 2041 ex
1885 1995 2042 2058 patre
2069 1992 2115 2051 Α
2146 1986 2311 2041 lebat.
2349 1984 2479 2056 Ejus
2503 1992 2744 2053 tempore
2765 1981 3047 2038 Paschalis
3075 1980 3117 2036 ll
3169 1977 3522 2034 Gnillelmum
3550 1981 3729 2035 archia

457 2083 738 2147 Boberto,
791 2081 860 2136 ab
906 2080 1150 2136 exilitate
1189 2077 1436 2148 corporis
1479 2076 1828 2133 Joannelinus
1873 2079 2050 2134 dictus

457 2173 978 2244 cognominatusque
1042 2169 1229 2240 d‘Alye
1297 2170 1351 2223 in
1404 2167 1662 2240 Catalogo
1718 2167 2050 2235 Labbeano,

459 2263 604 2334 apud
627 2261 888 2318 Sanctum
936 2260 1232 2333 Benignum
1263 2259 1644 2316 Divionensem
1676 2259 1876 2316 litteris
1921 2273 2048 2314 eru-

459 2333 607 2426 di.us
631 2369 693 2418 ac
717 2352 1028 2409 medicinali
1051 2363 1191 2416 arte,
1217 2366 1380 2422 quam
1425 2367 1492 2406 ex
1519 2350 1790 2407 Guillehni
1837 2351 2056 2408 abbatis
2080 2333 2082 2336 r

466 2451 723 2506 mandato
749 2449 1035 2514 didicerat,
1087 2445 1203 2516 ejus
1234 2448 1286 2501 in
1317 2447 1447 2518 prin.
1462 2447 1508 2501 is
1552 2446 1827 2502 studiosus
1879 2434 2055 2502 evasit

464 2541 729 2607 imitator,
757 2540 848 2609 qui
872 2538 1133 2595 dilectum
1158 2537 1260 2612 sibi
1289 2536 1588 2606 substituit,
1617 2552 1764 2593 anno
1795 2536 1954 2602 1028,
1984 2537 2052 2592 li-

459 2639 550 2687 cet
572 2644 696 2703 eum
727 2627 855 2692 alibi
882 2629 1053 2696 magis
1076 2635 1315 2699 Optasset
1339 2626 1640 2698 praeﬁcere.
1705 2626 1916 2682 Novum
1959 2625 2053 2682 ab-

461 2721 644 2776 batem
681 2721 950 2776 Robertus
974 2720 1082 2774 dux
1111 2729 1167 2773 ut
1195 2717 1601 2775 Fiscamncnsis
1648 2717 1958 2775 monasterii
1986 2718 2052 2772 li-

466 2811 670 2874 bertati
693 2820 930 2886 caveret,
965 2811 1136 2866 noluit
1177 2820 1236 2866 ut
1259 2810 1704 2880 archiepiscopus
1757 2807 2056 2863 Bothoma-

463 2905 951 2976 sensist‘rdiuaret,
967 2904 1060 2960 sed
1075 2905 1360 2961 accersivit
1377 2905 1650 2977 llugoncm
1665 2905 2054 2961 Abrinceusem

469 2999 806 3068 episcopum,
829 3013 861 3052 a
888 3013 995 3069 quo
1023 2997 1288 3054 Joannem
1314 2998 1587 3054 Fiscamni
1619 2998 1869 3054 abbatem
1889 2999 2056 3054 bene-

467 3088 578 3158 dici
610 3107 675 3146 ac
712 3092 920 3147 sacrari
974 3092 1119 3147 fecit.
1175 3093 1376 3148 Eodem
1429 3093 1628 3148 abbate
1673 3092 1892 3160 ordines
1949 3109 2056 3150 non

469 3180 639 3236 szmel
675 3181 744 3236 ab
782 3181 904 3236 aliis
931 3182 1203 3252 episcopis
1246 3181 1428 3238 collati
1471 3192 1617 3249 sunt,
1653 3183 2060 3255 archiepiscopo

470 3287 814 3344 nequaquam
847 3273 1198 3339 reclamante,
1222 3274 1352 3330 huic
1379 3275 1554 3340 eidem
1583 3276 1848 3346 Rogerius
1876 3291 2061 3333 comes

478 3363 544 3416 de
569 3361 766 3420 Castro
805 3361 864 3418 S.
894 3362 1046 3419 Pauli
1089 3365 1498 3432 instaurandum
1523 3368 1796 3424 commisit
1846 3368 2056 3439 Blagia-
2086 3348 2134 3408 Β

471 3464 637 3506 cense
662 3454 1053 3510 monasterium
1095 3469 1184 3509 an.
1215 3454 1375 3521 1052,
1423 3456 1510 3512 cui
1563 3472 1731 3514 unum
1761 3472 1792 3513 e
1821 3459 1935 3514 suis
1964 3460 2060 3514 ab-

473 3541 653 3595 batem
680 3542 941 3613 praefecit.
965 3543 1134 3616 Egrc
1151 3545 1390 3616 quidem,
1408 3548 1678 3604 concessit
1699 3558 1878 3604 tamen
1899 3548 2060 3604 Joan-

478 3643 576 3684 nes
597 3646 782 3686 mona,
793 3633 986 3688 lct‘itlttt
1007 3634 1246 3691 Villarde
1259 3652 1290 3691 a
1305 3636 1577 3693 Richardo
1600 3638 1642 3694 ll
1662 3639 2061 3696 Fiscamnensi-

476 3721 576 3778 bus
609 3722 738 3777 olim
770 3724 1025 3780 donatum
1047 3766 1061 3790 ,
1084 3725 1323 3782 Roherto
1359 3729 1481 3784 duci
1528 3729 1705 3786 locum
1740 3731 1793 3785 in
1821 3731 2059 3802 priorum
2089 3727 2092 3732 ’

475 3821 676 3880 s;atum
725 3815 1014 3872 restituere
1060 3817 1284 3885 volenti,
1337 3820 1427 3889 qui
1479 3820 1530 3875 in
1585 3823 2061 3880 commutationem

479 3905 628 3980 dedit
650 3910 1036 3966 monasterium
1075 3910 1260 3968 Sancti
1293 3911 1516 3969 Taurini
1563 3929 1654 3970 an.
1705 3916 1868 3984 1055,
1919 3916 2063 3988 ejus-

480 3997 711 4074 demque
743 4003 1068 4073 subscripsit
1123 4007 1321 4063 litteris
1358 4023 1460 4078 pro
1498 4009 1898 4066 restauratione
1945 4025 2068 4080 par-

484 4087 733 4167 thenonis
759 4089 994 4149 Villaris.
1021 4095 1353 4168 Subscripsit
1377 4097 1567 4153 eodem
1599 4113 1744 4152 anno
1762 4097 2066 4161 fundationi

481 4182 797 4236 monasterii
841 4184 1191 4242 Conchcnsis.
1245 4186 1402 4242 Circa
1457 4187 1513 4243 id
1556 4198 1771 4258 tempus
1817 4189 2071 4244 convenit

481 4287 602 4326 (lltll
631 4274 916 4339 Rainaldo,
951 4275 1164 4332 l-lenrici
1188 4277 1331 4348 regis
1360 4281 1690 4346 camerario,
1714 4280 1779 4334 de
1805 4289 2071 4348 potestate

483 4361 700 4419 Villaris
729 4367 782 4419 in
811 4382 950 4436 pago
979 4368 1394 4426 Silvanectensi.
1420 4371 1578 4426 Anno
1609 4372 1745 4427 1047
1769 4373 2070 4429 Willelmus

483 4457 593 4532 dux
625 4454 820 4511 Joanni
872 4459 1109 4514 restituit
1161 4471 1360 4516 terram
1416 4464 1662 4520 Bainaldi
1710 4467 2068 4535 vicccomitis,

483 4559 648 4616 quam
673 4555 832 4616 pater
848 4548 964 4621 ejus
996 4549 1298 4607 llichardus
1324 4554 1404 4609 eis
1436 4566 1805 4624 concesserat,
1841 4567 1897 4613 et
1923 4569 2073 4628 post-

483 4653 547 4690 ta
602 4643 839 4696 Joannes
887 4642 1055 4698 abbas
1080 4643 1340 4700 Gozelino
1385 4646 1660 4704 Heddonis
1705 4650 1816 4705 tilio
1863 4649 1918 4706 in
1973 4651 2073 4706 be-

483 4726 737 4807 ueticium
766 4731 1009 4800 dederat,
1042 4735 1133 4805 qui
1164 4737 1425 4792 eainvsuis
1472 4738 1787 4796 hominibus
1831 4705 2072 4797 tradidc-
2099 4705 2142 4764 ς·

487 4833 594 4880 rat.
633 4824 927 4899 Aliquanto
955 4840 1082 4901 post
1122 4832 1400 4902 querelam
1433 4833 1622 4889 habuit
1666 4834 2070 4906 cmn‘Warino,

488 4913 683 4972 abbate
710 4916 895 4974 Sancti
923 4919 1132 4977 Arnum
1159 4922 1435 4992 Metensis,
1467 4924 1755 4982 occasione
1774 4924 2072 4994 Benedicti,

491 5007 744 5064 monachi
783 5009 912 5066 olim
957 5011 1380 5083 Fiscamnensis,
1434 5021 1529 5075 sed
1578 5021 1646 5075 ad
1701 5020 1759 5076 S.
1788 5021 2074 5077 Amulium

2151 2076 2462 2147 episcopum
2486 2073 2981 2144 ltothomagensem
3013 2071 3095 2127 uti
3124 2070 3288 2140 pallio
3303 2071 3608 2140 prohibuit,
3644 2071 3736 2138 qui

2151 2167 2444 2225 monachos
2477 2166 2889 2223 Fiscamnenses
2914 2163 3425 2226 anathematizant,
3475 2177 3544 2218 co
3598 2164 3731 2232 quod

2153 2263 2498 2320 interdictum
2535 2261 2605 2318 ab
2649 2262 2768 2332 ipso
2811 2260 2978 2315 latum
3009 2259 3064 2314 in
3093 2256 3352 2314 ecclesias
3399 2255 3741 2311 Normanuiae

2153 2373 2259 2413 non
2283 2365 2655 2413 servaverant.
2713 2353 2850 2410 Vide
2901 2342 3157 2424 epistolas
3209 2348 3513 2413 Paschalis,
3555 2348 3740 2404 ‘sancti

2152 2448 2414 2512 Ansclmi.
2443 2457 2500 2504 et
2529 2447 2709 2503 lvonis
2744 2444 3119 2502 Carnotensis.
3170 2441 3414 2498 Joannes
3455 2439 3736 2511 legationis

2155 2559 2382 2600 munere
2405 2541 2624 2600 functus
2659 2542 2713 2597 in
2742 2539 2920 2606 Italia,
2947 2538 3164 2595 rediens
3193 2535 3248 2591 in
3275 2533 3562 2590 Franciam
3603 2545 3748 2587 anno

2153 2635 2372 2692 circiter
2395 2633 2558 2700 1050,
2587 2633 2694 2688 vim
2724 2645 2918 2702 passus
2935 2638 3018 2686 est
3047 2629 3118 2685 ab
3142 2626 3292 2683 italis
3316 2641 3384 2682 ex
3409 2624 3541 2681 odio
3565 2625 3746 2695 gentis

2153 2726 2590 2782 Normannorum
2618 2724 2711 2794 qui
2753 2722 3004 2793 Apuliam
3058 2721 3390 2776 invaserant.
3441 2715 3561 2783 Qua
3593 2715 3660 2770 de
3686 2728 3747 2768 re

2155 2827 2486 2890 conquestus
2503 2827 2590 2874 est
2612 2816 2839 2888 epistola
2861 2817 2929 2873 ad
2957 2817 3192 2871 Leonem
3217 2811 3310 2867 1x.
3345 2811 3642 2879 Assumpto
3676 2808 3740 2862 ad

2156 2913 2497 2984 metropolim
2545 2912 2966 2985 Lugdunensem
3012 2907 3328 2969 Halinardo,
3347 2905 3417 2960 ad
3449 2903 3740 2975 regendum

2156 3004 2546 3076 Benignianum
2576 3002 2968 3059 monasterium
2995 3000 3200 3057 accitus
3226 3011 3372 3054 anno
3397 2994 3566 3060 1052,
3585 2994 3744 3050 cessit

2157 3113 2300 3157 anno
2329 3099 2492 3154 {056.
2545 3096 2850 3154 Detectioni
2879 3094 3124 3166 corporis
3173 3092 3232 3149 S.
3282 3091 3528 3164 Dionysii
3559 3105 3613 3144 in
3649 3089 3744 3142 ah-

2157 3189 2306 3246 batia
2331 3189 2655 3260 cognomine
2687 3188 2863 3247 astitit
2893 3204 2927 3244 v
2950 3187 3072 3242 ldus
3112 3184 3257 3242 Junii
3286 3183 3449 3240 1055.
3506 3182 3748 3238 Exeunte

2159 3294 2305 3336 anno
2337 3280 2476 3336 1054
2508 3278 2882 3335 transfretavit
2907 3278 2962 3334 in
2993 3275 3267 3349 Angliam,
3321 3282 3387 3329 ut
3436 3270 3606 3328 rebus
3633 3285 3742 3326 o-

2163 3371 2388 3428 nasterii
2417 3371 2501 3430 sui
2533 3371 2585 3428 in
2620 3370 2712 3425 illo
2735 3383 2902 3440 regno
2927 3367 3118 3439 positis
3151 3364 3486 3437 provideret,
3537 3361 3744 3430 sibique

2162 3461 2475 3517 Eduardum
2507 3473 2688 3532 regem
2717 3458 3012 3530 propitium
3033 3457 3301 3520 redderet,
3347 3469 3378 3508 a
3405 3467 3519 3523 quo
3575 3453 3743 3521 τείρει

2162 3553 2436 3610 nonnullis
2464 3552 2744 3609 beneficiis
2768 3548 3134 3618 ampliﬁcatus
3159 3555 3262 3604 est.
3323 3546 3484 3602 Anno
3535 3543 3751 3600 circiter

2164 3646 2306 3702 1058
2332 3645 2694 3710 Letzelinum,
2723 3645 3037 3714 episcopum
3069 3639 3460 3702 Parisiensem,
3505 3636 3749 3692 alrllen-

2164 3739 2280 3795 rico
2309 3754 2433 3806 rege
2455 3737 2790 3794 Francorum
2820 3737 2888 3792 ad
2917 3732 3245 3789 Willelmum
3269 3732 3464 3786 ducem
3494 3728 3751 3783 Normano

2166 3832 2294 3900 nias,
2313 3839 2536 3902 propter
2557 3845 2742 3900 pacem
2766 3831 2906 3884 inter
2922 3840 3018 3883 eos
3042 3822 3472 3895 componendam
3488 3821 3750 3876 directum

2166 3922 2380 3993 rogavit
2415 3930 2476 3976 ut
2503 3921 2556 3976 in
2584 3921 2672 3976 die
2694 3915 3132 3981 Resurrectionis
3179 3915 3404 3971 missam
3445 3909 3754 3967 celebraret

2170 4015 2223 4069 in
2251 4011 2480 4069 ecclesia
2511 4009 2903 4066 Fiscamnensi.
2927 4007 3083 4076 Quod
3113 4014 3168 4062 et
3193 4005 3322 4062 fecit
3343 4016 3657 4074 cpiscopus,
3677 4009 3753 4054 at-

2169 4122 2277 4178 que
2305 4106 2449 4161 inter
2466 4118 2624 4160 saera
2650 4103 2935 4158 missarum
2965 4098 3226 4155 solemnia
3252 4095 3520 4166 quosdam
3549 4109 3620 4150 ex
3649 4105 3754 4147 mo-

2171 4197 2361 4255 nachis
2395 4197 2741 4268 presbyteros
2771 4191 3064 4249 ordinavit.
3095 4189 3284 4244 Astitit
3304 4185 3567 4249 Joannes,
3619 4196 3755 4240 anno.

2174 4289 2332 4356 1066,
2359 4289 2686 4345 dedicationi
2717 4285 3069 4356 parthenonis
3088 4279 3464 4338 Cadoniensis.
3482 4274 3752 4346 ,Jerosoly-

2173 4399 2316 4438 mam
2338 4381 2634 4454 profectus,
2656 4379 2840 4449 ibique
2864 4379 2955 4434 diu
2976 4377 3228 4433 detentus
3251 4374 3306 4430 in
3331 4385 3583 4438 carcere,
3609 4378 3754 4438 post-

2173 4490 2239 4530 ea
2297 4475 2366 4530 ad
2418 4472 2810 4530 monasterium
2863 4469 3090 4526 rediisse
3138 4466 3336 4538 legitur
3387 4465 3444 4520 in
3501 4461 3754 4530 (ζημιοεο

2175 4562 2484 4627 Labbeano,
2517 4561 2630 4628 ubi,
2659 4560 2878 4616 biennio
2907 4566 3049 4628 post,
3072 4556 3281 4613 dierum
3305 4554 3496 4626 plenus
3517 4568 3583 4608 ac
3605 4551 3753 4606 meri-

2179 4661 2354 4712 torum
2412 4651 2549 4708 obiit
2579 4665 2721 4706 anno
2751 4650 2912 4716 1078,
2953 4647 3350 4720 vmllalendas
3372 4643 3573 4710 Martii,
3602 4642 3753 4698 idest

2178 4743 2337 4809 1079,
2363 4743 2606 4813 sepultus
2638 4742 2688 4796 in
2712 4739 2912 4796 sacello
2939 4737 2998 4794 S.
3028 4734 3252 4792 Joannis
3290 4734 3568 4804 Baptista.
3592 4731 3752 4799 Quas-

2179 4833 2302 4888 dam
2328 4833 2497 4904 ipsius
2521 4831 2788 4904 epistolas,
2803 4829 2994 4901 legesis
3013 4827 3154 4900 apud
3176 4824 3544 4884 Mabillonium
3565 4817 3749 4876 Annal.

2179 4923 2379 4979 Bened.
2411 4933 2540 4980 tom.
2572 4921 2663 4990 IV,
2690 4937 2812 4995 pag.
2839 4921 2966 4988 38l,
2989 4919 3096 4975 506
3115 4928 3172 4973 et
3199 4917 3324 4981 521,
3358 4923 3498 4970 tom.
3531 4913 3596 4981 ν,
3639 4926 3749 4981 pas-

2179 5017 2282 5082 23;
2315 5015 2560 5072 Analect.
2594 5025 2723 5071 tom.
2748 5013 2788 5082 Ξ,
2831 5028 2951 5085 pag.
2991 5011 3114 5079 160,
3165 5018 3222 5067 et
3257 5005 3585 5064 Martenium
3628 5012 3748 5057 lout.
