3940 5382
649 209 931 270 JOANNlS
968 213 1472 274 FISCAMNENSlS
1504 217 2038 275 ABB.'LIBELLUS
2074 218 2380 277 PBECUI.
2410 250 2482 262 -
2508 217 2905 275 PREFATIO.

3311 211 3418 271 μδ

217 355 3410 384 W

910 505 1725 626 JOANNIS
1795 505 2617 624 ΑΒΕΔ-ι·ιὸ

1447 740 1940 856 LIBELL
1960 741 2124 858 US

901 966 992 1024 DE
1029 967 1442 1036 SCRIPTURIS
1481 968 1571 1024 ΕΤ
1610 968 1861 1027 VERBIS
1897 969 2190 1030 PATRUM
2230 972 2658 1036 COLLECTUS.

1105 1120 1274 1192 (\pud
1303 1119 1530 1176 Manus.
1556 1116 1795 1172 Analect.
1817 1133 1942 1173 nov.
1977 1121 2134 1190 edit.,
2159 1141 2281 1196 pag.
2314 1129 2464 1201 120.)

1659 1249 2002 1270 —.h——

211 1364 404 1419 Exstat
432 1362 649 1416 libellus
678 1373 914 1429 sequens
938 1358 994 1413 in
1027 1366 1241 1413 vetusto
1261 1357 1446 1413 codice
1459 1353 1741 1412 Mettensis
1771 1362 1816 1418 Α
1913 1357 2077 1426 Atqui
2115 1359 2232 1413 haec
2279 1357 2587 1414 nullatenus
2612 1361 2940 1416 conveniunt
2975 1361 3212 1418 Math‘ldi
3237 1404 3251 1429 ,
3288 1363 3432 1418 lleu-

134 1453 461 1507 monasterii
494 1449 678 1505 Saucti
706 1447 913 1503 Amulli
941 1488 956 1508 ,
979 1461 1143 1517 quem
1169 1447 1438 1510 codicem,
1467 1453 1742 1499 annuente

136 1543 212 1600 ll.
245 1545 308 1598 P.
333 1543 520 1612 priore
551 1541 668 1610 ejus
698 1539 823 1600 loci,
853 1537 987 1592 mihi
1029 1537 1331 1592 transmisit
1354 1536 1587 1590 domnus
1613 1533 1739 1588 Pla—

135 1636 298 1688 cidus
347 1630 713 1686 Beiaillouius
747 1628 861 1696 jam
905 1645 1012 1682 non
1055 1627 1224 1684 semel
1259 1642 1290 1682 a
1336 1641 1426 1681 me
1469 1625 1750 1680 laudatus.»

134 1725 265 1778 ldeo
298 1738 430 1777 vero
472 1721 740 1792 prolixum
788 1722 890 1774 bon
941 1719 1214 1788 specimen
1261 1715 1520 1772 exhibere
1565 1716 1738 1771 visum

137 1824 245 1868 est.
275 1813 422 1882 quod
452 1813 720 1868 interesse
750 1819 933 1880 putem
965 1808 1272 1879 reipublicae
1305 1807 1645 1871 Christianae,
1684 1817 1744 1861 ut

138 1905 422 1974 pra-missa
458 1903 716 1973 opuscula
756 1911 1009 1957 accurate
1050 1901 1434 1955 discutiantur.
1463 1901 1636 1967 Quam
1671 1899 1744 1954 ob

142 2012 264 2051 rem
292 2005 532 2065 quatuor
553 2004 648 2049 aut
671 1994 912 2064 quinque
941 2008 1029 2048 res
1069 1991 1158 2048 hic
1190 1992 1565 2048 examinanda:
1592 2001 1740 2056 sunt,

139 2087 358 2143 scilicet
389 2086 614 2142 codicis
647 2085 928 2141 Mettensis
955 2094 1089 2139 aetas
1123 2099 1221 2140 seu
1263 2084 1590 2154 antiquitas;
1629 2094 1748 2148 tum,

144 2179 543 2250 imperatricis,
580 2178 668 2234 cui
710 2178 862 2248 prior
899 2176 1112 2232 libellus
1141 2186 1483 2247 nuncupatus
1507 2187 1611 2242 est,
1641 2192 1742 2232 no-

148 2287 310 2337 men;
338 2272 464 2326 dein
489 2269 734 2326 auctoris
760 2270 890 2324 item
913 2283 1109 2324 nomen
1132 2283 1198 2323 ac
1216 2268 1482 2340 dignitas;
1510 2273 1577 2323 ad
1604 2270 1740 2334 haec,

146 2369 411 2439 opuscula
438 2370 552 2441 ipsa
581 2371 634 2425 in
659 2369 852 2426 codice
875 2376 1131 2424 contenta
1172 2387 1186 2422 :
1219 2382 1342 2438 qua:
1361 2367 1582 2424 demum
1618 2383 1744 2424 cum

146 2461 294 2516 libro
341 2463 754 2518 alcditatlonum
798 2461 902 2518 sub
939 2461 1158 2518 nomine
1203 2460 1492 2530 Augustini
1525 2461 1746 2531 vulgato

149 2556 525 2626 cornuamnla
561 2564 719 2622 sunt;
773 2562 1053 2626 postremo
1099 2568 1223 2610 eum
1262 2553 1476 2609 Aleuini
1521 2553 1746 2610 Confes-

149 2645 306 2699 sioue
335 2644 701 2700 Cliiﬂletiana.

1843 1448 1941 1502 rlci
1987 1448 2146 1518 primi
2195 1449 2394 1515 uxori,
2421 1459 2532 1504 tum
2566 1452 2692 1521 quia
2745 1450 3012 1506 lleuricus
3049 1453 3154 1506 iste
3199 1453 3443 1508 solemni

1845 1553 1997 1593 more
2024 1538 2324 1608 imperator
2348 1550 2654 1596 coronatus
2687 1556 2795 1596 non
2836 1551 2952 1606 est,
2985 1551 3098 1596 tum
3144 1543 3271 1612 quia
3319 1539 3431 1594 Ma-

1846 1628 2034 1684 thildis
2079 1641 2204 1699 post
2246 1631 2494 1700 conjugis
2533 1631 2745 1688 obitum
2789 1631 3058 1703 reliquum
3087 1632 3212 1686 vita:
3239 1633 3294 1686 in
3325 1630 3432 1684 Sa.

1845 1723 2006 1778 mnia
2045 1723 2248 1792 exegit.
2276 1721 2464 1796 Neque
2488 1717 2822 1780 conveniunt
2847 1725 3164 1796 Cuuegundi
3199 1725 3437 1780 Henrico

1843 1814 2084 1869 secundo
2107 1824 2287 1885 nuptae
2303 1831 2318 1880 ;
2335 1815 2533 1885 quippe
2559 1829 2680 1887 qua:
2708 1817 2762 1870 in
2790 1817 3043 1887 conjugio
3063 1816 3435 1887 virginitatem

1842 1919 2092 1960 siervasse
2138 1915 2474 1960 memoratur
2497 1945 2513 1972 ,
2545 1916 2602 1960 et
2635 1915 2757 1977 post
2782 1907 3216 1962 anniversarium
3248 1904 3432 1961 mariti

1842 1997 2050 2054 obitum
2076 1995 2129 2050 in
2159 1995 2511 2068 Confugieusi
2549 1998 2881 2053 monasterio
2911 2013 3081 2068 usque
3111 1998 3178 2052 ad
3202 2005 3434 2052 mortem

1844 2089 2076 2144 delituit.
2134 2087 2296 2143 Certe
2354 2089 2472 2144 haec
2520 2087 2703 2144 omnia
2761 2088 2812 2143 in
2877 2102 3063 2142 unam
3115 2087 3441 2158 conspirant

1845 2181 2105 2252 Agnetem
2148 2179 2447 2250 Augustam
2475 2219 2494 2246 ,
2525 2195 2646 2250 quie
2691 2179 2944 2236 Willelmi
2983 2179 3202 2235 comitis
3251 2178 3432 2233 Picta-

1844 2271 2028 2328 vensis
2070 2271 2200 2334 ﬁlia,
2247 2270 2483 2326 Henrico
2521 2270 2588 2326 lll
2634 2270 2948 2341 imperatori
2996 2271 3213 2341 nupsit;
3255 2283 3441 2340 eoque

1846 2373 2060 2420 mortuo
2081 2364 2246 2434 (quod
2268 2378 2411 2418 anno
2445 2363 2584 2419 1056
2621 2363 2874 2435 contigit)
2908 2372 3074 2419 totam
3108 2363 3316 2418 Italiam
3341 2363 3439 2417 de-

1844 2455 2079 2510 votionis
2119 2469 2284 2510 causa
2333 2455 2704 2525 perlustravit,
2734 2455 2971 2510 maxime
3011 2455 3439 2511 Fructuariense

1846 2545 2259 2609 monasterium,
2310 2555 2474 2614 atque
2519 2546 2658 2602 adeo
2703 2545 3024 2611 Casinense,
3051 2548 3138 2601 ubi
3192 2563 3291 2617 per
3335 2562 3434 2604 sex

1847 2651 2065 2694 menses
2096 2636 2375 2692 demorata
2407 2647 2490 2692 est
2510 2677 2526 2704 ,
2555 2637 2815 2708 pretiosis
2835 2637 3078 2694 donariis
3117 2637 3434 2694 sancto.Be-'

222 2736 266 2789 l.
308 2735 491 2792 Codex
531 2736 814 2794 llettensis
840 2736 1108 2808 oblongus
1129 2775 1146 2800 ,
1178 2735 1401 2806 optimae
1425 2745 1595 2799 nota,
1625 2735 1744 2792 sine
1778 2709 1819 2766 Β
1850 2729 2067 2784 nedicto
2110 2727 2327 2784 oblatis.
2360 2727 2562 2784 Eadem
2613 2744 2744 2785 vero
2791 2728 2998 2800 elogia,
3025 2743 3147 2799 quae
3169 2729 3222 2782 in
3268 2743 3436 2798 supe-

153 2825 324 2880 dubio
359 2826 624 2896 scriptum
649 2835 734 2881 est
754 2827 854 2881 sub
895 2826 1054 2881 linem
1078 2825 1258 2882 seculi
1286 2843 1366 2889 χι.
1393 2828 1444 2882 id
1469 2840 1553 2883 est
1581 2829 1746 2885 circi-

155 2926 241 2971 ter
257 2933 468 2972 annum
497 2918 661 2984 l080,
683 2927 742 2972 ut
764 2919 958 2987 probat
981 2919 1096 2988 ipsa
1123 2919 1408 2990 scriptum
1434 2920 1606 2976 forma
1633 2938 1752 2977 mo-

155 3011 373 3080 dusque
402 3010 674 3066 scribendi
717 3010 790 3065 illi
821 3026 936 3066 aevo
962 3011 1308 3067 conveniens.
1341 3012 1548 3083 Quippe
1577 3014 1752 3068 mino-

155 3117 248 3157 res
288 3101 486 3158 litterae
507 3119 534 3156 r
555 3102 834 3174 oblongae,
881 3103 1077 3158 littera:
1105 3103 1150 3155 A
1178 3101 1412 3170 majores
1443 3103 1646 3173 absque
1683 3105 1750 3158 li-

157 3195 318 3251 neola
366 3206 700 3259 transversa,
753 3196 967 3264 aliaque
1015 3195 1067 3250 id
1121 3210 1293 3266 genus
1343 3196 1406 3251 in'
1449 3211 1517 3252 eo
1566 3198 1753 3252 codice

157 3287 465 3358 complura,
495 3303 617 3358 qua:
645 3285 860 3342 facilius
893 3296 976 3342 est
996 3301 1192 3356 capere
1221 3287 1393 3342 oculis
1430 3303 1594 3357 quam
1626 3304 1751 3342 ver-

158 3382 247 3436 bis
276 3381 608 3451 exprimere,
642 3391 764 3451 post
798 3381 1055 3437 srecuhuu
1085 3397 1137 3435 χι
1171 3382 1224 3435 in
1266 3397 1367 3435 usu
1412 3396 1536 3436 esse
1581 3382 1756 3438 desie-

161 3485 308 3529 runt.
345 3476 426 3530 Ad
471 3476 586 3530 haec
611 3475 805 3530 modus
842 3474 1113 3530 scribendi
1150 3475 1241 3543 qui
1285 3475 1338 3528 iu
1387 3474 1576 3530 eodem
1617 3475 1754 3530 libro

160 3572 456 3630 servatur,
539 3567 646 3621 illis
731 3567 1063 3637 temporibus
1131 3567 1374 3637 apprime
1443 3567 1752 3636 respondet.

162 3658 429 3728 Exemplo
454 3659 564 3712 sint
589 3657 796 3729 syllaba
825 3669 872 3711 et
911 3674 1019 3713 uno
1063 3667 1321 3714 contextu
1372 3658 1426 3711 in
1467 3658 1758 3714 vocabulo-

165 3764 288 3803 rum
333 3749 732 3819 compositione
777 3750 982 3804 inscrla
1027 3766 1040 3803 :
1089 3749 1354 3820 intellego,
1401 3750 1631 3822 neglego,
1674 3752 1758 3805 in-

163 3855 400 3907 stemus,
448 3841 786 3909 inperfectus,
833 3841 921 3896 ubi
971 3842 1172 3911 poSIeri
1210 3841 1453 3895 scribunt
1500 3840 1754 3911 intelligo,

169 3933 394 4004 neglige,
429 3935 738 3995 immensus,
767 3934 1120 4003 imperfectus.
1176 3934 1459 3989 Postremo
1489 3934 1542 3989 in
1574 3949 1641 3990 eo
1669 3949 1760 3988 co-

1851 2823 1983 2878 riori
2025 2821 2347 2878 Praefatione
2386 2821 2484 2890 ipsi
2537 2822 2890 2887 tribuuntur,
2917 2830 3308 2877 commemorat
3334 2819 3440 2876 Pe-

1853 2927 1969 2974 trus
2008 2915 2249 2971 Damiaui
2282 2914 2336 2970 in
2360 2915 2592 2984 epistola
2620 2915 2807 2986 Agneti
2829 2915 3084 2986 Augustae
3119 2913 3448 2982 imperatrics‘

1849 3009 2097 3072 directa,
2151 3022 2182 3061 a
2239 3006 2476 3063 Barouio
2506 3005 2676 3060 relata
2724 3005 2794 3061 ad
2843 3020 3048 3062 annum
3100 3003 3275 3069 1062,
3330 3017 3439 3072 qua

1850 3100 2044 3172 Agneti
2085 3099 2139 3154 iu
2182 3098 2333 3153 ltalia
2365 3107 2478 3153 tum
2526 3097 2740 3168 degenti
2779 3095 3038 3152 salutaria
3065 3093 3267 3150 monita
3289 3107 3431 3162 pra:-

1853 3192 2043 3248 scribit
2067 3191 2278 3246 Petrus.
2304 3189 2555 3258 Ejusdem
2587 3190 2806 3245 hortatu
2823 3190 3003 3259 Agnes
3027 3203 3091 3243 ex
3114 3186 3430 3249 Germania,

1856 3298 1964 3353 quo
2003 3298 2101 3354 per
2143 3282 2350 3353 aliquot
2401 3281 2858 3353 peregrinationis
2913 3295 3089 3336 annos
3160 3287 3444 3349 receperat

1854 3389 1997 3441 sese,
2020 3389 2235 3430 reversa
2251 3382 2338 3429 est
2360 3373 2608 3438 Romam,
2623 3373 2712 3428 ubi
2735 3386 3044 3444 supremum
3068 3372 3192 3427 vita:
3212 3369 3446 3425 absolvit

1856 3467 1998 3521 diem
2023 3481 2168 3521 anno
2199 3466 2356 3529 1077,
2381 3479 2490 3533 quo
2508 3480 2653 3518 anno
2671 3463 2942 3518 Baronius
2969 3461 3083 3530 ejus
3107 3461 3442 3532 epitaphium

1858 3556 2041 3612 refert.
2079 3557 2266 3612 Exstat
2299 3556 2352 3610 iu
2384 3555 2727 3612 Bibliotheca:
2757 3553 3074 3610 Sebosianae
3105 3553 3348 3610 centuria
3380 3567 3445 3619 ιι,

1857 3666 1977 3719 cap.
2019 3650 2110 3713 77,
2137 3647 2374 3716 ejusdem
2432 3648 2793 3717 imperatricis
2832 3645 3033 3707 eximia
3075 3645 3324 3715 epistola,
3354 3644 3420 3698 Al

1858 3744 2032 3806 hcrto,
2079 3755 2186 3796 non
2239 3739 2491 3799 Audreze.
2519 3737 2925 3794 Fructuariensi
2974 3737 3155 3792 abbati
3196 3735 3445 3800 directa,

1861 3833 2014 3901 cujus
2053 3831 2415 3902 fragmentum
2461 3829 2590 3884 huic
2648 3828 2767 3884 loco
2813 3826 3134 3883 illustrando
3179 3825 3448 3891 adducere

1864 3943 1970 3981 non
2018 3925 2124 3980 erit
2165 3923 2418 3979 otiosum.
2452 3941 2470 3974 α
2508 3923 2573 3977 A.
2611 3921 2924 3992 imperatrix
2963 3930 3018 3974 et
3063 3918 3334 3989 peccatrix
3378 3918 3446 3972 A.

167 4022 288 4076 dice
334 4022 596 4089 primaria
649 4037 809 4080 manu
858 4024 1130 4092 descripta
1185 4021 1598 4094 legiturOratio
1625 4022 1759 4078 Wil-
1783 4059 1830 4121 C
1864 4018 2010 4073 Patri
2051 4017 2195 4073 bono
2221 4024 2277 4071 et
2306 4013 2566 4070 fratribus
2592 4013 2645 4068 in
2675 4011 2996 4121 Fructualrio
3024 4006 3367 4121 congregatis
3393 4008 3445 4110 in

166 4111 309 4165 leimi
340 4111 574 4175 abbatis,
610 4114 661 4167 in
692 4111 830 4168 festo
853 4115 1026 4170 sancti
1055 4114 1343 4185 Augustini
1379 4123 1507 4171 aute
1533 4115 1753 4171 missam

167 4201 414 4268 dicenda,
462 4219 628 4273 quam
668 4204 898 4259 inferius
923 4204 1154 4260 referam
1181 4215 1308 4275 post
1339 4205 1595 4275 epistolas
1622 4205 1758 4261 Wil-

167 4290 311 4346 lelmi
343 4293 557 4347 abbatis
583 4293 880 4358 Mettensis,
896 4295 982 4349 cui
1015 4295 1154 4350 hanc
1179 4295 1482 4350 orationem
1509 4295 1755 4350 tribueno

169 4383 286 4436 dam
329 4393 481 4452 puto.
529 4383 784 4438 Florebat
815 4400 944 4439 vero
973 4384 1277 4440 Willelmus
1305 4385 1405 4440 iste
1435 4386 1753 4456 pontiﬁcatu

168 4477 413 4548 Gregorii
449 4477 562 4542 Vll,
590 4493 700 4548 quo
742 4487 984 4548 tempore
1029 4477 1253 4533 Joannis
1299 4481 1469 4534 codex
1499 4490 1757 4535 exaratos

169 4569 417 4636 videtur,
473 4570 720 4643 exceptis
770 4570 1046 4627 nonnullis
1089 4586 1209 4640 quae
1253 4571 1544 4627 recentiori
1591 4588 1755 4628 manu

169 4662 374 4731 adjecta
404 4672 556 4719 sunt.

236 4754 297 4810 ll.
336 4754 584 4822 Quatuor
625 4755 837 4810 indiciis
879 4754 1194 4824 designatur
1262 4753 1582 4824 lmperatrix
1608 4795 1622 4820 ,
1670 4755 1758 4809 cui

171 4846 318 4914 prior
358 4844 577 4900 libellus
625 4845 914 4914 inscriptus
942 4853 1048 4909 est,
1091 4845 1344 4900 nimirum
1375 4845 1518 4915 quod
1571 4846 1758 4902 relicta

176 4936 333 4990 inierit
380 4936 696 4992 reverendae
726 4937 1004 4993 memoria
1051 4936 1242 4992 Domni
1292 4932 1531 4992 Heinrici
1562 4937 1757 4992 claris-

1862 4111 2080 4185 nomine
2128 4107 2366 4175 Domini,
2413 4107 2727 4162 servitutem
2758 4103 2998 4170 ancillai,
3027 4100 3180 4170 cujus
3219 4099 3360 4156 oeuli
3392 4099 3447 4153 iu

1859 4201 2112 4257 manibus
2159 4198 2390 4254 dominae
2420 4212 2530 4250 suae
2561 4204 2708 4250 sunt.
2744 4190 3088 4250 Conscientia
3127 4204 3246 4244 mea
3275 4195 3450 4259 terret

1858 4309 1944 4350 me
1971 4293 2120 4364 pejus
2142 4290 2288 4346 omni
2312 4288 2462 4344 larva
2482 4287 2737 4356 omnique
2766 4285 3016 4354 imagine.
3033 4283 3157 4338 ldeo
3180 4280 3326 4352 fugio
3353 4293 3450 4350 per

1858 4395 2172 4440 sanctorum
2218 4381 2360 4445 loca,
2394 4394 2646 4448 quaerens
2696 4376 2976 4432 latibulum
3005 4391 3035 4430 a
3061 4374 3198 4429 facie
3237 4371 3452 4427 timoris

1861 4475 2042 4544 hujus,
2077 4487 2175 4528 nec
2221 4470 2506 4527 minimum
2537 4467 2868 4524 desiderium
2909 4475 2992 4520 est
3031 4463 3164 4519 mihi
3199 4459 3450 4517 veniendi

1861 4562 1928 4616 ad
1975 4575 2105 4623 vos,
2132 4559 2200 4612 de
2227 4558 2424 4627 quibus
2465 4554 2704 4624 comperi
2737 4555 2865 4624 quia
2905 4561 3087 4606 vestra
3133 4547 3454 4604 intercessio

1862 4660 2009 4707 certa
2059 4649 2205 4705 salus
2247 4646 2491 4704 estzsed
2525 4654 2727 4701 nostra:
2778 4643 3140 4715 profectiones
3185 4642 3238 4696 in
3289 4654 3452 4695 mauu

1864 4743 1960 4800 Dei
1990 4750 2138 4805 sunt,
2169 4749 2222 4793 et
2268 4727 2376 4793 non
2423 4738 2477 4792 in
2525 4745 2710 4792 nostra
2742 4734 3041 4791 voluntate.
3070 4731 3291 4788 Interim
3327 4741 3455 4784 vero

1866 4843 2045 4891 mente
2080 4835 2249 4886 adoro
2269 4831 2335 4884 ad
2366 4829 2532 4898 pedes
2560 4836 2800 4892 vestros,
2839 4846 2857 4879 ι
2890 4833 2999 4878 etc.

1931 4923 2159 4996 Agnetis
2183 4922 2331 4977 varia
2348 4921 2400 4976 in
2426 4920 2631 4975 Italiam
2650 4918 2845 4975 itinera
2862 4913 3148 4985 distinguit
3163 4911 3454 4968 Baronius:

175 5030 289 5084 simi
314 5029 692 5100 sapientisque
717 5029 1062 5101 imperatoris
1095 5047 1110 5084 :
1150 5047 1170 5081 ι
1203 5033 1346 5098 quod
1384 5037 1505 5100 post
1530 5033 1751 5099 primam

1867 5016 2124 5088 primum,
2152 5019 2274 5082 post
2299 5020 2606 5081 susceptum
2637 5009 2858 5079 quidem
2888 5005 3068 5060 velum
3087 5045 3102 5070 ,
3123 5020 3265 5059 anno
3290 5000 3425 5055 106?.
3442 5037 3460 5063 ,

178 5120 384 5173 amissa
421 5118 754 5190 virginitatis
793 5121 1031 5192 palmam
1056 5159 1070 5184 ,
1099 5120 1349 5178 secundis
1395 5120 1600 5188 nuptiis
1629 5137 1767 5176 nun-

178 5209 302 5264 tium
355 5210 636 5265 remiserit
676 5227 690 5264 :
720 5213 862 5284 quod
902 5211 1116 5266 actibus
1145 5211 1530 5270 misericordiae
1561 5214 1764 5279 debita,

177 5299 376 5366 viduis,
431 5298 698 5369 orpbauis
750 5302 985 5372 aliisque
1041 5299 1410 5369 indigentibus
1475 5300 1769 5360 facultates

1868 5110 1954 5164 cui
2009 5105 2192 5162 itineri
2261 5103 2374 5160 fere
2447 5102 2740 5158 triennium
2825 5096 3168 5168 insumpsit;
3231 5093 3459 5148 alterum

1869 5215 2010 5255 anno
2057 5195 2216 5262 1066,
2262 5177 2350 5251 cui
2397 5211 2490 5251 sex
2549 5208 2760 5259 annos;
2811 5189 3032 5249 tertium
3085 5200 3230 5239 anno
3279 5178 3459 5241 1075;

1871 5301 2122 5361 quartum
2145 5287 2376 5358 denique
2403 5303 2545 5341 anno
2567 5285 2719 5339 l075.
2739 5285 2931 5354 Itaque
2951 5274 3190 5331 Libellus
3217 5283 3462 5340 precum,
