3940 5382
467 294 564 370 tri

1563 316 1847 374 JOANNIS
1884 314 2383 373 FISCAJINENSIS
2418 314 2709 375 AKBATIS

3646 307 3750 374 iis

520 435 625 491 νιιι.
670 435 746 490 Ex
797 433 882 491 his
926 432 1274 505 intelligimus
1321 441 1539 504 tempus
1574 432 1848 503 quoavixit
1895 432 2050 489 istius
2081 436 2126 491 Α
2153 431 2396 489 imitator
2435 431 2871 501 studiesuerui
2910 431 3248 489 aucsilitote
3292 430 3627 489 Joannelins
3669 433 3757 487 dia

470 529 634 585 libelli
663 529 917 600 scriptor,
947 528 1015 584 de
1038 525 1191 597 cujus
1219 527 1440 584 nomine
1463 536 1626 597 atque
1654 527 1920 598 dignitate
1949 537 2056 582 ter-

471 626 547 677 tiu
585 621 702 677 loco
740 621 1005 690 agendum
1046 630 1147 675 est.
1193 619 1495 697 Utrumque
1533 620 1584 675 in
1634 612 1739 675 line
1782 620 2099 695 praefatio-'7

472 712 576 774 nis,
607 727 729 782 qua:
778 710 933 766 titulo
985 720 1157 777 caret,
1205 703 1461 781 exprimit
1492 712 1578 767 his
1612 702 1794 769 rei‘bis
1829 730 1841 762 :
1881 733 1899 765 ι
1946 704 2058 784 Ego

470 804 706 859 Joannes
755 803 975 858 ultimus
1027 819 1308 859 servorum
1347 804 1584 871 Christi,
1617 814 1673 860 et
1719 806 1810 875 qui
1846 821 2059 863 mecum

472 903 598 948 sunt
628 894 847 960 fratres,
892 895 1284 950 beatitudinem
1327 905 1475 950 tuam
1501 896 1831 953 salutamus;
1864 917 1881 951 ι
1914 897 2058 968 Ergo

474 986 507 1041 h
532 1001 562 1041 c
586 983 824 1041 Joannes
850 987 1020 1041 abbas
1062 997 1180 1040 erat
1200 1028 1215 1052 ,
1258 986 1309 1041 id
1339 987 1483 1056 quod
1516 987 1566 1044 cl
1606 988 1717 1044 rius
1739 987 1973 1058 explicat
2004 989 2057 1043 in

471 1082 768 1146 gratia‘um
816 1077 1127 1133 actionibus
1171 1078 1312 1148 quas
1338 1076 1677 1136 ‘Dcu'rel'ert'
1716 1073 1812 1150 pro
1862 1072 2060 1135 beneﬁ-

472 1171 572 1225 ciis
615 1171 892 1239 acceptis,
936 1170 1026 1224 ubi
1074 1180 1194 1224 orat
1242 1169 1345 1226 hoc
1381 1158 1583 1233 modo»:
1629 1189 1646 1222 ι
1685 1172 1796 1241 Ego
1839 1170 2060 1226 ultimus

474 1277 755 1315 servorum
790 1272 1003 1315 tuorqu
1036 1303 1048 1327 ,
1081 1278 1187 1317 non
1232 1252 1500 1317 intuentur
1528 1261 1915 1318 beneficiorum
1964 1264 2062 1318 mi-

475 1352 935 1419 :eratiorisluw,
986 1369 1107 1426 qua:
1160 1355 1293 1410 mihi
1345 1356 1619 1426 peccaturi
1659 1356 1851 1411 collata
1891 1366 2056 1421 sunt,

475 1447 681 1514 gratias
721 1446 984 1517 tibi'ago,
1021 1458 1127 1502 etc.
1167 1446 1261 1501 Tu
1295 1446 1491 1507 Pastor
1536 1460 1836 1519 pastorum,
1867 1459 1920 1504 et
1974 1464 2059 1504 re-

477 1547 598 1591 ctor
615 1537 883 1603 omnium,
917 1536 1131 1595 Christe
1159 1538 1318 1604 Deus,
1347 1541 1437 1610 qui
1472 1542 1634 1597 nullis
1660 1541 1794 1597 lueis
1826 1542 2059 1607 meritis,

478 1629 575 1686 sed
605 1630 719 1685 sola
759 1632 1067 1702 dignatione
1114 1633 1501 1690 misericordiae
1530 1643 1634 1690 tua:
1679 1636 1884 1690 vocasti
1937 1651 2060 1705 par-

476 1725 700 1780 vitatem
737 1742 911 1781 uncam
952 1727 1020 1781 ad
1069 1728 1171 1782 hoc
1200 1729 1470 1799 pastorale
1513 1728 1784 1792 oﬂicinm,
1808 1739 2058 1784 etc.......

2159 528 2424 584 minutivo
2470 542 2688 582 nomine
2734 536 2820 583 est
2861 527 3040 584 dictus
3069 545 3083 581 :
3116 527 3211 583 scd
3257 526 3613 592 humilitatis,
3661 540 3748 581 sa-

2160 612 2406 692 pientiae,
2437 612 2785 675 discretionis
2829 629 2886 676 et
2922 608 3243 676 cauerarum
3287 620 3559 675 virtutum
3602 628 3751 674 tanta

2161 712 2212 765 En
2234 708 2301 767 eo
2334 709 2541 765 refulsit.
2577 710 2773 781 gratia,
2807 720 2885 777 ut,
2918 711 3060 765 sicut
3084 720 3307 765 sanctus
3352 710 3521 764 refert
3549 707 3745 779 Grego-

2161 805 2273 861 rius
2310 805 2366 859 in
2397 805 2537 863 libro
2568 804 2908 875 Dialogorum
2936 805 3004 860 de
3045 804 3367 860 Constantio
3397 805 3748 877 presbytero,

2138 900 2234 951 ,ιω
2282 912 2337 952 tn
2366 884 2466 952 hoc
2504 896 2700 951 mirum
2738 904 2884 952 esset
2931 895 3288 961 intuentibus,
3326 896 3380 950 in
3428 906 3544 950 tam
3589 912 3752 966 parvo

2159 1002 2388 1058 corpore
2410 986 2598 1058 gratiae
2624 986 2718 1042 Dei
2761 995 2909 1042 tanta
2950 987 3094 1041 dona
3117 984 3441 1042 exuberare.
3489 987 3602 1041 Sed
3629 988 3755 1056 qui:

2118 1065 3106 1147 'tadhuchdomnm’habitatluteam,
3140 1079 3337 1137 suﬂicit
3389 1081 3497 1137 hoc
3549 1091 3756 1136 tantum

2161 1174 2384 1230 dixisse.
2425 1192 2445 1227 ι

2235 1260 2509 1323 Hactenus
2538 1264 2776 1324 Joannes
2827 1266 3288 1340 Chronographns
3332 1267 3402 1322 de
3445 1264 3645 1335 aequali
3696 1281 3757 1319 ac

2160 1354 2483 1432 cognomine
2533 1377 2633 1416 suo
2677 1359 2906 1427 Joanne,
2934 1362 3027 1431 qui
3076 1361 3337 1431 primum.
3367 1369 3427 1413 ut
3455 1358 3603 1424 dixi;
3646 1373 3757 1413 mo-

2162 1455 2371 1510 nachus
2404 1454 2461 1510 in
2502 1454 2752 1510 cennobio
2782 1454 3135 1525 Benigniano,
3155 1463 3266 1508 tum
3296 1452 3573 1509 Fiscamni
3608 1450 3760 1521 prior

2161 1561 2191 1600 a
2220 1546 2495 1603 Willelmo
2521 1547 2717 1602 abbate
2761 1549 3127 1611 constitutus;
3157 1546 3281 1602 dein
3305 1546 3500 1601 eodem
3526 1546 3762 1599 cedente

2166 1638 2335 1694 abbas
2357 1652 2502 1693 anno
2526 1637 2693 1703 1028,
2726 1646 2847 1708 post
2872 1653 3016 1692 anno
3040 1636 3179 1692 1052
3221 1637 3283 1693 in
3314 1638 3499 1693 locum
3544 1638 3762 1690 demor-

2167 1729 2246 1784 tui
2283 1727 2561 1783 Halinardi
2604 1726 2865 1783 sull'ectns
2906 1727 2959 1782 in
2996 1727 3211 1783 abbatia
3238 1742 3360 1798 quae
3412 1727 3618 1780 dicitur
3660 1724 3767 1778 Er-

478 1816 745 1873 Parvulus
775 1819 975 1891 quippe
1008 1835 1127 1876 sum
1169 1831 1223 1876 et
1255 1820 1464 1876 nullius
1499 1821 1718 1879 virtutis
1750 1821 2065 1888 homuncio,
2102 1805 2142 1864 Β
2171 1820 2393 1876 bresmn
2418 1837 2438 1887 ;
2470 1821 2797 1890 tandemque
2842 1820 2955 1875 vita
2999 1818 3232 1875 decessit
3260 1834 3409 1873 almo
3457 1816 3602 1873 1078
3626 1856 3641 1880 ,
3671 1815 3765 1884 qui

482 1907 618 1964 nihil
646 1909 854 1966 habens
882 1910 935 1965 in
967 1920 1055 1966 me
1085 1913 1227 1981 quod
1254 1913 1433 1984 expeti
1475 1913 1690 1979 debeat,
1722 1924 1777 1970 et
1803 1912 1948 1983 quod
1989 1912 2071 1968 di-

481 2014 645 2070 gnum
690 2011 763 2056 stt
795 2003 925 2057 tanti
967 2001 1149 2059 oﬂicii.
1180 2005 1385 2061 Idcirco
1434 2006 1730 2075 desperans
1779 2006 1845 2060 dc
1889 2004 2072 2075 parvi-

483 2100 594 2148 tate
621 2107 763 2160 mea,
788 2109 892 2148 non
925 2096 1130 2163 reSpiro
1156 2097 1254 2151 nisi
1287 2096 1340 2150 in
1370 2097 1482 2151 ετιιδ
1504 2096 1876 2152 misericordia
1904 2106 2013 2151 tua.
2045 2114 2066 2147 ι

482 2186 550 2240 Et
575 2185 713 2240 infra
749 2203 762 2239 :
801 2204 820 2238 ι
862 2188 931 2240 Da
968 2187 1099 2241 mihi
1129 2188 1374 2245 celestia
1417 2197 1472 2243 et
1504 2198 1714 2245 terrena
1730 2180 1981 2243 subsidia
2004 2186 2073 2241 ad

482 2293 699 2333 onmem
731 2276 1137 2344 subicientium,
1167 2290 1233 2349 ut~
1253 2279 1482 2336 habeam
1506 2282 1651 2336 unde
1672 2296 1890 2352 gregem
1921 2290 2072 2334 tuum

483 2371 684 2441 possim
735 2386 960 2442 pascere
1008 2380 1065 2425 ct
1114 2382 1459 2438 sustentare,
1518 2382 1625 2426 tam
1673 2372 2070 2444 spiritualiter,

480 2479 646 2533 quam
674 2462 1065 2532 corporaliter,
1100 2472 1265 2532 atque
1312 2464 1595 2520 venientes
1626 2464 1681 2518 i'n
1716 2473 1809 2518 tuo
1853 2464 2073 2518 nomine

484 2556 762 2627 suscipere
807 2557 1014 2627 absque
1057 2557 1164 2612 ulla
1198 2558 1585 2624 haesitatione;
1625 2557 1742 2613 loca
1782 2558 2077 2612 commissa

484 2647 770 2712 ordinare,
799 2657 856 2701 et
883 2662 1192 2719 praeparare
1234 2648 1300 2703 ad
1344 2650 1582 2720 quietem
1613 2661 1672 2705 ct
1696 2649 1926 2704 salutem
1958 2647 2069 2701 fra-

488 2751 673 2807 trum,
704 2742 845 2797 sicut
903 2742 1059 2798 decet
1109 2752 1166 2798 et
1213 2754 1448 2813 oportet.
1496 2762 1514 2795 ι
1549 2743 1710 2798 Certe
1754 2744 1869 2798 hinc
1896 2743 2074 2799 oratio

485 2833 729 2904 ejusdem
764 2835 977 2889 videtur
1011 2850 1133 2891 esse
1165 2837 1409 2892 auctoris
1444 2851 1508 2891 ac
1535 2836 1771 2891 Libellus
1797 2850 2038 2905 precum.

500 2956 509 2963 -
556 2923 637 2980 Ex
679 2926 764 2982 his
798 2926 1074 2998 colligitur
1105 2928 1367 2984 Joannem
1397 2928 1583 2984 Libelli
1617 2928 1949 2984 concitorem
1981 2928 2077 2983 ab-

485 3019 629 3073 batis
678 3018 942 3090 dignitate
1000 3020 1285 3089 przeditum
1326 3019 1530 3083 fuisse,
1589 3021 1672 3074 cui
1720 3035 1826 3076 non
1884 3036 2072 3084 unutn,

489 3112 584 3166 sed
613 3111 763 3181 plura
789 3110 1117 3169 monasteria
1144 3115 1423 3167 commissa
1451 3114 1574 3168 sint.
1609 3114 1682 3169 At
1704 3116 1826 3184 quis
1859 3116 2072 3170 tandem

2172 1932 2345 1972 annus
2368 1915 2439 1971 ab
2470 1915 2620 1971 obitu
2647 1914 2876 1980 Agnetis
2915 1913 3170 1984 Augusta:
3191 1912 3475 1984 proximus
3504 1917 3611 1965 est.
3639 1907 3764 1963 Hac

2172 2021 2424 2080 constant
2464 2027 2531 2065 ex
2581 2008 2793 2063 duobus
2841 2007 3149 2073 chronicis,
3200 2007 3512 2062 Divinnensi
3554 2006 3763 2061 scilicet

2175 2102 2360 2159 Sancti
2402 2100 2633 2170 «Βριιίεηί
2661 2135 2687 2166 ,-
2714 2108 2769 2155 et
2814 2096 3228 2163 Fiscamnensi,
3260 2097 3426 2152 editis
3478 2098 3535 2151 in
3573 2096 3768 2151 Biblio-

2175 2198 2350 2251 thecm
2374 2193 2675 2249 Labheanae
2705 2199 2852 2247 tomo
2879 2190 3075 2261 primo,
3099 2189 3190 2245 ubi
3215 2190 3381 2245 etiam
3418 2189 3475 2243 in
3517 2189 3770 2260 catalogo

2174 2289 2430 2344 abbatum
2468 2283 2939 2342 Fiseamncnsium
2976 2282 3242 2345 Joannes,
3274 2282 3450 2336 (ιἈιὶε
3491 2284 3771 2352 cognomi-

2175 2391 2335 2436 natus
2353 2422 2368 2446 ,
2394 2378 2826 2450 Hierosolymam
2851 2375 3155 2448 profectus,
3187 2374 3368 2445 ibique
3398 2375 3493 2429 diu
3520 2376 3769 2429 detentus

2175 2471 2228 2526 in
2254 2484 2509 2535 carcere,
2535 2470 2883 2540 postmodum
2910 2468 2978 2524 ad
3012 2466 3406 2523 monasterium
3439 2464 3666 2520 rediisse
3686 2466 3771 2518 di-

2174 2566 2336 2620 citur.
2385 2563 2478 2619 lla:
2520 2563 2848 2633 conjecturae
2902 2576 3037 2617 mea:
3086 2562 3154 2617 de
3184 2560 3392 2631 prioris
3429 2559 3600 2614 liheili
3639 2559 3764 2613 seri-

2176 2664 2351 2726 ptore,
2382 2653 2536 2723 cuius
2566 2653 2668 2707 alia
2703 2652 2960 2724 opuscula
2991 2651 3500 2721 tnt‘ncnwestigare
3548 2663 3771 2704 necesse

2173 2757 2274 2803 83L

2247 2839 2335 2894 IV.
2380 2838 2616 2894 Joannes
2670 2838 2725 2892 in
2772 2852 2868 2892 sua
2912 2835 3229 2907 praefatione
3271 2835 3338 2890 de
3379 2843 3626 2903 quatuor
3671 2843 3761 2886 aut

2177 2932 2417 3002 quinque
2467 2929 2742 2999 opusculis
2786 2929 2902 2984 suis
2950 2928 3281 2982 mentionem
3330 2925 3486 2980 facit.
3528 2925 3769 2979 Primum

2175 3032 2260 3079 est
2287 3023 2364 3078 De
2385 3022 2726 3077 institutione
2751 3020 2950 3084 vidum;
2978 3016 3033 3071 2.
3061 3018 3136 3072 De
3166 3017 3359 3071 vitaet
3388 3015 3643 3070 moribus
3669 3016 3771 3067 rit-

2182 3115 2367 3186 ginum
2397 3130 2412 3179 ;
2443 3113 2499 3167 5.
2529 3113 2600 3168 De
2624 3111 3089 3181 eleemosynarum
3137 3107 3586 3178 dispensatione;
3617 3106 3672 3160 4.
3703 3105 3773 3160 De

493 3205 583 3259 ille
615 3178 810 3272 vl'uerit,
858 3207 1083 3277 cuiusve
1131 3207 1446 3262 monasterii
1499 3207 1690 3271 abbas,
1723 3178 1846 3276 iam
1894 3210 2080 3279 inqui-
2107 3178 2150 3239 (δ
2183 3178 2364 3261 divina
2388 3178 2876 3272 contemplatione;-
2899 3202 2951 3257 5.
2977 3210 3033 3256 et
3053 3202 3127 3256 De
3149 3205 3385 3270 superna
3408 3198 3770 3254 Hierusalem.

493 3298 744 3355 rendunn

565 3393 712 3448 Duos
745 3392 961 3450 invenio
1002 3393 1241 3451 Joannes
1285 3396 1511 3451 ahbates
1562 3410 1628 3451 eo
1678 3404 1924 3465 tempore
1972 3394 2081 3449 cla-

497 3485 762 3551 rissimos,
794 3495 848 3540 et
890 3486 1111 3556 quidem
1157 3487 1555 3549 Italos-ambos.
1585 3502 1777 3556 nempe
1819 3486 2081 3541 Joannem

493 3576 850 3633 Gualbertum
878 3619 894 3644 ,
937 3576 1367 3634 Vallutnhrosani
1410 3569 1619 3634 ordinis
1673 3579 2035 3634 institutoe'cm
2064 3621 2079 3644 ,

494 3666 649 3735 cujus
700 3667 844 3724 nulla
899 3670 1100 3739 scripta
1151 3670 1387 3738 invenio,
1418 3679 1473 3726 et
1520 3669 1783 3726 Joannem
1831 3669 2080 3725 abbatem

496 3760 936 3816 Fisramncnsem
961 3803 974 3823 ,
1008 3764 1097 3816 cui
1123 3764 1300 3833 potius
1348 3777 1511 3833 quam
1541 3763 1697 3819 alteri
1738 3763 2081 3834 prziecitatum

496 3852 759 3908 Libellum
792 3854 1131 3908 tribuendum
1172 3844 1425 3910 existimo
1450 3896 1465 3921 ,
1510 3855 1597 3912 his
1643 3857 1908 3913 adductus
1950 3871 2083 3912 con-

490 3943 749 4014 iecturis.‘
797 3945 977 3998 Pmio
1023 3946 1289 4014 siquidem
1322 3957 1513 4004 auctor
1546 3962 1607 4003 se
1648 3948 1940 4003 identidem
1990 3949 2087 4003 Iw-

490 4037 848 4102 munciouem,
878 4037 1274 4103 homunculum,
1295 4055 1511 4107 parvum
1535 4038 1886 4112 pusillumque
1912 4039 2040 4097 dicit
2068 4056 2081 4094 :

496 4126 732 4184 Joannes
776 4142 902 4181 vero
952 4128 1116 4182 abbas
1156 4129 1557 4186 Fiscamnensis
1604 4139 1813 4186 statura
1864 4133 2085 4203 pusillus

492 4230 649 4286 'erat,
702 4224 770 4276 ab
812 4221 1053 4277 exilitate
1101 4223 1346 4293 corporis
1368 4223 1719 4279 Joanne/inus
1760 4225 2081 4294 appellatus.

502 4313 724 4378 Deinde,
752 4328 856 4367 nou
885 4315 997 4378 uni,
1021 4315 1115 4368 sed
1147 4314 1390 4384 pluribus
1417 4316 1760 4370 monasteriis
1798 4317 2085 4384 praefectus

488 4400 638 4468 't‘rat,
680 4404 892 4459 sciliCct
950 4403 1318 4459 Fis'eamnensi
1376 4405 1602 4474 aliisque
1635 4405 1924 4462 Fiscamno
1957 4408 2087 4464 sub-

488 4496 694 4567 jectis,
733 4496 1000 4565 simulque
1055 4496 1288 4551 abbatiae
1339 4513 1461 4568 qtue
1502 4498 1554 4551 in
1610 4497 1726 4553 loco
1782 4496 2085 4555 Erbrestein

499 4592 644 4646 dicto
690 4588 811 4645 sita.
848 4589 926 4644 Ad
966 4591 1078 4645 huc
1116 4588 1349 4644 Henrico
1385 4589 1446 4643 Ill
1491 4590 1535 4644 is
1565 4598 1821 4659 acceptus
1868 4590 1986 4658 fuit,
2025 4601 2085 4647 ut

498 4692 821 4754 argumento
854 4694 938 4739 est
966 4675 1288 4754 praefectura
1338 4684 1732 4749 Erhrestensis,
1767 4700 1927 4756 quam
1955 4701 2081 4742 con-

498 4774 724 4831 cedente
752 4775 988 4832 Henrico
1018 4777 1068 4830 in
1099 4774 1295 4831 Suevia
1319 4777 1574 4831 obtinuit.
1620 4774 1755 4831 Hinc
1801 4775 1887 4830 illa
1930 4776 2083 4830 fanti-

497 4865 753 4922 liaritatis
783 4868 1001 4922 occasio
1038 4882 1159 4922 cum
1193 4868 1400 4938 Agncte
1425 4907 1440 4930 ,
1466 4880 1588 4935 quae
1614 4864 1685 4921 ob
1709 4879 1830 4921 eam
1859 4880 2080 4921 causam

498 4956 1405 5023 Fructuariense‘monasterium,
1457 4965 1641 5025 utpote
1706 4972 1737 5010 a
1795 4955 2081 5012 Guillehno

500 5040 808 5108 Divittuettsli
847 5053 1063 5116 abbate,
1120 5050 1347 5107 Joannis
1401 5053 1743 5113 institutore,
1776 5050 2078 5114 conditum,

495 5143 800 5200 excoluisse
842 5144 1074 5201 videtur.
1122 5144 1290 5200 Porro
1326 5152 1542 5213 quantae
1568 5142 1827 5197 doctrina!
1881 5158 1946 5197 ac
1976 5143 2083 5195 ‘t'ir-

501 5235 625 5289 tutis
655 5232 836 5301 fuerit,
864 5246 1091 5291 testatur
1109 5235 1348 5291 Joannes
1373 5233 1819 5304 chronographus
1842 5232 2077 5286 Divinio-

497 5328 680 5382 nensis
700 5314 954 5382 comebii.
990 5328 1070 5382 ubi
1105 5330 1404 5382 monachus
1434 5326 1608 5382 fuerat
1634 5323 1868 5379 Joannes
1892 5324 2079 5382 abbas.

2183 3299 2307 3353 Tria
2343 3300 2522 3370 priora
2552 3297 2746 3353 desunt
2789 3296 2841 3351 in
2883 3296 3071 3351 codice
3116 3294 3389 3358 Mettensi,
3430 3294 3628 3364 inquo
3674 3293 3771 3345 alia

2184 3392 2552 3463 reperiuntur,
2580 3405 2701 3461 qua:
2733 3404 2804 3443 an
2852 3387 3046 3444 Joanni
3085 3387 3380 3444 tribuenda
3429 3387 3564 3455 sint,
3616 3386 3772 3457 dispi-

2181 3484 2435 3541 ciendum
2446 3492 2563 3539 est.

2255 3576 2387 3645 Quae
2428 3577 2485 3631 in
2532 3573 2781 3630 Mettensi
2820 3572 3010 3629 codice
3054 3572 3433 3643 reperiuntur,
3457 3571 3569 3626 alia
3617 3587 3771 3626 oranti

2184 3670 2381 3742 prima,
2408 3669 2514 3724 alia
2559 3669 2796 3725 secunda
2825 3667 3097 3737 descripta
3143 3675 3288 3722 sunt.
3321 3662 3501 3720 Prima
3555 3666 3771 3736 quidem

2184 3762 2397 3819 libellus
2437 3762 2588 3834 prior
2613 3760 2841 3817 Joannis
2868 3775 2933 3817 ac
2969 3758 3241 3830 posterior
3268 3773 3394 3813 cum
3435 3758 3772 3818 orationibus

2182 3854 2642 3926 subsequentibus
2667 3848 2838 3923 usque
2866 3852 2933 3906 ad
2963 3851 3338 3909 duodecimam
3366 3864 3511 3919 quae,
3544 3860 3687 3905 sucut
3724 3856 3773 3903 et

2184 3956 2497 4039 sequentes,
2528 3945 2850 4002 secundaria
2879 3959 3039 3999 manu
3070 3951 3293 4000 exarata
3319 3952 3425 3997 eat.

2257 4042 2389 4107 Quae
2419 4038 2580 4110 primi
2616 4038 2836 4110 generis
2882 4046 3027 4101 sunt,
3051 4037 3236 4092 omnia
3263 4036 3330 4108 (si
3371 4033 3636 4090 Willelmi
3680 4035 3771 4088 ab.

2187 4133 2330 4188 batts
2357 4132 2683 4196 orationem,
2708 4144 2830 4200 quae
2856 4128 3096 4185 auctoris
3124 4128 3209 4184 sui
3238 4142 3434 4183 nomen
3468 4125 3695 4197 praefert
3724 4129 3772 4177 in

2186 4224 2403 4289 codice,
2435 4223 2704 4293 excipias)
2742 4219 3007 4276 Joannem
3057 4227 3332 4273 auctorem
3385 4217 3594 4272 habere
3645 4217 3770 4270 mihi

2189 4318 2479 4381 videntur,
2516 4325 2746 4371 caeteras
2801 4311 2949 4368 vero’
2977 4313 3252 4366 orationes
3300 4310 3542 4365 secunda
3614 4311 3772 4364 manu

2188 4409 2423 4479 scriptas
2471 4416 2659 4463 sancto
2700 4405 2958 4460 Ansehno
2990 4404 3188 4459 tribuo.
3220 4402 3277 4456 In
3322 4402 3408 4456 his
3435 4400 3774 4455 orationibus

2191 4498 2302 4557 tres
2350 4499 2701 4556 inveniuntur
2738 4498 2805 4552 ad
2861 4502 3105 4551 sanctam
3166 4493 3434 4556 Mariam,
3475 4507 3614 4562 quas
3658 4506 3775 4546 esse

2186 4604 2320 4667 puto
2349 4608 2443 4650 eas
2467 4592 2534 4648 de
2574 4591 2771 4661 quibus
2809 4588 3137 4644 mentionem
3183 4584 3317 4641 facit
3340 4576 3636 4640 Anselmus
3667 4585 3773 4654 ipse

2188 4689 2240 4742 in
2282 4688 2374 4742 lib.
2405 4704 2442 4755 ι,
2471 4683 2698 4758 epismla
2727 4683 2817 4742 20.
2866 4683 2933 4737 ad
2966 4678 3320 4737 Condalium.
3350 4678 3671 4732 Orationem
3712 4677 3771 4731 17

2188 4780 2531 4850 incipientem
2571 4777 2640 4832 ab
2679 4775 2764 4830 his
2790 4773 2993 4839 verbis,
3028 4771 3206 4826 Terret
3244 4786 3325 4824 me
3367 4769 3474 4823 vita
3504 4784 3643 4830 mea,
3669 4783 3776 4821 me-

2184 4882 2363 4929 morat
2398 4854 2694 4938 tribuitque
2722 4865 2982 4922 A’nselmo
3016 4862 3301 4918 Durandus
3346 4860 3521 4915 abbas
3553 4860 3608 4913 in
3638 4858 3774 4926 ejus-

2187 4965 2307 5020 dem
2355 4962 2477 5018 libri
2506 4959 2732 5031 epistola
2759 4959 2847 5014 6|.
2875 4959 2957 5013 An
3008 4970 3137 5011 vero
3183 4954 3364 5019 oratio
3404 4953 3474 5006 ad
3529 4960 3772 5006 sanctum

2185 5054 2446 5110 Joannem
2500 5050 2888 5120 evangelistam
2942 5048 3120 5103 eidem
3173 5043 3431 5100 Anselmo
3488 5041 3769 5097 tribuenda

2188 5146 2279 5207 sit,
2304 5141 2524 5199 dubium
2572 5156 2658 5196 me
2706 5141 2941 5194 reddunt
2971 5139 3087 5193 haec
3118 5136 3283 5192 verba
3319 5151 3331 5187 :
3370 5151 3390 5184 ι
3424 5132 3485 5187 Si
3524 5133 3771 5203 agnoscis

2190 5250 2382 5288 nomen
2410 5242 2580 5296 tuum,
2614 5246 2743 5300 rogo
2773 5238 2827 5284 te
2869 5229 3169 5300 per‘ipsam
3212 5224 3588 5289 dilectionem,
3614 5239 3769 5294 agno-

2180 5342 2331 5380 scam
2363 5325 2415 5378 in
2463 5333 2608 5377 tanta
2647 5322 2974 5377 necessitate
3023 5319 3279 5373 auxilium
3310 5324 3489 5370 tuum.
3514 5314 3770 5378 Joannes,
