3940 5382
138 260 227 313 .tt')
1166 243 1499 301 LlBliLLUS
1540 242 1761 298 PRECU
1775 242 1819 296 ll
1848 274 1913 284 -——
1946 240 2335 297 i'R.-El~‘.-\Tl0.

3285 217 3390 301 uio

138 384 281 428 etiam
345 366 729 437 subsequentes
768 364 1041 419 orationes
1096 378 1267 433 usque
1333 359 1428 431 ad)
1447 355 1692 413 duodeci-
1725 359 1767 418 Α
1798 372 1826 410 a
1859 356 2091 426 posteris
2133 358 2392 427 ascripta.
2437 355 2622 426 Neque
2679 372 2806 411 vero
2866 358 3123 416 Ansclmo
3164 359 3216 414 in
3241 352 3385 433 ligna

139 478 285 527 mam,
308 467 523 530 excepta
546 457 792 513 oratione
818 453 1075 511 Willelmi
1105 452 1339 507 abbatis.

98 539 110 549 Γ
198 555 255 609 Et
278 551 490 623 quidem
521 550 733 605 libellus
776 548 1046 620 posterior
1072 546 1148 600 De
1168 544 1348 600 divina
1378 540 1698 611 contempla-

134 646 286 707 tione,
317 641 687 697 indubitanter
734 637 929 696 Joanni
969 636 1175 692 auctori
1228 634 1548 691 tribuendus
1594 642 1696 695 est,

136 738 179 789 in
213 732 358 803 cujus
406 716 585 788 fronte
632 732 721 788 hic
766 730 957 786 titulus
1004 729 1202 800 legitur
1246 729 1299 783 in
1327 727 1515 781 codice
1545 739 1694 779 ms.:

136 824 249 897 Lege
273 835 319 878 et
353 826 504 879 istam
549 822 709 878 aliam
740 823 1051 886 orationem,
1075 837 1193 892 qua:
1240 817 1401 873 simili
1437 817 1594 871 modo
1635 816 1699 869 de

132 918 287 972 divina
315 914 747 987 contemplatione
773 914 912 969 edim
933 922 1029 967 est.
1063 910 1205 965 Nam
1226 909 1391 965 multa
1429 909 1699 979 reperiun»

132 1024 208 1062 tur
244 1010 295 1062 in
339 1009 445 1062 ista
490 1023 610 1079 qua:
656 1006 713 1060 in
762 1005 856 1059 illa
902 1005 1170 1076 superiore
1216 1020 1318 1058 non
1365 1010 1503 1056 sunt.
1553 1001 1696 1056 Idem

100 1100 308 1170 quippe
364 1095 629 1153 tractandi
685 1096 877 1152 modus
909 1137 925 1162 ,
975 1096 1228 1165 idemque
1285 1094 1419 1148 ordo
1481 1092 1534 1146 in
1598 1093 1699 1146 hoc

133 1187 397 1255 posteriori
433 1187 617 1242 libello
665 1195 919 1241 servatur
971 1200 1035 1241 ac
1090 1185 1144 1239 in
1198 1183 1389 1254 priori.
1422 1182 1699 1238 Posterior

134 1278 279 1342 enim,
309 1277 384 1330 uti
428 1283 485 1329 et
536 1276 705 1347 prior,
738 1275 996 1329 dividitur
1054 1275 1107 1329 in
1166 1284 1276 1330 tres
1329 1282 1533 1345 partes,
1562 1287 1697 1345 qua-

133 1385 234 1422 rum
267 1369 438 1439 prima
468 1375 550 1422 est
577 1369 642 1423 de
684 1367 975 1423 Divinitate
1006 1383 1070 1422 ac
1097 1365 1384 1431 Trinitate,
1414 1366 1583 1421 altera
1629 1365 1696 1420 de

133 1462 309 1518 Christi
338 1461 551 1517 Domini
576 1462 941 1525 humanitate,
966 1462 1122 1516 tertia
1151 1476 1277 1531 pars
1295 1468 1380 1516 est
1400 1458 1467 1515 de
1492 1459 1694 1515 Christi

131 1568 312 1608 amore.
366 1552 425 1607 ln
460 1552 543 1607 his
595 1551 847 1608 onmibus
892 1552 959 1608 ad
1001 1551 1242 1622 singulas
1291 1562 1477 1621 partes
1519 1549 1574 1604 in
1625 1549 1694 1604 ti-

132 1646 227 1699 tulo
252 1644 621 1716 praescribitur
669 1643 866 1716 aliquis
912 1644 1181 1725 psalmus,
1212 1644 1286 1698 uti
1312 1644 1381 1725 in_
1413 1642 1580 1715 priori
1629 1642 1694 1697 li-

1801 464 1889 504 res
1930 447 2163 517 putanda
2214 457 2335 514 est,
2368 458 2423 502 ut
2458 447 2685 504 Joannis
2726 450 3028 506 orationem
3088 451 3387 509 auctiorem

1800 539 2010 594 fecerit.
2040 537 2160 593 Non
2195 538 2337 593 enim
2374 554 2492 592 eam
2536 538 2638 593 sibi
2671 549 2959 610 propterea
2988 540 3300 608 vindicavit,
3334 552 3389 598 et

1799 631 2060 701 ejusmodi
2088 631 2427 686 orationibus
2453 630 2794 686 manualibus
2823 641 2877 686 et
2902 632 3235 703 quotidianis
3276 634 3383 689 cui-

1801 737 1906 794 que
1942 730 2200 794 tauquam
2237 722 2352 778 suis
2380 723 2456 777 uti
2489 723 2633 786 licet,
2665 722 2780 779 sive
2810 722 3056 780 addendo
3078 766 3093 791 ,
3116 726 3232 783 sive
3264 727 3392 783 sub-

1802 815 2067 870 trahendo
2092 814 2238 885 quod
2278 813 2442 869 fuerit
2483 825 2865 886 opportunum.
2901 816 3123 873 Accedit
3161 818 3304 886 quod
3330 819 3388 891 in

1798 924 1862 964 ea
1895 909 2144 963 oratione
2174 908 2435 979 pleraque
2478 896 2586 963 alia
2643 908 2894 965 differunt
2937 926 2967 963 a
3003 910 3191 967 codice
3219 911 3390 967 Joan-

1801 1000 1917 1061 nis.
1950 1015 2013 1055 ex
2049 999 2246 1070 quibus
2296 999 2401 1053 duo
2452 1006 2660 1053 tantum
2708 1011 2896 1056 notare
2936 1001 3112 1071 juvat.
3144 1001 3387 1059 Primum

1800 1090 1866 1145 ad
1904 1089 1990 1145 illa
2019 1090 2203 1154 verba,
2238 1090 2327 1144 ubi
2355 1089 2553 1161 legitur
2581 1091 2631 1144 in
2676 1091 2872 1145 editis:
2912 1110 2931 1143 ι
2984 1092 3182 1149 Mundo
3226 1095 3391 1153 corde

1800 1184 2006 1238 valeam
2032 1183 2126 1238 tibi
2158 1181 2373 1238 oll‘erre.
2411 1202 2429 1235 ι
2455 1181 2684 1238 Joannis
2711 1184 2878 1238 codex
2904 1182 3065 1238 habet
3095 1199 3109 1238 :
3143 1203 3163 1235 ς
3195 1184 3391 1238 Mundo

1799 1278 1963 1332 corde
2022 1275 2265 1346 quotidie
2329 1274 2535 1329 valeam
2589 1275 2681 1330 tibi
2713 1274 2928 1331 offerre.
2971 1295 2989 1329 ι
3034 1275 3277 1331 Alterum
3308 1286 3393 1332 est

1798 1366 1899 1421 sub
1936 1365 2098 1419 linem
2131 1364 2419 1429 orationis,
2461 1380 2581 1435 qua:
2613 1365 2716 1419 hoc
2744 1365 2903 1420 modo
2946 1365 3140 1421 desinit
3175 1366 3228 1421 in
3277 1366 3393 1422 edi-

1801 1458 1927 1512 tis:c
1957 1456 2037 1512 Ad
2063 1472 2289 1527 regnum
2319 1465 2467 1509 tuum
2491 1454 2838 1526 perveniam,
2859 1455 2949 1509 ubi
2974 1472 3083 1511 non
3107 1457 3163 1515 in
3190 1468 3391 1527 mysze-

1766 1544 1916 1614 'riis,
1943 1549 2087 1603 sicut
2124 1548 2177 1601 in
2213 1548 2314 1602 hoc
2361 1555 2605 1615 tempore
2648 1546 2850 1616 agitur,
2876 1546 2970 1601 sed
3018 1544 3160 1601 facie
3194 1548 3261 1602 ad
3312 1545 3393 1602 fa-

1798 1642 1937 1697 ciem
1972 1650 2022 1696 te
2058 1638 2394 1704 videbimus,
2420 1652 2543 1692 cum
2581 1637 2872 1693 tradideris
2923 1651 3150 1709 regnum
3183 1637 3294 1693 Deo
3338 1646 3393 1693 et

129 1714 289 1801 bello;
316 1752 437 1807 qua:
490 1737 671 1791 omnia
722 1714 974 1792 eumdem
1022 1720 1257 1807 arguunt
1305 1714 1604 1791 auctorem.
1635 1735 1690 1790 ιιι
1725 1719 1768 1777 Β
1800 1734 2373 1803 Patri,etc.iSicvero
2393 1724 2534 1806 apud
2551 1732 2843 1791 Joannem:
2868 1714 3225 1801 «Ad'regnum
3241 1739 3390 1787 tuum

129 1830 305 1883 diserte
343 1828 640 1883 confirmat
689 1828 1011 1900 posterioris
1042 1828 1203 1899 hujus
1240 1827 1364 1883 libri
1402 1827 1569 1883 editio
1596 1827 1700 1882 Pa-

131 1919 253 1975 risiis
273 1935 418 1974 anno
445 1918 581 1975 l539
599 1959 614 1986 ,
639 1919 780 1991 apud
812 1913 1179 1975 Vascosanum
1206 1919 1467 1975 adornata
1486 1960 1503 1985 ,
1533 1928 1698 1993 atque

106 2004 173 2063 in
203 2018 305 2067 tres
330 2006 519 2081 partes
545 2051 561 2075 ,
597 2011 736 2067 sicut
783 2012 835 2068 in
891 2012 1081 2068 codice
1113 2012 1402 2076 Mettensi,
1439 2011 1694 2089 distincta

128 2102 211 2156 sub
239 2103 338 2158 hoc
370 2102 531 2156 titulo
561 2121 575 2155 :
608 2101 879 2173 Confessio
917 2104 1209 2175 theologica
1253 2103 1420 2159 tribus
1461 2103 1697 2174 partibus

128 2194 363 2248 absoluta.
394 2192 564 2263 Cujus
612 2193 969 2251 confessionis
1011 2205 1290 2252 auctorem
1332 2195 1695 2261 Vascosanus,

128 2293 206 2337 aut
231 2284 364 2339 alius
402 2285 703 2357 quispiam,
730 2300 795 2340 ex
838 2285 1229 2357 marginalibus
1249 2285 1575 2356 quibusdam
1610 2302 1699 2341 vc-

129 2374 195 2428 lut
235 2374 564 2447 fugientibus
592 2377 790 2431 veteris
840 2372 926 2431 sui
974 2376 1301 2447 exemplaris
1347 2377 1698 2433 adnotatiun-

129 2467 245 2522 culis
284 2469 644 2537 depreltendit
685 2469 849 2526 fuisse
890 2471 1092 2527 dictum
1124 2470 1409 2543 Joannem.
1438 2470 1581 2540 quod
1632 2464 1699 2527 de

126 2556 315 2616 Joanne
345 2560 614 2616 Cassiano
639 2576 923 2633 perperam
956 2563 1346 2634 interpretatus
1370 2572 1477 2618 est.
1660 2618 1667 2631 ,

187 2650 237 2705 ln
284 2650 537 2709 oratione
572 2653 809 2708 secunda
850 2646 927 2708 De
974 2642 1110 2708 uitiis
1157 2664 1203 2709 et
1252 2654 1548 2720 virtutibus,
1578 2669 1699 2725 qua:

129 2741 285 2796 libello
311 2742 606 2813 posteriori
630 2742 920 2813 subjuncta
963 2753 1064 2808 est,
1091 2730 1285 2800 auctor
1311 2760 1341 2799 a
1368 2745 1479 2800 Deo
1514 2758 1699 2817 postu-

129 2832 194 2887 lat
219 2836 409 2890 mentis
437 2832 755 2906 puritatem,
792 2836 868 2891 ttti
914 2835 1016 2893 sibi
1045 2825 1289 2906 corporis
1328 2837 1695 2906 integritatem

128 2938 455 2982 concesserat
511 2922 577 2981 ab
623 2927 735 2998 ipso
778 2928 1063 2998 pubertatis
1120 2937 1368 2997 tempore.
1404 2927 1520 2985 Huc
1566 2944 1696 2985 sen-

116 3014 304 3071 tentias
329 3016 599 3087 quasdatn
629 3017 796 3072 refert
828 3034 894 3072 ex
923 3018 1171 3073 oratione
1193 3027 1346 3077 sexta
1370 3059 1385 3082 ,
1418 3034 1540 3089 qua:
1567 3029 1695 3075 ante

127 3105 324 3160 missam
372 3107 611 3162 dicenda
644 3108 1034 3184 przescribitur,
1073 3117 1125 3164 et
1155 3109 1207 3165 in
1237 3112 1698 3182 consequentibus

125 3212 225 3254 sese
251 3200 579 3256 monachum
609 3194 835 3273 prodita
1058 3186 1067 3197 δ

184 3288 360 3355 Oratio
399 3292 564 3346 tertia
595 3292 785 3364 incipit
826 3294 896 3350 ab
942 3293 1028 3350 his
1061 3281 1245 3351 verbis
1273 3312 1288 3350 :
1317 3295 1490 3352 Multa
1536 3277 1699 3368 igitur

124 3390 225 3434 sunt
247 3382 749 3455 contemplationum
773 3372 988 3455 genere,
1020 3374 1151 3455 etc.,
1182 3386 1382 3458 quibus
1438 3390 1697 3443 consimi-

110 3468 181 3523 lia
208 3470 461 3543 legtmtur
492 3472 548 3528 in
587 3473 800 3529 Alcuini
840 3474 1191 3532 Confessione
1213 3475 1573 3544 Cltillletiana,
1595 3479 1698 3533 sub

110 3561 271 3619 linem
327 3566 526 3637 partis:
558 3567 782 3638 primm,
815 3576 869 3624 et
909 3569 1051 3639 apud
1094 3567 1443 3636 Anselmum;
1474 3580 1531 3625 at
1577 3581 1697 3641 post

125 3663 220 3711 tres
244 3667 330 3712 aut
374 3662 619 3730 quatuor
649 3674 839 3715 versus
884 3659 1030 3716 nulla
1070 3669 1156 3717 est
1181 3676 1306 3718 cum
1355 3659 1475 3716 istis
1511 3646 1700 3735 aucto—

125 3747 257 3802 ribus
276 3748 686 3821 convenientia.
1560 3736 1565 3741 ἢ

114 3840 119 3926 ξ
183 3840 360 3899 Oratio
400 3852 574 3926 sexta
614 3853 740 3900 ante
777 3845 999 3901 missam
1048 3846 1306 3912 dicenda,
1346 3848 1500 3920 cujus
1538 3863 1702 3904 exor-

123 3932 278 4000 dium,
336 3920 574 3990 Summe‘
608 3934 895 4011 sacerdos,
963 3938 1167 3994 nullunt
1211 3942 1447 3996 auctoris
1502 3956 1698 4015 nomen

113 4021 319 4092 'pnel‘ert
347 4028 403 4082 in
441 4028 638 4085 codice
664 4027 932 4085 Mettensi.
964 4029 1115 4088 llanc
1152 4031 1242 4087 alii
1290 4033 1582 4109 Ambrosio
1608 4034 1700 4106 tri,-

124 4117 292 4183 huunt,
343 4119 437 4174 alii
494 4112 783 4187 Anselmo;
835 4121 966 4177 mihi
999 4137 1132 4179 vero
1175 4122 1366 4179 Joanni
1416 4127 1699 4181 tribuenda

120 4208 331 4264 videtur.
361 4210 535 4266 Certe
574 4226 640 4265 ex
688 4226 752 4265 ea
802 4210 1093 4268 identidem
1141 4215 1439 4270 sententias
1480 4215 1703 4273 adducit

119 4298 330 4359 Joannes
370 4304 424 4359 in
478 4302 663 4359 libello
709 4305 1019 4374 posteriori,
1054 4306 1108 4362 in
1148 4308 1395 4363 oratione
1442 4312 1700 4376 secunda,

1774 1822 2134 1902 (perveniam,
2179 1825 2270 1882 ubi
2316 1826 2455 1881 facie
2498 1825 2565 1881 ad
2611 1822 2805 1879 faciem
2851 1830 2903 1876 te
2949 1820 3272 1875 videbimus.
3308 1820 3396 1881 ln-

1774 1911 1961 1976 ‘terim
1993 1919 2097 1975 hoc
2125 1917 2391 1991 agendum
2409 1958 2424 1983 ,
2453 1917 2556 1974 hoc
2586 1923 2734 1971 certe
2763 1912 3217 1980 frequentandum
3245 1910 3394 1968 com-

1799 2013 2066 2069 mendasti
2095 2010 2374 2076 Ecclesiae,
2406 2023 2688 2080 quousque
2739 2006 2929 2063 venias
2953 2006 3007 2061 iu
3045 2006 3151 2063 fine
3172 2006 3393 2075 saeculi,

1798 2104 2016 2176 quando
2064 2104 2169 2159 erit
2207 2111 2514 2159 sanctorum
2557 2100 2806 2172 requies,
2846 2114 2954 2154 non
2988 2098 3164 2154 adhuc
3210 2099 3260 2153 in
3306 2114 3393 2155 sa-

1799 2203 2119 2258 cramento,
2151 2209 2261 2266 quo
2304 2194 2356 2247 in
2412 2200 2655 2262 tempore
2708 2190 3096 2249 consociantur
3147 2190 3389 2263 membra

1801 2288 2176 2360 tua,quandiu
2226 2285 2433 2341 bibitur
2471 2284 2613 2354 quod
2647 2284 2713 2338 de
2748 2283 2919 2338 latere
2967 2290 3062 2337 tuo
3107 2282 3388 2361 manavit:

1798 2388 1891 2443 sed
1940 2384 2051 2455 jam
2104 2385 2158 2439 in
2204 2385 2317 2455 ipsa
2365 2381 2698 2453 perfectione
2750 2381 2942 2437 salutis
2970 2392 3228 2446 arternze,
3265 2396 3389 2436 cum

1801 2477 2090 2533 tradideris
2138 2490 2379 2555 regnum
2407 2476 2518 2529 Deo
2557 2485 2611 2528 et
2647 2473 2837 2557 Patri,
2870 2473 2923 2527 in
2967 2471 3054 2527 illa
3104 2472 3389 2542 perspicua

1798 2570 2251 2638 contemplatione
2292 2568 2367 2621 tui
2420 2566 2878 2621 incommutabilis
2917 2566 3195 2630 veritatis,
3229 2564 3392 2637 nullis

1799 2662 2073 2743 mysteriis
2123 2665 2395 2743 egeamus.
2452 2659 2605 2740 Tune
2652 2659 2797 2734 enim
2847 2672 2935 2712 me
2985 2658 3054 2712 de
3117 2666 3170 2712 te
3224 2656 3393 2714 satia-

1780 2736 1947 2827 :bis,s
1975 2761 2082 2813 etc.
2118 2735 2382 2808 Cieterum
2414 2734 2517 2827 non
2541 2748 2698 2804 facile
2729 2751 2781 2823 in
2810 2749 3051 2802 animum
3082 2747 3387 2817 induxerim

1795 2846 2098 2911 Joannem,
2133 2844 2223 2916 qui
2274 2858 2340 2898 ex
2395 2824 2634 2910 antiquis
2685 2839 2983 2908 Patribus,
3029 2838 3269 2894 maxime
3321 2852 3392 2913 ex

1798 2938 2126 3009 Augustino,
2152 2935 2355 3008 scripta
2397 2950 2493 2989 sua
2522 2935 2762 2999 derivat,
2792 2931 3087 3003 quidquam
3120 2929 3393 3001 delibasse

1801 3045 1865 3085 ex
1902 3028 2158 3086 Anselmo
2182 3068 2198 3093 ,
2227 3027 2317 3098 qui
2348 3025 2557 3081 Joanne
2586 3040 2717 3081 sene
2752 3023 2972 3093 juvenis
3011 3032 3149 3079 erat.
3183 3022 3393 3093 Quippe

1799 3120 2088 3177 Anselmus
2128 3134 2391 3173 annorum
2417 3133 2573 3191 xxvn
2596 3116 2771 3171 laetus
2792 3124 2875 3171 cst
2906 3114 3063 3170 Bccci
3094 3116 3394 3169 monachus

1798 3229 1942 3269 anno
1999 3211 2164 3276 1000,
2212 3218 2336 3281 past
2400 3208 2677 3264 biennium
2732 3207 2882 3277 prior
2925 3205 3234 3276 quindecim
3302 3219 3395 3275 an-

1801 3322 1941 3373 nos;
1978 3305 2157 3371 abbas
2195 3304 2317 3381 dein
2369 3318 2514 3357 anno
2557 3300 2736 3375 1077,
2764 3300 2859 3373 qui
2904 3298 3133 3355 Joannis
3182 3297 3394 3363 abbatis

1800 3396 2204 3453 Fiscamnensis
2240 3394 2445 3471 obitum
2478 3393 2774 3463 praecessit.
2823 3392 2916 3465 ,Ex
2969 3394 3165 3462 quibus
3202 3389 3394 3445 verisi-

1799 3490 1980 3546 milius
2012 3488 2274 3553 cllicitur,
2315 3486 2628 3541 Anselmum
2670 3484 2925 3559 quaedam
2959 3500 2991 3537 a
3036 3481 3245 3538 Joanne
3297 3481 3395 3547 lto-

1788 3584 1946 3645 ,mine
1996 3600 2127 3639 sene
2178 3592 2484 3638 mutuatum
2539 3581 2741 3647 fuisse,
2793 3596 2957 3651 quam
3004 3578 3272 3635 Joannem
3324 3594 3393 3637 ex

1798 3656 2053 3728 Anselmo
2073 3672 2299 3742 juniori.
2324 3671 2390 3725 Et
2415 3670 2634 3745 quidem
2664 3669 2926 3741 Prologus
2959 3669 3145 3725 decem
3169 3666 3395 3747 Medita-

1804 3765 2009 3820 tionum
2037 3764 2177 3833 apud
2200 3762 2540 3827 Anselmum,
2568 3762 2759 3831 ordine
2790 3760 3057 3833 tantisper
3080 3762 3391 3825 immutate,

1801 3868 2063 3929 acceptus
2092 3864 2176 3912 est
2212 3871 2275 3910 ex
2306 3854 2514 3927 Joanne
2554 3854 2607 3908 in
2654 3853 2817 3909 libelli
2876 3852 3198 3923 posterioris
3238 3861 3394 3922 parte

1792 3950 1996 4019 tertia,
2031 3949 2109 4015 uti
2162 3956 2218 4003 et
2241 3955 2405 4017 caput
2443 3946 2679 4016 primum
2727 3945 3044 4001 earumdem
3094 3943 3393 4003 Meditatio-

1803 4055 1931 4095 num
1961 4054 2030 4093 ex
2062 4047 2215 4109 parte
2255 4038 2430 4109 prima
2461 4037 2701 4108 ejusdem
2739 4036 2926 4100 libelli,
2979 4035 3192 4090 tametsi
3225 4036 3391 4090 etiam

1794 4133 1857 4208 _in
1902 4132 2118 4193 Alcuini
2158 4129 2512 4203 confessione
2548 4129 2888 4185 Chillletiana
2920 4130 3287 4199 reperiuntur.
3323 4130 3395 4183 At

1808 4237 1939 4289 vero,
1974 4221 2215 4278 Joannes
2257 4223 2310 4291 in
2365 4221 2498 4276 locis
2551 4221 2844 4292 praccitatis
2880 4238 2949 4277 ex
2992 4222 3095 4276 hac
3143 4220 3393 4276 oratione

1805 4323 1957 4370 sexta
1993 4314 2120 4369 hinc
2149 4313 2274 4370 inde
2307 4328 2497 4370 versus
2524 4314 2844 4381 interserit,
2889 4314 2967 4369 uti
2996 4312 3133 4370 solet
3161 4328 3226 4370 ex
3263 4328 3390 4384 pro-

122 4395 382 4450 undecima
413 4407 472 4450 et
506 4395 562 4481 in
612 4395 760 4460 aliis;
790 4405 845 4450 et
893 4399 1036 4468 apud
1074 4398 1387 4457 Anselmum
1437 4401 1699 4472 prolixior
1731 4424 1779 4484 ο
1802 4409 1974 4478 priis;
2008 4408 2149 4481 quod
2207 4417 2528 4480 argumento
2580 4417 2665 4469 est
2719 4423 2843 4463 eum
2904 4407 3065 4470 huius
3123 4408 3393 4465 orationis

120 4497 191 4539 est
225 4503 284 4543 ea
312 4487 499 4543 oratio
521 4496 644 4558 post
682 4487 769 4544 illa
796 4489 1064 4571 verba..in
1094 4494 1583 4565 commemoratione
1611 4506 1703 4561 tua
1800 4509 1971 4571 sexta:
2000 4513 2122 4554 esse
2158 4500 2516 4554 conditorem.

119 4595 198 4645 pro
221 4582 386 4637 salute
413 4592 623 4637 nostra.
656 4570 801 4638 Nam
818 4600 939 4654 qua:
986 4570 1289 4657 Sequuntur
1333 4589 1476 4661 apud
1515 4589 1706 4648 Ansel—

124 4685 251 4726 mum
289 4683 343 4729 et
394 4675 452 4728 in
494 4673 619 4755 aliis
647 4664 823 4730 editis
851 4674 1004 4732 libris
1052 4692 1222 4748 usque
1264 4678 1335 4733 ad
1382 4679 1541 4736 haec:
1574 4680 1703 4745 Peto

115 4756 428 4819 'clementinm
485 4775 661 4830 tuam,
700 4777 757 4820 ut
794 4766 1077 4822 descendat
1105 4785 1264 4838 super
1309 4786 1499 4840 panem
1541 4781 1590 4832 et
1620 4788 1706 4827 ca-

122 4852 273 4929 licem,
301 4866 435 4922 etc.,
471 4860 618 4928 apud
658 4856 920 4915 Joannem
959 4860 1193 4923 desunt,
1227 4860 1582 4933 videnturque
1623 4864 1702 4917 al-

117 4936 271 5003 terius
303 4962 427 5003 esse
451 4949 720 5013 auctoris,
743 4950 831 5020 qui
853 4948 1219 5022 episcopalem
1248 4950 1485 5007 fidelium
1510 4968 1698 5009 curam

122 5035 375 5111 habuerit.
421 5032 721 5111 Superiora
763 5042 904 5095 enim
937 5040 1200 5110 singulari
1246 5057 1495 5110 numero,
1526 5044 1603 5099 uti
1650 5053 1704 5101 et

122 5131 427 5198 posteriora,
458 5129 668 5202 profert
706 5142 931 5211 auctor:
978 5118 1262 5211 baeclve'ro
1298 5133 1701 5195 intermediain

120 5210 363 5287 pluralem
395 5223 568 5278 vertit
594 5210 943 5295 interpolator
961 5264 979 5288 ,
1006 5238 1217 5279 oramus
1236 5266 1253 5291 ,
1283 5241 1551 5305 rogamus,
1593 5235 1699 5301 etc,

129 5316 194 5350 ΔΑ
221 5317 329 5350 ,νυνι
368 5333 472 5350 ειη-Λ
512 5317 737 5350 οἴη-νοιιῖο
767 5318 1049 5350 ιιηωξηηω
1079 5319 1362 5350 ηοιιυ-ἶιιηο
1409 5319 1511 5350 .tm
1553 5333 1672 5350 nam

1797 4646 1807 4655 _
1873 4588 2060 4644 Oratio
2088 4604 2250 4657 nona,
2277 4604 2397 4660 qua:
2425 4588 2705 4660 prolixior,
2755 4589 2858 4658 piis
2885 4588 3168 4645 affectibus
3198 4588 3394 4645 referta

1803 4690 1906 4757 est,
1929 4691 1983 4737 et
2014 4680 2179 4737 multa
2200 4680 2711 4752 repetitexJoannis
2731 4679 2916 4737 libello
2938 4680 3128 4750 priori,
3161 4683 3397 4751 maxime

1802 4788 1932 4829 vero
1982 4773 2098 4829 htec
2138 4768 2342 4837 verba,
2399 4772 2596 4840 quibus
2640 4786 2704 4843 se
2732 4770 3113 4825 defloratorem
3142 4772 3394 4842 probati:

1810 4882 1828 4915 ι
1871 4861 2024 4918 Unde
2055 4859 2185 4915 mihi
2229 4860 2384 4916 valde
2413 4858 2541 4914 libet
2567 4858 2634 4913 de
2679 4867 2730 4913 te
2766 4859 2945 4930 loqui,
2985 4858 3053 4915 de.
3105 4869 3158 4915 te
3184 4859 3396 4920 audire.

1806 4957 1874 5010 de
1905 4964 1957 5008 te
1996 4953 2197 5025 legere,
2229 4954 2295 5009 de
2321 4962 2372 5007 te
2401 4953 2663 5019 scribere,
2692 4953 2761 5009 de
2798 4963 2847 5009 te
2864 4951 3126 5013 conferre
3150 4968 3165 5008 :
3193 4963 3252 5010 ut
3302 4955 3403 5006 sub

1806 5046 2019 5103 dulcem
2050 5042 2299 5099 umbram
2330 5042 2662 5113 sinceritatis
2710 5051 2814 5098 tua:
2840 5043 3145 5115 ingressus,
3184 5046 3258 5101 ab
3297 5040 3401 5099 bu.

1801 5138 1892 5208 jus
1917 5135 2100 5210 seculi
2121 5135 2342 5192 restibus
2367 5137 2419 5192 in
2439 5137 2513 5192 tui
2537 5133 2803 5205 refrigerii
2828 5145 3254 5216 temperamento
3274 5135 3403 5190 abse

1808 5229 2033 5284 condar.
2085 5226 2257 5297 Hujus
2310 5228 2385 5284 rei
2436 5227 2610 5299 gratia
2655 5229 2972 5284 umbrosum
3044 5237 3288 5282 montem
3352 5232 3406 5275 ct

1809 5317 2143 5350 nnnn'ononnl
2173 5318 2444 5350 αΑοΛΛηᾹΑ
2509 5330 2724 5350 ηπηιονηι
2768 5328 2922 5350 νικῆσαι
2956 5326 3229 5350 Μυκη-ριν..
3282 5317 3407 5350 Viri.
