3940 5382
546 217 641 271 liii

1611 229 1896 290 JOANNIS
1932 231 2438 290 FISCAMNENSIS
2477 233 2766 292 ABBATIS
3739 243 3832 296 452

554 339 609 394 in
632 348 788 414 parte
821 339 1059 398 secunda
1095 338 1215 395 libri
1248 339 1447 410 prioris
1480 357 1494 394 :
1535 360 1552 392 ι
1589 340 1746 397 Libet
1795 357 1928 396 sane
1974 343 2040 397 de
2092 353 2144 397 te
2172 347 2217 406 Α
2249 342 2518 398 tatiomnn
2567 343 2712 399 nulla
2765 345 3116 404 inveniuntur
3152 363 3314 419 supra
3339 349 3576 409 Joannis
3605 365 3832 423 atatem,

553 433 721 501 loqui,
751 433 819 488 de
843 443 892 488 te
925 433 1135 500 audire,
1166 433 1233 488 de
1268 443 1319 487 te
1361 433 1634 498 scribere,
1666 433 1732 488 de
1767 442 1817 488 te
1865 433 2141 499 conferre,

552 536 618 578 oe
664 532 752 577 tua
792 524 1124 578 beatitudine
1148 533 1203 578 et
1235 523 1401 595 gloria
1433 524 1633 580 cotidie
1659 524 1860 593 legere,
1899 533 1955 578 et
2006 523 2140 578 lecta

552 615 748 684 saepius
784 615 881 669 sub
907 615 1070 669 corde
1101 615 1378 670 revolvere
1423 632 1436 668 :
1473 623 1536 668 ut
1586 618 1670 668 vel
1711 617 1790 670 sic
1837 613 2042 684 possim
2075 614 2144 668 ab

515 701 520 706 ’
551 704 712 776 hujus
737 705 979 760 mortalis
1021 717 1077 761 et
1106 706 1366 777 peritura:
1394 707 1517 762 vita!
1547 708 1856 774 ardoribus,
1885 706 2142 777 periculis

551 802 607 848 ct
634 794 920 849 sudoribus
943 795 1042 849 sub
1074 806 1178 850 tua:
1219 795 1399 852 vitalis
1441 813 1586 852 aura:
1613 797 1768 882 dlulce
1800 799 2140 868 refrigerium

552 884 811 949 transire,
841 894 897 938 et
927 885 1199 940 transiens
1235 887 1288 940 in
1321 887 1442 941 sinu
1475 895 1566 941 tuo
1599 888 1798 942 fessum
1826 897 1990 957 caput
2017 887 2142 941 dor-

551 973 784 1028 miturus
834 974 915 1029 vel
967 975 1250 1052 paululum
1297 976 1582 1031 reclinare.
1638 977 1805 1045 Hujus
1845 977 1922 1032 rei
1967 979 2140 1046 gratia

517 1069 520 1072 ’
547 1077 860 1122 sanctarum
881 1057 1289 1139 Seripturarum
1316 1083 1527 1124 amteua
1554 1079 1707 1140 prata
1737 1067 2030 1140 ingredior,
2056 1086 2138 1124 vt-

549 1154 853 1210 ridissimas
914 1158 1307 1212 sententiarum
1364 1159 1561 1214 herbas
1615 1161 1892 1214 exaraudo
1948 1175 2136 1231 carpo,

547 1244 776 1317 legendo
803 1249 1048 1312 comedo,
1085 1248 1478 1320 frequentanda
1529 1252 1761 1316 rumine,
1807 1262 1970 1323 atque
2001 1269 2122 1309 con.

545 1337 816 1408 grcgando
883 1338 1099 1392 tandem
1137 1339 1189 1394 in
1243 1340 1350 1394 alta
1383 1343 1658 1399 memoriae
1706 1345 1835 1399 sede
1888 1360 2130 1416 repono:

543 1437 604 1483 ut
643 1429 732 1482 tali
763 1430 922 1484 modo
945 1439 1032 1484 ttta
1063 1431 1344 1486 dulcedine
1395 1431 1699 1504 degustata,
1735 1437 1914 1491 minus
1966 1439 2132 1494 istius

551 1521 873 1577 miserrima
895 1523 1015 1576 vita:
1044 1523 1434 1582 atuaritudines
1475 1528 1724 1582 sentiam.
1766 1548 1784 1580 ι
1817 1529 1918 1585 Ubi
1947 1533 2133 1588 videas

545 1620 824 1667 auctorem
903 1614 1168 1669 orationis
1243 1631 1397 1672 nonze
1451 1633 1516 1672 ex
1568 1618 1871 1676 imitatione
1927 1623 2126 1694 prioris

2245 434 2342 490 sed
2367 435 2546 490 omnia
2580 435 2900 505 posteriora.
3781 503 3786 506 _

2313 524 2482 580 Liber
2508 525 2915 582 Meditationum
2940 527 3186 599 pluribus
3208 541 3427 588 constat
3448 535 3705 606 partibus
3731 551 3760 591 a
3783 553 3834 592 se

2244 615 2492 672 divulsis.
2545 615 2724 672 Prima
2778 634 2907 688 pars
2941 631 3026 675 est
3066 637 3094 674 a
3133 623 3308 693 capite
3360 625 3385 680 1
3444 627 3516 681 ad
3572 627 3674 693 ID,
3725 644 3832 699 qua

2243 705 2462 775 quidem
2512 706 2784 775 reperitur
2826 710 2966 778 apud
3012 709 3362 778 Ansebnum,
3415 716 3727 785 eademque
3761 728 3834 773 est

2241 810 2365 849 cum
2397 795 2649 852 oratione
2681 797 2741 851 lO
2779 798 2921 868 apud
2945 797 3228 867 Joannem,
3282 803 3566 858 nonnullis
3598 808 3832 864 versibus

2244 885 2468 939 resectis
2495 895 2620 955 post
2670 885 2759 941 illa
2809 887 3004 952 verba,
3058 891 3112 944 in
3176 892 3391 946 odorem
3448 909 3830 965 unguentorum

2243 985 2451 1029 tuorum
2493 977 2738 1040 dulciter,
2776 980 2976 1048 quibus
3022 981 3126 1036 alia
3154 983 3335 1038 subdit
3372 989 3547 1041 codex
3593 988 3829 1052 Joannis,

2241 1078 2361 1134 quze
2391 1065 2800 1122 .‘lleditatiomun
2844 1073 3252 1128 consarcinator
3288 1074 3541 1146 imperite
3574 1081 3830 1136 detraxit.

2312 1156 2560 1212 Secunda
2584 1174 2710 1229 pars
2737 1158 3141 1217 Meditationum
3161 1174 3245 1219 est
3272 1181 3300 1220 a
3329 1169 3826 1241 capitelmnamll

2238 1256 2478 1316 quatuor
2505 1248 2770 1303 duntaxat
2795 1252 3042 1308 versibus
3057 1265 3337 1321 constans,
3380 1257 3830 1328 gloriticatioocm

2239 1344 2448 1392 tantum
2479 1338 2765 1396 Trinitatis
2814 1343 3076 1414 continet)
3109 1362 3278 1418 usque
3318 1349 3385 1403 ad
3410 1366 3532 1420 cap.
3567 1352 3665 1417 33,
3691 1356 3832 1409 exhi-

2237 1426 2436 1498 betque
2483 1428 2619 1482 duas
2667 1431 2878 1500 priores
2930 1444 3112 1502 partes
3159 1447 3214 1490 et
3254 1438 3492 1508 primum
3541 1444 3830 1500 articulum

2239 1521 2414 1574 tertia:
2466 1521 2634 1590 partis
2678 1524 2876 1592 prioris
2922 1525 3118 1591 libelli,
3153 1544 3312 1599 quem
3344 1529 3590 1589 Joannes
3639 1537 3830 1607 Agneti

2237 1608 2569 1678 imperatriei
2622 1616 2986 1683 nttneupavit,
3037 1632 3267 1689 excepto
3297 1622 3502 1692 hymno
3553 1625 3636 1680 De
3671 1630 3831 1696 g’on‘a

543 1703 708 1758 libelli
749 1705 862 1760 bare
888 1705 1055 1761 verba
1104 1721 1404 1777 usurpare,
1459 1718 1520 1764 ut
1547 1725 1605 1765 se
1645 1723 2021 1783 excerptorem
2075 1727 2124 1772 et

2247 1699 2526 1770 l’aradisi,
2585 1720 2745 1775 quem
2805 1709 3223 1766 consarcinator
3267 1723 3390 1782 post
3441 1728 3611 1786 caput
3659 1718 3832 1791 25in-

541 1785 918 1852 delloratorem
970 1798 1204 1867 probet:
1236 1808 1417 1854 atnon
1469 1803 1542 1856 ita
1568 1816 1689 1858 esse
1742 1805 1922 1859 verbis
1962 1804 2128 1861 libelli

545 1890 746 1960 prioris
775 1889 1070 1954 addictum,
1115 1900 1174 1944 ut
1221 1906 1281 1947 ea
1318 1892 1384 1947 de
1411 1894 1577 1948 verbo
1626 1896 1866 1950 studiose
1906 1897 2126 1954 referat.

543 1980 698 2048 Quod
741 1992 1063 2052 argumento
1105 1993 1221 2048 est,
1255 1986 1504 2040 eumdem
1533 1988 1813 2056 utriusque
1861 2004 1983 2044 esse
2027 2005 2126 2042 au-

539 2085 769 2139 ctorem,
797 2089 904 2130 non
928 2075 1387 2131 veroalterutrum
1413 2077 1514 2133 hac
1535 2079 1587 2133 in
1610 2089 1766 2150 parte
1787 2081 1940 2150 quasi
1965 2080 2126 2136 alieni

537 2165 720 2236 operis
749 2164 1126 2221 deﬂoratorem
1154 2183 1169 2232 ;
1197 2165 1351 2235 cujus
1381 2168 1616 2225 oﬂieium
1653 2181 1735 2227 est
1788 2172 2025 2245 syllabas
2071 2182 2127 2228 et

536 2256 702 2310 verba
733 2255 963 2311 aliorum
993 2259 1063 2312 ad
1111 2273 1392 2313 numerum
1437 2261 1660 2316 referre.
1704 2262 1906 2317 Eadem
1933 2264 2126 2318 obser-

537 2347 683 2401 vatio
707 2347 872 2402 etiam
901 2347 1020 2401 aliis
1039 2347 1379 2404 orationibus
1404 2349 1708 2407 adhibenda
1725 2361 1824 2414 est,
1853 2352 1905 2407 in
1929 2353 2126 2422 quibus

536 2437 699 2492 simili
729 2438 888 2493 modo
911 2439 1112 2494 eaedem
1135 2439 1413 2495 sententia:
1427 2441 1493 2496 ad
1516 2455 1758 2509 sensum,
1775 2459 1894 2514 qua:
1919 2446 1970 2499 iu
1989 2447 2126 2502 duo-

537 2532 639 2586 bus
668 2531 863 2588 libellis
897 2540 1137 2594 exstant.
1166 2549 1272 2588 non
1323 2549 1539 2608 semper
1565 2537 1633 2593 ad
1666 2541 1830 2596 verba
1882 2540 2124 2598 studiose

536 2632 882 2692 repetuntur.

604 2713 794 2770 Oratio
815 2715 1103 2770 undecima
1141 2715 1193 2771 in
1225 2718 1411 2774 codice
1435 2718 1662 2777 Joannis
1684 2737 1783 2792 pro
1819 2724 2124 2794 gratiarum

533 2806 750 2863 actione
779 2807 844 2862 de
891 2807 1170 2864 beneﬁciis
1199 2810 1428 2875 divinis,
1469 2811 1732 2884 incipiens
1772 2817 1841 2870 ab
1871 2815 1964 2886 bis.
1999 2831 2124 2872 ver-

531 2897 638 2964 bis,
667 2899 796 2973 Spcs
823 2915 961 2965 utea,
999 2899 1206 2956 Christe
1252 2901 1413 2965 Deus,
1457 2912 1587 2969 ele.,
1629 2906 1862 2962 habetur
1908 2909 2126 2980 quidem

532 2989 676 3059 apud
729 2989 1072 3055 Anselmum,
1123 3001 1314 3060 estque
1358 2992 1656 3064 alloquium
1721 2997 1814 3053 12.
1864 3001 1934 3053 At
1975 3009 2124 3056 certe

2232 1795 2424 1848 seruit.

2303 1885 2545 1942 Tertiam
2593 1899 2805 1959 partem
2844 1893 3257 1950 .‘lleditationtun
3290 1896 3497 1953 definio
3534 1899 3722 1971 capite
3743 1901 3823 1968 54,

2231 1977 2375 2046 quod
2407 1978 2544 2032 idem
2583 1989 2666 2035 est
2686 1997 2807 2036 cum
2839 1985 3086 2040 oratione
3109 1986 3163 2051 -ί,
3194 2003 3315 2058 qua:
3345 1987 3400 2043 in
3453 1990 3648 2045 codice
3673 1990 3831 2047 Joan-

2233 2067 2320 2122 nis
2355 2067 2497 2124 libro
2526 2073 2811 2140 posteriori
2850 2077 3102 2145 adjuncta
3131 2089 3234 2132 est.

2305 2161 2506 2228 Quarta
2539 2179 2665 2233 pars
2696 2165 3104 2223 Meditationum
3148 2171 3537 2242 complectitur
3563 2183 3734 2246 caput
3761 2177 3824 2231 35

2235 2265 2360 2305 eum
2391 2251 2601 2308 duolms
2631 2257 3124 2327 subsequentibus;
3155 2262 3353 2331 quibus
3382 2269 3723 2336 respondent
3745 2283 3828 2320 ar-

2239 2343 2388 2398 ticuli
2445 2347 2738 2414 secundus,
2775 2351 2990 2418 tertius,
3032 2363 3261 2421 quartus
3309 2366 3363 2410 et
3394 2357 3624 2426 quintus
3651 2361 3821 2414 tertia:

2231 2432 2402 2503 partis
2447 2433 2611 2490 libelli
2663 2438 2864 2506 prioris
2905 2442 3045 2509 apud
3091 2439 3377 2509 Joannem,
3429 2448 3677 2516 exceptis
3724 2449 3824 2502 ﬁne

2230 2521 2446 2578 articuli
2471 2525 2650 2594 quarti
2675 2527 2744 2582 ab
2774 2529 2859 2584 his
2894 2531 3091 2592 verbis,
3119 2531 3358 2586 Dormiat
3396 2537 3656 2589 memoria
3680 2552 3823 2600 meo;

2228 2624 2284 2670 et
2312 2615 2469 2671 initio
2505 2623 2818 2690 sequentis,
2851 2639 2970 2694 qua:
3007 2623 3423 2682 Meditationutn
3478 2630 3823 2685 consarcina-

2229 2715 2317 2762 tor
2371 2712 2629 2766 resecuit.

2302 2801 2497 2869 Quinta
2530 2819 2656 2874 pars
2683 2804 3092 2863 Meditationum
3124 2819 3340 2866 constat
3367 2814 3558 2883 capite
3600 2813 3688 2879 38,
3712 2827 3820 2870 est-

2232 2907 2339 2962 que
2368 2895 2545 2951 oratio
2575 2909 2766 2953 octava
2797 2898 2849 2953 in
2886 2899 3072 2954 codice
3099 2899 3346 2958 Joannis.

2303 2989 2468 3044 Serua
2499 3005 2626 3061 pars
2651 2991 2894 3046 continet
2916 2993 3092 3062 capita
3120 2993 3188 3048 54
3210 3003 3259 3050 et
3283 2995 3353 3049 40
3377 2994 3820 3064 Meditationum,

533 3079 731 3136 leauui
762 3083 942 3151 potius
989 3084 1274 3138 tribuenda
1305 3095 1390 3140 est
1435 3100 1600 3155 quam
1647 3086 1926 3144 Anselmo.
1967 3090 2023 3146 In
2053 3107 2114 3146 ea
2149 3072 2194 3134 (ἶ
2231 3094 2352 3149 (illic
2382 3079 2578 3134 ἀθεηηῑ
2603 3080 2742 3150 ill)ud
2771 3079 3268 3151 Joalllmll-Pl‘mlﬂ
3291 3101 3483 3142 "87505
3501 3105 3822 3159 nono-meos

531 3172 804 3241 siquidem
835 3183 1024 3228 auctor
1050 3174 1278 3244 gratiam
1307 3191 1339 3229 a
1387 3175 1497 3231 Deo
1537 3178 1775 3247 postulat
1823 3180 1939 3235 loca
1980 3199 2121 3237 com-

539 3264 704 3316 missa
731 3302 746 3327 ,
776 3263 829 3317 id
873 3272 956 3318 est
985 3264 1315 3319 nionasteria
1362 3267 1582 3338 regendi
1628 3268 1777 3335 (nam
1814 3271 1982 3328 abbas
2003 3284 2123 3328 erat

531 3353 778 3423 quisquis
805 3352 892 3408 ille
922 3354 1040 3421 fuit,
1070 3363 1126 3410 ut
1168 3370 1235 3412 ex
1266 3358 1530 3414 orationis
1560 3361 1704 3416 serie
1725 3360 1929 3426 liquido
1964 3364 2122 3419 colli-

533 3445 721 3517 gitur).
753 3447 822 3500 At
853 3461 985 3502 vero
1015 3447 1310 3503 Anselmus
1343 3465 1510 3506 unum
1542 3451 1812 3508 Beccense
1850 3467 2122 3512 monaste-

529 3535 695 3597 rium,
717 3533 952 3591 Joannes
973 3536 1078 3591 duo
1102 3537 1499 3596 administravit
1520 3540 1707 3600 abbas.
1729 3541 1836 3599 Sed
1858 3560 1980 3600 cum
2009 3545 2122 3603 fere

533 3625 772 3694 aequales
803 3626 1002 3683 fuerint
1029 3629 1268 3687 Joannes
1317 3641 1370 3688 et
1399 3633 1707 3698 Anselmus.
1763 3629 1908 3693 facili
1932 3653 2120 3695 errore

529 3733 650 3786 qua).
678 3718 902 3775 alterius
925 3732 1103 3789 erant,
1133 3738 1230 3780 nec
1251 3727 1490 3783 auctoris
1515 3727 1876 3800 praeferebant
1895 3747 2116 3800 nomen,

525 3809 682 3865 alteri
701 3813 928 3882 supponi
953 3824 1200 3885 potuere.

607 3902 668 3957 κ.
728 3901 844 3958 Jam
899 3921 1032 3961 vero
1062 3907 1246 3962 sitam
1289 3908 1522 3978 priorem
1571 3910 1801 3969 Joannis
1871 3913 2114 3969 libellum

526 4007 692 4063 quam
745 3997 1024 4066 sequentia
1077 3997 1337 4068 opuscula
1383 3999 1731 4059 conferamus
1795 4019 1921 4059 cum
1973 4005 2114 4060 lib'ro

530 4084 950 4143 Mcditationutn
979 4089 1072 4158 qui
1122 4090 1223 4144 sub
1255 4089 1474 4144 nomine
1522 4091 1813 4162 Augustini
1865 4092 2116 4168 vulgatus

521 4185 625 4236 est.
653 4178 842 4233 eadem
871 4178 924 4233 in
955 4178 1202 4247 utrisque
1224 4178 1290 4232 de
1305 4179 1470 4232 verbo
1496 4182 1723 4249 repetita
1757 4183 2114 4244 inveniemus.

525 4266 713 4338 ltaque
755 4285 935 4339 opera:
964 4271 1202 4340 pretium
1236 4287 1322 4326 me
1357 4271 1630 4327 facturum
1683 4284 1900 4344 putavi,
1962 4291 2116 4332 enm-

526 4376 632 4430 que
681 4362 874 4415 harum
920 4360 1329 4416 adnotationtnn
1374 4363 1613 4420 fructum
1655 4367 1786 4420 mibi
1834 4367 2110 4437 proposui,

2230 3169 2423 3240 capitis
2463 3167 2562 3230 40,
2595 3171 2792 3240 quibus
2828 3173 3139 3230 consimiles
3193 3173 3447 3246 leguntur
3497 3181 3556 3234 in
3606 3179 3822 3236 Joannis

2227 3263 2475 3318 oratione
2510 3263 2766 3318 secunda.

2299 3354 2540 3423 Denique
2572 3355 2800 3425 septima
2835 3371 2960 3426 pars
2992 3357 3373 3426 complectitur
3404 3372 3578 3431 caput
3607 3363 3674 3418 41
3714 3362 3818 3417 lle-

2225 3445 2571 3508 ditationum,
2624 3453 2819 3517 estque
2870 3447 3063 3502 eadem
3116 3466 3240 3504 eum
3282 3449 3574 3507 Mettensrs
3627 3450 3820 3509 codicis

2224 3539 2471 3595 oratione
2515 3537 2602 3604 15,
2627 3552 2746 3609 quae
2772 3537 3029 3594 Anselmo
3057 3540 3109 3594 in
3152 3541 3308 3596 libris
3338 3543 3507 3599 editis
3540 3545 3815 3600 tribuitr.

2296 3629 2376 3684 Ex
2431 3629 2532 3685 bac
2577 3628 2867 3684 collatione
2904 3630 3192 3687 manileste
3221 3631 3516 3688 coniicitur
3549 3636 3629 3697 id,
3682 3635 3816 3704 quod

2223 3721 2489 3777 hactenus
2538 3721 3024 3777 demonstrandum
3075 3724 3312 3794 suscepi,
3344 3725 3559 3780 scilicet
3598 3725 3817 3782 Medita-

2225 3812 2432 3866 tionum
2456 3811 2801 3868 eolleetorem
2819 3827 2886 3868 ex
2911 3814 3079 3871 variis
3097 3813 3324 3871 Joannis
3341 3818 3625 3887 opusculis
3658 3834 3816 3873 unum

2221 3915 2418 3971 corpus
2477 3900 2885 3958 Meditationum
2931 3907 3292 3976 compegisse,
3327 3909 3581 3978 exceptis
3627 3920 3820 3965 unoct

2221 3992 2393 4049 altero
2421 3993 2689 4064 capitulis,
2719 4010 2783 4050 ac
2807 3995 3034 4065 proinde
3057 3997 3268 4054 Joanne
3293 4014 3415 4055 esse
3432 4001 3812 4070 posteriorem.

2223 4085 2406 4156 Itaque
2435 4087 2513 4142 sic
2542 4102 2632 4142 res
2673 4089 3010 4158 processisse
3040 4090 3275 4145 videtur.
3329 4090 3578 4148 Joannes
3620 4111 3689 4148 ex
3716 4100 3817 4147 ἣν

2221 4177 2419 4242 tribus,
2449 4178 2686 4232 maxime
2718 4193 2783 4232 ex
2814 4179 3115 4251 Augustino
3141 4191 3197 4237 et
3219 4181 3476 4247 Alcuino,
3515 4186 3817 4239 sententias

2221 4267 2586 4336 deecrpendo,
2611 4267 2824 4324 libellos
2861 4283 3082 4338 precum
3130 4270 3267 4325 duos
3320 4271 3571 4342 aliasque
3617 4276 3816 4329 oratio-

2222 4369 2320 4411 nes
2349 4357 2674 4428 composuit.
2707 4357 2833 4413 Hare
2858 4368 2916 4412 ut
2939 4360 3006 4414 ad
3032 4375 3252 4414 manum
3271 4360 3527 4425 haberet,
3560 4366 3814 4418 continua

527 4427 589 4503 ut
619 4461 740 4504 uter
761 4459 952 4504 auctor
981 4451 1048 4504 ab
1077 4450 1249 4507 altero
1282 4454 1396 4508 haec
1418 4463 1695 4511 mutuatus
1716 4455 1807 4522 sit,
1849 4457 2110 4528 aperiam.
2149 4427 2199 4488 ι)
2224 4448 2370 4504 serie
2397 4448 2540 4503 male
2567 4449 2776 4518 ιιῑεοειτι
2811 4451 2864 4504 ill
2913 4465 3077 4506 unum
3111 4452 3331 4525 collegit
3360 4453 3564 4523 θιίιιιιίε
3592 4471 3812 4512 ωῠεδτο

527 4542 691 4611 Atqui
721 4541 775 4596 in
806 4541 943 4596 libro
965 4541 1371 4599 Meditationum
1401 4545 1795 4616 Augustiniano
1821 4547 2112 4606 manifesta

529 4641 790 4702 apparent
830 4631 1078 4704 plagiarii
1125 4643 1182 4688 et
1216 4637 1678 4693 consarcinatoris
1743 4639 1965 4695 indicia.
2021 4641 2113 4697 Ni-

527 4725 728 4782 mirum
753 4727 840 4782 bie
869 4727 1007 4784 liber
1034 4729 1278 4800 pluribus
1312 4740 1528 4787 constat
1569 4733 1816 4804 partibus
1858 4735 2000 4791 male
2023 4753 2112 4793 eo-

529 4814 861 4872 bzcrentibus
912 4827 969 4874 et
1010 4820 1275 4885 consutis,
1319 4837 1441 4891 qua:
1483 4823 1700 4892 quidem
1732 4823 2114 4897 singulmprze-

528 4905 690 4962 clara:
727 4918 852 4962 sunt
873 4907 1028 4978 juxta
1056 4925 1121 4965 ac
1149 4911 1273 4980 piae,
1305 4919 1362 4966 at
1407 4913 1567 4968 simul
1597 4913 1866 4985 colligata:
1913 4930 2112 4986 corpus

529 4995 671 5051 male
741 5008 1054 5076 contextum
1132 5009 1583 5072 compactumque
1657 5004 1919 5060 etliciunt.
1975 5004 2110 5059 Nam

530 5088 739 5126 ιΙῖιηιΙ-ἑο
769 5091 1089 5126 ἶιιοῑιηηῖιηιη
1113 5092 1164 5126 ἶη
1197 5109 1362 5126 ηηηηι
1397 5106 1767 5126 ηΛηηΛιιοιηΙιιη
1822 5113 1940 5126 ιιι-ω
1969 5097 2109 5125 αισι-ιι.

2219 4543 2452 4598 cinator.
2485 4540 2616 4610 Quae
2642 4542 2920 4608 collectio,
2948 4545 3074 4614 quia
3101 4546 3392 4616 Augustini
3438 4565 3662 4620 gemunt
3691 4564 3810 4605 sen-

2225 4637 2535 4706 tentiasque
2575 4634 2873 4702 referebat,
2919 4637 3224 4707 Augustino
3251 4655 3280 4693 a
3313 4644 3554 4711 posteris
3581 4642 3806 4712 ascripta

2219 4735 2321 4782 est.
2371 4727 2487 4793 Qua
2541 4727 2592 4780 in
2627 4742 2686 4782 re
2733 4729 2918 4784 nescio
2956 4744 3066 4800 quo
3117 4730 3230 4786 fato
3270 4731 3322 4786 id
3359 4731 3563 4787 Joanni
3593 4736 3806 4797 accidit,

2219 4815 2364 4886 quod
2397 4830 2464 4870 ne
2489 4815 2766 4872 accideret
2786 4819 3028 4876 studiose
3048 4831 3388 4891 praecaverat
3413 4823 3467 4876 in
3491 4823 3808 4879 Praefatiouc

2215 4909 2336 4964 libri
2363 4907 2582 4976 prioris,
2605 4909 2868 4978 Aguetem
2893 4910 3186 4982 Augustam
3211 4911 3545 4977 obtestatus,
3562 4917 3644 4969 uti
3664 4915 3806 4968 daret

2216 5017 2436 5072 operam
2469 5015 2538 5056 ne
2567 5003 2690 5071 quis
2713 5002 3062 5061 librariorum
3091 5005 3291 5073 scripta
3311 5011 3680 5070 suavitiaret,
3702 5008 3806 5061 sive

2216 5094 2418 5124 n':ﬂll:l‘
2447 5095 2690 5124 ﬂl'l'--\J'A
2761 5111 2854 5124 uno.
2888 5096 3254 5122 κ--Ιιι-ι-Ι-.ι...ΙΑ
3307 5108 3397 5122 Α...
3435 5098 3798 5122 2-..----.ιλ...ἠο
