3940 5382
124 143 209 197 ιῦδ

1232 122 1566 180 ιιιιιειιυε
1607 122 1905 179 PBECUM.
1932 152 1999 167 --
2020 122 2410 180 PROLOGVS.

3247 124 3351 180 454

120 257 235 308 hanc
252 244 612 304 collectionem
650 240 767 295 iere
819 239 1084 310 integram
1134 251 1213 290 cm
1239 235 1423 290 natam
1455 249 1576 289 esse
1598 248 1663 288 ex
1700 244 1741 297 Λ
1774 234 1905 287 Cum
1933 234 2065 287 reris
2089 243 2136 288 et
2163 235 2403 304 perfectis
2430 236 2590 288 servis
2621 233 2757 300 tuis;
2794 235 3051 291 collector
3086 239 3347 307 reposuit,

118 340 355 415 opusculis
387 335 613 393 Joannis
636 333 867 397 abbatis,
918 332 1010 399 qui
1046 328 1331 398 Augustini
1376 327 1661 382 sententiis

120 432 375 491 identidem
428 443 559 483 usus
599 435 704 481 est.
761 424 877 479 Non
924 437 1055 493 ergo
1097 420 1432 492 Augustinus
1470 420 1662 473 harum

116 520 489 581 llcditalionum
528 525 743 580 auctor,
775 514 870 570 sed
896 512 1096 583 aliquis
1140 511 1280 565 alius
1308 508 1517 564 Joanne
1539 522 1663 579 pos-

117 616 270 670 terior.
296 608 548 666 Anselmo
581 620 703 663 eam
755 604 945 659 tribuit
972 601 1303 672 TheOphilus
1333 599 1664 665 Rainaudus,

117 710 198 763 hac
234 704 490 759 adductus
536 700 747 754 ratione
797 696 942 767 quod
998 692 1259 749 nonnulla
1305 707 1372 747 ex
1420 690 1664 746 Anselmi

116 794 327 869 genuinis
358 791 513 847 libris
559 791 843 859 desumpta
891 787 1021 843 sint.
1062 783 1262 839 Verum
1325 797 1500 853 neque
1548 782 1665 837 haec

118 888 231 943 ratio
256 886 304 940 id
326 884 564 948 evincit,
592 896 771 951 neque
811 888 920 934 tam
950 878 1191 934 Anselmi
1240 891 1403 946 quam
1433 874 1666 930 Joannis

116 978 292 1033 abbatis
330 974 551 1044 scriptis
604 979 819 1027 constat
864 970 979 1025 haec
1000 968 1268 1023 collectio.
1302 966 1487 1036 Neque
1535 980 1666 1021 sane

117 1058 402 1125 crediderim
450 1064 790 1127 Anselmum,
836 1061 1110 1116 hominem
1142 1070 1376 1125 tantum,
1409 1073 1475 1112 ex
1501 1057 1667 1113 meris

118 1170 361 1216 auctorum
387 1155 677 1227 asqualium
702 1152 899 1225 plagiis
924 1152 1090 1206 libros
1112 1150 1548 1213 consarcinasse,
1572 1148 1666 1217 qui

116 1268 167 1306 ex
208 1249 428 1322 propriis
479 1247 677 1318 ingenii
725 1245 810 1301 sui
872 1243 1115 1300 fontibus
1169 1243 1388 1314 propria
1431 1242 1670 1297 condere

116 1354 249 1398 natus
272 1350 428 1405 erat;
457 1350 574 1406 aut,
596 1341 641 1395 si
666 1340 721 1393 id
754 1346 1036 1402 tentasset,
1066 1346 1174 1390 tam
1212 1336 1351 1391 male
1374 1351 1488 1390 rem
1512 1349 1670 1391 essev

118 1443 331 1489 cuturum
387 1430 581 1485 fuisse.
633 1428 896 1498 Quisquis
946 1442 1080 1481 vero
1130 1424 1390 1481 collector
1431 1423 1522 1479 illo
1572 1424 1666 1489 sit,

118 1533 243 1578 certe
278 1521 578 1577 monachus
633 1519 753 1573 fuit.
785 1517 953 1586 Cujus
997 1518 1075 1571 rei
1125 1523 1503 1587 argumentum
1561 1523 1667 1578 est,

1769 341 1887 379 cum
1916 328 2046 379 reris
2072 336 2120 379 et
2149 327 2388 395 perfectis
2412 328 2704 393 monachis,
2727 344 2953 399 quorum
2988 330 3199 402 uestigia
3231 333 3350 385 .wi-

1767 418 1872 472 tari
1891 434 2108 487 nequeo,
2134 428 2240 472 etc.

1838 508 2107 564 Cmterum
2134 511 2178 563 si
2216 511 2340 580 quis
2386 511 2485 566 has
2532 510 2909 569 Meiitationes
2952 524 3007 570 et
3053 515 3348 582 auctiores,

1767 608 1822 655 et
1848 601 2271 667 emendatiores,
2302 613 2465 673 atque
2499 605 2636 659 adeo
2659 606 2869 660 meliori
2892 608 3083 663 ordine
3110 609 3349 681 digestas

1768 690 1973 747 habere
2041 690 2293 756 voluerit,
2325 693 2571 748 consulat
2618 696 2860 750 codicem
2912 696 3252 763 Mettensem,
3298 716 3349 755 ιιι

1770 797 1878 853 quo
1898 782 2167 838 habentur
2186 782 2442 853 opuscula
2463 781 2687 840 Joannis
2709 787 2934 849 abbatis,
2955 796 3011 841 ut
3027 789 3240 857 quidem
3258 806 3354 859 pn-

1773 873 2272 939 to,Fiscamnensis,
2288 874 2443 945 cujus
2461 875 2715 945 epistolas
2731 885 2837 932 tres
2855 878 3079 933 inferius
3095 880 3350 934 referam.

1843 964 2035 1029 Nunc,
2076 964 2332 1033 quoniam
2375 972 2486 1018 tum
2530 964 2582 1019 in
2615 966 2889 1035 opusculis
2932 964 3180 1032 Joannis,
3234 975 3347 1020 tum

1772 1054 1827 1110 in
1886 1052 2327 1109 hleditationibus
2379 1052 2790 1124 Augustinianis
2837 1055 3181 1124 reperiuntur
3214 1068 3340 1124 per-

1771 1145 1938 1200 multa
1966 1161 2086 1216 qua:
2112 1146 2295 1199 itidem
2319 1155 2537 1200 exstant
2564 1146 2999 1202 in-Conl'essione
3052 1147 3195 1211 tidei,
3249 1148 3349 1202 sub

1772 1238 1983 1293 Alcuini
2032 1238 2251 1293 nomine
2300 1253 2407 1293 non
2441 1238 2515 1293 ita
2553 1239 2763 1309 pridem
2794 1239 3031 1309 vulgata,
3069 1240 3223 1308 juvat
3259 1254 3355 1294 ex-

1771 1345 1979 1401 ponere
2021 1330 2123 1385 hoc
2153 1330 2270 1385 loco
2318 1345 2440 1401 qum
2493 1331 2592 1400 ipsi
2626 1330 2967 1385 Confessioni
3024 1330 3355 1385 illustranda:

1772 1421 1988 1491 assequi
2036 1421 2167 1475 mihi
2201 1420 2370 1476 licuit.
2410 1421 2566 1491 (Qua:
2602 1422 2685 1475 hic
2714 1422 2778 1476 de
2802 1422 3137 1493 Confessio":
3179 1421 3362 1475 Alcai-

1777 1512 1939 1566 niana
1961 1513 2322 1581 expositurum
2336 1529 2390 1565 se
2411 1513 2485 1565 ait
2518 1512 2881 1576 Mabillom‘us,
2907 1514 2975 1566 ad
3000 1512 3195 1565 calcem
3227 1512 3355 1565 tomi

115 1614 235 1684 quod
270 1615 319 1669 in
347 1628 471 1683 cap.
505 1612 539 1666 6
565 1611 973 1665 Mcditationum
993 1649 1007 1673 ,
1041 1608 1131 1663 ubi
1161 1606 1399 1663 Joannes
1454 1605 1618 1661 habet
1656 1623 1668 1659 :
1707 1601 1749 1660 Β
1778 1604 2173 1670 Analectorum,
2203 1614 2259 1657 ut
2287 1604 2598 1676 prolixiora,
2622 1606 2836 1660 seorsim
2858 1606 2996 1659 edita
3024 1607 3191 1671 sunt.)

156 1744 3349 1769 ————————————-——————-———————u—n—~

1092 1847 1692 1966 JOANNIS
1750 1848 2351 1967 ABBATIS

1332 2019 2009 2116 PROLOGUS.

165 2222 237 2286 Αι
265 2223 714 2303 imperatrt'cem
747 2222 1003 2284 viduam
1032 2220 1297 2283 Henrict'
1339 2217 1781 2355 imperaéott'isb
1807 2216 1873 2276 in
1898 2235 2059 2297 opus
2082 2236 2345 2301 precum
2380 2226 2706 2288 variarum
2742 2247 2779 2287 a
2813 2247 2877 2289 se
2907 2232 3324 2310 compositum

1447 2315 1526 2355 ea:
1614 2316 1651 2354 a
1684 2314 1740 2355 rt
1787 2314 1886 2355 us.

1447 2315 1526 2358 ea:
1559 2314 1886 2356 famous.

175 2512 366 2566 Dudum
402 2512 658 2582 quidem,
699 2511 918 2567 domina
965 2509 1309 2580 imperatrix,
1352 2506 1446 2563 tibi
1478 2514 1671 2577 petere

121 2604 294 2675 placuit
325 2613 382 2660 ut
419 2621 487 2659 ex
528 2603 829 2675 Scripturis
854 2602 1161 2673 colligerem
1206 2599 1509 2655 luculentus
1547 2598 1672 2652 bre-

122 2712 293 2768 resque
312 2712 629 2761 sermones,
671 2698 724 2751 in
752 2695 1121 2767 quihusjuxta
1156 2694 1325 2765 legem
1361 2692 1568 2748 ordinis
1596 2691 1673 2745 tui

121 2790 296 2860 absque
339 2790 493 2860 gravi
544 2789 730 2843 labore
759 2788 973 2844 discere
1007 2800 1193 2855 posses
1234 2798 1479 2839 normam
1537 2783 1675 2837 bene
1702 2823 1749 2886 ϐ

123 2881 541 2937 tideodi.0mnis
571 2881 715 2936 enim
748 2880 967 2952 gradus,
990 2888 1122 2933 aetas
1143 2887 1199 2932 et
1220 2892 1384 2933 sexus
1414 2877 1480 2930 ad
1508 2875 1677 2930 infor-

123 2974 381 3029 mationem
408 2974 537 3027 vita!
566 2987 677 3027 sua:
703 2972 756 3025 in
787 2971 957 3025 sacris
981 2970 1182 3024 litteris
1214 2968 1489 3039 propriam
1511 2966 1678 3021 habet

122 3062 391 3118 doctrinam
412 3104 428 3128 ,
454 3071 522 3117 ιιι
550 3051 920 3132 unusquisque
943 3060 996 3115 in
1020 3060 1304 3115 vocatione
1324 3074 1429 3128 qua
1454 3066 1679 3113 vocatus

122 3162 189 3206 est
208 3154 502 3209 rectissime
522 3153 827 3217 ambulans,
853 3152 1140 3222 pervenire
1155 3150 1333 3205 valeat
1352 3151 1419 3205 ad
1449 3163 1677 3220 regnum

123 3240 165 3296 iu
191 3257 286 3311 quo
312 3243 499 3299 multa:
527 3252 653 3298 sunt
674 3242 1005 3297 mansiones.
1048 3241 1289 3311 Denique
1325 3248 1448 3309 post
1467 3240 1677 3294 obitum

123 3337 404 3392 reverendae
451 3335 735 3390 memoriae
772 3334 975 3389 domini
1012 3332 1248 3388 Heinrici
1277 3331 1565 3387 clarissimi
1595 3348 1680 3385 sa-

122 3424 397 3494 pientisque
422 3426 804 3498 imperatoris,
832 3426 1104 3496 quondam
1130 3425 1232 3479 viri
1264 3424 1338 3478 tui
1362 3465 1376 3488 ,
1408 3424 1681 3481 laudabile

122 3520 427 3586 propositum
474 3518 764 3573 laboriosa:
814 3517 1094 3573 viduitatis
1150 3516 1279 3571 totis
1322 3516 1572 3586 amplexa
1621 3530 1683 3571 es

121 3607 318 3665 viribus.
365 3610 433 3665 Et
468 3624 782 3679 quanquam
810 3609 1121 3672 nobilitas,
1161 3622 1295 3677 opes
1342 3617 1398 3662 et
1443 3616 1576 3661 retas
1613 3606 1681 3661 ad

123 3703 442 3767 repetendum
473 3701 774 3757 thalamum
807 3711 858 3755 te
883 3700 1214 3766 invitarent,
1256 3699 1477 3755 noluisti
1502 3709 1682 3755 tamen

120 3804 199 3845 cor
227 3802 368 3848 tuum
396 3792 663 3849 inclinare
686 3793 755 3847 ad
779 3792 943 3849 verba
969 3791 1249 3847 hominum
1270 3806 1368 3861 pro
1381 3791 1526 3845 veris
1548 3790 1681 3846 lalsa

121 3886 576 3951 contendentium;
605 3884 702 3941 sed
730 3892 915 3940 erecta
935 3899 1177 3949 sursum,
1206 3884 1467 3939 accinctis
1485 3882 1682 3939 lumbis

122 3975 292 4030 stetisti
318 3976 538 4032 fortiter
558 3992 727 4048 super
754 3976 919 4047 pedes
945 3986 1066 4031 tuos
1093 4015 1108 4040 ,
1134 3984 1195 4030 ut
1216 3974 1543 4046 contemptis
1567 3974 1688 4029 ille-

108 4066 274 4123 .cebris
310 4069 497 4124 carnis
553 4076 609 4123 et
660 4067 847 4122 mundi
892 4067 1101 4122 servias
1132 4066 1352 4122 Christo
1375 4063 1605 4121 Domino
1628 4065 1681 4119 in

122 4158 386 4224 castitate,
444 4167 503 4215 et
547 4158 764 4214 caeteris
818 4156 1086 4213 nobilibus
1127 4157 1394 4212 matronis
1441 4158 1684 4228 praebeas
1713 4198 1761 4259 Β

123 4250 315 4320 dignum
370 4252 699 4308 imitationis
755 4250 1096 4320 exemplum,
1161 4250 1413 4307 videlicet
1468 4260 1527 4304 ut
1589 4265 1686 4320 per

123 4345 490 4400 continentiam
516 4353 661 4399 tuam
687 4344 755 4399 ad
786 4344 1007 4398 meliora
1041 4352 1348 4414 provocatos
1371 4383 1386 4408 ,
1416 4342 1687 4398 defunctis

124 4434 313 4489 maritis
331 4444 553 4490 servent
582 4434 765 4498 Iidem,
780 4432 969 4504 eisque
983 4448 1080 4503 per
1102 4432 1325 4488 caeleste
1355 4432 1684 4487 sacrificium

124 4538 305 4581 necnon
327 4534 383 4581 et
404 4542 511 4597 per
524 4525 772 4582 assiduas
789 4523 1163 4595 eleemosynas
1189 4532 1375 4594 petant
1400 4540 1430 4578 a
1455 4525 1687 4579 Domino

123 4626 443 4681 peccatorum
475 4617 879 4673 remissionem.
928 4616 1100 4683 Quam
1139 4614 1399 4672 decorum
1438 4625 1493 4671 et
1520 4618 1688 4671 hone-

122 4712 244 4761 stum
292 4716 405 4774 est,
497 4718 559 4762 ut
606 4708 917 4764 Christiana
968 4708 1202 4774 mulier,
1274 4717 1397 4777 post
1453 4709 1683 4779 primam

122 4798 310 4857 amissa
328 4801 671 4874 virginitatis
709 4801 978 4871 palmam,
1014 4802 1095 4856 sic
1140 4802 1394 4870 deinceps
1437 4812 1590 4857 caste
1633 4810 1688 4856 et

122 4888 279 4946 sobrie
319 4897 545 4948 studeat
578 4893 764 4947 vivere
790 4933 806 4959 ,
854 4902 1124 4963 quatenus
1165 4893 1327 4947 unius
1371 4894 1473 4948 viri
1511 4907 1685 4961 uxor,

122 4982 393 5049 opitulante
411 4984 740 5049 Domino,et
762 4999 882 5041 esse
902 4996 954 5039 et
978 4984 1083 5040 dici
1108 4984 1303 5040 valeat.
1325 4983 1478 5041 Hanc
1502 4992 1683 5041 autem

122 5074 262 5131 unius
289 5075 503 5148 copulas
543 5076 834 5146 gloriosam
871 5077 1162 5143 virtutem,
1190 5078 1244 5131 ni
1276 5076 1453 5146 l'allor,
1497 5077 1687 5134 obser-

122 5167 327 5223 vandam
351 5169 677 5240 pronuntiat
716 5169 804 5224 illa
854 5186 959 5225 una
994 5179 1145 5225 costa
1194 5186 1313 5240 quas
1348 5175 1483 5229 tulta
1512 5174 1689 5230 estde

118 5268 323 5325 corpore
344 5260 481 5325 viri,
521 5273 588 5314 ex
609 5275 716 5329 qua
740 5258 969 5315 formata
1005 5269 1088 5316 est
1113 5260 1323 5316 mulier.

856 5353 1137 5382 ΛηαῑιΙη-ζεη

177 5347 405 5382 Γηπηῖιῖο
455 5351 644 5382 :Innnn
696 5351 795 5382 ηἶῖ.
856 5353 1137 5382 λΑιιΞιΙη-ιξξη
1179 5354 1356 5382 ηηηιιῗι.
1383 5357 1457 5382 In:

1555 5370 1681 5382 mn--

1792 2515 1976 2561 tecnm
2030 2506 2234 2563 habeas
2284 2508 2639 2576 documenta,
2713 2528 2834 2583 qua:
2886 2527 3094 2572 rectum
3157 2520 3368 2590 plenius

1779 2603 2067 2656 ostendant
2116 2602 2249 2667 iter,
2297 2618 2395 2672 per
2429 2592 2573 2673 quod
2605 2605 2777 2661 fidelis
2807 2608 2967 2665 vidua
3006 2609 3153 2677 just.)
3187 2624 3241 2667 et
3272 2618 3359 2686 pio

1782 2693 2034 2750 incedere
2062 2694 2277 2750 debeat.
2313 2696 2536 2767 Insuper
2560 2707 2614 2751 et
2643 2699 2808 2754 alium
2835 2703 3012 2759 addidi
3057 2720 3363 2763 sermonem

1780 2784 1847 2837 de
1876 2784 1983 2838 vita
2012 2794 2068 2840 et
2097 2785 2336 2841 moribus
2358 2788 2629 2858 virginum
2648 2829 2663 2855 ,
2703 2790 2768 2844 ad
2798 2793 3140 2852 instruendas
3160 2801 3365 2852 sancti-

1781 2875 2043 2930 moniales
2079 2890 2198 2945 qua:
2227 2876 2280 2930 in
2323 2885 2416 2931 tuo
2467 2880 2800 2935 monasterio
2838 2893 3177 2955 congregatae
3219 2898 3366 2942 sunt.

1782 2967 1847 3022 Et
1900 2969 2023 3037 quia
2064 2978 2117 3023 te
2163 2970 2372 3025 actibus
2404 2971 2791 3029 misericordiae
2823 2976 3056 3032 ded'tatn
3087 2983 3324 3051 comperi
3352 3022 3369 3045 ,

1782 3074 1883 3115 nec
1932 3059 2059 3114 illud
2112 3075 2327 3131 quoque
2378 3077 2466 3117 me
2512 3064 2752 3121 scribere
2797 3067 3000 3136 piguit,
3066 3070 3208 3139 quod
3257 3087 3365 3126 non

1780 3151 2171 3206 ecclesiasticis
2232 3152 2449 3207 divitias
2505 3154 2705 3210 multas
2746 3158 3193 3225 possidentibus,
3269 3163 3366 3218 sed

1779 3242 1988 3307 viduis,
2020 3242 2309 3313 orphanis,
2342 3245 2573 3300 inﬁrmis
2598 3287 2611 3311 ,
2656 3250 2959 3318 peregrinis
2999 3250 3211 3323 illisque
3246 3270 3370 3324 per-

1781 3336 2017 3391 maxime
2045 3337 2137 3406 qui
2162 3351 2288 3392 vere
2317 3350 2440 3392 sunt
2467 3352 2733 3409 pauperes
2753 3340 2977 3407 Christi,
3000 3343 3184 3412 procul
3208 3344 3371 3401 dubio

1783 3430 2160 3499 dispensanda?
2206 3441 2333 3485 sunt
2382 3430 2763 3502 eleemosynre.
2840 3433 2964 3489 Haec
3013 3451 3141 3491 vero
3189 3439 3371 3492 omnia

1783 3519 1991 3575 faciens
2015 3561 2029 3584 ,
2078 3520 2133 3574 in
2174 3520 2452 3575 laboribus
2492 3523 2627 3576 meis
2672 3533 2894 3592 propter
2933 3524 3156 3580 multam
3192 3527 3374 3582 chari-

1767 3594 1949 3666 'tatem
1980 3622 2123 3666 tuam
2151 3627 2255 3667 non
2284 3614 2429 3668 sensi
2461 3613 2720 3667 laborem.

1855 3698 2259 3765 Obmutescite,
2318 3700 2513 3756 Scilltei
2565 3718 2764 3766 canes,
2821 3718 2888 3759 en
2948 3721 3049 3776 ego
3107 3708 3363 3765 obturata

1787 3805 1921 3846 aure
1941 3792 2341 3860 obstrepentem
2386 3791 2734 3847 lacerationis
2797 3808 2989 3849 vestrae
3017 3798 3221 3853 rabiem
3252 3816 3374 3869 per-

1787 3882 2050 3936 transibo.
2092 3880 2148 3936 In
2179 3883 2571 3938 conventiculis
2604 3884 2801 3939 vestris
2822 3926 2835 3951 ,
2877 3894 2935 3939 ut
2968 3886 3180 3951 ferunt,
3212 3902 3371 3946 sonat

1785 3971 1967 4026 littera
1994 3972 2110 4028 lucc
2128 3972 2197 4028 de
2223 3987 2354 4027 nare
2384 3973 2597 4028 canina.
2629 3975 2764 4029 Cum
2787 3977 3093 4046 profitearis
3116 3988 3168 4034 te
3190 3996 3371 4035 mona-

1785 4064 1947 4120 chum
1970 4104 1985 4128 ,
2017 4073 2072 4119 et
2096 4064 2407 4120 monasticae
2437 4065 2714 4137 religionis
2742 4075 2923 4122 ticere
2948 4069 3018 4123 sit
3047 4073 3321 4140 prOprium
3350 4118 3368 4145 ,

1787 4158 1917 4227 quid
1952 4173 2081 4227 ergo
2110 4158 2205 4212 tibi
2233 4166 2289 4212 et
2317 4157 2678 4213 mulieribus?
2707 4158 2859 4214 Unde
2896 4160 2990 4215 tibi
3021 4170 3164 4216 tanta
3187 4175 3373 4218 aucto.

1794 4252 1925 4304 ritas
1954 4258 2012 4303 ut
2047 4250 2099 4303 in
2153 4249 2413 4303 cathedra
2443 4250 2823 4320 magistrorum
2850 4252 3073 4315 sedeas,
3125 4264 3181 4309 et
3231 4257 3374 4327 ipsas

1789 4342 1955 4395 etiam
1988 4340 2220 4394 fetutinas
2258 4342 2464 4410 absque
2495 4343 2691 4396 rubore
2738 4344 3065 4415 conscriptis
3103 4346 3375 4404 schedulis

1791 4432 2036 4486 doceas?
2072 4431 2258 4497 Silete,
2295 4433 2475 4487 miseri
2502 4451 2515 4487 :
2547 4434 2667 4489 ideo
2700 4434 2843 4491 istud
2874 4436 3057 4492 dicitis
3087 4437 3213 4508 quia
3242 4442 3370 4496 caeci

1789 4526 1943 4589 estis,
1960 4525 2124 4580 duces
2145 4540 2432 4581 caecorum.
2450 4525 2663 4591 Redite,
2681 4528 3147 4595 praevaricatores,
3167 4530 3232 4583 ad
3258 4545 3377 4599 cor,

1790 4626 1844 4673 et
1867 4617 1958 4672 ubi
1990 4618 2221 4687 turpiter
2240 4617 2437 4688 jacetis
2457 4617 2747 4690 diligenter
2768 4620 3128 4675 considerate.
3158 4621 3374 4678 Utinam

1792 4710 2068 4765 maliciosa
2110 4725 2264 4766 mens
2290 4719 2470 4765 vestra
2501 4710 2885 4779 resipisceret,
2938 4720 2993 4767 et
3021 4713 3375 4768 honestarum

1792 4803 2079 4856 mulierum
2112 4801 2197 4870 pia
2247 4814 2409 4870 opera
2462 4802 2810 4872 aliquatenus
2864 4802 3060 4858 imitari
3117 4805 3379 4859 studeret.

1792 4897 1983 4954 Nonne
2032 4895 2226 4951 mulier
2274 4896 2389 4950 haec
2436 4896 2605 4951 totius
2652 4896 3024 4952 venerationis
3073 4893 3236 4965 digna
3268 4905 3381 4957 est,

1792 5009 1909 5063 quae
1938 4988 2143 5045 divitiis
2178 4996 2234 5042 et
2273 4986 2571 5044 honoribus
2597 4987 2837 5058 przetulit
2865 4986 3066 5044 Christi
3100 4985 3383 5041 amorem?

1790 5083 1960 5154 Igitur
1987 5097 2109 5136 cum
2147 5088 2290 5134 esset
2312 5077 2530 5131 domina
2558 5090 2876 5146 regnorum,
2916 5072 3216 5132 humiliavit
3243 5088 3299 5127 se
3328 5080 3383 5123 et

1794 5174 1932 5228 facta
1960 5182 2044 5226 est
2065 5183 2220 5226 serva
2249 5181 2568 5238 pauperum.
2621 5164 2862 5221 Taceam
2900 5164 3042 5235 quod
3074 5168 3239 5214 totam
3271 5158 3381 5213 fere

1792 5264 2101 5337 peragravit
2147 5259 2382 5322 Italiam,
2435 5254 2793 5313 devotissime
2824 5258 3046 5311 visitans
3069 5260 3383 5303 sanctorum

1971 5357 2049 5382 ι..-
2137 5365 2184 5382 ..ι
2227 5350 2453 5382 ηκηνηηο
2509 5352 2587 5382 ηε..
2642 5348 2876 5382 ηιωιῖηοη
2907 5340 3159 5382 Annorizt-
3214 5337 3383 5382 niuri-

2137 5365 2184 5382 Α.
2227 5350 2453 5382 amne-nnc
2509 5352 2587 5382 11:.-

1793 5359 2049 5382 _“:n-‘:An
