3940 5382
575 221 667 276 ιδε

1480 280 1487 285 .
1573 228 1856 287 JOANNIS
1904 226 2402 286 FISCAMNENSIS
2439 229 2729 288 ADMTIS

3714 236 3802 290 «L36

570 336 732 407 igitur
762 341 888 413 quia
920 343 1222 413 epistolaris
1250 342 1495 413 angustia
1518 330 1623 398 non
1655 344 1787 412 sinit
1818 359 1903 398 me
1942 343 1995 397 iu
2023 344 2140 413 ejus
2170 352 2212 405 Λ
2245 355 2345 396 uas
2364 355 2643 405 assumas,
2683 350 2738 395 et
2763 354 2976 397 sursum
3010 340 3271 404 velitaut.
3307 343 3376 400 de
3398 343 3553 400 fonte
3574 356 3805 413 stipem

540 428 820 490 laudibus
849 435 1049 491 diutius
1095 435 1396 499 immorari,
1430 432 1561 490 libet
1590 446 1639 489 et
1674 437 1777 491 hoc
1822 437 2134 504 przeterire-,

569 526 711 597 quod
734 524 1025 581 Gallianum
1057 532 1237 595 partes
1267 538 1541 595 regressa,
1592 526 1843 581 similiter
1876 541 2140 596 pauperes

567 627 622 673 et
661 617 919 674 ecclesias
968 614 1062 673 Dei
1110 615 1260 684 larga
1306 615 1579 670 eottsolata
1625 625 1709 671 est
1756 632 1948 684 manu,
1998 615 2140 671 sicut

570 711 827 779 scriptum
855 716 977 763 est:
1010 724 1028 759 ι
1058 706 1350 776 Dispersit,
1384 706 1533 761 dedit
1554 707 1907 777 pauperibus,
1925 707 2135 778 iustitia

567 797 682 872 ejus
715 806 893 853 manet
917 797 968 851 in
996 795 1250 851 saeculum
1279 796 1479 851 seaculi.
1517 815 1538 851 ι

636 887 833 943 Verum
858 888 940 944 bis
961 886 1147 955 procul
1177 887 1376 943 amotis
1401 887 1491 957 qui
1550 887 1606 944 in
1639 896 1839 943 terram
1889 887 2133 953 sutllant-,

554 982 609 1027 et
638 988 705 1027 ne
743 988 802 1027 se
838 974 1073 1033 videant.
1124 975 1402 1053 pulverem
1460 974 1515 1028 in
1565 977 1757 1031 oculos
1783 975 2047 1044 excitant,
2078 975 2147 1035 ad

554 1076 608 1123 te
655 1082 837 1135 redeo,
910 1070 1236 1145 venerabilis
1290 1069 1496 1125 Christi
1559 1071 1774 1138 ancilla,
1843 1080 1905 1128 ut
1965 1088 2148 1129 sermo

552 1177 711 1217 meus
736 1162 832 1231 qui
858 1170 910 1216 te
930 1164 1400 1232 coepitinstruere,
1427 1172 1684 1234 tauquam
1709 1180 1954 1234 praesens
1975 1165 2149 1221 collo-

555 1252 771 1320 quendo
793 1252 858 1306 ad
882 1262 1180 1309 extremam
1201 1254 1437 1324 suscepti
1459 1254 1642 1324 operis
1665 1271 1890 1310 manum
1918 1266 2145 1312 auctore

553 1340 665 1395 Deo
689 1343 978 1415 pertingat.
1008 1344 1177 1415 Igitur
1206 1345 1331 1418 licet
1353 1346 1475 1402 illas
1505 1346 1792 1416 parvitatis
1817 1363 1953 1403 mea:
1974 1347 2146 1403 deﬂo-

554 1432 912 1499 ratiuneulas,
964 1451 1197 1505 quarum
1248 1437 1499 1507 superius
1554 1438 1797 1504 memini,
1837 1439 2000 1493 saluti
2035 1448 2146 1509 tnge

533 1536 716 1591 .posse
764 1524 1009 1581 suflicere
1034 1526 1288 1593 arbitrer,
1324 1536 1503 1582 tamen
1536 1528 1663 1598 quia
1700 1528 1965 1583 relatione
2006 1530 2145 1585 ami-

539 1630 743 1677 ,corum
769 1616 935 1672 didici
958 1626 1009 1672 te
1029 1619 1339 1674 desiderare
1360 1628 1415 1674 et
1436 1635 1663 1689 poscere
1687 1628 1743 1674 ut
1769 1620 1883 1689 ipse
1901 1636 2141 1691 quoque,

2243 434 2544 488 dulcedinis
2573 433 2825 496 haurias,
2868 433 3054 503 dicens
3096 448 3218 491 cum
3252 434 3525 505 Pmpheu
3548 454 3567 493 :
3617 455 3639 491 ι
3668 440 3805 508 Apud

2243 534 2298 581 te
2327 534 2412 581 est
2440 525 2563 580 fons
2592 525 2742 588 vitae,
2773 534 2827 580 et
2855 525 2906 579 in
2932 524 3135 582 btmine
3163 535 3256 583 tuo
3278 527 3593 584 videbimus
3619 529 3803 585 lumen.

2227 614 2426 669 Sitivit
2445 616 2625 670 anima
2652 631 2769 670 mea
2798 616 2870 670 ad
2890 614 3068 671 Deum
3092 617 3540 677 fontemvivnm.
3570 619 3802 685 Domine,

2240 706 2401 761 dilexi
2452 707 2703 761 decorem
2751 707 2943 762 domus
2994 715 3103 761 tute
3152 719 3211 764 et.
3256 708 3434 765 locum
3464 710 3806 767 habitationis

2238 797 2424 868 gloria
2448 804 2569 853 tuam
2612 817 2631 850 ι
2665 798 2931 855 Similiter
2946 810 3005 856 et
3022 801 3113 856 illa
3135 816 3257 872 quae
3285 803 3343 857 in
3365 803 3576 859 autin-is
3598 802 3805 859 Cantica

2238 888 2509 960 leguntur,
2536 890 2629 944 ubi
2654 890 2833 946 anima
2857 907 2977 962 qute
2997 894 3170 951 solum
3188 895 3357 951 Deum
3378 906 3553 961 amat,
3585 897 3806 966 lorpritur

2235 977 2455 1051 Christo
2496 978 2695 1036 dilecto
2737 995 2858 1046 suo,
2900 982 3122 1037 dicens:
3154 1002 3175 1033 ι
3208 983 3555 1056 Unguentum
3590 985 3804 1042 ειυς-ιι

2225 1058 2437 1124 «nomen
2489 1078 2675 1136 tuum,
2731 1071 2853 1127 ideo
2905 1071 3320 1129 adolescentiam
3373 1075 3692 1131 dilexerunt
3744 1088 3803 1133 te.

2240 1159 2416 1217 Tralte
2444 1177 2529 1217 me
2556 1171 2676 1232 post
2704 1171 2788 1229 te,
2817 1176 3098 1220 canemus
3124 1164 3175 1220 in
3208 1164 3377 1222 odore
3411 1176 3804 1236 unguentorum

2238 1258 2473 1313 tuorum.
2491 1251 2726 1309 Dilectus
2743 1267 2898 1310 meus
2913 1253 3061 1319 mibi,
3076 1263 3132 1310 et
3142 1254 3353 1327 egojlli.
3366 1256 3459 1326 qui
3476 1256 3727 1326 pascitur
3742 1258 3805 1311 in-

2222 1351 2325 1400 ter
2347 1343 2676 1410 lilia,;donec
2701 1345 2902 1417 aspiret
2922 1345 3055 1410 dies,
3070 1355 3126 1403 et.
3147 1358 3536 1417 removeantur
3555 1349 3802 1402 nmium.

2306 1434 2452 1491 Inter
2496 1434 2610 1491 haec
2648 1443 2826 1491 autem
2875 1436 3015 1491 scire
3045 1445 3260 1506 oportet
3288 1437 3432 1507 quod
3472 1437 3560 1491 illa
3604 1453 3803 1493 summa

2238 1534 2291 1581 et
2310 1524 2780 1581 incommutabilis
2820 1527 3055 1582 essentia
3096 1542 3219 1596 qum
3263 1526 3406 1583 Deus
3444 1538 3572 1591 εει,
3620 1528 3675 1582 in
3717 1529 3806 1583 hac

2241 1623 2382 1670 terra
2414 1613 2757 1671 morientium
2788 1614 3103 1671 mortalibus
3130 1612 3302 1672 oculis
3326 1616 3477 1673 nullo
3503 1620 3665 1673 BIOdO
3690 1634 3806 1674 cou-

564 1725 723 1781 quem
749 1708 817 1767 de
845 1707 1298 1778 contemplatione
1330 1708 1510 1765 divina
1551 1710 1861 1784 Christique
1905 1723 2092 1765 amore
2119 1749 2133 1770 ,
2170 1723 2210 1781 Β
2240 1706 2370 1776 spici
2396 1706 2555 1771 valet,
2584 1722 2684 1764 nec
2706 1706 2995 1778 aliquando
3017 1709 3132 1765 visa
3154 1720 3234 1764 est
3260 1711 3329 1766 ab
3348 1709 3459 1765 ullo
3480 1710 3804 1784 mortalium,

564 1813 619 1857 et
659 1804 723 1855 de
776 1800 859 1853 illa
904 1813 1133 1870 superna
1180 1798 1553 1865 Hierusalem,
1608 1801 1848 1854 omnium
1899 1798 2132 1853 fideliqu

548 1873 968 1957 ’ntatre,e.litum
994 1891 1296 1955 babeo,tibi
1326 1890 1594 1945 scribatur
1617 1889 1879 1955 Libellus;
1906 1889 2132 1944 multum

562 1986 793 2057 gaudet,
822 1983 1022 2043 fateor.
1050 1999 1145 2038 cor
1172 1998 1379 2047 meum,
1409 1992 1463 2037 et
1491 1983 1542 2036 in
1575 1991 1624 2036 te
1646 1982 1953 2053 magttil‘tcat
1981 1983 2133 2036 dato-

562 2091 674 2131 rem
703 2075 940 2131 omnium
995 2072 1259 2127 bonorum
1317 2072 1502 2126 Deum.
1558 2070 1669 2125 Nisi
1716 2060 1865 2126 enim
1918 2062 2133 2126 Christo

560 2168 696 2222 duce
730 2168 795 2219 ad
826 2165 1016 2219 altiora
1048 2165 1442 2220 conscenderes
1466 2204 1480 2230 ,
1529 2162 1811 2217 ambulans
1837 2162 1904 2224 de
1935 2163 2133 2218 virtute

559 2257 615 2311 in
645 2255 926 2320 virtutem,
980 2254 1126 2311 nullo
1165 2255 1326 2309 modo
1350 2252 1559 2308 valeres
1598 2251 1725 2306 talia
1765 2260 1971 2323 petere.
2001 2251 2133 2319 Quis

556 2368 666 2406 auo
693 2352 919 2406 miretur
974 2350 1215 2404 animum
1258 2358 1370 2403 tam
1420 2346 1753 2412 ferventem,
1794 2345 1898 2416 ,qui
1929 2345 2134 2403 rivulos

557 2441 789 2495 dulcium
822 2439 1052 2495 bibendo
1099 2454 1365 2515 aquarum
1405 2454 1511 2493 non
1543 2436 1934 2494 cessatsitire?
1986 2435 2133 2491 Satis

559 2533 782 2589 stolidus
811 2542 894 2587 est
927 2542 982 2586 ct
1026 2532 1186 2587 nimis
1211 2531 1550 2597 obstinatus,
1611 2528 1701 2601 qui
1755 2528 1879 2585 talis
1921 2528 2133 2584 nmina:

528 2623 673 2691 ,pias
697 2634 884 2691 preces
912 2623 1147 2691 spernit,
1177 2631 1232 2677 et
1253 2623 1394 2677 votis
1423 2619 1741 2688 iustissimis
1769 2634 1875 2674 non
1911 2619 2129 2688 acquie-

557 2715 680 2769 scit.
710 2714 846 2771 Ecce
870 2730 970 2785 ego
998 2713 1167 2769 libens
1187 2723 1345 2783 atque
1362 2725 1535 2767 ovans
1555 2726 1651 2781 pro
1676 2710 1817 2766 scire
1835 2708 1977 2780 quod
2001 2706 2130 2764 mihi

556 2807 702 2875 dedit
749 2808 921 2871 Dens,
972 2816 1195 2876 para'us
1239 2820 1393 2870 sum,
1448 2812 1623 2859 mater
1651 2801 1992 2864 veneranda,
2027 2807 2131 2853 tute

555 2900 610 2952 in
654 2899 901 2952 omnibus
936 2897 1160 2965 obsequi
1219 2893 1502 2958 voluntati.
1555 2892 1776 2949 Utinam
1823 2890 1913 2945 ille
1960 2890 2129 2943 inme

556 2990 817 3063 igniculus
846 2989 1018 3050 foret,
1065 2989 1157 3058 qui
1201 2995 1470 3055 vapo'ata:
1514 2984 1680 3040 menti
1724 2982 1924 3051 aliquid
1950 2982 2127 3036 incre-

546 3080 721 3135 tueuti
747 3080 945 3135 addere
977 3087 1159 3148 posset
1183 3077 1197 3129 ε
1234 3108 1242 3115 -

626 3172 825 3241 Accipe
874 3170 1043 3240 igitur
1072 3180 1160 3232 tu,
1196 3167 1335 3225 bona
1366 3167 1579 3230 anima,
1638 3164 1961 3239 praeclarum
2001 3179 2128 3219 san-

555 3272 656 3317 etae
682 3260 954 3317 viduitatis
985 3259 1288 3329 exemplar,
1340 3258 1559 3327 accipe,
1612 3270 1827 3325 quaiso.
1881 3253 2128 3322 pervigili

557 3363 737 3407 mente
784 3351 911 3406 illud
956 3350 1102 3421 quod
1150 3349 1362 3419 expetis
1386 3362 1518 3403 mete
1545 3361 1640 3416 per
1668 3344 1869 3400 Christi
1900 3343 2129 3414 gratiam

532 3444 920 3501 .dellorationis
977 3442 1332 3513 opusculum:
1372 3442 1425 3496 in
1459 3457 1567 3510 quo
1611 3439 1859 3494 videlicet
1897 3437 2132 3508 reperies

535 3549 747 3605 magna
773 3550 839 3589 ex
872 3542 1025 3603 parte
1055 3533 1295 3588 celestis
1329 3532 1549 3586 tbeorire
1576 3530 1757 3586 dulcia
1786 3530 1946 3583 verba
1967 3569 1982 3592 ,
2011 3542 2130 3598 qua:

555 3635 868 3690 reverenter,
889 3625 1105 3700 legenda
1142 3635 1268 3680 sunt
1292 3632 1348 3680 et
1368 3640 1488 3679 cum
1518 3624 1712 3677 timore
1740 3622 1922 3677 debito
1955 3620 2128 3675 medi-

554 3717 746 3779 tanda,
780 3730 845 3770 ne
877 3704 1014 3771 forte
1037 3716 1102 3769 de
1132 3712 1730 3780 tettteritatejudicetur
1750 3752 1764 3774 ,
1797 3713 1889 3780 qui
1922 3710 2128 3780 tepidus

551 3818 608 3862 et
646 3808 927 3865 iudevotus
970 3809 1279 3864 accesserit.
1338 3807 1485 3862 Unde
1530 3806 1808 3871 sciendum
1853 3813 1935 3859 cst
1984 3804 2129 3872 quod

552 3898 712 3966 hujus
766 3897 927 3953 libelli
979 3898 1139 3954 lectio
1207 3898 1317 3953 illis
1365 3895 1668 3967 prtescrtim
1718 3895 1983 3959 debetur,
2037 3893 2128 3961 qui

538 3997 758 4043 .rnentes
783 4003 911 4043 suas
937 3988 1245 4043 carnalibus
1272 3986 1560 4045 desideriis
1584 3997 1640 4040 et
1666 3984 1899 4041 terrenis
1925 3997 2127 4039 concu-

548 4082 825 4150 piscentiis
870 4081 1213 4137 obtenebrari
1268 4096 1373 4137 non
1427 4080 1632 4136 sinunt.
1679 4077 1911 4144 Quando
1943 4086 2123 4133 autem

548 4171 650 4225 ista
680 4172 929 4241 leguntur
954 4187 1077 4225 eum
1104 4171 1357 4241 lacrymis
1374 4169 1741 4226 etdevotione
1773 4167 1937 4223 nimia
1957 4207 1973 4230 ,
2001 4177 2127 4221 tunc

547 4261 698 4314 mitis
725 4261 895 4313 lector
927 4261 1040 4329 ipso
1071 4260 1249 4313 cordis
1291 4259 1471 4327 palato
1498 4258 1643 4326 sapit
1669 4257 1795 4326 quid
1830 4257 2127 4312 dulcedinis

540 4352 694 4405 intus
721 4351 906 4405 lateat.
941 4350 999 4405 Si
1030 4351 1102 4403 ita
1130 4364 1235 4413 est,
1261 4349 1368 4403 imo
1390 4350 1515 4417 quia
1553 4350 1624 4402 ita
1649 4360 1754 4414 est,
1786 4347 2122 4415 eloquiorutn

2236 1813 2301 1852 ex
2329 1813 2435 1868 quo
2464 1799 2669 1868 primus
2693 1814 2889 1868 parcns
2927 1800 2992 1855 de
3020 1800 3254 1869 paradisi
3285 1802 3605 1856 amoenitate
3637 1804 3690 1856 in
3719 1803 3807 1867 bas

2235 1905 2507 1946 terumnas
2528 1891 2781 1961 expulsus
2804 1903 2910 1946 est.
2937 1890 3072 1947 llinc
3103 1906 3334 1961 namque
3359 1901 3442 1947 est
3490 1893 3635 1961 quod
3680 1908 3806 1947 eon-

2237 1979 2545 2059 tcmplativa
2579 1981 2689 2035 vita
2720 1980 2809 2037 hic
2853 1980 3042 2051 incipit
3065 2021 3081 2047 ,
3114 1982 3348 2059 sedvillic
3382 1984 3682 2052 perﬁcitur,
3726 1985 3806 2038 ubi

2237 2053 2377 2127 Deus
2419 2071 2560 2139 facie
2608 2072 2675 2126 ad
2722 2072 2911 2127 faciem
2944 2072 3206 2126 cernitur.
3237 2053 3388 2127 biens
3412 2074 3617 2128 etenim
3666 2076 3806 2130 mitis

2233 2172 2288 2217 et
2316 2149 2561 2231 simplex,
2599 2176 2720 2216 cum
2750 2160 2801 2214 iu
2831 2161 3254 2231 speculationem
3282 2161 3549 2216 attollitur
3568 2204 3585 2229 ,
3612 2173 3667 2218 et
3692 2181 3805 2218 car-

2234 2251 2319 2306 nis
2349 2252 2623 2322 angustias
2646 2264 2910 2320 superans
2936 2250 3175 2304 cmlestia
3206 2252 3472 2316 rimatur;
3504 2253 3805 2308 retrahente

2233 2356 2353 2395 eam
2392 2340 2533 2403 mole
2559 2341 2744 2395 carnis
2772 2334 2849 2394 ad.
2869 2340 2997 2402 ima,
3031 2340 3120 2394 ditt
3150 2354 3316 2408 super
3341 2346 3401 2395 se
3428 2349 3583 2395 stare
3607 2357 3802 2413 nequa-

2233 2432 2787 2502 quam‘permittilur.
2836 2431 2941 2486 Sed
2990 2431 3112 2487 licet
3161 2432 3274 2501 ipsa
3329 2434 3553 2502 superni
3599 2433 3805 2489 luminis

2232 2523 2596 2579 immensitate
2635 2525 2981 2578 reverberata
3018 2524 3267 2579 celeriter
3292 2525 3359 2578 ad
3402 2540 3461 2580 se
3510 2537 3802 2589 revocetur.

2227 2632 2424 2687 magna
2463 2624 2643 2671 tamen
2690 2616 2903 2686 proiicit
2932 2618 3127 2670 virtute
3153 2631 3217 2670 ex
3252 2631 3317 2672 eo
3345 2617 3463 2687 ipso
3499 2622 3646 2689 quod
3672 2620 3803 2674 divi.

2234 2723 2357 2762 nam
2388 2706 2723 2762 dulcedinem
2753 2707 3035 2777 prmlibare
3061 2716 3238 2776 potest
3263 2723 3278 2761 :
3308 2710 3436 2778 quia
3477 2726 3606 2765 mox
3633 2725 3803 2769 amore

2228 2799 2400 2854 nimio
2430 2814 2658 2854 accensa
2706 2799 2787 2853 ire
2827 2814 2989 2868 super
3031 2813 3091 2854 se
3141 2800 3382 2865 festinat,
3436 2810 3493 2856 et
3538 2803 3801 2857 sublevat:

2233 2900 2426 2959 cernit,
2450 2898 2575 2965 quia
2599 2894 2785 2950 videre
2817 2910 2920 2949 non
2948 2894 3117 2963 possit
3145 2896 3248 2949 hoc
3275 2895 3421 2963 quod
3442 2895 3703 2951 ardenter
3728 2896 3802 2949 tb-

2235 2984 2385 3054 ligit;
2439 3000 2539 3040 nec
2565 2993 2742 3040 tamen
2777 2983 3033 3039 ardenter
3059 2984 3306 3055 diligeret
3336 2985 3442 3039 nisi
3472 2985 3801 3056 aliquatenus

2155 3080 2199 3140 ρ
2226 3074 2536 3147 inspiceret.
2563 3074 2699 3130 Sunt
2719 3075 2881 3145 aliqui
2906 3075 3085 3130 minus
3112 3076 3462 3145 proficientes
3480 3118 3495 3145 ,
3526 3078 3620 3147 qui
3651 3079 3801 3133 Deam

2222 3166 2333 3221 sibi
2359 3166 2719 3238 irmaginaliter
2742 3167 2971 3238 lingunt,
2996 3154 3121 3238 qtt'ia
3149 3168 3203 3222 in
3233 3168 3347 3222 haec
3373 3169 3697 3238 temporalia
3719 3170 3801 3224 de-

2233 3258 2477 3314 formiter
2495 3259 2669 3331 sparsi
2700 3258 2847 3313 illam
2868 3260 3063 3314 miram
3090 3268 3146 3313 et
3173 3259 3705 3330 iucircumscriptam
3730 3260 3800 3314 li.»

2222 3364 2350 3403 .cem
2373 3348 2723 3421 contemplari
2752 3349 3188 3405 iutellectualiter
3226 3350 3498 3404 nesciunt.
3521 3351 3668 3417 Quid
3696 3351 3800 3407 istis

2224 3438 2372 3494 aliud
2404 3449 2495 3495 est
2519 3441 2706 3495 oculus
2731 3439 3203 3511 contemplationis
3229 3440 3333 3494 nisi
3375 3424 3609 3510 laqueus
3632 3443 3791 3512 perdi-

2234 3531 2433 3586 tionis?
2457 3531 2788 3587 Admonendi
2810 3532 3006 3602 quippe
3031 3541 3155 3587 sunt
3175 3531 3308 3586 tales
3329 3543 3407 3596 ut,
3430 3532 3604 3588 solius
3622 3536 3799 3589 actim

2219 3623 2354 3677 vita:-
2378 3623 2637 3678 exercitio
2658 3622 2917 3688 contenti,
2941 3622 3414 3692 contemplationis
3437 3633 3683 3679 montem
3702 3639 3798 3679 nou

2227 3723 2558 3787 prtesumaut
2603 3714 2914 3779 ascendere,
2970 3715 3094 3784 quia
3120 3755 3136 3780 ,
3179 3715 3324 3772 sicut
3362 3717 3630 3786 scripturn
3667 3727 3745 3771 est
3780 3733 3795 3769 :

2220 3802 2484 3861 Animalia
2505 3804 2656 3875 homo
2680 3819 2783 3867 non
2804 3805 3017 3873 percipit
3031 3820 3099 3871 ea
3124 3820 3243 3873 qua
3262 3814 3387 3877 sunt
3417 3804 3654 3872 Spiritus
3674 3805 3797 3867 Dei;

2226 3904 2282 3954 et
2307 3911 2487 3965 sapere
2509 3893 2795 3949 secundum
2819 3911 3049 3958 carnem,
3075 3911 3214 3950 mon
3238 3907 3332 3950 est.
3363 3895 3648 3951 lltttnanus
3664 3900 3797 3951 crtiln

2220 3985 2440 4041 animus
2462 3984 2563 4040 nisi
2589 3984 2918 4043 exteriorum
2941 3984 3204 4041 desideria
3226 4002 3257 4041 a
3280 4001 3340 4042 se
3362 3986 3612 4054 repellat.
3638 3987 3798 4040 rinzer-

2228 4090 2296 4130 na
2329 4091 2435 4131 non
2463 4084 2731 4147 penetrat,
2755 4076 2880 4145 quia
2910 4085 3060 4132 tanto
3081 4077 3328 4149 subtilius
3354 4079 3653 4135 invisibilia
3677 4095 3797 4134 wu-

2224 4168 2408 4240 Spicit,
2434 4178 2652 4238 quanto.
2668 4165 2963 4237 perfectius
2989 4167 3221 4223 visibilia
3254 4170 3578 4224 conterunit.
3598 4168 3796 4225 ldeirm

2226 4260 2472 4331 quamvis
2514 4257 2796 4314 invisibilis
2827 4265 2885 4312 et
2922 4257 3480 4326 incomprehensibilis
3515 4261 3574 4319 in
3612 4268 3794 4314 natura

2226 4366 2323 4409 Sua
2347 4351 2418 4407 sit
2443 4351 2603 4412 Deus,
2628 4359 2807 4404 tamen
2831 4363 2925 4418 per
2944 4358 3176 4403 mentem
3205 4350 3463 4404 mundam
3482 4359 3540 4404 et
3562 4358 3795 4405 iunctam

548 4440 852 4494 divinorum
902 4454 1105 4499 arcana
1147 4450 1202 4494 et
1243 4439 1492 4495 sublimia
1533 4439 1695 4501 verba
1748 4450 1967 4510 tangere
2015 4455 2117 4493 non
2157 4424 2346 4510 "quae
2374 4440 2502 4494 solis
2537 4440 2787 4509 supernis
2812 4438 3001 4504 inhiat,
3035 4437 3124 4492 bic
3144 4438 3262 4493 sine
3282 4448 3508 4506 aspectu
3541 4440 3794 4501 cernitur.

546 4538 839 4603 pm'sutnat
881 4531 1112 4603 superba
1164 4540 1220 4584 et
1282 4528 1560 4584 fastidiosa
1611 4544 1796 4592 mens,
1856 4545 1923 4594 ne
1982 4529 2121 4585 forte

549 4619 764 4676 labatur
788 4612 839 4676 in
866 4636 1108 4677 errorem
1136 4639 1169 4688 ;-
1185 4622 1315 4693 quia
1336 4622 1497 4687 (κλιθείς
1519 4621 1691 4683 oculis
1717 4622 1895 4677 lumen
1921 4621 2118 4677 intueri

548 4727 654 4766 non
685 4721 878 4782 potest.
911 4713 1045 4768 llinc
1087 4717 1287 4770 etenim
1323 4724 1502 4770 actum
1532 4724 1618 4770 est
1657 4724 1717 4770 ut
1746 4715 1991 4785 plerique
2023 4730 2119 4785 per

542 4803 792 4879 lueresim
816 4804 866 4858 in
897 4805 1260 4861 damnationis
1282 4815 1497 4871 aeterna).
1529 4806 1846 4871 barathrum
1873 4814 2112 4872 ruerent,

540 4896 682 4973 alios
710 4898 968 4967 secumin
996 4908 1224 4965 mortem
1250 4899 1556 4965 trahentes,
1599 4897 1724 4966 quia
1771 4912 1943 4953 sacra:
1968 4896 2117 4953 Scri-

543 4999 715 5056 ptura:
777 4989 1066 5059 mysteria,
1115 4976 1349 5060 quorum
1399 4990 1610 5057 radices
1660 4990 1713 5043 in
1761 4989 1898 5044 coelo
1953 4997 2113 5054 sunt,

539 5079 745 5134 nemini
795 5080 1155 5151 perfectorem
1205 5080 1294 5149 hic
1330 5088 1440 5149 tota
1476 5088 1680 5150 patent.
1730 5078 1805 5133 Illi
1848 5095 1976 5135 vero
2016 5079 2114 5133 soli

542 5170 836 5218 secundum
890 5171 1054 5218 Deum
1109 5172 1406 5218 sanientos.
1456 5170 1547 5218 nui
1599 5169 1861 5218 profunda
1914 5167 2106 5218 nollent

2224 4531 2345 4589 sine
2363 4546 2499 4585 sono
2521 4530 2757 4594 auditur,
2781 4528 2897 4583 sine
2919 4536 3065 4605 motu
3087 4528 3403 4597 suspicitur,
3432 4529 3553 4585 sine
3580 4543 3794 4597 corpore

2228 4621 2484 4692 tangitur,
2509 4622 2625 4676 sine
2657 4620 2775 4674 loco
2805 4620 3085 4675 retinetur.
3116 4617 3210 4674 llis
3231 4620 3307 4675 ita
3333 4620 3647 4675 necessario
3671 4634 3793 4688 prr-

2227 4712 2427 4777 missis,
2461 4726 2591 4779 rogo
2613 4710 2966 4775 dilectionem
2997 4720 3141 4764 tuam
3174 4719 3236 4764 ut
3269 4710 3315 4763 si
3354 4709 3514 4780 quosl
3539 4712 3631 4764 bet
3657 4711 3793 4763 iure-

2224 4804 2372 4860 neris
2403 4803 2495 4873 qui
2526 4801 2786 4859 Libellum
2808 4803 2959 4856 hunc
2990 4792 3158 4859 .velint
3195 4792 3421 4867 habere,
3452 4817 3679 4860 moneas
3704 4816 3792 4857 eos

2221 4906 2278 4950 et
2315 4892 2602 4964 diligenter
2644 4894 3027 4958 transcribere,
3072 4901 3129 4948 et
3175 4893 3439 4963 scriptum
3492 4894 3791 4964 frequenter

2219 4986 2480 5053 relegere,
2507 4998 2677 5052 usque
2697 4984 2834 5039 adeo
2858 4992 2909 5039 ut
2936 4983 3135 5053 aliquid
3152 4982 3298 5047 addi,
3315 4983 3398 5039 vel
3422 4983 3791 5045 subtrahunt

2217 5074 2490 5131 immutari
2539 5091 2647 5131 non
2682 5076 2957 5145 patiantur
2984 5075 3038 5129 in
3068 5089 3152 5129 eo.
3186 5073 3301 5137 Hoc
3340 5082 3531 5131 autem
3571 5076 3790 5132 dicimus

2217 5174 2439 5218 nronter
2462 5167 2724 5218 incuriam
2752 5166 3121 5218 librariorum.
3147 5168 3238 5218 aui
3262 5184 3368 5218 non
3393 5169 3583 5218 solum.
3602 5168 3789 5218 verita.
