3940 5382
130 300 244 357 457

1425 297 1758 355 LIBELLUS
1799 300 2100 358 Ριιειξωι.

3321 314 3426 371 ‘58

129 419 278 486 suis,
316 419 479 474 modo
507 433 630 474 cum
676 416 844 473 Maria
894 417 947 472 in
978 412 1393 485 contemplativa
1425 413 1622 469 sedens
1664 415 1732 469 ad
1762 421 1808 480 Α
1842 417 2158 488 Unigenitus
2187 417 2384 490 quippe
2411 427 2494 474 est
2519 419 2876 491 omnipotenti
2913 419 3060 476 Patri
3096 434 3424 492 comternus,

125 511 308 580 pedes
320 509 557 575 Domini,
583 519 639 565 et
659 510 866 564 intente
885 507 1110 563 audiens
1131 507 1354 562 verbum
1377 520 1442 560 ex
1463 518 1560 559 ore
1580 506 1698 575 ejus

1841 509 1931 580 qui
1965 525 2089 565 cum
2119 525 2185 565 eo
2211 509 2345 565 vivit
2371 521 2426 566 et
2453 520 2644 581 regnat
2673 512 2725 565 in
2755 513 2962 567 unitate
2987 514 3225 584 Spiritus
3249 519 3424 574 sancti

125 610 412 669 quatenus
440 601 579 656 bene
607 599 880 670 operando
919 607 973 654 et
1015 613 1149 668 pure
1183 594 1620 664 contemplando,
1668 595 1740 650 ad
1841 604 2006 669 Deus,
2036 619 2135 674 per
2167 604 2348 659 omnia
2376 605 2569 660 saecula
2610 605 2951 661 smculorum.
2979 607 3174 663 Amen.

124 691 290 744 illam
324 689 696 745 beatissimam
729 689 1018 759 pervenias
1045 688 1332 751 visionem,
1355 685 1443 740 ubi
1468 684 1642 753 palam
1667 684 1734 740 de

122 780 306 836 Pal-re
341 780 581 851 loquitur
609 779 800 835 Filius.
833 781 914 835 Ad
945 780 1088 834 hanc
1116 787 1295 833 autem
1327 790 1426 845 pro
1453 775 1653 842 pietate
1678 781 1734 828 et

120 875 383 929 bonitate
408 888 503 928 sua
535 873 832 944 perducere
875 872 1128 942 dignetur
1175 883 1364 926 servos
1405 876 1463 922 et
1506 866 1733 922 ancillas

120 979 264 1017 snas
307 963 444 1030 ipse,
475 962 567 1031 qui
611 961 890 1018 descendit
918 961 986 1014 ad
1017 962 1132 1015 haec
1158 959 1288 1024 ima,
1323 965 1379 1011 ut
1407 970 1505 1011 nos
1539 969 1730 1010 ascen-

121 1053 392 1105 deremus
434 1053 502 1104 ad
538 1050 626 1105 illa
665 1066 916 1116 summa;
949 1050 1038 1120 qui
1079 1047 1360 1103 inclinavit
1407 1062 1500 1110 se,
1537 1053 1595 1099 ut
1634 1060 1733 1100 nos

119 1144 409 1212 erigeret;
441 1143 534 1212 qui
559 1142 864 1196 inﬁrmatus
893 1151 1000 1206 est,
1046 1150 1106 1195 ut
1137 1154 1237 1195 nos
1285 1139 1449 1194 fortes
1480 1138 1727 1202 faceret;

120 1237 220 1304 qui
248 1235 494 1304 suscepit
526 1235 692 1289 vitam
728 1243 993 1300 nostram,
1027 1243 1084 1288 ut
1113 1233 1268 1287 nobis
1299 1232 1526 1287 donaret
1550 1245 1725 1285 suam.

1910 697 2043 768 Ego,
2071 692 2328 761 Ioannes,
2359 695 2582 751 ultimus
2615 712 2898 752 servorum
2943 697 3178 764 Christi,
3222 708 3278 755 et
3327 702 3422 772 qui

1838 802 2048 845 mecum
2075 799 2201 843 sunt
2232 788 2458 853 fratres,
2499 789 2886 844 beatitudinem
2929 799 3074 842 tuam
3121 791 3422 848 salutamus

1843 884 1896 938 in
1945 881 2186 947 Christo,
2221 880 2313 950 pia
2350 889 2524 935 mater
2565 895 2884 951 pauperum,
2933 888 2988 935 et
3033 880 3212 962 nobile
3257 882 3423 938 decus

1840 976 2148 1032 viduarum.
2183 973 2332 1031 Vale.

1910 1067 2206 1123 Conservet
2237 1073 2288 1121 te
2315 1064 2371 1121 in
2395 1063 2672 1120 voluntate
2713 1078 2810 1120 sua
2838 1064 3424 1136 semperomnipoteus

1837 1159 2094 1216 Trinitas.

1133 1537 1680 1654 INCIPIT
1743 1527 2426 1649 LIBELLUS

118 1765 214 1823 De
242 1763 600 1841 Scripturis
637 1769 699 1824 et
740 1761 951 1823 verbis
995 1763 1250 1823 Patrum
1295 1759 1632 1841 collectus,
1685 1755 1760 1816 ad
1815 1769 2042 1816 eorum
2087 1748 2437 1831 praesertim
2481 1745 2820 1809 utilitatem
2873 1743 2985 1824 qui
3021 1744 3418 1824 contempla-

1336 1840 1480 1900 tivze
1517 1844 1670 1899 sunt
1704 1843 2045 1897 amatores.

1244 2007 1426 2066 Psac.
1461 2003 1624 2062 Deus
1657 1999 2026 2060 misereatur
2058 1993 2287 2054 nostri.

189 2191 419 2247 Summa,
447 2191 711 2255 Trinitas,
754 2191 930 2246 virtus
963 2207 1092 2254 una,
1135 2199 1191 2245 et
1222 2189 1513 2245 indiscreta
1547 2187 1714 2257 maje-
1747 2190 1792 2249 Β
1825 2191 1943 2236 tura
1974 2179 2315 2244 succedunt;
2345 2176 2430 2231 cui
2461 2191 2561 2232 nec
2585 2177 2739 2246 origo
2766 2177 3002 2243 initium,
3031 2192 3134 2234 nec
3163 2186 3410 2250 tempora

115 2295 258 2346 stas,
298 2283 439 2338 Deus
470 2292 676 2350 noster,
709 2283 850 2339 Dens
883 2283 1257 2353 omnipotens,
1310 2281 1572 2336 conﬁteor
1622 2279 1718 2335 tibi

117 2393 225 2446 ego
258 2377 484 2431 ultimus
529 2392 808 2432 servorum
857 2386 1088 2441 tuorum,
1138 2383 1194 2429 et
1240 2375 1496 2444 exiguum
1546 2387 1717 2426 mem-

119 2469 284 2522 brum
315 2468 571 2522 Ecclesia:
598 2477 719 2522 tute.
761 2466 1037 2530 Conﬁteor
1074 2476 1130 2522 et
1179 2463 1482 2520 honoriﬁco
1531 2473 1582 2516 te
1627 2461 1720 2516 dc-

117 2555 239 2611 bito
263 2558 542 2612 sacriﬁcio
564 2557 759 2623 laudis,
791 2572 892 2627 pro
926 2557 1066 2612 seire
1100 2564 1154 2612 et
1199 2569 1358 2625 posse
1409 2554 1552 2623 quod
1587 2552 1717 2608 mihi

124 2650 344 2703 tantillo
377 2651 580 2704 donare
612 2650 862 2721 dignatus
886 2664 965 2704 es.
998 2648 1067 2703 Et
1114 2648 1241 2718 quia
1290 2646 1471 2703 cordis
1517 2643 1718 2699 oblatio

119 2741 177 2793 in
207 2751 510 2810 conspectu
544 2750 635 2795 tuo
665 2741 953 2810 pretiosior
981 2749 1066 2796 est
1091 2756 1107 2806 ;
1148 2740 1269 2794 ideo
1293 2754 1355 2792 ea
1382 2753 1503 2809 qua:
1534 2737 1588 2791 in
1633 2751 1718 2792 me

117 2841 251 2886 sunt
277 2840 400 2885 vota
433 2831 759 2887 laudationis
783 2847 848 2886 ex
874 2832 1018 2888 dono
1050 2830 1438 2886 misericordiae
1464 2837 1568 2884 tua:
1589 2842 1720 2885 ecce

121 2923 304 2978 libens
354 2935 518 2994 atque
559 2939 729 2978 ovans
762 2921 932 2979 eﬁ‘ero
972 2923 1067 2977 tibi
1099 2923 1166 2979 de
1202 2922 1308 2978 ﬁde
1352 2937 1460 2978 non
1508 2921 1632 2974 ﬁcta
1663 2929 1718 2975 et

121 3014 462 3069 conscientia
488 3029 641 3083 pura.
656 3013 830 3069 Credo
851 3014 1014 3085 igitur
1038 3022 1089 3068 te
1112 3023 1223 3068 toto
1244 3013 1430 3078 corde,
1453 3011 1567 3066 Rex
1591 3009 1714 3066 caeli

119 3115 174 3160 ct
203 3115 368 3160 teme
386 3147 400 3169 ,
427 3105 673 3172 Domine,
701 3117 757 3161 et
783 3121 880 3160 ore
911 3115 962 3160 te
984 3106 1248 3160 conﬁteor
1275 3103 1516 3169 Patrem,
1545 3111 1602 3158 et
1630 3101 1717 3156 Fi-

119 3197 278 3262 lium,
307 3206 362 3251 et
392 3196 653 3266 Spiritum
683 3205 954 3262 sanctum,
973 3196 1026 3250 in
1053 3196 1304 3266 personis
1332 3195 1554 3260 trinum,
1584 3204 1640 3248 et
1661 3194 1716 3247 in

118 3289 429 3342 substantia
493 3303 702 3352 unum,
768 3303 956 3343 verum
1031 3287 1198 3342 Deum
1250 3287 1715 3356 omnipotentem,

122 3379 306 3443 unius,
364 3378 661 3448 Simplicis,
699 3379 1073 3447 incorporeas,
1120 3378 1407 3433 invisibilis
1450 3387 1508 3432 et
1556 3378 1717 3431 incir-

118 3472 472 3542 cumscriptus
520 3481 746 3526 naturae.
785 3471 928 3526 Nihil
958 3471 1012 3526 in
1053 3479 1104 3526 te
1139 3468 1315 3539 majus
1359 3485 1452 3525 aut
1490 3468 1718 3524 inferius

1821 2275 2246 2337 incrementum,
2284 2286 2382 2325 nec
2410 2285 2572 2326 casus
2602 2270 2761 2325 ﬁnem
2791 2271 2977 2336 dabit;
3012 2274 3105 2327 sed
3142 2282 3269 2328 ante
3311 2289 3414 2328 sai-

1819 2366 1959 2428 cula,
1991 2375 2044 2419 et
2079 2364 2131 2418 in
2163 2362 2397 2427 smculis,
2427 2370 2482 2416 et
2512 2377 2614 2432 per
2639 2360 2838 2416 saecula
2871 2362 2922 2415 in
2951 2371 3216 2417 aeternum
3244 2363 3409 2426 vivis,

1819 2466 1874 2511 ct
1904 2466 1983 2511 est
2034 2455 2128 2510 tibi
2175 2453 2426 2524 perennis
2457 2452 2572 2508 laus
2619 2462 2674 2507 et
2708 2463 2909 2508 acterna
2955 2454 3148 2524 gloria,
3194 2470 3409 2510 summa

1820 2555 2084 2618 potestas,
2125 2559 2190 2600 ac
2237 2542 2529 2613 singularis
2564 2542 2784 2607 honor,
2808 2553 3129 2613 perpetuum
3158 2559 3408 2615 regnum,

1819 2645 1872 2690 et
1897 2636 2016 2689 sine
2040 2633 2147 2687 ﬁne
2175 2633 2458 2702 imperium
2484 2647 2581 2700 per
2606 2631 2818 2686 inﬁnita
2841 2642 2896 2686 et
2927 2632 3196 2689 indefessa
3223 2642 3278 2688 et
3309 2635 3412 2688 itit-

1819 2723 2070 2780 mortalia
2112 2721 2308 2777 stecula
2349 2719 2691 2776 saeculorum.
2715 2722 2909 2776 Amen.

1889 2814 2006 2870 lIuc
2050 2827 2243 2883 usque,
2297 2811 2644 2882 omnipotens
2692 2809 2862 2875 Deus,
2905 2811 3181 2878 Trinitas,
3231 2814 3412 2871 cordis

1819 2907 1926 2964 mei
1971 2907 2250 2978 inspector
2291 2914 2346 2960 et
2373 2913 2669 2970 scrutator,
2698 2904 2981 2961 confessus
3019 2921 3138 2961 sum
3164 2909 3411 2979 omnipo-

1815 2998 2046 3061 tentiam
2065 2996 2368 3068 maiestatis
2391 3006 2514 3058 tuae,
2537 3005 2592 3051 et
2614 2995 2948 3066 niajestatcm
2982 2999 3407 3069 omnip0tentize.

1818 3090 1973 3148 Nunc
1998 3101 2176 3146 autem
2207 3090 2441 3160 qualiter
2479 3090 2717 3144 humano
2756 3089 2939 3160 generi
2967 3090 3020 3144 in
3053 3090 3159 3147 ﬁne
3183 3093 3412 3148 saeculo-

1821 3199 1940 3239 rum
1966 3182 2256 3238 subvenire
2287 3182 2538 3251 dignatus
2569 3197 2649 3246 es,
2677 3181 2817 3236 sicut
2841 3183 3006 3237 corde
3044 3183 3208 3239 credo
3234 3185 3300 3239 ad
3322 3184 3411 3253 ju-

1820 3275 2045 3339 stitiam,
2072 3273 2144 3327 ita
2169 3287 2265 3326 ore
2293 3286 2478 3326 coram
2509 3281 2560 3324 te
2587 3271 2850 3326 conﬁteor
2878 3274 2944 3328 ad
2967 3273 3102 3343 justi
3145 3273 3402 3330 salutem.

1824 3365 1906 3419 Tu
1931 3363 2171 3434 quidem,
2202 3363 2364 3418 Pater
2395 3362 2562 3428 Deus,
2590 3362 2739 3418 solus
2770 3379 3032 3434 nusquam
3056 3365 3250 3437 legeris
3275 3368 3406 3423 niis-

1824 3469 1917 3510 sus
1948 3472 1964 3520 ;
1996 3455 2060 3509 de
2086 3454 2225 3510 Filio
2255 3463 2438 3508 autem
2475 3463 2568 3509 tuo
2599 3454 2674 3509 ita
2703 3455 2894 3510 scribit
2918 3456 3208 3526 Apostolus
3235 3476 3248 3511 :
3275 3457 3409 3512 Cum

120 3563 443 3627 habentem,
477 3564 570 3618 sed
603 3579 702 3633 per
730 3579 944 3620 onmem
976 3566 1194 3618 modum
1223 3564 1342 3618 sine
1373 3562 1715 3617 deformitate

1835 3546 1953 3600 :em't
1997 3545 2266 3611 plenitudo
2321 3547 2600 3617 temporis,
2642 3546 2780 3600 misit
2823 3546 2964 3601 Deus
3002 3545 3198 3601 Filium
3229 3564 3405 3602 suum.

120 3654 458 3722 perfectum;
495 3657 614 3711 sine
652 3657 960 3725 quantitate
997 3671 1270 3726 magnum,
1296 3655 1417 3708 sine
1456 3654 1716 3724 qualitate

120 3745 367 3810 bonum,
424 3747 541 3800 sine
597 3755 839 3815 tempore
886 3746 1315 3816 sempiternum,
1366 3745 1482 3800 sine
1542 3753 1715 3798 n'iortc

121 3839 315 3908 vitam,
349 3840 470 3893 sine
502 3839 821 3893 inﬁrmitate
845 3839 1061 3904 fortem,
1094 3839 1211 3892 sine
1259 3836 1540 3892 mendacio
1579 3835 1716 3889 veri-

123 3937 326 3994 tatem,
375 3930 496 3984 sine
544 3931 665 3988 loco
714 3931 912 3999 ubique
949 3939 1148 3994 totum,
1193 3929 1313 3982 sine
1360 3929 1467 3982 situ
1519 3926 1715 3996 ubique

121 4030 468 4089 prementem,
499 4021 618 4076 sine
651 4021 969 4075 extensione
1003 4020 1184 4074 omnia
1224 4018 1557 4088 implentem,
1596 4018 1714 4072 sine

121 4109 559 4164 contradictione
597 4109 796 4178 ubique
824 4117 1225 4174 occurrentem,
1265 4107 1381 4162 sine
1424 4115 1568 4161 motu
1597 4121 1714 4160 om-

123 4201 207 4253 nia
239 4201 743 4265 transcendentem,
770 4200 888 4254 sine
917 4208 1060 4254 statu
1093 4200 1236 4254 intra
1274 4198 1455 4253 omnia
1486 4213 1711 4252 manen—

125 4300 253 4357 tem,
304 4293 426 4347 sine
454 4291 758 4363 indigentia
795 4292 977 4346 omnia
1009 4299 1306 4355 creantem,
1360 4291 1478 4345 sine
1526 4289 1711 4344 labore

121 4385 300 4438 omnia
355 4393 672 4455 regentem,
720 4383 839 4438 sine
880 4384 954 4437 tui
1004 4383 1160 4437 initio
1201 4383 1451 4438 omnibus
1499 4382 1709 4437 initium

121 4476 361 4541 dantem,
411 4475 530 4530 sine
563 4475 640 4531 tui
683 4475 1060 4529 immutatione
1103 4474 1285 4528 omnia
1317 4473 1594 4527 mutabilia
1631 4473 1711 4526 l'a-

121 4567 395 4630 cientem;
429 4567 481 4620 in
509 4565 882 4636 magnitudine
909 4565 1201 4629 inﬁnitum,
1251 4564 1301 4617 in
1347 4563 1545 4616 virtute
1594 4579 1711 4617 om—

119 4664 481 4726 nipotentem,
501 4657 552 4709 in
574 4657 816 4710 bonitate
839 4669 1130 4720 summum,
1159 4654 1209 4707 in
1227 4653 1490 4722 sapientia
1511 4654 1709 4708 inuesti-

119 4749 397 4814 mabilem,
431 4748 486 4801 in
516 4747 763 4803 consiliis
796 4736 1119 4810 terribilem,
1153 4747 1207 4800 in
1237 4745 1457 4814 judiciis
1477 4746 1703 4814 justum,

119 4839 170 4893 in
195 4838 622 4908 cogitationibus
653 4837 1108 4899 secretissimum,
1136 4836 1188 4890 in
1221 4836 1396 4893 verbis
1433 4852 1703 4902 veracem,

1823 3635 1955 3691 Cum
1986 3637 2187 3691 dicitur
2205 3636 2366 3702 misit,
2400 3637 2532 3692 satis
2555 3637 2797 3691 ostendit
2825 3638 2970 3707 quod
2995 3639 3050 3692 in
3076 3638 3218 3693 hunc
3249 3653 3407 3692 mun-

1821 3732 1949 3786 dum
1987 3731 2186 3785 missus
2211 3731 2449 3797 advenit,
2480 3746 2602 3786 cum
2642 3731 2708 3785 de
2743 3729 2912 3784 Maria
2955 3745 3168 3799 semper
3197 3729 3408 3799 virgine

1821 3831 2002 3888 natus,
2034 3837 2193 3878 verus
2221 3831 2276 3877 et
2303 3822 2577 3893 perfectus
2626 3824 2790 3877 homo
2829 3822 2882 3876 in
2920 3836 3086 3877 carne
3132 3821 3403 3890 apparuit.

1822 3913 1929 3970 Sed
1956 3915 2099 3984 quod
2129 3915 2195 3970 de
2234 3915 2323 3970 illo
2352 3917 2653 3986 pra:cipnus
2674 3915 3132 3987 evangelistarum
3169 3916 3246 3970 ait
3287 3931 3300 3968 :
3338 3914 3404 3968 In

1821 4005 2016 4058 mundo
2039 4014 2174 4070 erat,
2193 4013 2242 4059 et
2257 4005 2484 4058 mundus
2505 4021 2594 4073 per
2613 4005 2781 4075 ipsum
2804 4004 2976 4072 factus
2997 4014 3104 4067 est;
3126 4003 3252 4059 illuc
3273 4017 3403 4073 ergo

1819 4094 2018 4148 missus
2045 4103 2129 4149 est
2164 4110 2262 4164 per
2288 4094 2679 4159 humilitatem,
2709 4095 2800 4149 ubi
2845 4109 3061 4163 semper
3093 4093 3190 4148 fuit
3237 4103 3291 4148 et
3317 4104 3403 4148 est

1819 4199 1916 4253 per
1935 4185 2290 4239 divinitatem.
2313 4187 2484 4253 Quam
2513 4185 2760 4239 videlicet
2790 4185 3102 4240 missionem
3125 4200 3262 4254 Opus
3283 4198 3403 4240 esse

1822 4276 1986 4332 totius
2013 4288 2212 4333 sancta:
2239 4277 2520 4332 Trinitatis
2544 4278 2707 4332 corde
2742 4277 2929 4345 cre’do,
2975 4287 3031 4333 et
3077 4292 3175 4333 ore
3226 4275 3400 4333 conﬁ-

1819 4373 1959 4432 teor,
1989 4379 2095 4424 etc.

1889 4461 2089 4516 Desinit
2118 4479 2130 4515 :
2161 4463 2229 4516 Et
2258 4462 2414 4516 beata
2448 4461 2524 4516 lui
2557 4461 2673 4516 sine
2719 4460 2826 4516 ﬁne
2862 4461 2999 4514 visio
3035 4469 3090 4516 et
3120 4459 3358 4515 laudatio
3385 4475 3398 4512 :

1817 4555 1910 4609 ubi
1948 4565 2002 4610 tu
2042 4571 2166 4609 cum
2195 4555 2304 4619 illo,
2335 4563 2389 4609 et
2418 4553 2507 4608 ille
2538 4564 2714 4608 tecum
2743 4553 2798 4610 in
2823 4551 3204 4608 communione
3229 4551 3402 4604 sancti

1818 4647 2052 4716 Spiritus
2070 4647 2397 4701 mternalitcr
2416 4660 2479 4699 ac
2496 4645 2950 4714 sempiternaliter
2972 4640 3108 4696 vivis
3129 4649 3185 4696 et
3212 4655 3406 4711 regnas

1816 4735 1979 4800 Deus,
2006 4745 2112 4790 etc.

2188 4823 2434 4880 INCIPIT
2470 4821 2650 4878 PARS
2685 4821 3036 4884 SECUNDA.

121 4931 172 4983 in
215 4931 483 5000 OPel'ibus
519 4938 766 4984 sanetum
790 4970 805 4994 ν
859 4929 911 4982 in
966 4926 1358 4983 ιηῖεθνίεοτάίίε
1405 4926 1708 4998 copiosum.
1741 4912 1790 4971 Β
1816 4945 1892 4999 De
1923 4941 2119 4997 Christi
2145 4957 2325 4995 amore
2340 4940 2498 4993 simul
2530 4951 2577 4994 et
2605 4941 2670 4993 de
2705 4942 2810 5001 illa
2834 4950 3064 5009 superna
3089 4933 3418 4989 Hierusalem

119 5036 238 5091 erga
267 5021 645 5090 delinquentes
680 5019 1177 5090 patientissimum,
1208 5035 1339 5095 erga
1384 5020 1711 5091 poenitentes

121 5113 261 5182 pium
292 5130 308 5178 ;
337 5126 560 5180 semper
592 5111 732 5166 idem
761 5112 960 5180 ipsum,
993 5117 1258 5165 (eternum
1305 5127 1369 5167 ac
1419 5112 1709 5180 sempiter-

125 5219 240 5256 num
267 5243 283 5268 ,
331 5201 698 5256 immortalem
739 5212 898 5272 atque
953 5199 1451 5257 incommutabilem
1491 5219 1504 5256 :
1549 5217 1708 5272 quem

124 5308 216 5348 nec
239 5293 419 5362 spatia
454 5290 702 5355 dilatant,
750 5307 845 5347 nec
874 5287 1124 5346 brevitas
1152 5289 1396 5346 locorum
1433 5301 1706 5360 angustat,

2405 5022 2575 5064 matre
2619 5023 2840 5072 nostra.

2348 5099 2555 5156 Psalm.
2586 5101 2919 5168 Eructavit.
3214 5144 3224 5153 ι

1889 5199 2026 5269 Spes
2051 5212 2192 5262 mea,
2221 5195 2440 5251 Christe
2464 5195 2626 5260 Deus,
2661 5208 2787 5258 etc.
2833 5188 3041 5258 Desinit
3071 5200 3088 5238 :
3121 5186 3186 5240 Et
3209 5180 3427 5238 inanite-

1819 5291 1976 5345 stabo
2013 5287 2303 5356 meipsum.
