3940 5382
540 251 645 308 I59-

536 412 539 415 ,
918 361 1119 417 Psalm.
1148 360 1386 416 Laudato
1408 358 1724 417 Dominum.

534 487 541 503 ι
590 454 907 522 l.Benedic,
935 454 1115 509 anima
1134 466 1273 515 mea,
1302 451 1682 520 Domino,_etc.
1725 454 1944 519 Desinit,
1992 454 2109 510 Tibi

525 549 719 615 honor,
748 549 918 604 virtus
950 556 1007 603 et
1031 544 1287 603 fortitudo
1313 545 1425 601 Deo
1467 553 1653 602 nostro
1698 547 1752 601 in
1782 546 1974 602 Sintula
2003 563 2107 625 sses

523 639 790 697 culorum.
820 638 1012 695 Amen.

1004 727 1067 783 ll.
1120 743 1390 784 INCIPIUNT
1437 743 1650 784 rancus.

594 820 842 876 Ardentis
868 818 1134 885 desiderii,
1166 829 1221 872 ut
1249 818 1422 887 fidelis
1448 820 1625 874 anima
1652 816 1823 873 solum
1839 816 2105 873 Christum

522 921 684 984 possit
714 926 914 977 amare,
943 910 1067 982 quia
1097 910 1261 965 bonus
1308 918 1356 964 et
1394 909 1564 965 malus
1594 925 1746 965 amor
1786 925 1891 962 non
1932 923 1988 961 se
2032 906 2105 960 si-

522 999 636 1056 mul
656 1016 714 1055 ut
732 1015 837 1055 uno
867 1000 1080 1077 capiunt
1108 1010 1337 1069 pectore,
1360 1000 1492 1056 sicut
1514 1000 1764 1071 scriptum
1789 1009 1862 1054 est
1885 1012 1904 1051 .'
1936 995 2106 1052 Nemo

521 1101 701 1164 potest
725 1091 933 1148 duobus
962 1091 1195 1148 dominis
1231 1092 1455 1146 servire.

796 1180 1001 1239 Psalm.
1036 1181 1268 1238 Jubilate
1307 1180 1420 1237 Deo
1448 1182 1623 1237 omnis
1666 1190 1830 1237 terra.

574 1274 724 1331 ‘Jesu
770 1270 1322 1343 nostraredemptio,
1374 1271 1734 1335 etc.,desinit,
1782 1270 2104 1341 impetrante

515 1366 752 1437 gloriosa
790 1358 1063 1421 GeuitriCe
1111 1371 1201 1418 tua
1250 1362 1477 1418 Domina
1520 1376 1637 1417 mea
1682 1376 1804 1417 cum
1852 1359 2101 1416 omnibus

515 1457 755 1513 Sanctis.
781 1454 974 1510 Amen.

587 1547 676 1603 Ill.
707 1545 808 1600 Hic
828 1544 1089 1615 peccatrix
1112 1544 1290 1599 anima
1312 1543 1464 1615 gemit
1493 1543 1645 1598 nimis
1660 1554 1706 1597 et
1726 1542 1889 1609 dolet,
1919 1542 2098 1597 videns

515 1648 710 1692 terram
734 1637 845 1691 sine
864 1652 1022 1706 aqua,
1044 1644 1091 1689 et
1114 1635 1309 1689 idcirco
1327 1650 1437 1705 pra:
1462 1633 1720 1688 desiderio
1742 1632 2097 1703 lacrymarum

514 1714 726 1784 devotas
749 1743 923 1797 preces
950 1711 1122 1797 fundit
1149 1726 1219 1780 ad
1244 1725 1546 1781 Dominum.

936 1817 1142 1874 Psalm.
1187 1817 1669 1886 Quemadmodum.

578 1911 791 1970 Christe
818 1910 1070 1976 Domine,
1094 1910 1323 1967 verbum
1364 1909 1572 1975 Patris,
1597 1918 1697 1964 etc.
1724 1908 1934 1975 desiuit,
1962 1921 2089 1978 prc-

507 2004 663 2062 cibus
691 2013 749 2061 et
773 2002 982 2059 meritis
1009 2000 1250 2056 omnium
1280 2007 1616 2056 sanctorum.

512 2134 523 2153 .
578 2095 673 2153 ιγ.
711 2095 816 2169 ilic
840 2101 985 2164 optat
1019 2092 1211 2148 ardore
1248 2092 1408 2146 nimio
1434 2106 1577 2145 mens
1615 2090 1725 2160 pia,
1767 2099 1813 2145 et
1859 2089 2094 2143 datorem

507 2182 745 2242 omnium
793 2185 1050 2240 bonorum
1093 2180 1261 2237 Deum
1296 2179 1567 2234 humiliter
1597 2188 1741 2249 rogat
1794 2189 1874 2244 ut,
1905 2178 2094 2233 divina:

507 2276 693 2348 gratia:
723 2274 858 2346 [ulta
877 2273 1146 2345 prtesidio,
1170 2272 1266 2325 hoc
1287 2281 1584 2325 constanter
1603 2286 1754 2339 agere
1774 2272 1932 2339 possit
1954 2268 2093 2339 quod

502 2363 784 2433 Apostolus
821 2363 1077 2433 principit,
1113 2361 1292 2416 dicens
1334 2376 1352 2414 :
1390 2358 1457 2414 Si
1482 2358 1923 2437 'consurrexistis
1968 2373 2090 2412 cum

505 2460 749 2526 Christo,
780 2472 900 2529 quae
932 2470 1151 2513 sursum
1179 2464 1307 2511 sunt
1332 2453 1578 2523 qttazrilc,
1613 2452 1704 2509 ubi
1734 2452 1983 2508 Christus
2011 2461 2094 2508 est

503 2550 562 2603 in
589 2531 814 2606 dextera
839 2547 933 2603 Dei
960 2546 1155 2603 sedens
1179 2562 1195 2612 ;
1228 2560 1348 2615 (luas
1371 2559 1587 2601 sursum
1615 2551 1739 2599 sunt
1762 2545 1954 2614 sapite,
1985 2559 2089 2599 non

504 2654 628 2709 qua}
659 2653 822 2711 super
852 2647 1078 2694 terram.

493 2788 499 2795 ,
725 2801 729 2805 _
949 2725 1154 2784 Psalm.
1194 2725 1370 2795 Quam
1406 2724 1601 2781 dilecta
1624 2724 1639 2763 τ

494 2880 502 2885 .
568 2820 699 2879 .‘esu
743 2819 999 2884 Domine,
1044 2816 1171 2874 .lesu
1222 2816 1342 2888 pic,
1393 2815 1486 2886 qui
1541 2813 1676 2869 mori
1731 2812 1982 2883 dignatus
2026 2826 2087 2870 es

496 2921 725 2988 propter
747 2919 969 2984 peccata
997 2917 1205 2980 nostra,
1237 2919 1335 2964 etc.
1364 2907 1564 2962 Desinit
1587 2906 1640 2959 in
1668 2905 1807 2958 hunc
1826 2906 2040 2959 modum
2064 2918 2083 2956 :

496 3004 556 3063 In
594 3018 728 3075 pace
766 3003 821 3057 in
864 3002 917 3057 id
962 3001 1139 3070 ipsum
1175 2999 1435 3054 dormiam
1477 3007 1533 3052 et
1564 2994 1923 3066 requiescam.
1955 2995 2086 3050 Dor-

1575 251 1855 309 JOANMS
1885 252 2392 311 FlSCAMNENSlS
2435 252 2743 311 ABBATIS.

2135 375 2180 432 Α
2208 364 2380 421 donec
2407 365 2616 419 veniam
2637 363 2707 419 ad
2739 373 2807 429 te,
2831 376 3023 432 pacem
3055 375 3260 429 veram,
3289 362 3378 418 ubi
3430 378 3540 419 non
3579 376 3663 421 est
3702 383 3784 421 ar-

2158 520 2161 521 ν
2207 474 2328 522 cus,
2356 466 2588 523 scutum,
2629 456 2837 528 gladius
2876 465 2931 511 ct
2960 455 3155 512 belium
3182 473 3193 509 :
3224 458 3316 512 sed
3348 467 3435 513 est
3481 474 3696 514 summa
3738 471 3787 516 et

3687 252 3785 307 ιω

2207 560 2354 605 certa
2384 548 2670 616 securitas,
2699 558 2753 603 et
2776 562 2965 604 secura
2998 547 3384 618 tranquillitas,
3422 558 3481 605 et
3504 552 3786 621 tranquilla

2207 638 2489 704 securitas,
2522 646 2575 692 et
2604 635 2845 705 jucunda
2874 637 3126 703 felicitas,
3156 646 3212 693 et
3249 636 3378 693 felix
3407 640 3713 705 aeternitas,
3739 651 3787 697 et

2205 739 2409 786 aeterna
2436 729 2736 796 beatitudo,
2775 738 2830 786 et
2865 730 3025 786 beata
3068 731 3144 786 tui
3192 730 3330 787 visio
3374 740 3432 787 et
3469 731 3713 790 laudatio
3737 735 3785 790 ia

2206 821 2401 878 saecula
2447 821 2786 877 saeculorum.
2822 820 3019 877 Amen.

2280 913 2342 972 V.
2399 912 2495 969 Vir
2538 914 2941 979 desideriorum,
2968 923 3017 969 et
3059 914 3341 970 caelestium
3391 918 3785 987 contemplator,

2202 1005 2477 1076 precantia
2497 1005 2795 1076 fastidiens,
2818 1004 3000 1075 futura
3021 1005 3343 1068 desiderans,
3359 1008 3523 1078 gemit
3544 1024 3617 1063 ea:
3632 1007 3786 1077 [unde

2203 1094 2396 1159 cordis,
2418 1103 2466 1149 et
2494 1094 2739 1165 implorat
2767 1095 3018 1166 quotidie,
3048 1095 3229 1150 dolens
3248 1113 3305 1150 se
3338 1098 3410 1150 ibi
3447 1115 3558 1153 non
3578 1115 3692 1153 esse
3710 1100 3788 1153 ubi

2202 1186 2450 1241 dilectum
2499 1202 2654 1242 suum
2703 1187 2927 1242 revelata
2975 1187 3112 1257 faeie
3152 1200 3419 1243 mereatur
3452 1191 3635 1245 videre
3661 1192 3786 1246 sicut

2200 1277 2453 1348 scriptum
2475 1277 2596 1331 est?
2623 1276 2792 1347 Cupio
2817 1276 3060 1342 dissolvi,
3087 1285 3143 1333 et
3171 1292 3293 1332 esse
3319 1293 3446 1334 cum
3478 1277 3702 1335 Christo

2605 1365 2811 1422 Psalm.
2856 1364 3091 1424 Jubilate
3128 1367 3381 1426 Domino.

2274 1458 2490 1516 Christe
2536 1459 2786 1527 Domine,
2827 1460 3003 1516 virtus
3040 1468 3097 1517 et
3138 1454 3404 1533 sapientia
3447 1463 3659 1530 Patris,
3703 1465 3788 1535 qui

2198 1551 2870 1621 ponisnubem‘asceusum
2891 1562 3066 1619 tuum,
3094 1553 3185 1622 qui
3213 1553 3462 1609 ambulas
3489 1570 3791 1627 superpen-

2200 1656 2298 1697 nas
2314 1650 2622 1706 ventorum,
2653 1641 2744 1712 qui
2759 1639 2897 1696 facis
2911 1643 3129 1711 angelos
3145 1651 3263 1697 tuos
3288 1644 3540 1714 Spiritus,
3563 1654 3622 1700 et
3643 1646 3791 1700 ruini-

2126 1740 2172 1799 Β
2198 1737 2342 1785 stros
2359 1739 2478 1785 tuos
2494 1730 2672 1801 ignem
2693 1740 2936 1784 urentem
2956 1748 2969 1783 :
2989 1731 3217 1786 obsecro
3231 1742 3286 1787 et
3305 1733 3633 1805 suppliciter
3647 1750 3789 1805 rogo,

2199 1819 2268 1875 da
2294 1827 2542 1890 perpetes
2572 1833 2779 1889 pennas
2825 1818 2974 1886 ﬁdei,
3021 1822 3086 1875 da
3113 1821 3318 1877 celeres
3348 1821 3469 1878 alas
3498 1823 3784 1887 virtutum,

2197 1911 2396 1981 quibus
2425 1919 2636 1965 erectus
2658 1920 2863 1965 aeterna
2907 1920 2963 1965 et
2998 1910 3237 1967 caelestia
3281 1918 3496 1968 valeam
3552 1923 3790 1972 mntem-

2194 2001 2356 2071 piari.
2383 2001 2693 2063 Adhxereat,
2724 2015 2908 2071 quaeso
2926 2042 2942 2068 ,
2970 2002 3151 2057 anima
3180 2018 3296 2059 mea
3328 2015 3457 2075 post
3503 2016 3582 2071 te,
3611 2014 3669 2060 et
3710 2022 3788 2061 suo

2197 2093 2391 2163 scipiat
2416 2107 2504 2148 me
2530 2091 2752 2147 dextera
2781 2101 2908 2158 tua;
2943 2093 3190 2148 sustollat
3220 2109 3306 2149 me
3350 2109 3520 2164 super
3546 2096 3788 2151 altituli-

2197 2199 2320 2239 nem
2353 2192 2533 2250 terra),
2569 2192 2625 2239 et
2657 2182 2805 2239 cibet
2832 2198 2920 2239 me
2952 2183 3043 2238 illa
3071 2186 3279 2241 cmlesti
3309 2187 3660 2252 hcereditate,
3705 2189 3785 2242 eui

2196 2279 2434 2349 suspirat
2455 2276 2823 2349 peregrinatio
2847 2291 2965 2333 mea
2990 2287 3150 2333 nocte
3176 2294 3243 2334 ac
3274 2280 3385 2335 die.
3411 2278 3481 2335 Ει
3514 2280 3649 2351 quia
3678 2295 3786 2336 Ino-

2194 2369 2422 2426 rihunda
2451 2370 2693 2426 membra
2721 2368 2962 2440 vigorem
2986 2369 3184 2424 anima:
3214 2370 3496 2435 hebetant,

2264 2462 2468 2517 Dissice
2498 2471 2715 2517 terrente
2743 2462 2959 2517 nebulas
2981 2472 3029 2515 et
3053 2461 3286 2530 pondera
3311 2461 3473 2516 molis
3493 2481 3516 2528 ;

2266 2532 2403 2588 Siste
2428 2549 2609 2603 vagam
2632 2543 2850 2588 mentem
2870 2550 2962 2599 per
2979 2534 3129 2587 devia
3158 2531 3322 2585 multa
3354 2545 3617 2586 ruentem.

2190 2622 2270 2678 Da
2299 2622 2573 2679 caelestem
2603 2623 2768 2678 menti
2795 2623 3159 2679 conscendere
3185 2623 3393 2684 sedem,
3430 2631 3514 2690 ut,
3550 2639 3782 2693 superno

2189 2713 2395 2769 lumine
2427 2713 2703 2779 irradiata,
2748 2722 2944 2768 terram
2975 2713 3272 2784 despiciat,
3301 2714 3497 2769 caelum
3526 2716 3777 2785 aspitiat,

2188 2813 2415 2876 peccata
2441 2803 2609 2867 odiat,
2636 2802 2902 2871 justitiam
2933 2802 3138 2873 diligat.
3173 2801 3312 2869 Quid
3332 2802 3477 2858 enim
3500 2804 3780 2873 pulchrius

2189 2897 2386 2968 quidve
2441 2893 2652 2951 dulcius
2710 2908 2871 2964 quam
2932 2894 3073 2947 inter
3130 2893 3381 2948 tenebras
3442 2894 3606 2962 hujus
3662 2897 3782 2949 vita:

2187 2989 2493 3059 multasque
2515 2986 2902 3042 amaritudines
2924 2984 3120 3040 divina:
3144 2984 3410 3040 dulcedini
3445 2986 3687 3051 inhiare,
3731 2998 3783 3041 et

496 3092 653 3157 miat,
683 3092 929 3156 obsecro,
954 3089 1096 3145 Deus
1121 3102 1295 3154 meus,
1318 3087 1555 3143 dormiat
1580 3086 1839 3141 memoria
1870 3100 1988 3140 mea
2014 3087 2083 3142 ab
2110 3095 2155 3158 ρ
2185 3088 2406 3135 αξιοι-ηδε
2440 3074 2762 3132 beatitudini
2809 3075 3085 3145 suspirare
3109 3092 3122 3128 :
3148 3075 3367 3148 illicque
3410 3076 3586 3131 teneri
3631 3093 3783 3132 men-

497 3181 753 3238 omuibus
781 3196 899 3251 quas
940 3181 1043 3236 sub
1085 3179 1222 3234 caelo
1266 3186 1411 3244 sunt,
1460 3176 1686 3249 vigilans
1738 3175 1790 3230 in
1842 3184 1915 3240 te,
1944 3175 2085 3231 sicut

494 3274 761 3344 scriptum
788 3280 911 3329 est:
944 3269 1058 3343 Ego
1087 3264 1314 3337 dormio,
1345 3279 1391 3324 et
1415 3286 1504 3325 cor
1540 3285 1713 3324 meum
1755 3268 1957 3340 uigilat,
2000 3268 2084 3326 Sit

499 3355 638 3428 iuta,
667 3363 737 3419 sit
765 3377 979 3434 semper
1006 3377 1195 3418 secura
1221 3363 1322 3418 sub
1343 3360 1534 3433 pennis
1580 3360 1931 3430 protectionis
1979 3369 2084 3416 tua:

495 3457 677 3512 anima
710 3471 852 3524 mea,
888 3448 1033 3512 Deus
1060 3470 1234 3511 meus.
1266 3454 1480 3510 Maneat
1506 3454 1560 3508 in
1603 3462 1686 3519 te,
1735 3461 1792 3508 et
1841 3451 2085 3509 foveatur

496 3562 711 3619 semper
734 3562 766 3602 a
798 3558 869 3603 te.
901 3546 1310 3617 Coutempletur
1340 3554 1392 3600 te
1421 3545 1474 3600 in
1518 3545 1716 3599 mentis
1744 3557 1998 3609 excessu,
2027 3553 2084 3600 et

480 3644 684 3698 ,cautet
708 3635 897 3692 laudes
922 3643 1042 3690 tuas
1066 3635 1119 3689 in
1143 3633 1487 3704 jubilatione,
1516 3643 1572 3689 et
1598 3634 1712 3688 haec
1732 3632 1911 3687 dulcia
1938 3630 2078 3687 dona

497 3734 586 3781 tua
612 3725 723 3780 sint
767 3724 910 3780 inter
936 3725 1035 3781 hos
1072 3722 1314 3785 turbines
1339 3721 1639 3779 consolatio
1658 3735 1806 3776 mea.
1852 3720 2073 3776 Interim

2180 3180 2299 3226 item
2346 3168 2441 3224 ubi
2486 3164 2673 3222 haberi
2709 3179 2836 3221 vera
2873 3165 3067 3235 gaudia
3106 3164 3469 3220 certissimum
3527 3173 3637 3232 est,
3683 3176 3779 3218 etc.

2184 3256 2389 3313 Desinit
2416 3272 2435 3311 :
2464 3256 2605 3312 Ecce
2625 3255 2773 3326 quod
2801 3257 3082 3325 concupivi
3109 3256 3220 3325 jam
3252 3256 3426 3323 video,
3471 3262 3618 3326 quod
3657 3273 3784 3326 spe-

2190 3350 2303 3406 ravi
2323 3350 2438 3420 jam
2465 3357 2643 3415 teneo,
2670 3348 2814 3418 quod
2843 3346 3149 3402 desideravi
3170 3346 3286 3417 jam
3323 3348 3539 3403 habeo:
3576 3348 3649 3402 illi
3666 3350 3779 3417 jam

2190 3438 2427 3494 iuctelis
2451 3437 2675 3508 junctus
2713 3452 2851 3502 sum,
2880 3451 3043 3507 quem
3087 3437 3142 3492 in
3194 3438 3357 3492 terris
3404 3438 3615 3507 positus
3669 3448 3778 3493 tota

2188 3531 2392 3586 virtute
2438 3512 2790 3595 dilexi,'tota
2833 3527 3102 3582 charitate
3145 3527 3427 3597 amplexus
3472 3544 3615 3594 sum,
3667 3539 3780 3581 tom

2191 3636 2377 3677 amore
2405 3620 2615 3676 inhaesi.
2639 3620 2821 3691 ipsum
2853 3619 3034 3684 laudo,
3059 3620 3335 3674 beiiedico
3378 3628 3543 3691 atque
3587 3620 3775 3685 adoro,

2183 3715 2276 3787 qui
2304 3713 2437 3769 vivit
2457 3720 2511 3773 et
2538 3720 2727 3783 regnat
2754 3711 2809 3766 in
2836 3710 3053 3776 stecula,
3076 3710 3419 3767 szeculorum.
3452 3718 3648 3767 Amen.

550 3862 3763 3897 NW

1454 4000 2188 4161 .LIBELLUS
2272 3997 2738 4113 ALTER

1294 4225 1400 4264 ι·
1518 4228 1523 4233 ι
1657 4204 1752 4265 De
1783 4202 2002 4266 divina
2045 4198 2611 4278 contemplatione.

1114 4451 1248 4492 PARS
1271 4450 1454 4491 PRIIA.

492 4572 500 4576 ‹
581 4529 660 4583 De
689 4525 958 4581 divinitate
986 4523 1190 4592 Patris,
1213 4533 1259 4580 et
1286 4522 1439 4591 Filii,
1470 4531 1518 4579 et
1543 4521 1771 4594 Spiritus
1796 4519 1989 4577 sancti.

465 4616 469 4620 ’
562 4617 766 4673 Adesto
799 4613 952 4679 mihi,
984 4626 1170 4669 verum
1202 4613 1453 4669 lumen...
1479 4626 1618 4668 unus
1642 4611 1784 4667 Deus
1825 4611 2071 4682 omnipo-

491 4719 637 4765 tens.
668 4705 746 4762 Te
789 4705 980 4762 invoco
1023 4706 1077 4760 in
1112 4705 1349 4760 animam
1374 4719 1550 4761 meam
1586 4703 1787 4767 :intra,
1824 4720 1980 4776 rogo,
2012 4705 2068 4761 in

488 4814 631 4863 eam,
659 4807 716 4853 et
743 4803 936 4865 coapta
958 4810 1075 4852 eam
1103 4795 1223 4863 tibi,
1246 4803 1303 4850 ut
1335 4795 1614 4866 possideas
1637 4793 1779 4849 illam
1808 4795 1924 4851 sine
1952 4810 2068 4850 ma-

484 4886 617 4953 cula.
637 4895 693 4942 et
718 4886 837 4942 sine
863 4901 1017 4957 ruga.

554 4962 754 5030 Desinit
787 4990 807 5029 :
837 4972 947 5029 Nec
973 4988 1132 5029 casus
1155 4974 1313 5027 linem
1341 4972 1516 5038 dabit;
1558 4977 1650 5029 sed
1680 4982 1807 5029 ante
1843 4973 2061 5037 saecula,

485 5073 543 5119 ct
568 5064 624 5120 in
649 5063 882 5127 saeculis,
904 5072 959 5116 et
981 5077 1074 5132 per
1103 5060 1299 5117 saecula
1329 5061 1384 5115 in
1412 5069 1672 5116 aeternum
1704 5063 1870 5128 vivis;
1901 5074 1954 5118 et
1980 5072 2065 5119 cst

486 5152 581 5208 tibi
610 5152 867 5223 perennis
896 5152 1014 5205 laus
1040 5158 1092 5205 et
1121 5159 1322 5204 aeterna
1350 5149 1544 5220 gloria,
1572 5160 1670 5206 etc.

670 5248 671 5251 “
1064 5256 1193 5297 ritas
1229 5256 1483 5299 saeuam.

599 5350 919 5382 :n‘nm~_:ln.-A
959 5351 1162 5382 n-....‘...'
1203 5359 1366 5382 uno!“
1421 5351 1768 5382 ,Διοι.ί⁹1ιιρῖροέ
1844 5356 1928 5382 ο...ιὲ
1969 5370 2063 5382 ..Αι-

2105 4435 2154 4494 D
2181 4429 2457 4500 inspector
2478 4435 2533 4482 et
2557 4434 2848 4491 scrutator,
2874 4424 3151 4517 confessus
3174 4442 3290 4482 sum
3316 4430 3771 4501 omnipotentiam

2178 4515 2478 4585 majestatis
2507 4508 2630 4580 tum,
2659 4524 2758 4569 etr.

2249 4607 2494 4663 Desinit:
2523 4604 2621 4661 Ubi
2646 4615 2727 4662 est
2747 4607 2860 4662 dies
2878 4616 3116 4663 aeternus
3145 4618 3200 4664 ct
3226 4626 3366 4667 llllllS
3385 4617 3631 4672 ouinium
3652 4620 3765 4687 spi-

2180 4698 2339 4763 ritus,
2372 4697 2462 4751 ubi
2492 4704 2544 4751 tu
2570 4711 2695 4752 cum
2719 4696 2831 4763 illo,
2869 4706 2924 4752 et
2966 4698 3056 4754 ille
3097 4708 3276 4756 tecum
3305 4701 3358 4757 iu
3383 4710 3769 4764 cominuuiom:

2179 4788 2412 4859 Spiritus
2439 4789 2610 4843 sancti
2640 4788 2971 4845 teternaliter
2998 4791 3155 4858 vivis,
3186 4804 3284 4846 etc.

2774 4895 2903 4935 PARS
2943 4896 3163 4937 TERTIA.

2239 4977 2306 5031 In
2333 4994 2437 5048 qua
2477 4992 2620 5031 mens
2646 4978 2827 5033 devota
2859 4979 3020 5032 nimio
3055 4996 3236 5033 amore
3267 4983 3525 5051 ﬂagrans,
3559 4980 3764 5036 Christo

2166 5068 2408 5133 inhians,
2455 5065 2661 5121 Christo
2710 5071 3011 5138 suspirans,
3064 5067 3355 5139 Christum,
3387 5089 3541 5143 quem
3593 5072 3763 5127 solum

2166 5166 2331 5223 amat,
2356 5157 2526 5211 uidere
2547 5156 2883 5223 desiderans,
2908 5157 3040 5212 nihil
3062 5159 3215 5214 dulce
3234 5161 3387 5214 habet
3436 5162 3542 5214 nisi
3561 5176 3764 5230 gemere

2166 5256 2214 5298 et
2244 5246 2395 5313 flere,
2423 5246 2521 5317 nisi
2549 5245 2750 5316 fugere,
2790 5257 2962 5302 tacere
2987 5260 3032 5301 et
3063 5252 3343 5320 quiescere,
3376 5250 3558 5304 dicens
3582 5266 3601 5304 :
3625 5248 3763 5315 Quis

2170 5332 2322 5382 dabit
2350 5334 2480 5382 mihi
2521 5348 2725 5382 ncnnas
2759 5336 2900 5382 simul
2927 5339 3205 5382 nnlnmhm.
3237 5349 3293 5382 nt
3330 5339 3527 5382 rnlnlm
3577 5349 3625 5382 pl
3662 5354 3758 5382 na.
