3940 5382
105 247 212 304 461

1281 243 1370 304 DE
1408 243 1631 302 DIVINA
1671 240 2312 302 CONTEMPLATIONE.

3319 250 3430 307 ιω

106 371 166 416 te
191 363 557 433 perveniam,
577 357 635 414 in
658 367 711 416 te
737 355 1100 429 requiescam,
1122 357 1215 428 qui
1241 372 1301 414 es
1327 357 1412 411 via
1446 364 1501 410 et
1525 356 1729 410 veritas
1757 368 1806 426 Α
1833 355 2010 410 valeat
2035 357 2405 426 requiescere;
2450 367 2717 426 nusquam
2762 363 2877 410 tuta
2899 365 3026 426 pax,
3051 371 3317 429 nusquam
3341 377 3430 417 sc-

105 464 166 508 et
199 455 353 508 vita.
395 452 538 508 Deus
569 467 742 517 meus,
773 465 879 505 una
913 465 1036 520 spes
1072 458 1128 505 et
1157 447 1491 519 prazgrandis
1528 446 1744 501 miseri-

111 547 320 602 cordia
359 562 509 608 niea.
539 553 657 600 esto
687 544 816 600 mihi
845 544 901 600 in
931 543 1152 600 domum
1180 541 1371 612 refugii
1398 549 1454 597 et
1479 542 1532 596 in
1562 541 1739 596 locum

110 638 441 698 munitum,
473 645 576 688 etc.

192 727 471 781 Desinit:
495 725 562 782 Et
590 723 964 794 temporalium
989 722 1333 792 sempiterna:
1355 720 1544 775 vivunt
1578 719 1744 774 ratio-

113 833 244 882 nes,
281 826 525 871 aeternae
552 815 829 884 sapientiae
857 814 1144 878 confiteor,
1177 821 1231 868 et
1261 811 1466 867 nomini
1502 819 1595 864 tuo
1627 809 1744 864 lano

118 909 247 962 dein
279 906 446 960 dico.
475 904 593 958 Tibi
620 904 925 960 benedictio
955 913 1010 960 et
1041 903 1284 968 claritas,
1319 901 1414 956 tibi
1445 901 1741 972 gratiarum

119 996 294 1059 actio,
348 995 457 1049 tibi
503 996 696 1060 honor,
741 995 914 1050 virtus
957 1004 1009 1051 et
1041 993 1325 1061 fortitudo,
1358 993 1587 1048 Domino
1633 991 1742 1047 Deo

121 1097 321 1142 nostro
358 1086 421 1140 in
449 1085 642 1141 smeula
665 1087 1012 1142 seculorum.
1045 1087 1244 1142 Amen.

635 1195 816 1250 ALIAE
854 1196 1270 1253 ORATIONES.

125 1288 165 1343 l.
210 1288 318 1343 Isti
352 1288 606 1342 versiculi
639 1289 708 1360 a‘d
740 1289 1076 1360 excitandum
1107 1289 1280 1343 cordis
1315 1289 1744 1360 conpunctionem

559 1363 623 1412 de
647 1357 931 1428 Scripturis
961 1359 1162 1414 collecti
1189 1371 1332 1414 sunt.

193 1450 317 1506 ﬂeu
358 1451 569 1507 homo!
608 1451 713 1506 heu
748 1451 941 1504 homo!
974 1451 1078 1504 heu
1111 1457 1193 1515 te,
1234 1449 1399 1504 miser
1430 1449 1620 1504 homo!
1648 1463 1746 1504 cur

132 1543 272 1596 vivis
298 1558 536 1610 equum,
564 1541 652 1596 cui
685 1557 788 1596 non
820 1549 903 1596 est
930 1540 1258 1605 intellectus,
1289 1553 1389 1595 etc.
1624 1535 1635 1547 ’

201 1634 442 1698 Desinit,
470 1636 536 1690 ad
561 1635 756 1690 (mlum
779 1649 902 1689 cum
929 1634 1074 1706 Rege
1096 1649 1194 1690 suo
1221 1635 1378 1691 ibunt
1399 1634 1592 1690 sancti.
1619 1633 1746 1690 Glo-

138 1727 212 1781 ria
253 1727 378 1792 tibi,
418 1727 663 1789 Clu-iste,
695 1737 794 1780 etc.

387 1818 460 1873 ll.
503 1833 700 1873 onarlo
740 1834 806 1872 nr:
845 1832 1010 1874 vmls
1047 1834 1117 1874 ετ
1154 1833 1494 1874 vm'rurtscs.

209 1910 464 1976 Christe,
494 1912 669 1966 virtus
699 1911 890 1965 salutis
931 1919 1132 1964 nostra:
1162 1910 1324 1976 Deus,
1361 1911 1449 1965 lux
1493 1911 1560 1966 de
1603 1911 1742 1976 luce,

145 2002 394 2056 illumina
434 2017 524 2057 me
553 2017 736 2071 qust
768 2001 971 2055 lumine
997 2001 1186 2072 gratim
1210 2010 1334 2056 tum.
1371 1999 1618 2058 Concede
1647 2018 1746 2073 pro

146 2096 340 2164 pietate
365 2105 426 2150 et
455 2095 696 2150 bonitate
721 2105 834 2162 tua,
860 2103 919 2148 nt
949 2095 1066 2150 hare
1095 2109 1182 2149 me
1207 2110 1421 2166 semper
1450 2095 1744 2162 inhabitet,

150 2196 200 2240 et
227 2186 428 2256 ubique
457 2195 634 2258 regat,
661 2197 762 2241 etc.

215 2277 420 2330 Desinit
451 2294 470 2332 :
499 2277 582 2331 Ad
618 2277 780 2331 vitam
817 2279 1126 2346 perveniam
1163 2287 1424 2334 aeternam
1445 2319 1461 2344 ,
1500 2288 1554 2335 te
1586 2281 1750 2337 mise-

159 2375 302 2421 rante
327 2375 383 2420 et
415 2367 678 2431 donante.
705 2367 796 2438 qui
825 2383 946 2422 cum
978 2367 1159 2433 Patre,
1187 2379 1287 2424 etc.

157 2452 235 2510 Ill.
275 2473 636 2514 Ανοιοαετιει
667 2473 926 2513 δειιιοκιε
960 2475 1148 2514 BBEVIS
1173 2475 1244 2514 ετ
1276 2475 1413 2514 \‘ERA
1443 2475 1744 2516 BESPONSIO.

224 2547 386 2602 Multa
414 2549 585 2620 igitur
607 2557 732 2604 sunt
757 2550 1275 2620 contemplationum
1305 2567 1524 2622 genera,
1553 2553 1749 2621 quibus

165 2637 331 2692 anima
373 2638 506 2702 tibi,
537 2638 788 2704 Christe,
821 2640 1014 2694 devota
1059 2640 1362 2696 delectatur
1403 2650 1460 2698 et
1487 2643 1701 2713 prolicit
1730 2659 1744 2697 :

167 2727 252 2782 sed
289 2727 343 2783 in
384 2729 538 2784 nullo
564 2744 753 2784 earum
798 2729 870 2784 ita
903 2730 1103 2801 gaudet
1140 2747 1296 2788 mens
1331 2747 1450 2787 mea
1494 2733 1636 2788 sicut
1691 2733 1747 2787 in

171 2816 250 2870 illa
278 2833 420 2887 quae,
451 2820 668 2874 cunctis
696 2821 942 2884 remotis,
973 2821 1026 2873 in
1056 2830 1107 2874 te
1143 2821 1318 2877 solum
1354 2821 1523 2878 Deum
1553 2821 1751 2878 attollit

169 2908 458 2978 simplicem
489 2910 612 2978 puri
646 2911 826 2964 cordis
858 2911 1132 2965 intuitum.

235 2996 455 3064 Desinit,
487 2999 672 3054 omnia
712 3000 854 3055 bona
895 3010 1080 3056 nostra
1108 3017 1271 3072 opera
1311 3010 1367 3058 tu
1399 3014 1653 3075 operatus
1689 3019 1752 3061 es

175 3092 336 3146 nobis.

266 3181 351 3238 1V.
395 3200 618 3242 ιιυκιιιε
653 3202 933 3243 οοκι-ἰςδειο
971 3204 1292 3245 ρεεολτοκιε
1328 3207 1399 3245 ΕΤ
1439 3207 1640 3247 ικωοηι

774 3275 1128 3315 ιΑυοΑτοιιιδ.

238 3344 470 3413 Ignosce,
497 3347 746 3413 Domine,
773 3351 1010 3418 ignosce,
1035 3350 1141 3420 pic,
1171 3361 1227 3405 et
1249 3351 1355 3406 noli
1383 3366 1468 3406 me
1493 3362 1748 3422 tanquam

182 3438 510 3492 temerarium
543 3441 771 3509 reproha
783 3455 857 3493 re.

241 3522 453 3591 Desinit,
487 3528 540 3582 in
571 3528 768 3582 smeula
795 3531 1114 3584 Steculorum
1137 3526 1431 3585 laudabunt
1459 3540 1532 3585 te.

640 3617 706 3673 ν.
747 3635 870 3682 omo
909 3637 994 3676 sn
1029 3637 1274 3677 JUBILUII.

243 3702 464 3762 Jubilum
488 3705 710 3772 dicitur.
735 3710 950 3779 quando
979 3711 1248 3766 inelfabile
1275 3710 1532 3782 gaudium
1567 3721 1749 3766 mente

189 3798 487 3868 concipitur.

248 3883 458 3952 Desinit,
491 3888 687 3944 suiIicit
717 3889 896 3960 lingua
925 3890 1178 3947 dicentis.

191 3971 264 4028 Ἦ.
301 3993 492 4036 ORATIO
531 3997 670 4037 ANTE
713 3999 976 4038 IIISSABUI
1019 3999 1461 4038 CELEBRATIONEM
1501 3997 1750 4037 DICESDA.

252 4063 456 4123 Summe
482 4071 738 4126 sacerdos
767 4083 822 4127 et
849 4088 974 4126 vere
1001 4073 1268 4143 pontifex,
1297 4074 1388 4143 qui
1417 4083 1469 4128 te
1507 4073 1751 4129 obtulisti

197 4149 288 4208 Deo
313 4155 450 4213 Patri
483 4161 716 4215 hostiam
747 4177 958 4231 puram,
985 4175 1084 4217 etc.

401 4253 507 4308 Vll.
548 4270 749 4310 onarlo
789 4272 950 4312 nomn
989 4273 1252 4313 WILLELMI
1294 4275 1536 4314 ABBA'I'IS.

201 4335 254 4391 In
279 4339 767 4402 Contmentoratione
799 4350 966 4401 sancti
997 4351 1278 4418 Augustini
1315 4361 1436 4404 ante
1475 4368 1750 4406 consecra-

620 4419 814 4471 tionem
849 4421 1020 4473 missa:
1053 4419 1295 4474 dicenda.

262 4494 528 4571 Memento,
552 4507 800 4573 Domine,
823 4508 1018 4562 animae
1044 4506 1232 4563 famuli
1261 4508 1338 4564 tui
1360 4509 1604 4575 Patricii,
1629 4521 1750 4571 etc..

205 4583 395 4650 inferius
422 4596 580 4650 edita.

266 4675 378 4734 \’lll.
415 4698 691 4742 cosressno
729 4703 945 4742 humus
984 4703 1305 4744 reccuoms
1344 4706 1396 4744 IN
1437 4705 1682 4745 TEIPORE

559 4772 833 4811 ANCUSTIE
871 4775 940 4812 ετ
983 4774 1370 4815 ικγιιυητλτιε.

269 4834 513 4908 Miserere,
555 4845 802 4910 Domine,
847 4848 1131 4913 miserere,
1170 4850 1277 4919 pie,
1323 4849 1582 4903 miserere
1624 4849 1755 4903 mihi

218 4922 480 4986 miserrimo
512 4935 806 5004 peccatori,
847 4935 1065 5005 indigna
1107 4940 1312 5006 agenti,
1355 4948 1411 4992 et
1454 4938 1616 5008 digna
1663 4953 1757 5006 pa-

221 5011 360 5070 tienti.

279 5104 472 5179 Desinit,
498 5118 603 5170 scis
629 5117 832 5181 omnia,
863 5126 1021 5186 potes
1050 5121 1254 5176 omnia.

1842 462 1973 502 cura
1994 447 2171 516 quies,
2194 457 2294 500 etc.

1915 537 2140 602 Desinit,
2161 536 2341 592 Gloria
2367 537 2512 593 Patri
2535 539 2627 608 qui
2660 538 2936 613 fecit-nos,
2968 540 3138 611 gloria
3170 543 3308 599 Filio
3337 546 3428 616 qui

1843 629 2070 684 redemit
2107 644 2226 692 nos,
2263 629 2429 698 gloria
2463 629 2686 698 Spiritui
2722 644 2914 687 saneto
2943 635 3034 702 qui
3073 635 3432 692 sanctiﬁcavit

1844 736 1964 778 nos.
1989 721 2072 776 Sit
2091 721 2226 786 laus,
2261 722 2331 776 sit
2356 721 2681 786 beneditcio,
2705 734 2804 778 etc.
2830 724 3016 779 Oratio
3044 727 3251 796 prolixa
3279 738 3354 783 est
3382 739 3431 783 et

1845 812 2048 867 devota.

2391 906 2460 961 X.
2501 922 2620 962 ΑιιΑ
2659 921 2879 964 omne.

1917 994 2163 1060 Domine,
2200 995 2342 1051 Deus
2366 1012 2536 1062 meus,
2561 997 2626 1051 da
2658 999 2810 1051 cordi
2853 1011 2973 1053 meo
3007 1008 3058 1054 te
3093 998 3430 1069 desiderare,

1847 1082 2205 1140 desiderando
2226 1101 2493 1156 quaerere,
2516 1089 2807 1157 quaerendo
2829 1088 3092 1155 invenire,
3114 1091 3434 1148 inveniendo

1847 1187 2054 1238 amare,
2083 1187 2180 1230 etc.
2861 1183 2866 1187 ’

1915 1267 2143 1333 Desinit,
2180 1269 2480 1324 secundum
2512 1269 2914 1325 multitudinem
2949 1280 3159 1328 tuarum
3193 1272 3436 1344 compla-

1847 1368 1971 1414 ceat
1994 1359 2423 1426 miserationum,
2450 1375 2547 1430 per
2566 1362 2749 1418 Iesum
2775 1363 3073 1428 Christum,
3096 1375 3195 1419 etc.

1847 1449 1938 1505 X1.
1973 1465 2282 1506 cantatum
2307 1467 2566 1507 neruosas
2596 1468 2697 1508 puo
2725 1469 3017 1510 BENBFICIIS
3043 1470 3436 1514 Itsautconnm

2537 1539 2756 1578 Dl\'l.\°.£.

1919 1610 2059 1681 Spes
2089 1627 2224 1673 mea.
2255 1611 2471 1667 Christe
2500 1612 2758 1668 Deus.....
2791 1614 2868 1670 Te
2889 1616 3169 1686 deprecor,
3195 1617 3440 1688 supplico

1772 1729 1819 1788 Β
1847 1711 1902 1758 et
1923 1718 2072 1774 rogo,
2094 1711 2152 1756 ut
2175 1703 2426 1773 perlicias
2448 1703 2501 1758 in
2527 1718 2612 1758 me
2635 1713 2870 1775 emptum
2892 1720 3028 1776 opus
3049 1707 3442 1763 misericordias

1848 1802 1974 1848 tum.
1999 1795 2111 1865 Ego
2132 1795 2274 1850 enim
2299 1795 2523 1850 ultimus
2546 1811 2827 1863 servorum
2855 1807 3088 1861 tuorum,
3113 1815 3219 1854 non
3245 1799 3440 1855 immo.

1847 1902 1968 1941 mor
1990 1886 2380 1941 beneﬁciorum
2405 1887 2770 1958 miserationis
2797 1897 2921 1954 tum,
2945 1905 3064 1959 quae
3089 1885 3219 1945 mihi
3243 1905 3441 1960 pecca-

1848 1978 1952 2034 tori
1986 1978 2182 2033 coilata
2206 1987 2354 2042 sunt.
2395 1980 2602 2048 gratias
2634 1980 2729 2034 tibi
2760 1996 2883 2051 ago,
2917 1981 3009 2050 qui
3041 1996 3127 2037 me
3158 1982 3442 2053 indignum

1847 2082 1947 2140 pro
1972 2078 2061 2124 tua
2096 2069 2206 2124 sola
2233 2069 2521 2124 clementia
2555 2082 2652 2140 per
2673 2085 2867 2142 aquam
2899 2071 3041 2126 sacri
3074 2071 3443 2142 baptismatis,

1845 2171 1900 2217 et
1924 2163 2277 2217 renovatione
2300 2162 2476 2216 sancti
2508 2161 2744 2232 Spiritus
2779 2160 2847 2216 ab
2875 2159 3232 2232 originalibus
3253 2162 3444 2218 vincu-

1847 2255 1914 2320 [is
1935 2253 2316 2325 estpedisti...”
2340 2252 2420 2308 Tu
2445 2252 2640 2309 Pastor
2661 2262 2717 2308 et
2742 2263 2922 2309 rector
2942 2253 3205 2320 omnium,
3229 2253 3446 2310 Christe

1849 2347 2010 2408 Deus,
2049 2346 2142 2414 qui
2187 2345 2348 2400 nullis
2387 2345 2523 2400 meis
2561 2344 2794 2411 meritis,
2835 2345 2929 2399 sed
2974 2345 3087 2400 sola
3127 2345 3446 2418 dignatione

1848 2436 2234 2492 misericordiae
2276 2445 2381 2490 tum
2403 2436 2607 2491 vocasti
2650 2436 2977 2505 parvitatem
3025 2451 3202 2491 meam
3229 2437 3297 2490 ad
3338 2436 3442 2492 hoc

1847 2527 2120 2597 pastorale
2141 2527 2404 2592 ollicium,
2430 2537 2655 2598 prapter
2697 2535 2751 2582 te
2791 2539 2844 2584 et
2884 2543 3082 2582 nomen
3125 2537 3276 2584 tuum
3317 2543 3444 2584 sano

1847 2628 2022 2682 ctum,
2047 2616 2136 2672 {ac
2175 2630 2264 2672 me
2305 2617 2557 2673 idoneum
2599 2616 2668 2672 ad
2710 2618 2815 2672 hoc
2847 2617 3231 2684 ministerium,
3254 2626 3314 2672 ut
3353 2633 3443 2672 sae

1848 2711 2060 2779 pienter
2097 2709 2317 2765 domum
2343 2717 2491 2763 tuam
2531 2724 2736 2780 regam,
2759 2716 2816 2763 et
2859 2707 2913 2762 in
2955 2709 3208 2763 omnibus
3247 2723 3446 2763 secun-

1851 2801 1978 2857 dum
2003 2797 2333 2856 voluntatem
2356 2811 2503 2855 tuam
2526 2815 2746 2872 gregem
2783 2808 2932 2854 tuum
2955 2811 3180 2870 pascere
3204 2795 3442 2855 valeam.

1850 2891 2120 2956 Concede,
2143 2901 2367 2964 prepter
2387 2893 2648 2947 honorem
2670 2890 2906 2946 nominis
2927 2889 3026 2955 tui,
3046 2899 3106 2944 ut
3127 2905 3248 2944 cum
3272 2889 3443 2945 multo

1851 2984 1997 3039 bono
2018 2984 2196 3038 fructu
2232 2982 2490 3038 fraternae
2523 2983 2803 3039 societatis
2835 2983 3120 3054 pervenire
3142 2997 3356 3038 merear
3373 2981 3445 3042 ad

1775 3080 1821 3142 ο
1851 3073 2078 3144 gloriam
2109 3083 2372 3129 tuam.....
2406 3073 2532 3129 Scio
2560 3082 2616 3134 et
2646 3082 2827 3129 certus
2871 3088 2990 3128 sum
3023 3073 3169 3144 quod
3209 3083 3264 3127 tu
3293 3073 3445 3131 vales

1853 3161 2060 3218 fructus
2080 3163 2251 3217 bonos
2271 3172 2328 3217 et
2355 3178 2582 3233 magnos
2604 3162 2784 3218 facere
2804 3165 2871 3218 de
2902 3177 3064 3233 grege
3090 3173 3203 3227 tuo,
3237 3177 3334 3231 per
3354 3177 3446 3220 me

1850 3255 2108 3324 exiguum
2128 3264 2183 3309 et
2201 3254 2498 3310 inﬁrmum.
2523 3255 2786 3310 Parvulus
2806 3256 3004 3326 quippe
3027 3271 3145 3310 sum
3166 3265 3222 3310 et
3245 3255 3447 3311 nullius

1849 3346 2068 3400 virtutis
2109 3347 2420 3411 homuncio,
2465 3346 2598 3401 nihil
2640 3347 2847 3402 habens
2872 3347 2925 3400 in
2969 3361 3056 3401 me
3086 3346 3231 3415 quod
3262 3344 3446 3415 expeti

1853 3436 2066 3500 debeat,
2091 3437 2174 3493 vel
2204 3437 2348 3507 quod
2381 3437 2601 3508 dignum
2627 3437 2698 3493 sit
2721 3436 2856 3492 tanti
2879 3436 3060 3492 oliieii.
3092 3436 3325 3502 Idcirco,
3349 3436 3446 3490 de-

1849 3541 2078 3594 sperans
2099 3528 2163 3581 de
2183 3527 2456 3597 parvitate
2497 3542 2640 3592 mea,
2683 3541 2792 3582 non
2834 3527 3046 3596 respiro
3086 3525 3190 3581 nisi
3234 3526 3288 3579 iu
3330 3523 3445 3579 sola

1852 3617 2221 3671 misericordia
2265 3626 2371 3670 tua.
2416 3614 2523 3671 Sed
2563 3616 2690 3672 licet
2719 3617 2794 3672 sis
2835 3631 3062 3686 magnus
3098 3615 3151 3669 in
3198 3615 3440 3683 magnis,

1853 3707 2140 3777 gloriosius
2181 3716 2359 3762 tamen
2395 3707 2641 3777 operaris
2675 3722 2868 3777 magna
2910 3707 2963 3760 in
3003 3705 3262 3760 minimis.
3317 3703 3439 3758 Erit

1854 3810 2003 3855 certe
2025 3799 2141 3854 laus
2169 3807 2259 3854 tua
2305 3800 2516 3854 dulcior
2534 3838 2550 3864 ,
2577 3810 2633 3854 et
2662 3800 2936 3870 copiosior
2960 3814 3112 3854 more
3138 3801 3442 3866 hominum,

1854 3908 1976 3946 cum
1999 3907 2095 3960 per
2117 3907 2202 3946 me
2228 3891 2494 3946 tantillum
2523 3892 2741 3960 operari
2771 3892 3023 3962 dignatus
3045 3892 3216 3946 fueris
3246 3907 3440 3961 magna

1855 3985 1920 4038 de
1949 3998 2111 4052 grege
2143 3993 2345 4037 tuo.....
2384 3981 2460 4036 Da
2483 3981 2618 4036 mihi
2651 3980 2891 4036 crelestia
2935 3989 2991 4034 et
3025 3990 3238 4035 terrena
3269 3978 3446 4034 subsi-

1856 4073 1944 4129 dia
1972 4073 2040 4127 ad
2068 4089 2283 4129 omnem
2304 4068 2712 4140 suflicieima'm,
2729 4079 2787 4124 ut
2807 4070 3034 4126 habeam
3056 4071 3199 4124 unde
3219 4084 3439 4140 gregem

1859 4079 1944 4129 dia
1972 4079 2040 4127 ad
2068 4089 2283 4129 omnem
2304 4079 2535 4128 sulticiei
2586 4079 2712 4136 'am,
2729 4079 2787 4124 ut
2807 4079 3034 4126 habeam
3056 4079 3199 4124 unde
3219 4084 3439 4140 gregem

1859 4171 2008 4216 tuum
2034 4163 2234 4232 possim
2265 4175 2491 4231 pascere
2519 4079 2932 4233 gmtstentare,
2982 4169 3091 4214 tam
3121 4158 3442 4229 spiritaliter

1855 4268 2017 4323 quam
2058 4253 2429 4323 corporaliter,
2459 4263 2628 4322 atque
2674 4251 2957 4307 venientes
2987 4251 3042 4306 in
3093 4261 3184 4306 tuo
3219 4251 3440 4319 nomine

1857 4343 2131 4411 suscipere
2166 4342 2370 4410 absque
2419 4341 2528 4395 ulla
2577 4341 2922 4396 haesitatione
2948 4381 2964 4407 ,
3011 4339 3282 4409 simulque
3324 4338 3444 4394 loca

1781 4451 1831 4510 ι)
1857 4431 2146 4485 commissa
2171 4431 2424 4486 ordinare
2449 4440 2505 4485 et
2553 4445 2861 4501 prmparare
2903 4432 2970 4485 ad
3009 4429 3248 4500 quietem
3271 4437 3330 4483 et
3351 4443 3443 4506 sa-

1859 4519 2028 4574 lutem
2063 4519 2418 4584 Francorum,
2454 4521 2594 4576 sicut
2631 4520 2789 4576 decet
2817 4529 2874 4576 et
2913 4527 3240 4590 oportet.....
3271 4517 3384 4572 Duo
3413 4532 3443 4571 a

1861 4618 1914 4664 te
1937 4621 2060 4680 peto
2085 4629 2098 4662 :
2122 4627 2287 4666 unum
2315 4614 2508 4667 lmrum
2530 4627 2628 4682 pro
2651 4619 2740 4666 tua
2772 4611 3056 4666 clementia
3080 4626 3186 4664 non
3213 4611 3447 4678 deneges

1861 4703 2016 4758 mihi.
2043 4701 2194 4771 Rogo
2219 4713 2270 4758 te
2294 4718 2390 4774 per
2417 4719 2610 4758 omnes
2641 4703 3022 4759 miserationes
3049 4711 3191 4767 tuas,
3221 4702 3286 4755 da
3315 4701 3447 4756 mihi

1861 4793 2288 4848 consolationem
2314 4803 2461 4848 tuam
2493 4793 2771 4848 caelestem
2796 4795 2848 4848 in
2874 4791 3060 4848 multis
3085 4789 3450 4846 tribulationi-

1863 4882 1966 4937 bus
1995 4882 2162 4937 meis!
2192 4883 2400 4954 pondus
2426 4885 2570 4940 enim
2597 4883 2742 4938 istud
2773 4882 3154 4953 gravissimum
3180 4881 3325 4952 quod
3350 4880 3454 4933 im-

1861 4976 2097 5043 positura
2125 4985 2210 5031 est
2231 4993 2394 5047 super
2420 4978 2664 5032 infirmas
2691 4977 2934 5031 cervices
2972 4989 3146 5040 meas,
3177 4975 3321 5028 ferre
3345 4987 3452 5028 non

1860 5064 2038 5128 valeo,
2067 5064 2339 5132 deponere
2381 5067 2659 5122 limeo.....
2691 5064 2911 5121 Gratias
2934 5063 3028 5116 tibi
3055 5079 3177 5134 ago,
3205 5062 3452 5121 Domine.

1859 5169 1951 5186 IIII.
1995 5171 2082 5184 vnn
2114 5168 2272 5184 nl;._-s,-
2316 5174 2336 5180 -
2375 5174 2431 5180 -.ρ
2493 5175 2503 5177 ,
