3940 5382
520 271 632 331 I65

940 421 943 425 .
1029 374 1162 430 XIII.
1203 388 1270 428 an
1305 387 1596 428 euersum.

595 468 818 523 Domine
863 463 987 521 Jesu
1025 464 1277 526 Christe,
1344 462 1642 531 redemptio
1692 475 1810 515 mea
1837 499 1850 524 ,
1897 459 2100 513 miscri-

520 560 709 615 cordia
734 572 874 620 mea,
896 565 995 610 etc.

834 645 970 702 XIV.
1025 662 1091 699 an
1130 659 1372 700 SANC'I‘UI
1410 658 1775 703 BENEDICTUI.

595 738 795 793 Sancte
851 733 1162 798 Benedicte,
1210 748 1373 804 quem
1426 742 1537 788 tam
1589 731 1840 801 opulenta
1882 730 2101 787 benedi-

522 830 704 884 ctione
732 826 991 881 virtutum
1012 838 1245 893 superna
1275 824 1448 895 gratia
1478 823 1687 888 ditavit,
1720 832 1818 876 etc.

1073 918 1186 974 XV.
1230 933 1330 973 eno
1368 929 1567 973 AIICIS.

589 1008 816 1065 Domine
838 1006 967 1065 Iesu
997 1007 1235 1075 Christe,
1295 1009 1387 1079 qui
1439 1008 1733 1065 exhibuisti
1782 1008 2100 1063 charitatem

520 1113 625 1167 qua
648 1096 910 1166 majorem
941 1112 1102 1154 nemo
1126 1098 1308 1164 habet,
1338 1110 1437 1153 etc.

1031 1188 1170 1244 XVI.
1212 1205 1313 1246 ιιιιο
1351 1206 1589 1246 mancus.

522 1326 531 1334 .
591 1278 948 1350 Omnipotens
985 1290 1043 1336 et
1078 1281 1163 1352 pie
1214 1281 1440 1337 Domine
1492 1281 1617 1338 Jesu
1649 1281 1897 1345 Christe,
1941 1295 2100 1351 quem

517 1378 648 1445 opto
668 1372 965 1442 prepitium
995 1372 1188 1429 amicis
1222 1374 1379 1439 meis,
1414 1384 1513 1428 etc.

1019 1460 1180 1517 XVII.
1219 1478 1340 1518 aut
1382 1478 1602 1519 cauto.

590 1556 784 1613 Terret
806 1572 894 1613 me
919 1558 1028 1612 vita
1062 1572 1202 1613 mea.
1236 1557 1499 1629 Namque,
1525 1559 1809 1630 diligenter
1834 1558 2079 1615 discussa

519 1659 743 1718 apparet
781 1650 909 1703 mihi
952 1658 1043 1704 aut
1084 1659 1363 1719 peccatum
1408 1660 1501 1705 aut
1529 1651 1795 1708 sterilitas
1842 1652 1954 1706 fere
1995 1660 2102 1706 tota

518 1740 626 1793 vita
654 1754 797 1804 mea,
819 1750 918 1795 etc.

1537 260 1817 318 JOANNIS
1855 256 2350 316 FISCAMSENSIS
2390 254 2677 312 ABBATIS

3693 249 3794 302 ιω

2572 365 2757 421 XVIII.
2804 382 2869 421 an
2907 381 3148 422 SANCTuI
3188 381 3416 420 attain.

2273 464 2471 518 Sancta
2502 463 2691 528 Maria,
2720 474 2774 519 et
2801 463 2943 518 inter
2973 469 3193 518 sanctos
3213 469 3335 531 post
3366 460 3563 523 Deum,
3589 466 3692 513 e:c.

2555 553 2733 609 ‘XIX.
2775 569 2844 609 an
2883 569 3123 609 SANC'I‘MI
3162 567 3395 608 nam“.

2272 646 2464 711 Maria,
2495 656 2550 702 tn
2582 646 2672 701 illa
2696 662 2893 718 magna
2923 646 3093 701 Maria
3117 685 3133 710 ,
3166 655 3222 701 tu
3267 645 3356 700 illa
3387 643 3564 714 major
3608 646 3788 700 Icata-

2231 752 2319 790 um
2343 735 2655 801 Mariamm,
2686 746 2785 790 etc.

2414 826 2532 882 XX.
2574 843 2642 882 an
2681 842 2927 883 SANC‘I‘UII
2964 840 3204 884 team-«sn
3243 840 3573 882 BLPTISTAI.

2273 917 2472 973 Sancte
2520 917 2779 984 Joannes,
2835 926 2891 974 tu
2931 919 3021 975 ille
3066 917 3306 977 Ioannes
3355 918 3449 987 qui
3502 916 3783 972 Dominum

2200 1008 2508 1078 baptizasti,
2538 1019 2638 1064 etc.

2596 1101 2739 1158 XXI.
2781 1118 2850 1159 an
2886 1119 3134 1160 sancruu
3175 1118 3416 1158 parans.

2274 1195 2474 1252 Sancte
2496 1193 2680 1261 Pctrc,
2708 1196 3092 1267 benignissime
3116 1205 3169 1250 et
3191 1195 3367 1250 ﬁdelis
3392 1188 3585 1266 pastor
3612 1192 3785 1250 etiam

2202 1286 2320 1353 Dei,
2346 1298 2446 1341 etc.

2356 1376 2518 1433 XXII.
2561 1394 2630 1434 an
2665 1392 2908 1435 sanorum
2943 1392 3178 1433 tomum:
3216 1392 3650 1434 EVAFGELIS‘I‘AI.

2276 1467 2477 1525 Sancte
2517 1479 2574 1525 et
2620 1469 2777 1526 beate
2819 1469 3074 1529 Joannes.
3112 1469 3381 1524 altissime
3426 1469 3781 1541 evangelista-

2205 1562 2332 1614 rum’
2357 1560 2473 1628 Dei,
2506 1560 2856 1618 dilectissime
2884 1559 3252 1631 apostolorum
3282 1559 3401 1627 Dei,
3430 1571 3538 1616 etc.

542 1887 3759 1925 Μή

1309 2013 2106 2133 δοΔιιιιιιιε
2197 1986 3010 2127 anna-us

1751 2244 2534 2361 EPISTOL/E.

1514 2440 1770 2512 (MARILL.
1796 2441 2044 2495 Analect.
2074 2455 2197 2496 nov.
2230 2441 2381 2507 cdit.,
2413 2455 2533 2514 pag.
2571 2442 2720 2511 650.)

1011 2677 1340 2736 EPISTOLA
1373 2677 1605 2734 PRIMA.

510 2761 801 2835 Win}:th
840 2775 915 2847 (I)
948 2788 1231 2829 ANGLORUM
1258 2787 1410 2828 assis
1456 2788 1523 2826 an
1560 2787 1797 2828 JOANSEI
1854 2785 2099 2827 accirent

520 2863 527 2871 '
1102 2857 1516 2900 FISCAINENSEM.

515 2942 522 2955 '
584 2937 676 2994 W.
708 2932 1126 3007 rexAnglorum
1153 2933 1343 2989 101mm
1370 2934 1552 2990 abbati
1576 2933 1828 2990 salutem.

585 3031 685 3086 Diu
714 3032 927 3085 mecum
955 3026 1213 3098 cogitavi,
1248 3026 1321 3080 mi
1354 3025 1571 3092 dilecte,
1599 3026 1651 3080 in
1682 3024 1839 3095 cujus
1857 3039 2021 3082 manu
2051 3036 2107 3083 et

510 3123 763 3180 'custodia
791 3136 1007 3192 possem
1052 3119 1271 3175 mittere
1318 3126 1372 3172 ct
1415 3117 1795 3175 commendare
1836 3118 2109 3175 abhatiam

518 3210 690 3269 sancti
724 3213 866 3268 Petri
905 3212 970 3266 de
1001 3208 1523 3265 West-monasterio
1549 3227 1561 3262 :
1589 3208 1716 3279 quia
1768 3208 1824 3262 in
1874 3209 2109 3264 maxima

515 3305 866 3360 ‘veueratione
898 3310 953 3358 et
973 3301 1169 3369 habeo,
1202 3308 1257 3356 et
1290 3313 1355 3355 ex
1387 3299 1569 3355 debito
1588 3299 1789 3354 habere
1810 3298 1999 3355 debeo.
2034 3298 2113 3354 Ibi

518 3393 663 3449 enim
688 3392 832 3463 jacet
859 3393 945 3448 vir
983 3392 1157 3446 beatae
1203 3387 1477 3444 memoriae
1505 3387 1760 3444 dominus
1809 3402 1965 3444 mens
2012 3402 2107 3442 rex

509 3482 873 3548 Etbwardus;
920 3481 994 3536 ibi
1052 3480 1217 3535 etiam
1261 3479 1523 3534 tumulata
1556 3486 1641 3534 est
1690 3478 1875 3550 regina
1925 3478 2112 3549 Etgith

517 3572 664 3629 ‘nxor
693 3573 809 3639 ejus
832 3570 1029 3647 inclyta
1061 3588 1074 3625 :
1107 3584 1210 3640 ego
1230 3568 1393 3624 etiam
1427 3568 1647 3633 ibidem,
1680 3567 1779 3624 Dei
1824 3567 2112 3623 clementia

516 3665 863 3738 providente.
914 3662 1191 3735 Sceptrum
1221 3671 1278 3719 et
1322 3678 1577 3719 coronam
1629 3664 1794 3719 totius
1820 3662 1971 3733 regni
2002 3662 2111 3717 An-

520 3748 644 3830 glici
672 3758 905 3827 suscepi.
937 3753 1450 3825 Tandemconsilio
1492 3752 1790 3811 Lant'ranni
1835 3753 2110 3824 archiepi-

514 3847 713 3917 scopi,
766 3860 1120 3918 meorumque
1159 3858 1442 3915 procerum
1471 3886 1487 3912 ,
1537 3843 1771 3901 Vitalem
1815 3844 2064 3901 abbatem
2093 3883 2109 3910 ,

516 3939 764 4009 quamvis
789 3938 1039 4004 invitum,
1070 3937 1262 4005 adhoc
1293 3937 1448 4009 coegi
1483 3944 1545 3992 ut
1587 3935 1733 3992 illam
1787 3944 2108 3992 assumeret.

518 4030 654 4085 Cum
685 4029 831 4085 enim
866 4027 1136 4084 abbatiam
1161 4028 1227 4083 de
1245 4026 1490 4083 Bernaco
1524 4042 1592 4083 ex
1617 4026 1843 4081 minimo
1861 4024 2109 4088 multum,

517 4132 581 4176 ut
612 4127 780 4191 patet,
804 4118 1202 4184 sublimaverit,
1237 4117 1481 4191 intekxi
1518 4116 1669 4171 illum
1717 4116 1940 4187 dignum
1989 4130 2112 4171 esse

520 4132 581 4176 ut
612 4127 780 4191 patet,
804 4118 1202 4184 sublimaverit,
1237 4117 1481 4271 integri
1518 4117 1669 4171 illum
1717 4117 1940 4187 dignum
1989 4130 2110 4171 esse

520 4210 735 4266 abbatia
764 4208 829 4262 de.
854 4206 1340 4264 Westmonasterio
1477 4206 1712 4263 utilitate
1754 4215 1813 4261 et.
1867 4206 2110 4276 prudens

520 4300 621 4354 tia.
651 4298 997 4367 Quapropter
1022 4295 1183 4350 liceat
1227 4296 1360 4352 mihi
1410 4295 1554 4352 istud
1591 4294 1732 4361 ﬁeri,
1779 4295 1922 4364 quod
1951 4295 2017 4349 de
2049 4309 2114 4350 eo

512 4390 799 4449 communi
829 4387 1056 4445 consilio
1090 4403 1333 4443 meorum
1357 4388 1571 4461 providi
1601 4402 1912 4459 procerum,
1946 4388 2115 4442 licen-

510 4484 598 4537 ~tia
627 4492 719 4537 tua
748 4492 805 4537 et
830 4482 970 4537 bona
1000 4479 1296 4547 voluntate,
1317 4489 1685 4537 etconventus
1704 4481 1958 4536 fratrum.
1981 4481 2115 4537 Volo

521 4575 688 4629 etiam
714 4573 806 4628 tibi
832 4580 1017 4626 nolunt
1039 4584 1160 4626 esse
1190 4585 1275 4626 me
1303 4569 1531 4640 elegisse
1546 4571 1873 4639 Osbernum,
1891 4572 2114 4627 fratrem

523 4668 735 4723 scilicet
759 4664 949 4721 Vitalis
973 4660 1207 4729 abbatis,
1233 4672 1290 4720 ut
1315 4664 1515 4720 haheat
1540 4664 1820 4719 abbatiam
1876 4664 1944 4718 de
1986 4662 2116 4719 Ber-

524 4772 665 4816 naco
692 4776 705 4813 :
732 4766 786 4814 et
810 4759 913 4812 hoc
943 4765 1032 4811 tua
1060 4755 1280 4812 licentia
1305 4756 1435 4811 mihi
1464 4754 1580 4811 ﬁeri
1604 4754 1788 4811 liceat.
1814 4754 1969 4809 Vale.
2076 4752 2081 4758 ’

1100 4865 1433 4924 EPISTOLA
1470 4866 1514 4922 II

880 4954 948 4994 AD
977 4953 1298 4995 WILLELHUII
1331 4953 1540 4994 AXGLIE
1570 4952 1769 4992 REGE“.

598 5022 690 5087 ιν.
727 5030 910 5086 divina
933 5030 1150 5085 favente
1178 5032 1352 5103 gratia
1384 5031 1681 5101 Anglorum
1704 5031 1816 5100 regi
1841 5030 1895 5085 in
1921 5042 2115 5100 magna

525 5122 698 5203 gloria
723 5120 956 5178 Joannes
990 5120 1395 5177 Fiscamncnsis
1424 5122 1663 5178 ctenobii
1704 5120 1890 5187 Pater,
1943 5120 2116 5175 victo-

530 5214 667 5256 riam
691 5214 757 5256 (In
780 5214 1015 5256 ini-ninia
1044 5214 1096 5256 in
1128 5213 1305 5256 almlin
1348 5214 1557 5256 “nmini
1575 5222 1631 5256 nt
1656 5212 1945 5256 Cndnnnie.

2210 2680 2466 2749 quoniam
2519 2679 2745 2737 moleste
2800 2680 3102 2753 acciperem
3159 2682 3303 2752 quod
3371 2679 3547 2736 frater
3617 2693 3788 2736 nosier

2211 2771 2445 2827 domnus
2481 2770 2672 2828 Vitalis
2718 2771 2836 2828 sine
2860 2772 3083 2829 licentia
3128 2780 3312 2827 nostra
3357 2774 3426 2827 de
3477 2772 3694 2828 abbatia
3726 2775 3785 2826 al

2138 2858 2183 2922 C
2214 2860 2485 2917 abbatiam
2510 2863 2790 2934 migraret,
2827 2861 2933 2917 nisi
2959 2861 3102 2933 quod
3149 2876 3245 2918 vos
3275 2861 3465 2933 diligo,
3520 2871 3578 2916 et
3621 2872 3785 2917 vestra

2210 2953 2435 3010 consilia
2462 2954 2731 3010 honorare
2778 2952 2920 3010 volo.
2974 2953 3181 3010 Idcirco
3223 2953 3384 3010 laudo
3430 2963 3488 3008 et
3535 2954 3787 3009 conﬁrmo

2209 3043 2355 3112 quod
2381 3053 2562 3099 vestra
2608 3043 2807 3115 regalis
2851 3044 3083 3099 sancivit
3132 3044 3449 3099 auctoritas.
3501 3042 3624 3100 Jam
3672 3059 3790 3100 vero

2210 3134 2355 3205 quod
2382 3133 2684 3192 Osbernum
2715 3151 2872 3191 suum
2900 3134 3127 3191 fratrem
3165 3149 3506 3209 germanum,
3552 3152 3662 3191 non
3710 3135 3787 3189 Fi-

2210 3213 2584 3284 scamnensem
2612 3229 2964 3295 monachum,
2992 3228 3209 3298 injuris
3250 3231 3422 3286 nostri
3471 3230 3597 3287 loco
3644 3231 3792 3302 elegi-

2211 3316 2311 3372 stis
2330 3317 2604 3385 abbatem,
2636 3333 2816 3374 annuo
2840 3319 3073 3375 libenter
3092 3321 3159 3375 ad
3178 3312 3417 3377 vestram
3449 3320 3787 3392 fidelitatem;

2210 3406 2288 3462 ita
2318 3415 2500 3464 tamen
2540 3416 2597 3463 ut
2630 3408 2727 3463 Iiat
2767 3411 3068 3465 secundum
3111 3411 3515 3474 auctoritatem,
3552 3412 3790 3465 videlicet

2211 3509 2293 3566 ut,
2323 3509 2544 3573 accepta
2569 3500 2786 3556 licentia
2814 3515 2845 3554 a
2882 3516 2984 3557 suo
3006 3501 3225 3567 abbate,
3277 3510 3462 3556 noster
3492 3499 3589 3555 tiat
3618 3517 3791 3555 mona-

2212 3592 2367 3656 chus,
2385 3601 2458 3653 ,et
2477 3591 2735 3647 obediens
2762 3592 3061 3646 secundum
3104 3589 3345 3662 regulam
3373 3592 3547 3646 sancti
3569 3591 3790 3647 Benedi-

2212 3683 2282 3738 cti
2310 3691 2364 3737 et
2393 3682 2658 3737 ordinem.
2716 3679 2812 3736 His
2865 3681 2941 3735 ita
2981 3680 3295 3752 prrelibatis,
3345 3694 3479 3750 rogo
3525 3681 3791 3736 dominum

2211 3776 2390 3827 meum
2423 3782 2503 3837 ut,
2534 3786 2741 3827 memor
2760 3786 2891 3826 mea:
2916 3773 3214 3828 senectutis
3236 3772 3350 3842 jam
3378 3786 3465 3826 me
3504 3772 3576 3826 ad
3620 3772 3794 3825 termi-

2213 3878 2341 3917 num
2369 3862 2493 3917 vita:
2527 3864 2829 3928 curvantis,
2845 3862 3056 3931 judicet
3082 3878 3277 3919 causas
3301 3870 3536 3927 nostras,
3565 3870 3620 3916 et
3644 3860 3791 3915 faciat

2213 3954 2369 4008 nobis
2391 3954 2680 4022 justitiam,
2711 3964 2771 4008 ut
2795 3968 2895 4024 ego
2923 3955 3078 4011 laetus
3098 3955 3151 4010 in
3176 3954 3406 4010 Domino
3423 3953 3648 4008 moriar.
3674 3950 3790 4019 Qua

2214 4054 2338 4099 sunt
2369 4046 2452 4099 hte
2477 4046 2690 4101 causae?
2716 4044 2984 4111 Primum,
3012 4056 3071 4100 ut
3099 4060 3166 4101 ex
3187 4045 3480 4117 promisso,
3507 4044 3654 4114 quod
3678 4057 3790 4112 per—

2214 4134 2390 4189 dimus
2415 4135 2465 4189 in
2501 4135 2748 4206 Astingo,
2782 4145 3158 4206 recompenset
3183 4136 3349 4192 corde
3366 4135 3528 4206 pleno
3543 4143 3600 4189 et
3621 4134 3791 4188 animo

2140 4222 2184 4276 D
2209 4222 2478 4279 benivolo.
2512 4225 2650 4279 Sunt
2678 4224 2796 4279 alite
2827 4225 3010 4295 plures
3054 4240 3345 4281 causarum
3369 4234 3683 4280 nostrarum
3708 4236 3790 4275 ne-

2217 4312 2524 4378 cessitates,
2550 4328 2687 4383 quas
2720 4330 2848 4384 rogo
2881 4315 3002 4383 pius
3031 4330 3126 4369 ne:
3149 4314 3427 4383 judicetct
3449 4312 3625 4374 ﬁniat,
3673 4309 3786 4363 dum

2214 4402 2346 4457 vivit
2370 4415 2425 4458 et
2456 4412 2633 4466 vacat,
2690 4404 2757 4458 ad
2799 4418 3027 4459 summa:
3091 4403 3377 4458 Trinitatis
3427 4402 3690 4457 honorem
3741 4411 3789 4452 et

2214 4492 2435 4562 gloriam
2460 4511 2473 4546 :
2503 4494 2766 4565 quatinus
2790 4494 2904 4565 ipsa
2932 4493 3076 4549 Deus
3102 4493 3347 4548 Trinitas
3375 4492 3528 4547 illum
3585 4493 3652 4546 de
3696 4491 3788 4544 Au-

2204 4583 2315 4654 glis
2344 4585 2605 4655 provehat
2642 4585 2708 4639 ad
2735 4585 2965 4654 gloriam
2993 4600 3113 4654 qua:
3150 4592 3236 4638 est
3283 4584 3337 4638 in
3364 4583 3593 4654 angelis.
3655 4581 3784 4636 \‘ale.

2775 4695 3110 4752 EPISTOLA
3142 4696 3228 4750 III.

2481 4784 2549 4821 AD
2599 4783 2829 4822 \‘ITALEM
2870 4782 3111 4822 ABBATEH
3144 4780 3554 4821 EBEIINACENSEI.

2292 4853 2527 4910 Joannes
2553 4856 2952 4913 Fiscamnensis
2975 4857 3142 4913 abbas
3166 4854 3439 4910 eonfratri’
3483 4854 3679 4909 VITALI
3718 4864 3787 4904 ξας

2200 4942 2396 4998 νιυιειιι.

2289 5034 2440 5091 Scire
2469 5044 2524 5092 te
2548 5036 2688 5102 volo,
2719 5038 2866 5093 utilis
2893 5046 2949 5093 et
3008 5038 3242 5093 honeste
3299 5034 3497 5100 frater,
3550 5033 3785 5104 quoniam

2216 5141 2313 5197 pro
2345 5141 2526 5182 amore
2560 5129 2702 5198 regis
2726 5138 2782 5184 et
2814 5131 3004 5186 merito
3036 5139 3141 5187 tua:
3175 5128 3487 5187 dilectionis
3532 5124 3788 5183 anctorizo

2220 5225 2361 5256 lnmn
2383 5222 2774 5256 nrnmntinnnyn
2822 5235 2871 5256 nl
2906 5223 3087 5256 fmus-Ic
3110 5223 3347 5256 ηειιηιιηί
3379 5222 3434 5256 ς..
3469 5217 3786 5256 nmlmRnr.
