3940 5382
144 367 241 423 ‘65

1590 380 1969 440 EPISTOLIE.

3299 397 3405 455 ιδο

148 479 323 537 melius
346 438 712 551 recognoscas
737 488 792 535 et
819 481 1089 555 honores,
1106 501 1271 557 quam
1300 487 1483 560 plures
1525 493 1618 562 qui
1644 495 1712 549 de
1740 504 1783 559 Α
1812 498 2010 567 quibus
2035 512 2134 554 nos
2161 497 2361 555 dudum
2388 511 2485 572 pro
2507 490 2661 557 libilu
2692 504 2745 559 et
2768 512 3035 575 potestate
3079 515 3259 567 vestra
3316 512 3405 581 ni-

147 571 287 627 nobis
311 570 560 627 exierunt
584 569 803 641 fratres,
827 583 882 631 et
902 590 999 646 per
1042 590 1285 637 nostrum
1340 582 1516 640 locum
1545 599 1708 641 vene-

146 671 259 719 runt
280 662 344 718 ad
372 678 601 734 magnos
624 664 880 725 honores.
919 666 1073 726 Vale.

292 768 597 812 {DNOTATIO
624 772 677 810 IN
719 773 854 815 τιιεε
893 776 1182 819 εριετοωε
1208 779 1551 823 ευρωοιεε.

204 847 396 932 [Eodem
418 847 701 932 collirnant
728 852 1040 932 superiores
1070 855 1321 932 epistolas
1349 868 1482 926 tres,
1512 874 1707 932 nempe

144 926 196 971 ut
216 916 401 1003 “talis
426 918 616 1003 abbas‘
640 916 998 1003 Bernacensis
1029 916 1431 1003 transferretur
1467 916 1534 1003 ad
1566 916 1707 1003 regi;

146 1002 253 1041 men
278 986 749 1056 Wesmonasterii,
779 990 830 1046 in
856 993 1116 1051 suburbio
1163 996 1509 1055 Londiniensi
1542 1018 1556 1055 :
1592 986 1702 1056 ιιῖιιι

144 1066 195 1135 r_n
221 1056 540 1135 Osbernus,_
579 1058 771 1135 vitalis
799 1077 1093 1135 germanus
1127 1066 1295 1124 frater
1323 1080 1379 1125 et
1406 1072 1704 1128 monachus

145 1127 502 1198 fl'roarnensis,
526 1129 580 1184 in
612 1130 787 1187 locum
804 1127 1019 1191 'fratris
1050 1137 1295 1194 Bernaco
1342 1127 1699 1198 soﬂiceretur.

144 1196 418 1273 Bemacum
445 1198 713 1273 Neustrize
732 1204 987 1272 oppidum
1014 1216 1099 1262 est
1126 1208 1191 1264 ad
1212 1196 1581 1266 Carentonam
1599 1196 1704 1273 (lu;

146 1268 579 1339 vium,dimccsis
624 1268 995 1339 Lexo'viensis,
1041 1277 1130 1332 ubi
1184 1281 1571 1336 monasterium
1614 1268 1703 1338 in-

140 1338 332 1393 choavit
350 1338 537 1395 Judith
562 1340 797 1397 Ricardo
835 1347 1075 1401 secundo
1098 1346 1553 1407 Nortmaunorum
1578 1351 1700 1408 duci

143 1418 316 1486 nupta;
347 1409 691 1486 absolvitque
717 1412 988 1486 φρει-ειυς
1041 1418 1212 1486 ipsius
1258 1422 1507 1486 maritus,
1555 1439 1700 1478 eom-

143 1478 329 1549 mittcns
368 1478 504 1534 illud
529 1478 815 1538 venerabili
862 1478 1142 1541 Guillelino
1197 1488 1374 1545 abbati
1430 1478 1700 1549 (Fiscam-

143 1548 295 1645 ner'tsi)
329 1550 730 1645 perﬁ‘eienddum,
776 1563 824 1634 et
854 1557 1138 1645 monastice
1184 1548 1560 1641 ordinandum,
1608 1564 1697 1645 qui

140 1617 186 1670 in
206 1617 429 1697 (acutulis
459 1620 817 1697 {armamentis
838 1627 1104 1697 modicum
1129 1629 1442 1697 prtestiterat
1490 1617 1698 1687 consilii

140 1687 397 1769 negtium,
426 1687 504 1744 uti
532 1690 803 1769 ilicet-dus
829 1696 945 1764 ipso
976 1687 1209 1769 testaiur
1241 1688 1541 1769 diplomate
1567 1704 1699 1758 dato

142 1756 189 1832 in
206 1756 562 1832 Fjseamncnsi
588 1761 809 1832 palatio,
832 1756 970 1820 dnuo
993 1767 1059 1820 ab
1082 1756 1457 1826 Incama'tione
1474 1756 1694 1828 Domini

140 1827 957 1907 itm,indictione'octaeajline
978 1846 1060 1890 est
1084 1839 1248 1907 quod,
1275 1854 1398 1895 cum
1424 1853 1695 1898 monaste-

142 1897 258 1981 rium
280 1897 409 1981 illud
427 1897 580 1981 juris.
597 1912 741 1957 esset
774 1897 1246 1981 Fiscamnensimn
1270 1897 1692 1981 monachorum;

141 1965 748 2047 Willel‘mus'Anglorum
773 1988 888 2039 rex,
919 1976 1168 2047 idemque
1195 1978 1304 2033 dux
1334 1965 1696 2039 Nomm—anno:

141 2052 260 2117 rum,
279 2037 633 2117 pilaqums'tor
662 2042 824 2117 vulgo
847 2037 1171 2117 appellatus,
1216 2064 1326 2106 non
1355 2051 1460 2108 nisi
1511 2037 1696 2111 habito

141 2105 255 2191 abba
260 2109 321 2162 tis
335 2105 487 2191 Fisca
496 2113 743 2168 mnensis
755 2105 978 2191 Ejusque
995 2105 1385 2191 monachorum
1401 2105 1693 2191 consensu,

142 2174 335 2250 Vitalem
360 2179 757 2237 Bernaeensem
778 2174 1027 2241 abbatem
1067 2188 1122 2243 in
1149 2174 1693 2250 Wc’stmonas‘t‘evriuni

142 2249 460 2332 transtulerit,
484 2250 717 2332 ejusque
740 2253 1189 2332 locoprael‘ecerit
1209 2258 1538 2318 Osbernum.
1566 2249 1693 2332 Qua

143 2315 282 2404 iure
330 2315 913 2404 observanti—tumveni't
959 2315 1236 2404 principes
1270 2315 1691 2404 ratque-"reges:

141 2387 566 2474 etsiinabbatias
596 2408 626 2446 a
649 2387 979 2474 majoribus-
1011 2387 1155 2474 suis'
1183 2387 1447 2474 conditas
1481 2387 1694 2474 sibique

140 2457 373 2524 subjectos
401 2461 698 2536 aliquando
719 2457 943 2536 abbates
970 2470 1338 2536 nominarent,
1371 2457 1438 2526 ad
1468 2457 1580 2527 rem
1594 2457 1694 2528 τιέξ

141 2540 238 2605 tuen
257 2531 648 2605 exsequendam
673 2535 972 2605 postulasse
985 2531 1381 2597 consensnmet
1399 2545 1691 2598 continua-

140 2598 320 2683 tionem.
365 2598 784 2683 monachorum,
842 2607 1038 2676 quibus
1075 2610 1291 2683 electio‘
1329 2615 1689 2683 competebat.

140 2664 227 2745 {las
245 2669 489 2745 epistolas
514 2682 577 2728 et
597 2664 995 2745 subsequentes
1024 2664 1208 2736 noster
1248 2664 1690 2741 ςυίῑιυῶῐιὶἑίῖίἐ

140 2735 338 2796 lisstrius
360 2742 500 2797 eruit
520 2759 592 2800 ex
627 2760 726 2801 ms.
757 2735 947 2803 codice
972 2735 1367 2806 Fiscamnensi.

664 2835 997 2894 EPISTOLA
1033 2839 1123 2894 IV.

140 2932 457 2978 ωπιιιικωι
520 2941 774 2981 ΑΒΒΔΤΒΜ
835 2942 1135 2986 IETTENSIS
1190 2945 1513 2989 ιιοΜετΕιιιι
1569 2947 1692 2989 SAN-

708 3012 798 3053 ϐτί
837 3013 1087 3056 ΑΒΝυιΡΙ.
1370 3032 1373 3035 λ

338 3083 533 3155 Repetit
555 3085 904 3144 Benedictum
924 3093 1239 3149 monachum
1267 3111 1443 3149 suitur.

193 3170 393 3230 Domino
416 3176 564 3234 Patri
593 3177 685 3234 W.
712 3182 1021 3238 venerando
1046 3184 1250 3252 abbati,
1313 3185 1486 3242 frater
1533 3186 1693 3243 Jou-

140 3276 231 3328 κίε,
261 3267 425 3324 crucis
456 3269 663 3327 Christi
717 3273 990 3341 servulus,
1050 3276 1312 3348 quidquid
1366 3277 1423 3333 in
1471 3277 1691 3336 Christo

139 3352 330 3413 felicius.
1238 3408 1239 3411 η

194 3446 377 3519 Saepius
425 3463 481 3509 et
527 3456 717 3514 verbis
744 3466 799 3515 et
836 3458 1055 3531 scriptis
1086 3460 1406 3533 deprecatus
1443 3479 1564 3521 sum
1598 3481 1690 3522 ve-

140 3548 279 3597 stram
311 3547 694 3615 paternitatem
741 3565 841 3622 pro
890 3561 1077 3611 nostro
1131 3556 1420 3624 monacho,
1471 3559 1690 3615 nomine

139 3629 401 3703 Benedicto,
430 3650 490 3695 ut
516 3641 651 3697 mihi
685 3642 987 3701 redderetis
1017 3658 1034 3700 :
1063 3653 1119 3701 et
1149 3647 1338 3702 audire
1389 3650 1643 3706 renuistis
1669 3669 1684 3718 ;

139 3726 252 3791 quod
278 3743 375 3783 non
410 3734 667 3789 maximae
694 3732 798 3791 fuit
825 3736 1129 3793 charitatis.
1170 3737 1443 3810 Scriptum
1491 3740 1690 3812 quippe

138 3820 316 3876 nostis:
349 3822 500 3889 Quod
525 3826 626 3880 tit-i
682 3844 788 3883 non
814 3829 889 3884 vis
913 3829 1051 3898 ﬁeri,
1092 3829 1190 3886 alii
1225 3847 1290 3886 ne
1344 3832 1560 3904 feceris;
1586 3842 1683 3890 et:

139 3904 340 3966 Charitas
360 3917 533 3970 omnia
551 3917 761 3987 su/I‘ert.
790 3918 986 3975 Adhuc
1010 3935 1143 3993 ergo
1165 3929 1400 3977 vestram
1448 3924 1690 3993 paterni-

140 4004 274 4052 tatem
291 4005 548 4062 convenio
579 4007 777 4062 humili
799 4000 1217 4080 supplicatione,
1259 4019 1532 4082 quatenus
1559 4030 1686 4070 eum

139 4101 222 4141 non
241 4091 483 4154 diﬂ‘eratis
504 4099 641 4154 mibi
667 4100 969 4157 remittere.
999 4101 1154 4170 Quod
1184 4104 1229 4159 si
1262 4103 1562 4174 nolueritis,
1588 4121 1687 4163 vos

138 4191 220 4230 non
245 4188 664 4255 escommnnico,
687 4189 783 4246 sed
811 4190 988 4261 ipsum
1019 4192 1088 4248 ab
1118 4194 1266 4248 omni
1298 4191 1684 4252 Christianita-

139 4269 192 4323 tis
213 4272 369 4332 edicto
414 4281 744 4338 auctoritate
794 4283 912 4349 Dei,
970 4295 1026 4340 et
1072 4288 1247 4344 sancti
1293 4288 1472 4345 Patris
1510 4291 1684 4352 nostri

138 4356 369 4422 Benedicti
385 4372 691 4441 etpmnium
708 4383 1054 4446 sanctorum,
1096 4388 1357 4448 quantum
1373 4381 1508 4436 mihi
1529 4381 1681 4447 libet,

136 4462 293 4519 separo
313 4466 362 4511 et
390 4472 696 4531 sequestro,
731 4464 903 4521 donec
933 4467 1135 4523 doeear
1162 4484 1271 4540 quo
1319 4470 1453 4527 mibi
1499 4466 1709 4527 aufer-"

140 4549 205 4594 tur
219 4558 372 4613 pacto.
397 4550 582 4611 Valete
604 4556 869 4620 dicerem,
898 4558 942 4614 si
963 4568 1203 4616 nostram
1228 4576 1333 4617 non
1358 4562 1676 4623 defendere-
1712 4572 1759 4632 ι)

142 4632 310 4708 lis[leg.
337 4643 665 4721 detinerctis]
690 4664 868 4703 ovem.
884 4650 1268 4707 Verumtamen
1284 4654 1457 4723 valete
1484 4654 1682 4723 dicam,

141 4735 188 4774 ea
218 4734 571 4791 convenientia
622 4746 679 4792 ut
715 4754 869 4794 ovem
907 4742 1148 4798 reddatis
1203 4744 1355 4800 omni
1398 4746 1685 4803 occasione

142 4823 406 4889 Wslposila.

670 4923 1002 4980 EPISTULA
1044 4922 1107 4977 V.

264 5038 448 5084 WAliliil
484 5048 704 5089 ABBATIS
745 5050 809 5088 AD
836 5050 1078 5091 JOANNEH
1104 5052 1521 5098 FISGANNENSEII.

563 5142 827 5174 climan:-u—"
853 5146 1081 5174 nun-mna.’
1094 5164 1170 5174 ἢ.--

1812 588 1916 641 mis
1953 586 2154 643 acriter
2181 592 2532 659 convenistis,
2557 592 2762 666 aliquid
2816 596 2957 666 quod
2988 582 3161 666 vobis,
3211 600 3266 659 id
3316 614 3401 671 est

1812 684 1974 731 tanta:
2006 676 2296 746 maiestati,
2320 680 2575 737 indecens
2616 683 2727 757 sit,
2760 684 2927 756 (quod
2953 687 3151 760 absit!)
3204 690 3398 759 saltem

1808 776 2158 836 provocatus,
2189 770 2333 826 velut
2359 772 2561 829 stultus
2584 764 2848 831 effutiam.
2879 775 2989 835 Sed
3033 781 3179 850 quia,
3229 794 3288 839 ut
3314 771 3399 851 di-

1807 859 1950 926 citis,
1982 860 2213 917 cltaritas
2238 864 2413 917 omnia
2441 866 2645 936 stt/fert,
2678 875 2802 922 voto
2831 868 3066 940 Apostoli
3093 887 3289 945 precor
3315 886 3391 949 ut,

1805 949 1852 1005 si
1882 966 1982 1022 ego
2011 959 2069 1006 ut
2093 951 2355 1025 insipiens
2370 953 2423 1010 in
2446 955 2751 1027 insipientia
2770 956 2972 1029 aliquid
2991 959 3203 1020 locutus
3217 956 3393 1030 fuero,

1804 1041 2118 1098 sustineatis
2165 1044 2436 1099 modicum
2464 1046 2591 1116 quid
2623 1046 2722 1118 ipsi
2756 1047 3078 1120 insipientia:
3128 1066 3292 1119 meae,
3340 1063 3397 1117 et

1803 1135 2136 1205 supportetis
2155 1150 2260 1191 me.
2292 1134 2404 1208 Ego
2427 1137 2574 1192 enim
2597 1138 2735 1193 nihil
2758 1155 3023 1211 prepono,
3074 1142 3212 1197 nihil
3257 1157 3398 1215 pnu-

1803 1227 1963 1298 cipio,
1993 1228 2070 1284 nil
2096 1228 2308 1297 minor;
2340 1229 2434 1285 sed
2456 1239 2680 1286 coactus
2702 1230 2769 1287 ad
2799 1228 3001 1303 Scripta
3038 1244 3222 1293 vestra
3264 1236 3395 1292 sim-

1801 1321 1930 1391 plici
1960 1336 2212 1379 sermone
2237 1324 2317 1380 sic
2347 1324 2613 1380 rescribo.
2666 1323 2904 1381 Litteras
2959 1336 3169 1385 vestras
3224 1330 3395 1387 frater

1801 1421 1988 1469 noster
2007 1414 2237 1471 domnus
2266 1414 2595 1471 Wimundus
2636 1416 2769 1473 mibi
2798 1418 3021 1487 detulit,
3068 1420 3262 1477 dicens
3299 1436 3399 1478 eas

1799 1503 1903 1559 sibi
1932 1519 1963 1558 a
1994 1496 2149 1561 vehis
2195 1506 2412 1572 missas,
2465 1514 2524 1561 ut
2546 1521 2642 1577 per
2685 1522 2810 1563 cum
2842 1509 2973 1563 mihi
3006 1521 3396 1580 praesentaren-

1802 1601 1911 1650 tur.
1948 1595 2097 1662 Quas
2118 1610 2300 1651 coram
2326 1597 2516 1652 eodem
2548 1597 2718 1653 fratre
2747 1597 2841 1668 qui
2874 1613 2969 1655 eas
2988 1600 3193 1666 attulit,
3220 1611 3276 1657 et
3301 1601 3391 1667 do-

1800 1697 1930 1740 mno
1952 1684 2227 1742 Grimario
2255 1684 2538 1751 Besuensi,
2565 1685 2683 1742 sine
2706 1686 2817 1742 ullo
2844 1686 3186 1746 salutationis
3211 1704 3391 1759 prom-

1798 1771 1907 1827 mio
1933 1770 2099 1845 (quod
2129 1788 2261 1838 non,
2293 1782 2353 1828 ut
2382 1773 2585 1842 dicitis,
2619 1776 2874 1835 maxima:
2928 1774 3030 1832 fuit
3082 1778 3390 1855 charitatis)

1726 1852 1769 1912 Β
1798 1863 2183 1931 praesentavit;
2213 1861 2604 1937 subjunxitque
2637 1881 2735 1921 vos
2761 1880 2825 1922 ea
2868 1868 3130 1925 mandare
3177 1879 3238 1925 ut
3278 1852 3389 1926 fra-

1800 1962 1937 2010 lrem
1963 1964 2209 2011 nostrum
2235 1955 2491 2012 damnum
2514 1957 2888 2029 Benedictum,
2915 1975 3078 2031 quem
3102 1962 3155 2017 vi
3176 1962 3394 2019 auferre

1795 2047 2087 2116 volebatis,
2142 2047 2291 2105 velut
2332 2051 2450 2122 jam
2502 2060 2773 2121 vestrum,
2820 2056 3020 2111 vesrris
3065 2057 3403 2128 sumptibus,

1794 2141 1952 2213 equis
1985 2150 2041 2198 et
2068 2141 2285 2198 famulis
2318 2143 2387 2197 ad
2420 2159 2517 2200 vos
2549 2146 2875 2215 quantocius
2897 2147 3211 2229 deduceret.
3237 2148 3405 2215 Quod-

1796 2242 1947 2291 certe
1970 2234 2017 2292 si
2042 2233 2182 2290 alios
2216 2245 2417 2307 praeter
2449 2244 2686 2292 vestram
2716 2252 3006 2308 personam
3054 2248 3263 2309 ageret,
3286 2255 3393 2297 non

1796 2327 2050 2382 maximae
2078 2335 2227 2383 esset
2251 2326 2552 2398 religionis.

1869 2417 2103 2474 Utenim
2134 2419 2204 2474 de
2248 2433 2482 2490 persona
2523 2427 2701 2476 vestra
2749 2421 2968 2477 interim
3026 2431 3255 2488 taceam,
3302 2426 3390 2480 cui

1794 2506 1974 2564 omnis
2016 2508 2216 2573 honor,
2244 2516 2435 2579 utpote
2482 2508 2698 2578 majori,
2758 2513 2959 2583 priori,
2989 2514 3274 2589 sanctiori,
3325 2530 3395 2569 ac

1793 2600 2134 2667 prudentiori
2163 2609 2330 2670 atque
2375 2601 2702 2672 religiosiori
2752 2603 3147 2674 impendendus
3178 2614 3282 2687 est,
3324 2606 3390 2675 de

1793 2707 1882 2748 me
1903 2693 2083 2748 dicam
2112 2693 2260 2763 quia,
2290 2692 2337 2749 si
2360 2708 2461 2765 ego
2486 2693 2590 2751 tale
2618 2694 2748 2763 quid
2776 2696 2843 2751 de
2863 2695 3049 2769 aliquo
3075 2706 3257 2752 vestro
3280 2697 3390 2773 fra-

1794 2790 1877 2839 tre
1905 2790 2289 2850 attentassem,
2335 2791 2392 2839 et
2423 2798 2548 2841 eum
2577 2784 2647 2839 ad
2670 2799 2759 2841 me
2808 2786 2995 2843 venire
3018 2787 3240 2858 scriptis
3289 2803 3390 2847 no-

1793 2873 1922 2928 stris
1945 2880 2055 2929 tam
2086 2873 2246 2946 longe
2271 2882 2540 2931 terrarum
2563 2875 2763 2946 spatio,
2789 2886 2845 2933 et
2870 2878 3106 2936 maxime
3146 2895 3248 2952 pro
3287 2883 3395 2938 da-l

1793 2978 1920 3019 mno
1948 2973 2153 3031 vestro,
2185 2965 2325 3020 clam
2353 2966 2506 3023 vobis
2529 2980 2832 3036 monerem,
2860 2971 3058 3028 merito
3083 2980 3185 3029 eta
3205 2973 3388 3051 vobis,

1793 3064 1851 3112 et
1868 3070 1900 3112 a
1927 3057 2140 3113 cunctis
2170 3058 2284 3114 haec
2311 3059 2656 3119 audientibus
2703 3063 3150 3135 reprehensibilis
3175 3076 3233 3124 et
3255 3082 3387 3126 ccu-

1795 3150 1996 3208 trarius
2020 3160 2223 3208 sanetze
2250 3153 2447 3225 regulae
2470 3154 2779 3225 iudicarer,
2822 3171 2944 3214 cum
2968 3160 3207 3219 sciamus
3257 3177 3387 3220 ωι-

1716 3223 1762 3289 C
1792 3248 1943 3298 ctum
1967 3241 2187 3298 Patrem
2211 3223 2484 3300 nostrum?
2513 3245 2862 3307 Benedictum
2917 3251 3210 3322 prohibere
3262 3269 3380 3309 mo-

1790 3333 2024 3389 nachum
2054 3334 2264 3390 litteras
2295 3336 2382 3391 vel
2405 3336 2642 3410 eulogia,
2673 3341 2954 3399 nesciente
2987 3343 3184 3415 abbate
3205 3359 3328 3410 suo,
3350 3361 3382 3399 a

1788 3438 2113 3495 quocunque
2146 3427 2449 3498 suscipere;
2476 3427 2788 3502 justiusque
2828 3434 2961 3491 mihi
3008 3435 3062 3490 in
3095 3436 3187 3492 tali
3221 3437 3379 3508 culpa

1790 3515 2191 3586 impingeretur
2218 3518 2271 3572 id
2302 3520 2446 3588 quod
2478 3521 2531 3576 in
2564 3522 2784 3594 scriptis
2810 3524 3009 3582 vestris
3035 3528 3380 3598 opposuistis:

1791 3604 1945 3671 Quod
1972 3606 2067 3660 tibi
2097 3621 2200 3661 non
2230 3606 2303 3662 vis
2327 3608 2468 3678 ﬁeri,
2491 3609 2587 3665 alii
2610 3626 2673 3667 ne
2701 3611 2915 3681 feceris.
2974 3650 2979 3655 ο

1866 3694 2062 3751 Verum
2090 3697 2176 3752 his
2202 3699 2447 3766 omissis,
2475 3716 2595 3770 qua:
2625 3703 2708 3758 vel
2732 3704 2927 3762 leviter
2969 3707 3267 3768 ferrentur.
3297 3712 3383 3769 vel

1788 3786 2011 3844 omnino
2059 3786 2134 3843 nil
2172 3790 2559 3859 penderentur,
2593 3792 2645 3847 ni
2681 3794 2784 3849 alia
2831 3799 3083 3868 graviora
3139 3816 3245 3858 nos
3287 3804 3385 3859 sti-

1788 3879 2086 3946 mularent,
2115 3880 2182 3936 ad
2212 3881 2325 3952 ipsa
2384 3884 2549 3939 verba
2601 3886 2799 3956 quibus
2848 3888 3287 3961 interminamur,
3333 3896 3379 3951 si

1786 3968 1986 4040 placet,
2018 3969 2330 4037 veniamus;
2362 3982 2421 4026 ut
2441 3973 2526 4029 his
2551 3972 2757 4045 absque
2777 3979 3130 4037 contentione
3154 3996 3383 4053 respon-

1787 4059 1996 4123 dentes,
2023 4060 2109 4116 vel
2132 4062 2279 4116 noxii
2308 4061 2391 4118 vel
2420 4062 2625 4120 innoxii
2649 4065 3015 4124 inveniamur.
3075 4070 3375 4138 Querimini

1787 4165 1882 4206 vos
1927 4150 2126 4220 saepius
2173 4159 2228 4206 et
2268 4151 2450 4208 verbis
2495 4162 2550 4209 et
2596 4155 2817 4226 scriptis
2867 4172 2967 4214 nos
3002 4159 3273 4230 expetisse
3319 4172 3377 4216 ut

1783 4249 2051 4306 vestrum,
2074 4242 2441 4313 sicutdicitis,
2468 4248 2823 4316 monachum,
2873 4252 3096 4307 nomine
3142 4251 3369 4309 Benedi-

1784 4341 1953 4401 ctum,
1978 4334 2130 4391 vobis
2158 4335 2527 4405 redderemus,
2553 4347 2606 4394 et
2631 4340 2822 4397 audire
2853 4343 3162 4411 renuimns;
3189 4353 3246 4400 et
3271 4346 3373 4401 hoc

1783 4439 1891 4480 non
1923 4425 2155 4481 maxime
2180 4427 2460 4485 charitatis
2485 4444 2624 4487 esse.
2665 4430 2765 4488 Ubi
2794 4449 2894 4505 ego
2935 4437 3233 4504 respondeo
3285 4452 3374 4492 me

1786 4514 1853 4585 (si
1883 4514 2023 4571 bene
2061 4517 2306 4585 memini)
2331 4532 2361 4571 a
2394 4520 2580 4577 nescio
2621 4521 2758 4592 (Deo
2781 4523 2936 4595 teste)
2991 4539 3101 4593 qua
3145 4540 3372 4597 persona

1786 4605 1997 4664 litteras
2008 4610 2294 4678 quasdam,
2313 4618 2592 4668 transacto
2606 4611 2740 4687 jam,
2759 4623 2812 4669 nt
2832 4624 2987 4685 puto,
3014 4617 3257 4687 biennio,
3286 4635 3374 4675 su~

1784 4700 2049 4770 scepisse,
2079 4699 2277 4769 quibus
2308 4703 2377 4757 de
2409 4705 2727 4760 remissione
2753 4707 2996 4777 ejusdem
3044 4707 3239 4767 fratris.
3263 4727 3374 4765 mo-

1783 4791 1971 4846 nebar.
1996 4792 2164 4860 Quas,
2192 4795 2512 4859 ut-mstimo,
2550 4796 2664 4867 ipse
2689 4797 2854 4863 idem,
2885 4808 2939 4854 et
2966 4801 3276 4870 quicunque
3300 4802 3372 4856 lc‘

1781 4885 1858 4957 git
1885 4893 1940 4939 et
1972 4883 2259 4951 intellexit,
2282 4894 2341 4942 ut
2371 4901 2543 4943 vanas
2573 4887 2774 4954 irrisit;
2812 4903 2952 4960 quas
2974 4899 3184 4949 vestras
3208 4892 3385 4947 fuisse.

1781 4988 1883 5030 nec
1909 4972 2136 5038 credidi,
2163 4987 2265 5030 nec
2291 4976 2474 5031 credo.
2500 4974 2576 5031 Ita
2598 4976 2791 5045 frivola
2817 4990 2973 5037 erant
3013 4996 3138 5050 quae
3188 4984 3243 5039 in
3294 4984 3372 5037 cis

1783 5064 2229 5132 continebantur,
2264 5074 2322 5120 ut
2351 5068 2531 5135 potius
2556 5082 2650 5124 eas
2678 5086 2708 5125 ιι
2732 5085 3059 5141 quocunque
3087 5087 3272 5129 scurra
3295 5071 3358 5124 ir-

1926 5156 1965 5173 σί
2022 5153 2169 5174 0-.--
