3940 5382
554 384 658 441 ὄϐἺ

1651 377 1932 434 JOANNIS
1967 363 2460 437 FlSCAM-NENSIS
2497 380 2783 436 ABBATIS
3721 386 3808 441 tu;

551 496 893 563 habuissem;
919 495 1062 568 quod
1087 495 1244 552 modo
1273 456 1596 564 respondeo,
1635 501 1765 550 tunc
1793 508 2012 564 quoque
2049 509 2134 548 re—
2163 496 2211 554 Α
2309 495 2766 564 Animadvertite,
2819 513 3029 568 qumso,
3086 499 3308 557 insidias
3364 501 3588 557 diaboli.
3643 503 3809 574 Lupus

553 590 914 662 spondissem,
945 589 1154 646 scilicet
1177 603 1266 643 me
1290 586 1651 642 libentissime
1672 594 1912 641 vestrum
1946 594 2002 640 et
2043 599 2132 640 ve-

553 690 788 737 strorum
819 680 1126 745 consilium,
1173 676 1500 746 adjutorium
1552 687 1607 734 et
1650 677 2132 743 cohabitationem,

550 773 596 828 si
629 780 775 828 tanta
804 787 862 828 re
882 772 1077 842 dignus
1101 785 1298 836 essem,
1324 769 1663 836 habiturum,
1710 777 1766 824 et
1810 768 1862 824 id
1911 768 2133 824 servitio

528 873 758 929 nostro,
791 864 836 919 si
855 861 1142 932 juberetis,
1168 877 1547 932 reponsurum.

621 953 679 1007 in
705 955 961 1024 praesenti
1012 962 1214 1019 tamen,
1262 954 1388 1024 quia
1432 953 1533 1009 hoc
1584 961 1732 1008 tanta
1783 952 1832 1007 vi
1875 952 2128 1023 exigitur,

547 1043 751 1098 nullum
772 1045 1098 1099 monachum
1130 1055 1372 1098 vestrum
1415 1045 1647 1108 habere;
1697 1044 1954 1099 domuum
2004 1058 2132 1098 vero

545 1133 894 1188 Benedictum
918 1147 1025 1186 non
1044 1141 1304 1197 vestrum,
1327 1133 1419 1188 sed
1437 1142 1638 1188 sant-tte
1660 1134 1935 1188 memoria:
1949 1133 2129 1186 domui

545 1224 758 1279 abbatis
782 1223 1040 1279 Willelmi
1074 1240 1413 1291 conversum,
1446 1225 1707 1279 nutritum
1747 1236 1802 1280 et
1832 1225 2129 1294 professum

547 1316 742 1380 fuisse;
769 1331 926 1386 quem
960 1317 1075 1386 ipse
1099 1318 1259 1388 (quod
1289 1333 1447 1371 nemo
1476 1332 1672 1387 negare
1693 1315 1854 1387 valet)
1881 1317 1930 1370 in
1958 1316 2132 1384 primo

547 1423 653 1477 quo
688 1408 860 1462 locum
888 1408 1238 1464 Gorzieusem
1268 1409 1563 1477 regendum
1611 1409 1842 1478 accepit,
1893 1407 1958 1462 ad
1990 1409 2130 1462 idem
2172 1407 2174 1410 ’

544 1500 854 1553 coenobium
887 1516 1007 1556 cum
1044 1499 1228 1554 multis
1267 1500 1408 1567 aliis,
1443 1515 1672 1570 quorum
1731 1499 1969 1554 nonnulli
2015 1497 2128 1568 jam

541 1593 655 1644 vita
680 1590 916 1647 defuncti
945 1592 1143 1647 ibidem
1177 1593 1381 1648 humati
1413 1594 1722 1663 quiescunt,
1757 1602 1815 1647 ut
1837 1610 1994 1648 suum
2038 1609 2132 1649 ve-

541 1682 683 1745 nire,
715 1696 780 1734 ac
811 1679 951 1736 inibi
973 1697 1194 1737 manere
1214 1684 1492 1753 praecepit.
1517 1681 1668 1748 Quod
1685 1691 1739 1737 et
1766 1681 1911 1749 fecit,
1933 1698 2129 1754 usque-

545 1769 696 1835 dum,
730 1771 1017 1827 transactis
1043 1773 1315 1830 nonnullis
1343 1775 1522 1840 annis,
1548 1774 1892 1830 conhibentia
1945 1775 2126 1831 domui

543 1860 757 1917 abbatis
777 1861 1091 1920 Gorzi‘eusis
1116 1864 1360 1936 Sigifridi
1390 1874 1446 1922 et
1483 1867 1665 1922 domui
1691 1867 1905 1922 abbatis
1949 1865 2129 1923 Oddo-
2158 1855 2202 1915 Β

544 1952 632 2008 nis
668 1961 795 2009 tunc
823 1955 1088 2024 priorum,
1113 1966 1235 2025 post
1264 1958 1543 2026 abbatum,
1572 1967 1628 2014 et
1650 1958 1894 2028 jussione
1933 1959 2127 2030 praedi-

539 2045 615 2099 cti
637 2045 826 2100 domui
846 2046 1059 2102 abbatis
1089 2047 1350 2105 Willelmi
1379 2052 1446 2105 ad
1488 2053 1879 2106 monasterium
1935 2052 2126 2107 Sancti

541 2135 774 2200 Arnulﬂ,
807 2137 918 2204 cui,
955 2139 1066 2194 Deo
1106 2150 1347 2205 auctore,
1392 2141 1518 2198 licet
1543 2153 1818 2214 peccator,
1867 2145 2122 2209 inservio,

541 2225 782 2280 directus
804 2235 859 2281 et
886 2227 1189 2284 destinatus
1235 2239 1320 2285 est
1350 2245 1365 2284 :
1397 2230 1487 2285 ubi
1533 2233 1791 2289 hactenus
1840 2234 2026 2305 deguit
2073 2243 2128 2288 et

541 2317 712 2388 degit,
744 2326 818 2381 et,
851 2317 962 2374 Deo
984 2318 1216 2386 volente,
1249 2320 1375 2390 (nisi
1402 2324 1582 2377 omnia
1614 2324 1960 2394 antiquorum
2017 2335 2128 2380 sta-

539 2417 656 2464 tuta
701 2410 856 2465 irrita
887 2410 1038 2482 fiant)
1078 2411 1255 2484 deget.
1313 2412 1415 2482 Qui
1468 2415 1673 2470 obitum
1728 2416 1903 2473 Patris
1957 2417 2126 2472 nostri

538 2515 685 2570 sarpe
729 2502 938 2558 dicendi
991 2504 1174 2560 domui
1228 2507 1440 2563 abbatis
1486 2507 1742 2564 Willclmi
1790 2509 2130 2580 prmstolatus

537 2601 641 2657 est,
666 2602 721 2648 et
747 2594 1078 2649 successoris
1105 2594 1241 2668 ejus,
1277 2596 1330 2651 id
1359 2606 1442 2652 est
1470 2597 1653 2652 domui
1687 2598 1901 2654 abbatis
1949 2597 2128 2655 Oddo-

535 2681 643 2748 ni‘s,
678 2681 927 2739 electioni
979 2693 1034 2740 et
1075 2686 1405 2742 ordinationi
1444 2688 1712 2753 interfuit,
1761 2689 2024 2755 laudavit,
2073 2702 2129 2747 et

503 2778 744 2848 "absque
782 2777 1014 2848 alicujus
1042 2779 1424 2836 interdictione
1445 2781 1680 2849 primum
1708 2780 1832 2850 ipsi,
1869 2791 1995 2852 post
2035 2783 2129 2839 d‘c-

536 2885 748 2926 cessum
786 2863 965 2924 autem
995 2869 1132 2938 ejus,
1188 2871 1347 2936 mihi,
1398 2871 1527 2926 licet
1556 2871 1956 2942 indignissimo,
1981 2873 2128 2929 nullo

536 2968 816 3024 mouente,
849 2959 995 3014 nullo
1016 2970 1265 3027 cogente,
1286 2975 1383 3015 sua
1417 2970 1628 3030 sponte,
1683 2961 2010 3028 voluntarie,
2069 2972 2127 3018 ut

503 3061 506 3063 λ
536 3051 670 3118 dixi,
685 3051 1048 3107 obedientiam
1062 3059 1120 3104 ut
1135 3052 1435 3106 monachus
1452 3051 1634 3105 abbati
1649 3053 1919 3121 promisit,
1933 3054 2127 3110 etscri-

531 3148 648 3209 pto,
681 3149 745 3196 ut
770 3141 940 3196 videri
977 3140 1233 3211 perfacile
1260 3151 1365 3206 est,
1401 3141 1656 3196 firmavit.
1697 3141 1831 3198 Cum
1859 3144 2125 3201 e'diverso

536 3233 701 3302 (quod
713 3247 847 3303 pace
859 3240 1036 3287 vestra
1049 3233 1251 3288 dictum
1266 3234 1359 3306 sit)
1377 3250 1474 3288 nec
1488 3233 1762 3302 electioni,
1781 3236 2116 3291 necordina-
2149 3234 2195 3298 C

533 3324 898 3390 sicui-vestrae,
921 3339 1020 3380 nec
1036 3323 1344 3388 animo,nec
1356 3339 1587 3395 corpore
1601 3325 1908 3382 interfuerit
1925 3342 1940 3392 ;
1957 3335 2012 3382 et
2025 3341 2124 3382 vos

530 3415 902 3485 postmodum,
917 3431 1014 3487 per
1026 3415 1125 3472 has
1148 3417 1398 3488 regiones
1413 3418 1931 3473 nostrastransitum
1955 3420 2120 3474 etho-

531 3506 754 3574 spitium
771 3505 1051 3574 habentes,
1068 3507 1270 3563 nullam
1305 3509 1528 3565 omnino
1553 3507 1640 3563 vel
1679 3517 1893 3564 tenuem
1919 3507 2120 3563 famam

531 3597 828 3663 sonuistis;
861 3605 916 3652 et
947 3599 1107 3654 nobis
1138 3595 1251 3667 jam
1302 3599 1592 3671 praeteritis
1647 3599 1805 3656 anuis
1855 3599 2122 3655 orationis

531 3700 698 3740 causa
728 3684 986 3742 Sanctum
1025 3686 1342 3743 Michaelem
1390 3688 1736 3754 adeuntibus,
1791 3698 1846 3744 et
1886 3703 1984 3759 per
2023 3703 2120 3744 vos

497 3777 826 3832 transitum
853 3778 1203 3844 habentibus,
1249 3780 1340 3834 ubi
1387 3781 1552 3835 etiam
1597 3779 1830 3849 benigne
1887 3780 2022 3834 satis
2065 3787 2121 3835 et

529 3863 911 3922 liberalissime
943 3885 1066 3924 eum
1093 3870 1240 3924 omni
1277 3869 1544 3924 rharitate
1589 3879 1644 3924 et
1696 3869 2014 3941 suscepistis
2065 3879 2121 3926 et
2209 3903 2211 3906 ι

527 3955 823 4022 refovistis,
850 3957 1049 4012 nullam
1093 3960 1309 4029 penitus
1337 3960 1665 4016 mentionem
1713 3962 1940 4028 fecistis,
1994 3977 2116 4029 nec,

529 4052 591 4101 ut
615 4056 765 4117 puto,
796 4047 1082 4116 faceretis;
1111 4051 1213 4106 nisi
1245 4051 1448 4118 Doech,
1475 4069 1580 4108 nou
1606 4055 1813 4124 primus
1863 4052 1950 4107 ille
1996 4052 2117 4107 ldu-

529 4152 722 4208 ωερε,
750 4140 844 4196 sed
874 4156 1019 4198 nunc
1040 4143 1176 4197 alter
1197 4143 1582 4200 senii—Judtcus
1608 4145 1783 4216 (cujus
1814 4159 2009 4199 nomen
2034 4145 2118 4200 vel

549 4228 728 4288 aciem
757 4245 862 4286 non
885 4234 1149 4304 cognovi;
1182 4233 1273 4289 sed
1303 4234 1510 4288 utinam
1543 4235 1617 4288 ita
1651 4236 1814 4289 vitam
1859 4236 1976 4305 ejus
2005 4235 2116 4288 lau-

530 4319 767 4376 dabilem
794 4323 846 4378 in
871 4322 1012 4377 bona
1046 4322 1190 4378 fama
1217 4338 1285 4379 ex
1305 4324 1535 4381 veritate
1575 4339 1984 4395 cognoscerem,
2012 4327 2120 4381 sic-

536 4422 598 4465 ut
623 4420 844 4465 notatur
873 4421 928 4466 et
980 4413 1323 4484 vituperatur
1346 4417 1487 4485 apud
1513 4430 1611 4470 nos
1635 4417 1686 4469 in
1719 4417 1858 4470 mala
1903 4415 2042 4470 fama
2071 4418 2112 4487 l)
2161 4447 2174 4464 ε

531 4517 639 4557 ιιοιι
659 4501 954 4575 [pronisi],
982 4503 1227 4574 inquam,
1257 4505 1343 4560 ille
1366 4515 1455 4561 aut
1480 4506 1718 4572 infamis,
1755 4508 1896 4562 sicut
1919 4508 2114 4565 dicitur

2238 588 2430 643 ovibus
2461 589 2742 656 insidians,
2773 604 2880 644 non
2909 589 3097 656 libero,
3152 594 3246 648 sed
3301 608 3570 663 suspenso
3613 595 3808 651 incessu
3835 647 3847 658 ,

2237 679 2398 734 ovilia
2423 680 2640 745 circuit,
2665 680 2735 734 ita
2760 679 3004 736 diabolus
3033 697 3169 751 quos
3195 683 3446 752 decipere
3469 685 3690 753 quaerit,
3717 702 3808 739 non

2236 779 2444 840 aperta,
2486 771 2580 826 sed
2625 770 2873 826 simulata
2929 771 3103 826 fronte
3150 774 3380 844 impetit.
3432 775 3808 832 Verumtamen

2236 859 2434 914 Paulus
2461 860 2776 916 devitandas
2805 876 2899 916 eos
2919 861 3075 916 docet
3101 863 3191 932 qui
3220 865 3452 932 primam
3489 865 3657 919 ﬁdem
3704 867 3808 920 irri-

2238 960 2345 1006 tam
2393 951 2664 1017 fecerunt;
2711 953 2938 1022 ideoque
2983 954 3258 1025 discipulis
3311 956 3443 1010 dicit
3471 975 3485 1010 :
3513 955 3697 1011 Timeo
3736 976 3805 1024 ne,

2234 1045 2368 1098 sicut
2393 1061 2601 1114 serpens
2633 1042 2795 1099 Evam
2821 1046 3026 1099 seduxit
3049 1048 3243 1100 astutia
3271 1064 3389 1111 sua,
3442 1049 3520 1100 ita
3569 1058 3618 1102 et
3674 1052 3808 1102 vestri

2233 1153 2414 1190 sensus
2442 1147 2865 1205 corrumpantur,
2915 1147 2961 1189 et
2983 1137 3224 1190 excidant
3249 1155 3280 1190 a
3302 1137 3662 1206 simplicitate,
3708 1157 3808 1206 qm

2233 1235 2306 1280 est
2330 1226 2382 1278 in
2412 1225 2637 1279 Christo.
2666 1225 2778 1296 Ego
2800 1241 3012 1296 quoque
3040 1227 3201 1281 timeo
3232 1226 3391 1280 talem
3425 1229 3622 1282 horum
3651 1231 3808 1284 socic-
3904 1217 3905 1220 η

2235 1327 2397 1372 tatem
2427 1317 2545 1388 plus
2576 1318 2870 1387 parituram
2903 1317 3058 1373 istius
3103 1317 3266 1388 (quod
3319 1318 3516 1387 absit!)
3567 1320 3806 1389 perditio-

2232 1423 2354 1464 nem
2384 1425 2543 1478 quam
2585 1409 2728 1463 illius
2750 1409 3000 1463 salutem.
3049 1411 3154 1464 Sed
3181 1410 3311 1464 dicit
3340 1410 3540 1475 aliquis
3572 1430 3586 1464 :
3611 1411 3745 1478 Quid
3766 1413 3802 1464 si

2232 1500 2387 1555 aliter
2410 1498 2598 1554 haberi
2628 1499 2712 1554 vel
2746 1499 2915 1554 teneri
2945 1515 3048 1553 non
3091 1501 3300 1570 potest!
3351 1501 3487 1556 Huic
3531 1517 3640 1556 non
3698 1519 3802 1573 ego,

2231 1591 2327 1646 sed
2373 1591 2662 1661 Apostolus
2692 1591 3016 1660 respondeat
3050 1609 3062 1644 :
3090 1589 3331 1660 Inﬁdelis
3365 1593 3411 1645 si
3438 1593 3684 1656 discedit,
3714 1595 3806 1646 dis-

2229 1684 2400 1738 cedat.
2453 1682 2606 1750 Quod
2657 1683 2801 1737 enim
2853 1682 3060 1738 lucrum
3089 1692 3174 1737 est
3221 1684 3332 1738 Deo
3375 1683 3616 1737 animam
3658 1699 3803 1736 uuam

2231 1775 2533 1844 acquirere,
2578 1780 2634 1828 et
2661 1773 2822 1828 aliam
2851 1773 3110 1844 perdere?
3141 1773 3280 1843 quod
3312 1773 3354 1828 si
3388 1789 3583 1828 aurum
3639 1790 3802 1838 suum,

2231 1869 2438 1924 utinam
2469 1883 2574 1922 nou
2605 1865 2748 1922 male
2776 1867 3118 1936 acquisitum,
3151 1882 3258 1936 quo
3279 1908 3294 1931 ,
3327 1873 3388 1920 ut
3410 1867 3615 1928 audivi,
3647 1866 3804 1920 abun-

2230 1964 2342 2026 dat,
2377 1975 2562 2016 secum
2593 1958 2908 2026 abstulerit;
2939 1959 3110 2014 tollat.
3138 1958 3376 2022 Utinam,
3403 1974 3510 2012 non
3540 1959 3679 2027 ipse,
3703 1959 3806 2019 sui,

2229 2054 2273 2109 si
2309 2068 2432 2108 eum
2465 2051 2724 2124 impedire
2744 2049 2921 2115 debet,
2950 2065 3176 2120 pecunia
3205 2049 3321 2116 ejus
3361 2059 3450 2104 eat
3477 2051 3528 2104 in
3561 2051 3805 2119 perditio-

2228 2144 2382 2198 nem!
2407 2142 2526 2200 Non
2549 2143 2799 2212 dignatur
2819 2147 3003 2196 sancta
3029 2137 3268 2194 Ecclesia
3298 2140 3432 2194 tales
3453 2140 3708 2208 pecunias
3736 2148 3806 2191 at.

2228 2249 2334 2304 que
2359 2249 2583 2290 munera
2610 2233 2956 2304 imperiorum
2973 2229 3391 2303 [f.,impiorum}
3414 2246 3696 2300 perversa;
3719 2247 3805 2284 nec

2229 2327 2478 2382 Christus
2491 2339 2680 2382 aurum
2696 2325 2908 2394 quaerit,
2925 2323 3018 2378 sed
3037 2324 3262 2383 animas,
3289 2324 3379 2392 qui
3400 2323 3671 2378 diabolum
3688 2325 3806 2376 divi-

2230 2417 2334 2472 tias
2354 2414 2693 2480 oll'crentem,
2718 2421 2777 2468 ut
2799 2428 2897 2468 nos
2919 2413 3106 2468 eadem
3128 2411 3308 2468 facere
3331 2413 3580 2480 doceret,
3595 2415 3800 2484 repulit,

2229 2508 2358 2564 etin
2387 2507 2671 2562 vocatione
2695 2503 2989 2574 apostolica
3010 2503 3196 2559 eadem
3224 2504 3424 2558 trutina
3453 2505 3696 2574 pensavit
3719 2521 3805 2557 au-

2227 2615 2348 2656 rum
2374 2608 2428 2654 et
2457 2606 2737 2667 argentum
2767 2595 3004 2650 Matthxi
3024 2603 3080 2652 et
3102 2595 3373 2662 Zacchaai,
3423 2610 3530 2667 qua
3561 2597 3734 2650 navim
3754 2606 3803 2650 et

2227 2693 2364 2748 retia
2394 2690 2623 2745 Andreae
2642 2697 2699 2744 et
2724 2687 2895 2744 Petri.

2300 2827 2428 2895 Sed,
2453 2842 2486 2882 ο
2516 2826 2776 2882 dolendus
2802 2839 2960 2880 error
2981 2823 3292 2879 hominum!
3344 2835 3452 2876 non
3507 2822 3697 2892 potuit,
3730 2822 3806 2874 in-

2227 2920 2443 2990 quiunt,
2491 2920 2660 2974 abbas
2705 2917 3008 2972 Willelmus
3050 2915 3377 2970 monachum
3412 2916 3467 2970 in
3499 2916 3606 2969 alio
3651 2930 3797 2984 quam

2226 3011 2316 3065 ubi
2344 3009 2621 3079 professus
2641 3018 2721 3064 est
2751 3008 3085 3064 constituere
3128 3007 3269 3072 loco,
3322 3007 3432 3062 nisi
3459 3009 3645 3063 diebus
3683 3008 3798 3061 vita:

2227 3116 2356 3155 suae.
2381 3100 2632 3156 Christus
2658 3100 2917 3154 Dominus
2961 3097 3131 3152 noluit
3189 3098 3394 3152 diutius
3442 3098 3706 3169 apostolus
3748 3095 3796 3157 in

2228 3189 2468 3245 conclavi
2494 3189 2754 3253 residere,
2777 3191 2871 3244 sed
2902 3189 3050 3243 misit
3083 3204 3177 3243 eos
3204 3189 3256 3249 in.
3287 3187 3602 3248 universum
3629 3198 3796 3249 orbrtu

2225 3279 2523 3350 prmdicare
2552 3293 2775 3348 regnum
2808 3279 2923 3333 Dei.
2950 3279 3052 3349 lpsi
3081 3285 3307 3353 apostoli
3341 3300 3440 3354 per
3469 3293 3637 3339 totum
3661 3303 3798 3339 mun-

2224 3370 2350 3426 dum
2384 3371 2540 3425 divisi
2567 3371 2861 3439 discipulos
2891 3385 3020 3430 suos
3052 3376 3119 3430 ad
3149 3378 3556 3445 prtedieandum
3611 3379 3672 3432 ad
3725 3381 3796 3433 di-

2221 3475 2408 3516 versas
2431 3460 2580 3516 orbis
2610 3461 2796 3533 plagas
2819 3461 3092 3533 dispersos
3138 3467 3477 3534 direxerunt,
3532 3479 3591 3523 ut
3625 3470 3793 3524 Petrus

2222 3552 2592 3622 Apollinarem
2622 3552 2917 3623 Ravennae,
2935 3557 3271 3614 Clementem
3303 3559 3454 3627 Meti,
3490 3561 3789 3616 Eucherium

2223 3639 2458 3709 Treviri,
2481 3654 2536 3699 et
2560 3646 2742 3714 plures
2763 3646 2920 3710 alios,
2944 3661 3078 3716 quos
3102 3663 3428 3704 enumerare
3460 3649 3674 3721 longum
3699 3661 3785 3716 est,

2223 3733 2680 3806 circumquaque;
2715 3746 2767 3792 et
2792 3737 2994 3793 Paulus
3025 3739 3372 3796 Timotheum
3416 3751 3474 3797 et
3517 3742 3786 3813 Sylvanum

2221 3837 2275 3882 et
2303 3838 2550 3886 caeteros.
2605 3831 2709 3885 Alii
2743 3847 2961 3901 quoque
2987 3834 3216 3902 apostoli
3248 3835 3488 3890 creditas
3513 3838 3615 3890 sibi
3641 3853 3667 3889 a
3698 3836 3787 3889 Deo

2219 3929 2402 3991 partes
2431 3923 2616 3977 mundi
2649 3923 2925 3992 discipulis
2953 3924 3111 3979 fidem
3139 3925 3338 3981 Christi
3362 3929 3785 3982 annuntiaatibus

2219 4012 2562 4081 repleverunt
2582 4027 2598 4067 :~
2616 4022 2669 4070 et
2698 4013 2860 4068 Pater
2883 4017 3219 4079 monasterii,
3245 4017 3561 4088 quicunque
3589 4029 3671 4074 est
3695 4020 3783 4078 ille,

2218 4103 2365 4157 vices
2396 4102 2602 4158 Christi
2649 4119 2835 4174 agens.
2885 4120 2990 4159 non
3042 4114 3221 4174 potest
3255 4107 3340 4161 vel
3387 4123 3488 4177 pro
3540 4108 3785 4163 lucrandis

2219 4195 2524 4261 animabus,
2555 4197 2637 4251 vel
2665 4212 2762 4267 pro
2784 4197 2964 4265 aliqua
2989 4196 3094 4250 alia
3118 4198 3372 4263 utilitate,
3397 4201 3684 4255 dummodo
3705 4214 3785 4269 pm

2220 4287 2331 4341 Deo
2353 4297 2408 4340 et
2432 4287 2725 4342 secundum
2748 4285 2917 4340 Deum
2942 4287 3053 4354 fiat,
3074 4289 3421 4354 monachum,
3445 4293 3644 4344 mundo
3667 4305 3785 4342 mor-

2219 4389 2368 4431 tuum
2400 4386 2455 4432 et
2484 4377 2592 4432 Deo
2640 4377 2737 4432 soli
2767 4377 3060 4444 viventem,
3114 4377 3167 4432 in
3210 4393 3540 4449 quocunque
3589 4393 3783 4435 necesse

2217 4467 2380 4523 fuerit
2411 4468 2531 4523 loco
2560 4468 2836 4524 stabilire!

532 4601 628 4646 aut
657 4591 964 4659 laudabilis,
985 4595 1127 4649 sicut
1153 4609 1424 4664 cuperem,
1448 4611 1513 4650 ex
1540 4597 1922 4651 transmarinis
1946 4602 2113 4668 parti-
2144 4588 2192 4646 ῐ)
2287 4599 2424 4665 Non,
2441 4601 2822 4671 inquiunt,sed
2836 4601 3407 4657 monachusredcatad
3429 4601 3610 4659 locum
3628 4619 3780 4659 suum.

533 4682 637 4737 bus
669 4684 735 4737 ad
765 4686 1217 4754 corrumpendum
1239 4686 1379 4741 inter
1405 4703 1500 4743 nos
1527 4703 1733 4756 pacem,
1760 4690 1825 4744 ad
1851 4706 1948 4746 vos
1973 4708 2112 4748 nunc

531 4789 704 4844 nuper
733 4777 1074 4844 emersisset;
1124 4781 1238 4850 qui,
1270 4788 1330 4834 ut
1357 4779 1555 4845 audivi,
1592 4781 1778 4835 relicto
1819 4783 2004 4838 habitu
2057 4795 2113 4840 et

529 4865 639 4918 vita
672 4867 1024 4936 monachica,
1052 4869 1142 4924 diu
1183 4870 1460 4926 volutatus
1489 4871 1541 4924 in
1572 4871 1852 4927 volutabro
1902 4875 2108 4940 sceculi,

519 4955 636 5028 jam
667 4961 880 5016 tandem
913 4962 1211 5019 inebriatus
1238 4965 1413 5018 fetore
1442 4962 1676 5018 carnalis
1710 4964 2112 5032 delectationis,

526 5065 690 5096 ﬂlmm
715 5067 780 5096 mr
803 5067 969 5096 unum
995 5055 1162 5096 malim:
1191 5055 1484 5096 Rnlwlnnie
1513 5069 1680 5096 nemm
1705 5057 1768 5096 sul
1803 5055 1962 5096 ταδί-οε
1985 5073 2113 5096 ann-

2217 4692 2466 4748 Concedo
2482 4693 2805 4747 monachum
2839 4692 3014 4747 redire
3037 4692 3103 4746 ad
3131 4692 3307 4746 locum
3330 4707 3491 4745 suum
3530 4710 3544 4745 :
3567 4692 3658 4746 scd
3681 4706 3781 4744 cum

2216 4783 2306 4852 qui
2333 4783 2473 4838 male
2499 4783 2777 4850 exiit,nou
2799 4797 2920 4837 eum
2941 4783 3031 4851 qui
3062 4781 3382 4837 obedienter
3407 4783 3564 4847 exiit,
3596 4792 3645 4836 et
3676 4781 3783 4833 ohe-

2217 4873 2430 4928 dienter
2443 4876 2530 4928 ubi
2544 4874 2729 4944 jussus
2743 4884 2846 4940 est,
2863 4875 3041 4940 stetit;
3066 4873 3158 4928 sed
3174 4874 3510 4928 Bernardum
3522 4917 3538 4938 ,
3564 4877 3653 4945 qui
3667 4872 3785 4942 fugi-

2218 4965 2359 5020 tivus
2376 4975 2560 5020 contra
2572 4975 2897 5036 prmceptum
2913 4965 3126 5020 abbatis
3137 4964 3220 5018 sui
3235 4964 3432 5030 evasit,
3448 4980 3555 5019 non
3582 4963 3785 5018 Bonedi-

2216 5066 2358 5096 nlnm
2405 5057 2493 5096 ηιιί
2517 5056 2661 5096 inec"
2691 5056 2900 5096 nhlmtic
2923 5057 3003 5096 cui
3037 5071 3063 5096 ο
3092 5055 3430 5096 πηιηειςιρνίη
3453 5052 3785 5096 ηιιηΐρςςίηηίς
