3940 5382
180 239 297 298 ιὸθ

1648 239 2026 298 EPISTOLE.

3334 243 3439 300 ΠΟ

180 369 330 410 enus
354 367 480 410 cum
511 351 728 409 licentia
766 362 823 409 et
862 342 1106 424 jussione
1148 351 1448 423 spiritualis
1497 353 1670 423 patris
1714 354 1767 408 iu
1798 360 1847 415 Α
1872 353 2007 408 sicut
2038 359 2234 422 potest,
2267 367 2373 408 non
2396 352 2617 422 patebit
2651 352 3083 426 morsibuslupi,
3112 355 3207 412 sed
3249 369 3439 413 $8th

182 461 518 517 quaecunque
532 445 862 502 monasterio
876 445 1041 515 possit
1058 444 1355 499 secundum
1369 443 1534 499 Deum
1556 446 1766 514 degere,

181 552 299 592 non
326 535 682 603 conceditur;
721 544 781 589 ιιι
816 535 1030 590 tandem
1060 534 1349 605 litigiosum
1399 535 1543 590 hunc
1587 534 1769 592 funem

178 642 530 699 rumpamus,
567 628 900 684 concedatur
946 627 1115 698 igitur
1155 629 1452 683 secundum
1494 629 1768 695 haeresim,

178 733 310 788 qum
329 718 417 773 vel
441 733 471 773 a
490 718 800 783 Catholicis,
827 718 871 774 si
898 732 1025 774 reus
1047 727 1151 784 est,
1168 716 1337 786 juste,
1383 718 1471 774 vel
1517 718 1563 774 si
1615 719 1770 775 iuno.

175 809 313 863 aius
335 817 439 873 est,
468 807 665 877 injuste
692 810 762 863 ab
810 808 1006 865 invidis
1063 808 1279 880 Origeni
1323 809 1662 881 impingitur,
1710 819 1769 865 ut

176 901 400 956 scilicet
427 901 701 971 prteterita
728 901 923 956 saecula
955 902 1131 957 denuo
1158 902 1212 956 in
1234 902 1302 957 id:
1322 917 1378 956 ιιι
1404 901 1544 971 quod
1570 902 1769 957 fuerint

177 993 562 1047 revolvantur.
595 991 687 1048 Sic
711 993 905 1047 iterum
927 992 1010 1048 vel
1042 993 1206 1058 idem,
1243 993 1327 1048 vel
1357 994 1498 1049 alius
1523 994 1689 1049 Adam
1712 1001 1768 1051 et

175 1083 320 1145 Era,
362 1082 898 1151 iterumaserpente
944 1083 1315 1154 decipiantur;
1383 1082 1514 1138 ﬁant
1569 1084 1766 1140 iterum

177 1174 517 1231 Sodomitica
543 1173 814 1237 incendia,
843 1174 1039 1228 iterum
1070 1173 1251 1227 omnia
1283 1174 1518 1228 viventia
1563 1173 1766 1230 diluvio

174 1272 433 1337 pereant,
488 1265 684 1318 iterum
737 1262 867 1318 Saul
916 1263 1097 1318 asinas
1144 1272 1374 1332 quaerat,
1423 1263 1590 1318 David
1637 1277 1766 1319 oves

172 1362 701 1426 pascat;postremo
727 1354 890 1424 (quod
916 1353 1153 1424 cogitatu
1179 1362 1236 1408 et
1283 1352 1427 1408 dictu
1482 1353 1762 1409 horridum

172 1447 287 1516 est)
334 1447 535 1501 iterum
585 1445 838 1503 Christus
881 1447 949 1501 de
997 1446 1167 1501 Maria
1210 1446 1420 1517 virgine
1482 1454 1761 1513 nascatur,

174 1537 481 1605 adolescat,
515 1539 782 1603 tradatur,
815 1538 1074 1608 patiatur,
1122 1538 1411 1601 moriatur,
1463 1546 1713 1608 resurgat
1744 1553 1759 1602 ;

171 1650 303 1689 cum
336 1634 647 1691 econtrario
673 1633 872 1689 Paulus
915 1633 1061 1688 dicat
1090 1647 1104 1686 :
1137 1632 1377 1689 Christus
1428 1649 1702 1705 resurgens
1729 1650 1762 1687 a

171 1727 424 1791 mortuis,
460 1726 574 1795 jam
608 1742 707 1780 non
728 1725 967 1780 moritur.
993 1722 1238 1779 Redeant
1265 1726 1448 1780 omnia
1489 1726 1556 1779 ad
1588 1725 1761 1795 prima

172 1814 357 1879 initia,
388 1813 710 1870 Benedictus
730 1813 796 1868 ad
819 1813 1185 1880 Fiscamnum,
1209 1815 1470 1869 Wsntnus
1489 1813 1761 1880 Corsiam,

170 1903 411 1960 domnus
446 1904 613 1960 abbas
643 1902 873 1959 Joannes
906 1904 1139 1971 Divioni,
1165 1915 1220 1959 et
1239 1903 1421 1959 caeteri
1456 1904 1766 1973 quicunque

171 1994 377 2050 ﬁdeles
402 1993 608 2051 Christi
641 2010 738 2067 per
768 1995 981 2051 diversa
1008 1995 1127 2052 loca
1173 1995 1229 2050 in
1277 2002 1466 2050 sancta
1522 1993 1763 2049 Ecclesia

172 2086 242 2139 ad
270 2086 626 2156 pascendum,
661 2087 972 2159 regendum,
1007 2085 1387 2150 ordinandum,
1432 2086 1763 2140 docendum-

171 2190 283 2245 qpe
302 2191 520 2248 gregem
543 2178 760 2233 Domini
783 2177 1057 2233 distributi
1109 2186 1165 2233 et
1221 2176 1453 2246 promoti
1504 2184 1653 2241 sunt,
1704 2183 1767 2230 ut

173 2265 396 2321 luceant
423 2267 569 2321 velut
615 2266 903 2323 luminaria
951 2283 1142 2338 magna
1201 2267 1257 2321 in
1308 2267 1491 2333 domo,
1543 2255 1765 2322 riadeaut

176 2359 325 2414 unde
348 2369 756 2429 processerunt,
813 2361 1179 2416 recondantur
1206 2368 1260 2415 et
1288 2359 1490 2414 lateant
1519 2357 1620 2413 sub
1648 2372 1763 2414 mo-

174 2450 292 2514 dio,
323 2460 547 2506 econtra
579 2450 794 2506 dicente
827 2450 1093 2505 Domino:
1129 2450 1249 2503 Non
1279 2458 1444 2519 potest
1466 2450 1650 2502 civitas
1672 2447 1764 2501 ab-

173 2542 364 2595 scondi
393 2558 555 2611 supra
579 2550 802 2595 montem
834 2541 1023 2611 positu,
1077 2550 1183 2596 etc.
1231 2540 1439 2594 Animae
1467 2540 1629 2593 etiam
1660 2537 1760 2593 de-

172 2632 512 2698 functorum,
537 2633 832 2688 secundum
853 2633 1060 2687 somnia
1099 2638 1406 2702 poetarum,
1447 2644 1568 2701 qua:
1616 2628 1761 2683 mille

173 2734 324 2779 mtas
364 2724 582 2779 volvere
605 2738 700 2793 per
729 2739 900 2779 annos
928 2723 1144 2779 Lctltmo
1164 2722 1348 2777 ﬁnmin
1370 2730 1616 2792 -potat:e,
1641 2735 1761 2776 rur-

172 2828 269 2868 sus
297 2813 560 2884 incipiant
583 2813 637 2869 in
664 2828 892 2883 corpora
931 2814 1065 2870 velle
1091 2814 1313 2878 reverti,
1338 2823 1398 2868 ut
1420 2827 1642 2883 compos
1666 2826 1760 2867 vo-

171 2913 357 2959 torum
381 2919 606 2959 suorum
629 2913 808 2960 vester
828 2904 917 2960 ille
948 2903 1255 2961 Bernardus
1293 2919 1415 2960 cum
1466 2903 1758 2959 Mantuanae

170 3002 394 3063 pastore
419 2995 587 3051 nobis
607 2994 874 3053 insultans
903 2994 1058 3051 hctus
1085 2996 1338 3052 decantet
1369 3013 1384 3050 :

234 3133 447 3195 Magnus
465 3135 526 3183 ab
546 3134 745 3197 integro
766 3134 1021 3186 s:eclorum
1047 3134 1260 3185 nascitur
1283 3132 1420 3184 ordo.

246 3236 374 3292 llaec
413 3236 460 3291 si
506 3236 744 3292 absurda
787 3245 934 3304 sunt,
967 3236 1229 3307 imo‘quia
1279 3234 1512 3292 absurda
1545 3246 1599 3289 et
1625 3234 1750 3290 ﬁdei

173 3328 464 3385 catholicre
491 3329 788 3393 contraria,
819 3337 1109 3400 respuatur
1149 3326 1381 3393 falsitas,
1426 3336 1481 3382 et
1509 3334 1756 3381 teneatur

171 3421 402 3476 veritas.
441 3420 659 3475 Sancta:
686 3419 940 3479 Ectlesiae
987 3404 1297 3477 ﬁrmissima
1343 3419 1593 3476 columna
1619 3434 1755 3489 papa

160 3513 472 3583 Gregorius
496 3513 877 3584 Augustinum,
902 3511 1180 3579 Mellitum,
1217 3527 1341 3569 cum
1363 3512 1614 3584 plurimis
1636 3525 1756 3567 mo-

168 3602 395 3659 nasterii
428 3602 512 3657 sui
541 3602 823 3659 monachis
849 3602 916 3657 ad
940 3602 1344 3674 praedicandam
1380 3615 1564 3657 veram
1593 3600 1755 3655 ﬁdem

168 3692 469 3764 A..glarum
494 3692 750 3762 gentibus
780 3693 1100 3760 destinavit;
1126 3692 1268 3763 quod
1298 3699 1353 3747 et
1396 3690 1497 3761 ipsi
1523 3689 1757 3746 ﬁdeliter

169 3782 562 3854 inpleverunt.
594 3782 746 3849 Quis,
778 3798 928 3854 rogo,
954 3792 1074 3853 post
1096 3782 1229 3838 tanti
1260 3782 1363 3837 viri
1397 3782 1609 3839 felicem
1640 3780 1760 3837 obi—

170 3881 193 3927 t
210 3890 307 3940 nu,
321 3860 478 3945 quis,
496 3871 741 3943 inquam,
754 3887 1125 3930 successorum
1138 3873 1255 3944 ejus
1270 3875 1465 3930 horum
1489 3889 1757 3946 quemque

169 3963 253 4019 vel
286 3965 621 4022 monachum
681 3966 748 4020 ad
791 3966 1204 4033 monasterium,
1253 3965 1339 4022 vel
1383 3964 1638 4022 clericum
1690 3965 1756 4020 ad

169 4055 465 4112 ceciesiam
516 4055 705 4111 venire
756 4063 851 4113 aut
895 4056 1103 4112 monuit
1155 4064 1249 4111 aut
1292 4057 1490 4127 coegit,
1546 4066 1600 4113 et
1648 4071 1754 4112 non

170 4148 353 4215 potius
389 4147 568 4203 sancti
599 4146 701 4201 viri
725 4145 1068 4217 praedicabile
1101 4145 1303 4206 factum
1334 4145 1597 4211 laudavit,
1626 4144 1758 4201 fovit

171 4247 226 4294 et
259 4239 444 4309 juvit‘?
474 4236 631 4306 Quod
658 4253 754 4293 vos
796 4238 975 4294 facere
1002 4239 1309 4309 sperabam,
1350 4238 1526 4308 primo
1560 4236 1675 4292 zelo
1703 4246 1756 4292 et

1782 3028 1828 3058 Π

1780 3070 1829 3094 υ

1873 443 2021 498 bitur
2042 443 2259 512 pascuis
2273 442 2499 498 Christi.
2515 443 2729 499 Etenim
2753 444 2856 500 etsi
2885 451 3202 523 peccatores
3221 458 3436 514 sumus.

1870 532 2143 589 Christum
2170 540 2347 588 tamen
2371 533 2728 601 conﬁtemur;
2759 533 3079 593 catholicam
3103 533 3263 593 ﬁdem
3285 542 3437 593 tene-

1868 639 2010 692 mus,
2057 625 2386 695 baptismum
2431 633 2489 681 et
2527 624 2921 681 eucharistiam
2964 625 3164 683 Christi
3198 625 3439 697 suscepi-

1868 730 2012 783 mus,
2036 715 2276 787 regulam
2295 714 2483 772 Sancti
2502 715 2783 773 Benedicti
2807 716 3053 788 legimus,
3080 726 3136 773 et
3156 732 3254 788 pro
3277 731 3441 790 posse

1867 821 2171 872 servamus,
2198 807 2251 862 in
2274 806 2390 862 acie
2413 805 2615 864 Christi
2640 814 2834 863 contra
2858 822 3200 864 communem
3224 808 3437 869 hostem

1866 905 2102 963 stamus;
2129 896 2375 962 ferimus,
2406 904 2463 952 et
2496 896 2725 952 ferimur
2750 896 3069 968 aliquando;
3109 897 3223 954 Deo
3269 882 3441 955 sueti;

1866 996 2028 1044 nente
2055 997 2283 1055 stamus,
2304 986 2597 1058 aliquando
2636 987 2957 1057 inﬁrmitate
2982 986 3309 1058 impediente
3336 1004 3439 1047 νη-

1863 1077 2144 1146 cillamus;
2205 1079 2254 1134 si
2328 1077 2621 1150 fragilitate
2676 1078 2942 1144 cadimus,
2996 1080 3107 1134 Deo
3161 1079 3439 1139 relevante

1865 1169 2217 1239 resurgimus,
2245 1182 2346 1225 nec
2366 1176 2543 1224 tamen
2579 1181 2752 1238 usque
2787 1168 2858 1224 ad
2879 1169 3314 1239 desperationem
3345 1171 3443 1249 de:

1865 1256 2097 1314 ﬁcimus.
2126 1258 2193 1313 Et
2215 1258 2381 1315 credo
2406 1257 2482 1314 ita
2523 1257 2577 1313 in
2623 1268 2837 1325 nostro,
2856 1265 2913 1312 et
2938 1257 3163 1326 divitiis,
3187 1267 3242 1315 et
3271 1258 3438 1333 (quod

1863 1346 2224 1416 periculosius
2245 1346 2351 1419 est)
2381 1346 2644 1416 religione
2678 1346 2874 1418 exiguo
2923 1353 2979 1401 et
3016 1361 3251 1418 paupere
3295 1336 3445 1413 loco.l

1864 1451 2133 1508 quemque
2171 1437 2497 1493 monachum
2540 1436 2756 1492 ﬁdelem
2802 1450 2963 1507 posse
3001 1436 3241 1491 animam
3284 1428 3443 1493 suam

1862 1542 1985 1583 cum
2010 1528 2104 1584 Dei
2132 1526 2408 1605 adiutorio
2433 1540 2655 1582 servare
2684 1537 2742 1583 et
2785 1526 3022 1592 salvare,
3040 1527 3182 1582 sicut
3212 1527 3264 1581 in
3298 1541 3436 1598 quo-

1863 1631 2075 1688 cunque
2098 1618 2284 1674 ditiori
2314 1626 2370 1674 et
2410 1617 2758 1689 religiosiori,
2788 1618 2892 1675 nisi
2937 1618 3079 1677 forte
3094 1619 3290 1690 aliquis
3316 1622 3439 1691 plus

1793 1690 1839 1751 Β
1869 1706 2087 1770 sapiens
2110 1722 2275 1777 quam
2318 1716 2539 1779 oportet
2581 1723 2797 1780 sapere,
2839 1709 3091 1767 haeresim
3134 1710 3447 1793 Donatista:

1867 1812 2008 1862 rum,
2033 1798 2126 1866 qui
2147 1797 2400 1854 dixerunt
2425 1798 2479 1854 in
2497 1798 2611 1855 sola
2640 1798 2824 1855 Africa
2848 1814 3035 1855 veram
3065 1815 3188 1858 esse
3219 1801 3440 1872 religiov

1867 1901 2018 1953 nem,
2051 1889 2301 1944 eamdem
2344 1897 2553 1960 pestem
2599 1889 2667 1945 ab
2714 1888 2899 1946 Africa
2946 1891 3001 1947 in
3049 1889 3438 1948 Normanuiam

1868 1977 2181 2045 transferat,
2210 1988 2267 2036 et
2303 1988 2514 2036 asserat
2566 1980 2774 2037 nullum
2826 1981 3173 2047 monachum,
3228 1983 3353 2038 nisi.
3384 1983 3438 2037 in

1865 2066 1982 2121 solo
2023 2066 2295 2137 Fiscamni
2324 2070 2659 2126 monasterio
2696 2084 2857 2143 posse
2916 2070 3136 2126 salvari.
3179 2070 3280 2138 Qui
3322 2071 3439 2127 lucc

1865 2160 2000 2216 dicit
2020 2161 2101 2216 vel
2124 2162 2321 2229 credit,
2345 2161 2572 2218 nimium
2603 2171 2848 2219 coarctat
2870 2162 3020 2217 illum
3041 2163 3132 2232 qui
3153 2172 3238 2218 est
3260 2161 3440 2223 excel-

1863 2265 1958 2307 sus
1982 2266 2146 2322 super
2166 2267 2356 2311 omnes
2381 2261 2596 2324 gentes,
2626 2260 2680 2307 et
2701 2251 2857 2321 cujus
2883 2252 3052 2325 gloria
3075 2267 3248 2331 super
3274 2251 3439 2309 caelos

1863 2351 1970 2409 est,
1995 2343 2258 2415 cujusque
2283 2358 2479 2400 nomen
2508 2359 2538 2397 a
2568 2344 2700 2401 solis
2728 2353 2851 2399 ortu
2883 2360 3053 2415 usque
3089 2345 3160 2433 ad
3180 2359 3435 2401 occasum

1862 2430 2133 2488 laudabile
2182 2442 2290 2490 est.
2331 2433 2629 2505 Apostolus
2672 2436 2820 2490 enim
2871 2430 3179 2511 intelligetis
3217 2451 3439 2493 omnem

1862 2522 2136 2581 hominem
2188 2523 2448 2581 adversus
2492 2539 2832 2593 communem
2867 2525 3079 2582 hostem
3109 2540 3324 2596 semper
3342 2543 3441 2598 pa-

1860 2613 2043 2668 vidum
2070 2626 2164 2669 ese
2187 2613 2408 2681 debere,
2433 2623 2702 2670 vestrates
2731 2629 2946 2685 quoque
2977 2616 3189 2672 sicutet
3218 2626 3437 2673 nostra-

1863 2714 1946 2760 tes
1970 2704 2228 2761 admonet
2256 2705 2444 2761 dicens
2485 2719 2501 2759 :
2549 2704 2725 2763 Sobrii
2764 2716 2924 2761 estote
2969 2717 3018 2762 et
3043 2706 3271 2778 vigilate,
3309 2711 3436 2778 quia

1861 2796 2196 2851 adversarius
2218 2806 2384 2852 vester
2402 2796 2661 2862 diabolus,
2695 2806 2945 2869 tanquam
2985 2798 3063 2854 leo
3106 2801 3437 2870 t'ugieuscr'r-

1859 2887 1966 2943 suit
2001 2903 2241 2957 quwreus
2285 2903 2435 2958 quem
2488 2889 2728 2953 devoret;
2778 2890 2861 2942 cui
2911 2889 3131 2944 resistite
3167 2890 3327 2958 fortes
3377 2890 3436 2944 iu

1858 2977 1986 3046 ﬁde.
2035 2976 2149 3031 Nisi
2179 2978 2323 3033 forte
2356 2977 2670 3047 angelorum
2699 2980 2965 3045 custodia,
2997 2980 3278 3036 cherubim
3304 2995 3436 3050 quo:

1859 3083 1966 3139 que
1995 3068 2264 3138 romphaea
2295 3068 2370 3124 ita
2385 3068 2499 3139 jam
2520 3069 2747 3124 munivit
2770 3069 2948 3127 locum
2975 3080 3239 3134 vestrum,
3267 3070 3434 3143 (quod

1859 3173 1968 3215 non
1993 3169 2121 3229 puto
2144 3158 2310 3215 iubae
2338 3158 2445 3214 vita
2478 3159 2749 3230 futurum).
2773 3168 2831 3214 ut
2851 3158 2966 3229 jam
2992 3175 3100 3215 non
3124 3160 3432 3232 possiteum

1859 3248 2162 3321 irrumpere
2190 3249 2442 3321 princeps
2497 3248 2656 3318 hujus
2701 3251 2915 3317 mundi,
2966 3251 3058 3322 qui
3098 3260 3158 3306 ut
3202 3260 3437 3308 tentaret

1859 3340 2008 3397 illum
2041 3342 2092 3396 in
2120 3357 2228 3412 quo
2252 3341 2383 3397 nihil
2427 3342 2682 3411 habebat,
2709 3343 2859 3397 illum
2884 3342 2937 3399 in
2963 3344 3200 3410 deserto,
3229 3344 3284 3399 in
3315 3346 3435 3416 pin-

1858 3436 2053 3487 naculo
2098 3432 2306 3503 templi,
2358 3432 2411 3487 in
2453 3442 2637 3488 monte
2687 3433 2842 3489 valde
2887 3433 3105 3490 excelso
3136 3434 3343 3491 invenit
3379 3446 3437 3492 et

1861 3520 2105 3586 tentavit,
2150 3520 2244 3576 sed
2290 3519 2508 3591 fugatus
2551 3521 2833 3578 abscessit.
2868 3520 2993 3578 llzcc
3031 3538 3129 3580 nos
3160 3523 3433 3589 timemus,

1860 3612 1976 3667 lucc
2004 3611 2263 3682 patimur,
2291 3612 2387 3667 sed
2422 3612 2746 3669 conﬁdimus
2784 3628 2884 3669 nos
2924 3598 3164 3685 quoque,
3214 3615 3353 3671 sicu‘
3380 3625 3439 3670 et

1858 3700 2014 3766 alios,
2044 3700 2266 3756 liberari
2299 3716 2460 3772 posse
2488 3700 2558 3755 ab
2585 3700 2679 3756 illo
2704 3702 2795 3773 qui
2820 3702 2959 3758 dixit
2983 3722 2995 3758 :
3031 3702 3314 3773 Conﬁdite,
3340 3722 3433 3775 ego

1856 3789 1956 3844 vici
2000 3789 2276 3843 mundum.
2325 3789 2449 3844 lianc
2495 3804 2603 3845 non
2653 3791 3052 3860 exprobrando,
3084 3795 3179 3847 sed
3218 3794 3435 3848 ratioci-

1858 3876 2058 3943 nando,
2082 3884 2139 3932 et
2164 3877 2231 3931 ad
2255 3878 2456 3946 scripta
2489 3886 2668 3933 vestra
2710 3877 2917 3933 duriter
2945 3877 3193 3933 ferientia
3225 3880 3435 3949 patiens

1861 3973 1944 4021 ter
1991 3965 2366 4036 respondendo
2408 3966 2663 4033 diximus,
2700 3974 2759 4021 ut
2798 3966 2847 4021 si
2900 3982 3005 4022 non
3036 3982 3324 4039 possumus
3362 3971 3431 4025 ad

1858 4056 2212 4122 credendum,
2235 4056 2427 4113 saltem
2456 4056 2522 4113 ad
2539 4057 2915 4113 aestimandum
2933 4073 3028 4113 vos
3059 4058 3313 4116 inducere
3341 4076 3434 4115 va-

1857 4146 2083 4212 leamus,
2112 4162 2269 4203 ovem
2297 4147 2445 4203 illam
2489 4162 2650 4219 quam
2703 4157 2938 4203 vestram
2985 4147 3187 4215 dicitis,
3216 4148 3433 4206 etiamsi

1858 4241 1975 4297 sine
2027 4241 2455 4297 contradictione
2504 4241 2682 4312 aliqua
2711 4251 2895 4297 vestra
2941 4248 3107 4306 esset,
3157 4254 3262 4295 non
3292 4241 3435 4295 inter

173 4345 359 4385 amore
405 4327 528 4394 Dei,
568 4326 691 4383 dein
743 4327 1015 4383 desiderio
1045 4336 1099 4383 et
1126 4327 1390 4383 charitate
1422 4327 1496 4399 pii
1552 4326 1751 4392 Patris,
1788 4330 1962 4426 l)nos
2002 4331 2106 4387 nisi
2134 4348 2229 4387 sua
2260 4332 2415 4403 culpa
2445 4333 2742 4402 perituram
2765 4331 2901 4387 fore.

170 4430 223 4475 et
250 4420 493 4475 maxime
535 4418 729 4483 vestri,
770 4418 956 4474 domni
987 4419 1199 4475 abbatis
1236 4418 1515 4485 Willelmi,
1543 4417 1635 4490 qui
1658 4433 1758 4476 vos

171 4511 327 4566 unica
371 4509 657 4567 charitate
704 4510 852 4565 inter
902 4519 1128 4568 caeteros
1192 4511 1480 4583 enutrivit,
1535 4510 1755 4578 dilexit,

171 4602 470 4672 prouovit,
502 4599 827 4667 honoravit;
866 4614 967 4655 nec
988 4600 1130 4670 quod
1152 4600 1268 4671 ipse
1299 4600 1488 4657 statuit
1510 4599 1759 4672 aliquan-

176 4697 265 4763 do,
294 4712 327 4751 a
360 4696 524 4752 vobis
546 4696 972 4760 destituendum,
1003 4695 1096 4750 sed
1117 4695 1297 4765 potius
1325 4694 1754 4752 conﬁrmandum

170 4790 377 4857 putavi.

238 4880 511 4935 liaberem
546 4878 701 4955 plura
748 4893 871 4950 quas
895 4878 1217 4949 paternitati
1258 4889 1452 4936 vestrm
1480 4876 1545 4933 ad
1578 4879 1757 4935 horri-

172 4970 295 5025 l-ilia
327 4972 483 5027 dicta
507 4981 565 5026 et
587 4971 727 5027 facta
751 4987 870 5041 qua:
900 4970 1201 5026 mandastis
1230 4971 1430 5044 (neque
1472 4970 1619 5028 enim
1671 4987 1756 5028 res

176 5077 332 5130 parva
354 5061 856 5118 excommunicatio
887 5060 1000 5131 est)
1034 5060 1425 5131 rescriberem,
1459 5062 1562 5117 nisi
1598 5077 1755 5119 reve-

176 5155 347 5208 r.ntia
378 5153 554 5208 vestri
585 5161 641 5207 ct
671 5151 958 5225 disciplina
988 5149 1277 5220 regularis,
1298 5171 1417 5226 quae
1438 5168 1541 5208 nos
1569 5167 1759 5210 mona-

168 5246 295 5301 chos
322 5246 380 5301 in
412 5244 688 5314 loquendo
718 5240 1131 5314 temperantiam
1180 5245 1380 5304 habere
1433 5251 1641 5311 monet,
1670 5262 1757 5301 me

169 5338 590 5382 conus-inomni.
623 5333 949 5382 "melaan
985 5345 1153 5382 nauca
1213 5338 1342 5382 dixi-
1393 5346 1453 5382 nt
1502 5336 1754 5382 ostende.-

1932 4421 2039 4478 Sed
2064 4423 2261 4479 tabella
2300 4424 2415 4496 jam
2438 4423 2595 4496 plena
2650 4423 2724 4478 nil
2770 4439 2829 4479 se
2878 4422 3109 4493 amplius
3156 4422 3435 4493 suscipere

1855 4528 2018 4584 posse
2053 4515 2318 4582 ostendit;
2350 4515 2689 4586 querimonia
2741 4524 2922 4571 tamen
2964 4530 2996 4571 e
3034 4515 3199 4570 corde
3242 4522 3433 4570 nostro

1852 4603 2019 4674 justc,
2044 4612 2101 4660 ut
2119 4613 2271 4676 puto,
2293 4604 2558 4663 ebulliens
2584 4620 2649 4661 se
2679 4604 2903 4677 aperiri,
2927 4604 3027 4661 etsi
3057 4620 3162 4659 non
3204 4618 3269 4674 ex
3296 4612 3430 4667 toto,

1860 4693 2052 4752 saltem
2083 4708 2148 4750 es
2172 4705 2325 4765 parte
2348 4697 2613 4767 exposcit.
2661 4696 2827 4765 Quid,
2866 4710 3072 4767 quaeso,
3096 4693 3279 4762 Pater,
3306 4694 3436 4765 quid

1858 4791 2148 4849 adversum
2181 4808 2278 4850 vos
2298 4792 2746 4859 oommeruimus,
2776 4791 2920 4865 quod
2952 4801 3057 4855 tam
3093 4790 3295 4857 subito,
3326 4798 3433 4843 tam

1859 4883 2174 4955 improvise,
2199 4892 2309 4940 tam
2334 4883 2764 4954 praecipitanter,
2807 4893 2917 4939 tam
2945 4881 3241 4937 saevissime
3270 4866 3435 4935 telum

1859 4970 2230 5026 acutissimum
2254 4968 2837 5028 excommunicationis
2875 4969 2929 5025 in
2968 4984 3067 5025 nos
3092 4962 3436 5035 voluistisja4

1858 5060 2061 5117 calari?
2090 5059 2454 5129 Sperabamus
2485 5075 2584 5115 nos
2610 5059 2763 5117 velut
2788 5060 2988 5117 fratres
3008 5058 3209 5112 vestris
3233 5054 3440 5112 oratio-

1859 5151 2022 5207 nibus
2047 5148 2405 5219 adjuvandus,
2436 5165 2544 5223 quo
2584 5148 2811 5207 Christo
2841 5145 3441 5211 mereremurincorpo-

1860 5241 1970 5297 rari
2003 5259 2016 5296 :
2052 5250 2108 5297 et
2145 5257 2291 5297 nunc
2312 5257 2341 5296 a
2374 5237 2845 5312 Christicorpore
2872 5247 2926 5295 ct
2952 5241 3136 5291 sancta
3167 5228 3432 5288 Ecclesia.

1859 5333 2013 5382 cuius
2035 5331 2126 5382 lilii
2154 5332 2327 5382 gratia
2360 5329 2452 5382 Dei
2492 5344 2589 5382 Der
2612 5328 2946 5382 bantismum
2975 5335 3092 5379 esse
3114 5317 3431 5375 meruimus,
