3940 5382
541 303 606 358 7i
1531 311 1810 368 JOANNIS
1849 307 2347 367 FISCAMNENSIS
2385 310 2422 362 Α
2433 307 2555 362 ΒΒᾹ
2565 307 2671 362 TIS

3661 299 3763 352 ‘7'!

466 475 473 501 ι
503 436 628 480 rem
655 422 711 478 in
739 423 898 481 terris
917 416 1214 481 solveretur
1237 435 1291 482 et
1325 427 1378 483 in
1409 427 1590 508 cmlis;
1624 428 1718 483 sed
1763 427 2080 483 benedictus
2105 433 2152 490 Α
2182 423 2514 478 claudendas
2538 433 2640 487 est,
2673 423 2920 492 petimus,
2952 421 3166 475 domine
3194 419 3373 482 Pater,
3408 428 3470 472 ut
3493 417 3760 508 mitiorem

501 514 691 585 Agnus
717 513 824 577 ille,
868 516 958 584 qui
987 531 1083 586 pro
1111 518 1486 586 peccatoribus
1538 517 1849 572 immolatus
1889 525 1996 578 est,
2024 517 2076 570 id

502 603 608 659 sibi
646 604 745 660 soli
777 607 1031 672 servavit,
1063 616 1121 662 ut
1145 608 1293 663 solus
1341 608 1551 664 tolleret
1608 618 1830 680 peccata
1867 607 2071 674 meridi,

502 707 572 748 ne
594 690 737 749 forte
767 687 928 751 homo
949 697 1169 754 rabidus
1191 706 1247 754 et
1275 700 1625 769 phreneticus
1647 700 2076 772 pmcipitatione

501 784 668 840 animi
731 785 1047 842 innocentes
1095 789 1371 858 perderet,
1415 800 1472 846 et
1508 799 1762 847 nocentes
1807 798 2072 846 servaret.

473 877 621 947 'lpse
667 876 930 933 Dominus
976 877 1240 936 lsraelitis
1290 883 1546 949 inimicis,
1595 882 1794 938 latroni
1827 882 1880 937 in
1913 896 2075 937 cruce

494 966 756 1036 pepercit,
793 977 848 1024 et
889 970 1097 1039 apertis
1146 972 1536 1030 misericordiae
1579 975 1757 1046 ianuis
1781 989 1882 1029 nos
1909 974 1977 1028 ad
2015 988 2074 1030 se

497 1056 663 1112 etiam
698 1057 945 1115 nolentes
974 1061 1196 1124 invitat.
1235 1064 1424 1120 dicens
1457 1081 1471 1119 :
1526 1062 1706 1120 Venite
1740 1065 1810 1118 ad
1847 1080 1928 1119 me
1970 1079 2075 1119 om-

494 1163 585 1201 nes
603 1150 692 1219 qui
713 1148 967 1206 laboratis
990 1162 1039 1206 et
1065 1155 1266 1208 onerati
1291 1156 1435 1223 estis,
1457 1165 1507 1210 et
1527 1171 1622 1226 ego
1648 1171 1736 1210 vos
1759 1156 2074 1224 requiescere

494 1236 712 1306 faciam.
738 1239 804 1294 Et
831 1240 1014 1310 homo,
1039 1243 1231 1299 dubius
1257 1245 1323 1300 de
1345 1260 1424 1309 se,
1439 1245 1530 1315 qui
1558 1246 1729 1301 nescit
1747 1255 1927 1299 utrum
1945 1245 2073 1299 odio

493 1341 563 1382 an
601 1343 788 1386 amore
816 1333 1012 1403 dignus
1035 1334 1135 1402 sit,
1175 1335 1228 1390 vi
1279 1337 1514 1408 quadam
1547 1336 1752 1392 homini
1791 1345 1852 1392 et
1893 1335 2071 1401 fratri,

441 1437 457 1483 ς
496 1433 658 1488 quem
692 1429 750 1475 ut
775 1435 834 1477 se
863 1423 1092 1496 diligere
1111 1423 1352 1494 iubetur,
1377 1427 1631 1483 claudere
1652 1427 1866 1482 laborat
1887 1434 2074 1498 portas

424 1508 430 1512 ’
493 1509 641 1574 vitae,
660 1511 724 1566 dc
746 1512 942 1582 quibus
963 1515 1137 1570 nescit
1156 1525 1336 1570 utrum
1355 1517 1658 1587 aperienda:
1678 1515 1779 1571 sibi
1799 1516 1934 1570 sint!
1962 1515 2072 1586 Ego

491 1615 705 1656 memor
747 1601 1054 1674 fragilitatis
1084 1620 1241 1672 meze,
1282 1606 1402 1677 plus
1442 1607 1640 1662 timens
1667 1606 1912 1676 peccatis
1937 1605 2072 1660 meis

491 1708 654 1762 quam
698 1693 928 1763 alicujus
973 1699 1535 1755 excommunicatione
1577 1699 1742 1769 (quod
1792 1698 1991 1770 absit!)
2039 1713 2067 1751 a

2183 511 2234 564 in
2269 511 2424 566 nobis
2473 512 2710 565 animum
2739 520 2794 567 et
2842 511 3086 565 habeatis
3125 520 3178 563 et
3222 509 3552 564 ostendatis.
3598 507 3758 561 Decet

2180 601 2273 656 Dci
2323 611 2378 656 et
2425 602 2609 657 crucis
2653 600 2852 656 Christi
2905 616 3142 663 servum,
3193 601 3336 669 quod
3391 616 3490 653 vos
3515 614 3640 652 esse
3676 613 3759 649 va-

2176 691 2384 747 b'tscum
2415 709 2516 747 nos
2544 707 2756 762 quoque
2802 692 3060 757 fatemur,
3112 694 3165 747 id
3217 693 3398 747 facere
3445 691 3598 762 quod
3637 690 3763 744 fecit

2178 782 2293 854 ipse
2311 785 2404 853 qui
2433 800 2671 849 crucem.
2704 786 2756 840 id
2783 796 2864 842 est
2887 786 3100 856 signum
3140 786 3353 849 mortis,
3391 785 3683 840 moriendo
3714 784 3762 836 in

2178 892 2240 933 ea
2270 893 2481 950 nosque
2507 881 2840 944 redimendo,
2888 881 2938 934 iu
2977 881 3188 952 signum
3221 882 3345 934 vitae
3379 879 3640 942 mutavit,
3669 877 3763 931 im-

2175 967 2373 1039 plendo
2405 971 2458 1024 id
2507 971 2649 1039 quod
2680 972 2970 1040 Apostolus
3011 981 3067 1028 et
3103 971 3280 1033 docet,
3339 979 3397 1025 ct
3449 978 3641 1024 monet
3672 983 3769 1022 nos

2175 1073 2390 1129 quoque
2439 1060 2617 1115 facere
2642 1061 2864 1125 debere,
2896 1062 2986 1114 ubi
3036 1061 3150 1115 ait:
3185 1059 3428 1114 Christus
3467 1074 3660 1128 passus
3695 1069 3764 1110 est

2174 1167 2270 1220 pro
2305 1151 2476 1217 nobis,
2522 1151 2666 1206 vobis
2701 1151 2994 1222 relinquens
3036 1151 3329 1221 eacmplum
3371 1160 3426 1204 ut
3474 1148 3767 1218 sequamini

2175 1242 2386 1312 vestigia
2409 1244 2548 1314 ejus,
2573 1244 2664 1315 qui
2690 1255 2956 1312 peccatum
2985 1260 3086 1298 non
3109 1244 3253 1312 fecit,
3291 1260 3384 1296 nec
3429 1243 3676 1298 iuventtis
3696 1249 3768 1292 est

2174 1333 2327 1387 dolus
2349 1336 2404 1389 in
2427 1349 2516 1388 ore
2544 1334 2700 1405 ejus;
2725 1335 2809 1388 cui
2859 1351 2976 1389 cum
3029 1335 3449 1396 malediceretur,
3482 1349 3588 1385 non
3611 1331 3766 1382 male-

2173 1421 2404 1488 dicebat;
2437 1439 2554 1476 cum
2588 1434 2875 1492 pateretur,
2901 1441 3004 1477 non
3040 1424 3447 1477 comminabitur
3481 1435 3503 1474 :
3525 1421 3765 1474 tradebat

2173 1522 2348 1568 autem
2370 1515 2646 1584 judicanli
2692 1531 2746 1568 se
2766 1515 2980 1583 injuste.
3028 1513 3134 1579 Qui
3177 1524 3396 1580 peccata
3450 1523 3640 1566 nostra
3665 1512 3768 1578 ipse

2172 1602 2385 1674 pertulit
2412 1603 2468 1658 in
2491 1620 2707 1674 corpore
2730 1621 2825 1659 suo
2845 1621 3002 1674 super
3024 1605 3246 1676 lignum,
3271 1614 3353 1668 ut,
3373 1603 3608 1674 peccatis
3633 1617 3770 1654 mor-

2173 1695 2275 1762 tui,
2321 1696 2546 1766 justitia:
2583 1697 2846 1759 vivamus;
2892 1697 3043 1766 cujus
3102 1697 3264 1750 livore
3322 1695 3502 1751 sanati
3560 1708 3763 1747 sumus.

491 1786 668 1856 gratia
701 1787 802 1844 Dei
827 1788 1071 1857 excludi;
1096 1792 1299 1862 gratias
1322 1791 1432 1847 Deo
1451 1800 1508 1847 et
1529 1792 1684 1848 vobis
1714 1792 1902 1855 reddo,
1923 1792 2064 1862 quod
2101 1799 2147 1860 Β
2179 1783 2370 1841 Sancti
2395 1787 2594 1856 quique
2619 1801 2649 1840 a
2673 1787 2938 1857 principio
2967 1787 3152 1841 mundi
3172 1787 3478 1856 paratiores
3504 1785 3571 1839 ad
3598 1785 3763 1838 bene-

491 1891 581 1931 me
606 1876 822 1933 interim
847 1879 916 1936 ab
932 1881 1518 1949 excommunicatione,
1533 1883 1647 1938 sive
1668 1882 1720 1937 id
1738 1881 1938 1944 facere,
1952 1882 2070 1936 sive

494 1982 599 2046 non
637 1968 896 2026 debuistis
921 1979 1014 2025 aut
1043 1971 1251 2028 debetis
1297 1971 1498 2037 facere,
1544 1973 1903 2029 sustinuistis.
1930 1971 2067 2026 Fra-

489 2068 626 2115 trem
653 2068 832 2116 tamen
860 2061 1036 2128 illum,
1074 2076 1262 2132 quem,
1292 2072 1352 2120 ut
1377 2063 1638 2128 scribitis,
1665 2061 1735 2118 ab
1777 2062 1926 2118 omni
1951 2062 2068 2118 olli-

490 2147 578 2203 eio
604 2148 1034 2206 Christianitatis
1077 2151 1405 2209 auctoritate
1458 2153 1552 2208 Dei
1595 2161 1650 2208 et
1687 2153 1863 2208 sancti
1903 2151 2070 2207 Bene-

487 2238 638 2304 dicti,
690 2248 746 2295 et
793 2241 1032 2296 omnium
1082 2252 1395 2299 sanctorum
1427 2244 1724 2314 separatis;
1775 2259 1884 2298 non
1911 2242 2069 2298 video

487 2343 589 2399 qua
627 2330 860 2396 ratione,
887 2347 1063 2402 quove
1103 2331 1250 2401 justo
1281 2333 1471 2404 aliquo
1521 2333 1729 2405 judicio
1786 2335 1838 2390 id
1887 2334 2068 2389 facere

489 2421 879 2492 debuistisaut
923 2424 1180 2480 debeatis.
1219 2423 1516 2482 Monachus
1559 2427 1703 2482 enim
1732 2428 1833 2483 sub
1881 2425 2064 2496 regula

485 2511 659 2567 sancti
686 2512 984 2579 Benedicti,
1015 2531 1176 2586 quem
1207 2516 1362 2572 nobis
1391 2525 1672 2573 auctorem
1711 2517 1765 2572 in
1820 2517 1912 2572 tali
1937 2531 2065 2572 sen-

484 2602 654 2656 tentia
686 2603 1009 2672 advocastis,
1039 2605 1092 2660 in
1123 2607 1454 2663 monasterio
1478 2607 1805 2678 regulariter
1854 2607 2062 2672 vivens,

484 2691 809 2760 prohibetur
834 2694 1058 2764 penitus
1081 2696 1290 2766 proprii
1310 2695 1494 2752 cordis
1515 2697 1667 2769 sequi
1689 2697 2058 2763 voluntatem;

481 2794 540 2840 et
588 2802 694 2842 non
726 2786 898 2842 solum
926 2797 1079 2859 septa
1123 2790 1463 2854 monasterii,
1491 2791 1585 2845 sed
1620 2805 1722 2846 nec
1768 2789 2060 2844 claustrum

481 2877 687 2943 egredi.
746 2877 1030 2944 Quomodo
1077 2894 1207 2950 ergo
1261 2888 1445 2936 vestra
1500 2881 2063 2936 excommunicatione

481 2975 667 3036 potest
693 2968 920 3040 obligari
946 2970 994 3025 is
1021 2969 1136 3040 qui,
1179 2971 1380 3028 nullam
1425 2981 1748 3042 potestatem
1776 2972 1860 3026 sui
1889 2970 1977 3025 vel
2007 2971 2060 3025 in

485 3073 715 3129 corpore
761 3061 844 3115 vel
889 3063 943 3116 in
990 3062 1170 3118 animo
1217 3063 1442 3128 habens,
1485 3064 1701 3118 etiamsi
1746 3063 1894 3130 velit,
1950 3079 2058 3118 non

2177 1875 2468 1932 dicendum
2518 1892 2682 1948 quam
2729 1877 2795 1932 ad
2845 1877 3276 1933 maledicendum
3331 1877 3555 1932 fuerunt
3599 1893 3617 1930 :
3668 1890 3774 1944 quo

2171 1965 2422 2036 exemplo
2445 1965 2586 2021 idem
2611 1981 2710 2020 nos
2741 1965 2919 2021 facere
2941 1967 3264 2022 docuerunt.
3289 1966 3432 2034 Quid
3461 1980 3765 2020 memorem

2170 2053 2320 2110 [suae
2346 2054 2516 2111 Jacob
2539 2055 2988 2112 benedicentemi‘
3038 2056 3169 2126 quid
3216 2056 3392 2127 ipsum
3435 2054 3609 2110 Jacob
3662 2071 3768 2108 non

2174 2147 2350 2202 solum
2403 2146 2575 2212 ﬁlios,
2641 2147 2737 2203 sed
2798 2158 2854 2202 et
2917 2147 3255 2204 Pharaonem
3315 2149 3766 2205 benedicentem?

2172 2234 2393 2306 Moysen
2421 2236 2704 2292 duodecim
2737 2237 2932 2302 tribus,
2957 2235 3266 2294 Simeonem
3298 2254 3543 2309 quoque,
3573 2254 3704 2294 eum
3735 2255 3762 2291 δ

2169 2342 2276 2398 quo
2291 2337 2482 2383 cuncta
2503 2329 2808 2385 benedictio
2825 2331 2994 2397 venit,
3011 2329 3294 2387 Dominum
3310 2333 3761 2397 benedicentem;

2169 2436 2292 2476 cum
2341 2420 2586 2492 legamus
2613 2421 2782 2477 etiam
2832 2423 3193 2494 alienigenam
3240 2423 3466 2479 Balaam
3519 2425 3766 2482 timuisse

2170 2512 2494 2570 maledicere
2521 2515 2780 2586 populum
2810 2516 3064 2571 Domini?
3103 2515 3400 2583 Quomodo,
3429 2518 3634 2588 inquit,
3662 2536 3764 2572 nua-

2161 2597 2388 2657 l:dicam
2409 2605 2494 2658 cui
2518 2605 2778 2660 benedixit
2821 2606 3082 2662 Dominus
3102 2609 3128 2661 ?
3163 2606 3220 2662 Si
3251 2609 3391 2664 bene
3428 2608 3686 2672 memini,
3713 2609 3764 2662 in

2167 2704 2354 2750 sancto
2383 2695 2673 2766 Evangelio
2699 2697 2959 2754 Dominus
3005 2699 3120 2768 ipse
3155 2699 3256 2755 soli
3289 2699 3544 2755 ﬁculnea:
3593 2699 3764 2755 iufru~

2165 2795 2367 2843 ctuosa
2399 2786 2746 2842 maledixisse
2773 2788 2992 2858 legitur,
3015 2807 3138 2847 cum
3173 2792 3374 2848 multos
3412 2801 3470 2848 et
3503 2792 3562 2847 in
3595 2791 3764 2847 veteri

2164 2885 2222 2930 et
2249 2876 2302 2930 in
2334 2891 2469 2930 uova
2501 2873 2619 2947 lege
2645 2877 2988 2934 benedixisse
3037 2879 3270 2950 legatur.
3297 2882 3479 2948 Quam
3508 2897 3678 2937 unam
3698 2883 3763 2936 de

2166 2965 2394 3022 ﬁculnea
2446 2965 2890 3023 maledictiouem
2935 2985 3033 3024 cur
3080 2970 3298 3035 fecerit,
3324 2987 3424 3028 vos
3453 2989 3547 3028 me
3573 2973 3766 3029 melius

2165 3056 2358 3110 nostis.
2389 3055 2528 3112 Ecce
2557 3057 2658 3112 iste
2695 3057 2890 3126 frater,
2916 3076 3076 3129 quem
3107 3071 3256 3116 tanta
3280 3063 3761 3120 animadversione

488 3164 674 3220 ροιεδι
699 3156 924 3226 implere
956 3158 1008 3213 id
1054 3167 1279 3230 propter
1304 3161 1448 3230 quod
1463 3161 1974 3216 “communicatur
2003 3171 2062 3215 ιιι
2088 3143 2129 3201 C
2162 3147 2229 3200 ab
2257 3147 2404 3200 omni
2431 3145 2863 3205 Christianitatis
2893 3149 3070 3206 ollicio
3096 3152 3262 3208 vultis
3289 3156 3650 3212 anathemate
3677 3173 3763 3214 se-

492 3245 695 3302 faciat?
723 3263 883 3305 sesus
925 3251 978 3305 in
1021 3249 1314 3308 Pharisacis
1339 3253 1683 3324 vituperabat
1713 3254 1856 3323 quod
1881 3253 2066 3323 alliga-

494 3347 614 3391 rent
641 3353 807 3393 onera
833 3341 1017 3411 gravia
1043 3349 1099 3398 et
1135 3342 1521 3413 importabilia;
1554 3343 1660 3398 Sed
1706 3344 1750 3399 si
1797 3345 1885 3398 illa
1915 3345 2061 3398 vitu-

493 3429 778 3499 perabilia,‘
799 3432 924 3504 quia
950 3433 1344 3505 impertabilia;
1373 3435 1477 3492 ista
1526 3435 1701 3506 magis
1730 3437 2066 3505 reprehensi-

484 3523 633 3590 bilia,
663 3527 789 3596 quia
816 3527 1190 3598 impossibilia.

554 3614 658 3670 Sed
685 3617 867 3673 dicitis
887 3634 983 3672 vos
1014 3619 1064 3674 id
1093 3619 1293 3686 facere,
1323 3623 1450 3692 quia
1501 3622 1649 3678 licet.
1709 3623 1816 3679 Sed
1865 3622 2066 3679 Paulus

489 3706 624 3762 dicit
650 3708 833 3762 omnia
883 3709 998 3764 sibi.
1017 3709 1206 3776 licere,
1231 3711 1326 3767 sed
1366 3728 1474 3767 non
1525 3714 1803 3782 expedire.
1843 3712 2062 3769 Utinam

482 3796 640 3867 juxta
693 3799 1091 3871 beneplacitum
1143 3801 1234 3857 Dei
1291 3803 1496 3859 nemini
1543 3804 1733 3860 liceret
1763 3792 1880 3860 nisi
1918 3807 2062 3876 quod

481 3892 736 3962 expedit!
791 3892 896 3950 Sed
932 3897 1058 3966 quia
1101 3896 1156 3951 in
1205 3897 1433 3953 arbitrio
1482 3909 1674 3955 nostro
1709 3900 1943 3971 positum
1979 3909 2065 3956 cst

481 3983 684 4038 bonum
731 3993 787 4040 et
815 3987 1040 4053 malum,
1087 3989 1200 4043 vita
1238 3997 1297 4044 et
1343 4005 1515 4055 mors,
1553 3992 1855 4047 cavendum
1893 4000 1976 4046 est
2006 3991 2059 4047 in

483 4088 645 4143 quam
670 4085 880 4145 partem
911 4077 1282 4144 deﬁectamus,
1319 4079 1725 4151 timendumque
1762 4082 1903 4151 quod
1933 4081 2062 4137 dici-

483 4173 575 4219 tur
604 4183 618 4218 :
660 4164 748 4220 Va:
769 4167 858 4238 qui
877 4169 1057 4222 dicunt
1086 4169 1276 4223 bonum
1306 4170 1526 4235 malum,
1551 4181 1597 4225 et
1613 4171 1811 4225 malum
1834 4173 2064 4226 bonum!

479 4253 586 4308 Sed
613 4255 658 4309 si
690 4255 764 4308 ita
792 4257 1057 4326 agendum
1084 4267 1220 4321 erat.
1249 4258 1510 4314 directius
1541 4261 1592 4314 in
1625 4260 1772 4314 illum
1805 4261 1919 4316 haec
1940 4275 2063 4316 sen-

481 4346 653 4400 tentia
677 4346 1022 4414 dirigeretur,
1050 4348 1165 4417 qui,
1187 4348 1329 4403 male
1358 4366 1388 4404 a
1417 4351 1576 4404 domo
1595 4359 1824 4420 paterna
1846 4351 2058 4418 exiens,

2170 3249 2386 3305 parare,
2419 3245 2627 3306 quanto
2673 3237 2879 3303 labore,
2912 3249 3114 3308 quanta
3145 3249 3265 3296 arte
3321 3251 3378 3297 et
3423 3243 3651 3316 ingenio
3692 3262 3762 3301 ex

2171 3325 2372 3378 ultimis
2395 3324 2605 3381 Judaici
2634 3327 2814 3397 populi
2850 3327 3072 3396 favillis,
3119 3345 3242 3401 qua:
3293 3333 3425 3388 solae
3472 3335 3610 3390 olim
3655 3338 3758 3390 sal-

2170 3415 2355 3469 vaudae
2381 3417 2752 3486 praenuntiata:
2783 3428 2930 3485 sunt,
2956 3421 3047 3474 vix
3081 3421 3146 3476 ad
3178 3421 3339 3477 ﬁdem
3375 3423 3650 3481 collectus
3671 3428 3746 3482 sit

2167 3513 2223 3559 et
2251 3503 2467 3561 Christo
2493 3509 2905 3577 copulatus,vos
2929 3512 3125 3570 melius
3147 3515 3324 3571 nostis
3351 3533 3366 3569 :
3397 3526 3453 3571 et
3486 3533 3638 3573 nunc
3664 3535 3762 3589 pro

2166 3595 2449 3665 vilissima,
2480 3599 2588 3653 imo
2618 3601 2762 3656 nulla
2787 3617 2974 3668 causa,
3002 3619 3030 3658 a
3063 3621 3293 3676 corpore
3334 3607 3544 3663 Christi
3598 3612 3762 3681 (quod

2167 3685 2362 3756 absit!)
2394 3689 2748 3756 prmcidetur!
2777 3691 2893 3747 Non
2929 3694 3002 3747 ita
3031 3696 3253 3765 sanguis
3289 3696 3502 3752 Christi
3536 3699 3762 3770 vilipen-

2167 3776 2374 3833 dendus
2395 3788 2499 3844 est,
2524 3781 2614 3850 qui
2639 3783 2817 3850 posuit
2841 3784 3080 3839 animam
3105 3802 3258 3841 suam
3287 3803 3385 3857 pro
3405 3790 3604 3846 ovibus
3626 3793 3758 3856 suis,

2166 3878 2221 3924 et
2244 3885 2339 3940 pro
2369 3885 2468 3926 suo
2505 3887 2668 3943 grege
2722 3875 2860 3930 mori
2915 3877 3169 3949 dignatus
3215 3889 3322 3946 est,
3361 3881 3449 3935 cui
3489 3882 3670 3952 gloria
3710 3884 3764 3937 in

2163 3959 2379 4016 smcula.

2235 4076 2291 4130 in
2316 4076 2464 4132 calce
2488 4077 2726 4147 epistola:
2747 4087 2873 4150 peto
2896 4095 3019 4136 cum
3039 4083 3194 4137 omni.
3211 4081 3522 4140 humilitate
3550 4093 3608 4141 et
3631 4087 3756 4142 sub-

2160 4168 2400 4238 jectione
2448 4178 2506 4223 ut
2551 4171 2785 4241 gratiam
2838 4181 2895 4228 et
2943 4173 3267 4230 charitatem
3317 4185 3562 4232 vestram
3605 4180 3762 4233 nobis

2164 4259 2498 4326 concedatis,
2527 4269 2582 4316 et
2607 4261 2750 4316 sicut
2778 4261 2978 4318 fratres
3024 4273 3081 4320 et
3108 4265 3308 4329 socios,
3344 4266 3431 4320 vel
3459 4268 3630 4338 (quod
3655 4285 3760 4322 ma-

2165 4345 2362 4418 lumus)
2388 4357 2446 4402 ut
2465 4363 2653 4403 servos
2673 4351 2983 4421 suscipiatis
3000 4363 3055 4406 et
3077 4354 3328 4418 teneatis,
3353 4364 3433 4417 et,
3457 4356 3589 4424 quia
3617 4356 3759 4409 inﬁr-

479 4449 581 4489 nec
610 4444 756 4490 recte
785 4436 1020 4501 rediens,
1051 4437 1222 4506 patris
1267 4438 1528 4494 oﬂensam
1561 4455 1666 4494 ηοη
1698 4441 1932 4512 mitigat,
1967 4443 2059 4496 sed
2093 4475 2142 4535 υ
2169 4435 2240 4489 nzi
2274 4447 2328 4491 et
2358 4448 2673 4507 peccatores
2703 4456 2911 4506 suuuis,
2955 4443 3128 4512 magis
3153 4459 3250 4497 nos
3274 4444 3538 4513 precibus
3565 4446 3760 4499 vestris

485 4523 799 4578 exacerbat.
829 4521 919 4579 Ille
960 4543 1101 4582 nunc
1129 4527 1280 4583 duris
1307 4529 1598 4604 pugionum
1647 4532 1852 4588 aculeis
1897 4535 2062 4589 casti-

483 4616 723 4685 gandus,
750 4631 894 4671 nunc
920 4616 1134 4673 blandis
1178 4620 1531 4676 monitionum
1580 4621 1837 4678 fomentis
1859 4625 2059 4680 adhor-

481 4705 700 4767 tandus,
733 4715 1008 4775 postremo
1029 4705 1216 4777 jaculo
1263 4711 1628 4767 anathematis
1673 4715 1868 4770 merito
1918 4725 2066 4771 esset

481 4793 786 4860 feriendus,
813 4797 984 4854 donec
1015 4799 1069 4854 in
1094 4815 1153 4854 se
1179 4815 1427 4856 reversus
1450 4803 1655 4859 diceret
1683 4823 1695 4858 :
1731 4804 1910 4869 Pater,
1944 4825 2062 4878 pec-

476 4889 590 4942 cavi
621 4891 677 4943 in
721 4889 910 4944 oculum
947 4901 996 4947 et
1051 4908 1230 4947 coram
1280 4904 1358 4960 te;
1399 4895 1518 4966 jam
1565 4914 1667 4951 non
1717 4915 1831 4952 sum
1871 4901 2061 4970 dignus

473 4980 651 5020 sonat-ri
683 4979 822 5020 ﬁlius
853 4991 971 5020 tunc
991 5000 1004 5012 ο

1048 4985 1132 5020 Γηρ
1173 5001 1252 5020 nm
1282 4987 1412 5020 οἶμαι
1443 5005 1603 5020 oon-nm
1637 4990 1697 5020 Α.
1725 4991 2062 5020 ωη---..,...ἒ2-

2166 4524 2453 4594 adiuvetis,
2478 4538 2537 4582 ut
2557 4530 2754 4585 Christi
2784 4533 3132 4600 przesentiam
3164 4541 3218 4584 et
3243 4543 3563 4589 sanctorum
3592 4537 3758 4590 coha-

2166 4615 2482 4672 bitatiouem
2513 4634 2840 4674 mercamur.
2871 4637 3038 4690 quam
3064 4639 3092 4674 a
3131 4631 3278 4676 tanta
3311 4625 3485 4692 gratia
3511 4625 3622 4678 ulla
3655 4638 3760 4678 ma-

2166 4705 2452 4761 ledictione
2480 4716 2572 4761 aut
2603 4710 2972 4773 anathemate,
2999 4712 3141 4780 quod
3166 4711 3338 4766 absit!
3369 4713 3750 4768 excludamur.

2165 4797 2320 4864 Quod
2349 4798 2394 4852 si
2418 4799 2574 4854 vobis
2601 4800 2810 4866 facere,
2833 4817 2938 4856 non
2970 4816 3158 4858 nostro
3185 4804 3406 4867 merito.
3433 4807 3530 4861 sed
3554 4805 3756 4861 Christi

2166 4897 2421 4956 respectu
2473 4899 2528 4944 et
2579 4891 2821 4946 fraterna
2880 4894 3151 4949 charitate
3205 4894 3496 4964 placuerit,
3556 4899 3756 4966 gratias

2166 4979 2376 5018 nainmc

2394 4996 2408 5008 ⁸
2435 4980 2512 5016 εἶσι
2544 4980 2703 5018 tulhn“
2778 4984 2828 5018 ill
2866 4999 2960 5018 nm:
2993 4985 3190 5018 "nol-:0
3223 4988 3461 5016 ηΛΛΛΛΙῖι-
3491 4989 3730 5016 ..ΑΛ-..ΑΙιῖ
