3940 5382
73 357 162 412 473

1492 347 1868 405 Εριετοιιλζ.

3213 341 3314 394 471

76 484 253 531 sermo,
283 468 351 522 de
380 480 495 536 quo
531 463 669 520 tldeli
698 463 1047 536 pra-cipitur:
1084 462 1262 518 Notite
1281 463 1504 534 recipere
1522 479 1639 516 eum
1673 473 1717 533 Α
1745 459 2374 536 monasterium,_ibir_lem
2407 457 2675 536 residebat
2702 469 2811 536 1am
2839 470 2866 509 a
2906 453 3090 536 multis
3127 458 3312 536 annis.

79 566 123 617 in
145 562 312 624 domo,
342 574 439 612 nec
464 574 562 612 ave
586 557 633 612 ei
653 557 913 612 dixeritis.
937 556 1050 627 Ego
1075 556 1440 611 valedicturus
1473 555 1647 616 vobis,

80 656 124 706 in
151 653 310 706 verbo
334 649 723 704 valedietionis
766 648 843 704 nil
888 649 1111 712 haesito;
1157 648 1274 712 sed,
1306 657 1367 703 ut
1395 647 1568 703 fidelis
1597 658 1652 702 et

78 741 359 800 catholicus
388 741 770 805 Christianus,
813 740 969 795 vobis
1023 740 1174 795 Patri
1203 749 1258 795 et
1285 739 1503 796 domino
1549 740 1652 795 sin-

79 837 253 890 ceriter
276 833 403 889 dico
432 874 447 888 .
475 831 690 898 Valete,
741 842 796 888 et
837 832 1064 888 verbum
1091 832 1333 902 Apostoli
1385 833 1439 887 in
1489 834 1651 888 corde

81 940 226 994 sape,
253 933 313 978 ut
335 922 554 988 facilis,
587 923 848 978 revolvite
871 939 885 976 :
912 921 1209 976 Benedicite
1231 921 1650 992 persequentth

78 1033 169 1070 eos.
194 1015 301 1087 Ego
327 1024 525 1071 autem
557 1017 680 1070 dico
713 1033 727 1070 :
763 1015 1077 1071 Benedicite
1125 1029 1231 1069 non
1275 1013 1650 1084 persequenti-

80 1109 184 1167 bus.
212 1107 303 1162 sed
329 1107 693 1178 diligentibus
716 1122 837 1172 vos,
881 1106 1187 1163 benedicitc
1208 1115 1263 1160 et
1291 1105 1455 1170 nolite
1485 1105 1649 1159 male-

83 1196 260 1252 dicere.
290 1197 499 1252 lterum
550 1198 747 1262 valete,
780 1205 835 1253 et
867 1198 912 1252 si
937 1199 1066 1266 quid
1108 1198 1161 1251 in
1209 1196 1476 1266 loquendo
1527 1208 1650 1265 pce-

84 1289 202 1347 cavi,
234 1287 528 1359 ignoscite,
563 1289 690 1360 quia
721 1290 776 1345 in
811 1289 1178 1345 amaritudine
1217 1289 1400 1344 cordis
1436 1289 1648 1344 locutus

82 1391 200 1432 sum.

689 1484 1013 1526 ADNOTATIO.

140 1576 260 1632 Tota
307 1578 544 1651 Joannis
594 1581 960 1651 expostulatio
1007 1595 1130 1637 eum
1186 1579 1414 1634 Warino
1453 1589 1540 1634 est
1581 1580 1646 1633 dc

89 1650 353 1718 repetendo
380 1650 678 1705 benedicta
708 1651 1114 1706 Fiscamneusis
1143 1652 1428 1712 monacho,
1459 1651 1548 1718 qui
1578 1665 1642 1701 cx

89 1715 246 1772 ludteo
289 1719 661 1784 Christianus,
703 1732 815 1776 tum
858 1721 1129 1775 Fiscamni
1177 1715 1487 1773 monachus
1517 1718 1645 1771 etl‘e-

86 1796 203 1854 ctus,
223 1789 341 1844 dein
370 1793 733 1847 transmissus
776 1793 846 1847 ad
892 1790 1136 1848 Metensc
1190 1791 1381 1846 Sancti
1435 1789 1641 1844 Arnuiﬁ

1756 532 1924 601 Ilnjus
1943 532 2306 587 contentionis
2339 529 2534 585 artifex
2560 537 2678 601 erat
2727 527 3027 601 llernardns
3072 525 3315 601 quidam,

1757 594 2210 656 ob'idaWarino
2262 601 2438 656 Doech
2470 599 2769 722 arpcllatus
2815 617 2827 650 ε
2875 597 2965 666 qui
3019 611 3084 650 ex
3133 594 3318 648 Sani-ti

1757 672 1959 722 Arnulﬁ
1989 671 2315 722 monasterio
2341 681 2488 722 trans
2518 685 2616 722 uua
2649 667 2991 722 Fiscamnnm
3030 680 3149 719 sese
3175 679 3317 715 ret-e-

1753 672 1959 726 Arnulti
1989 671 2315 725 monasterio
2341 667 2616 738 transfuga
2649 667 3002 738 Fiscamnnnt
3030 679 3317 738 sese_reco-

1752 754 1925 810 perat.
1946 743 2020 796 Ex
2049 741 2257 794 Warini
2283 751 2461 794 autem
2489 735 2712 810 epistola
2739 735 3314 810 constatCnillelniurn

1753 804 1952 881 ipsum,
1989 815 2080 880 qui
2109 811 2376 866 Fiscamni
2428 804 2594 864 abbas
2640 809 2760 867 fuit.
2796 809 2960 862 etiam
2998 805 3181 881 Sancgi
3214 804 3319 856 Aro

1753 874 1881 936 tiulﬁ
1933 874 2262 937 ttiuttztstet'io
2311 881 2617 950 praefuisse,
2673 881 2923 932 nimirum
2975 885 3095 944 post
3139 874 3314 950 liene—

1752 953 1954 1006 dictum
1980 953 2202 1007 Joannis
2231 945 2465 1023 secundi
2495 964 2914 1023 sucqssorenti
2947 955 3056 1023 tum
3103 945 3170 1023 ei.
3203 959 3318 1023 διιε-

1753 1024 1982 1076 cessisse
2033 1023 2329 1080 Oddonem,
2384 1021 2468 1092 cui
2535 1021 2786 1092 sull'ectns
2847 1015 3353 1092 Warinusul'n‘tjtrs‘

1751 1093 1990 1162 cpistola?
2011 1103 2220 1147 auctor.
2252 1091 2474 1146 Warino
2496 1105 2624 1162 vero
2644 1089 2963 1162 subrogatus
3000 1095 3089 1162 est
3117 1083 3319 1136 Wilch-

1752 1156 1893 1228 nins,
1917 1164 2009 1233 qui
2033 1173 2323 1231 sequentes
2345 1160 2601 1233 epistolas
2623 1156 2860 1233 scripsit.
2879 1157 2956 1210 Ex
2982 1156 3177 1224 quibus
3196 1168 3317 1232 cor:

1752 1229 2006 1301 rgenti—us
2055 1229 2136 1288 est
2196 1229 2442 1301 vulgatus
2495 1231 2655 1285 index
2702 1229 3317 1301 abbatummonasterii

1752 1251 2006 1301 TRCIIGIIS
2055 1251 2136 1288 ρει
2196 1251 2442 1286 vut'atus
2495 1251 2655 1285 tttuex
2702 1251 2952 1282 annulum
3000 1251 3316 1279 tttuuuatcut

1752 1303 1934 1358 Sancti
1964 1303 2192 1358 Arnulli.
2225 1251 2466 1367 Ad’hmc,
2497 1301 2653 1354 docet
2700 1314 2798 1352 nos
2829 1297 3035 1351 Warini
3070 1293 3316 1367 epistola,

1751 1373 1923 1442 ipsum
1973 1375 2211 1436 Gorzim;
2254 1363 2515 1444 Joannem
2561 1386 2691 1424 vero
2734 1363 3174 1444 Eiseamnensem
3224 1363 3320 1444 ab-

1750 1437 1928 1498 batem
1997 1443 2386 1498 Divisionensis
2448 1441 2808 1503 monasterii,
2869 1437 3012 1506 quod
3071 1437 3322 1503 superius

1750 1515 2022 1574 nutabant.
2063 1514 2386 1583 monachum
2428 1511 2594 1564 fuisse
2649 1522 2775 1564 ante
2815 1509 3004 1583 initam
3033 1506 3318 1583 prxufccttt-

1750 1600 1888 1636 ram.
1939 1573 2178 1653 Denique
2231 1582 2484 1635 Warinus
2531 1592 2655 1653 ante
2691 1573 3074 1653 nionachatntn
3121 1573 3316 1653 Lendi-

1746 1655 1923 1707 censis
1950 1644 2180 1708 clericus
2205 1653 2326 1715 fuit,
2353 1661 2587 1704 testante
2621 1650 2956 1706 Adelmanno
2986 1646 3039 1701 in
3072 1644 3320 1701 versibus

1749 1725 2071 1793 rhythmicis
2101 1724 2322 1777 inferius
2350 1722 2597 1777 edendis.

87 1945 376 2025 Sequente:
405 1948 712 2028 epistolas
745 1948 938 2012 edidit
971 1950 1048 2012 Β.
1091 1949 1373 2010 Martem
1427 1946 1733 2009 Thesauri
1797 1944 2263 2006 Anecdotorum
2305 1957 2458 2010 tom.
2512 1949 2562 2020 Ι,
2597 1945 2718 2007 col.
2759 1945 2902 2016 206,
2939 1942 3051 2006 15b
3089 1950 3141 2001 ct
3183 1941 3322 2015 198,

627 2108 967 2166 EPISTOLA
1019 2107 1109 2164 γι.

94 2236 271 2277 ιοικῖςιδ
299 2238 524 2278 ΑΡΒΑΤῘΒ
559 2238 929 2278 FISCANNENSIS
959 2239 1025 2277 Αἰ)
1050 2238 1324 2279 ION.\C!IOS
1357 2237 1635 2279 Μεεοωε.

367 2315 458 2384 (D.
503 2313 735 2369 Marum:
811 2312 1065 2370 Thesaur.
1105 2314 1330 2385 Auecd.)

148 2468 315 2522 Frater
358 2469 619 2534 Joanns,
670 2469 1076 2525 Fiscamnensis
1130 2468 1314 2529 abbas,
1369 2467 1522 2523 fratri
1567 2469 1637 2524 Μ.

97 2563 330 2628 quondam
365 2562 475 2617 tilio
502 2562 778 2632 sociisque
805 2562 921 2633 ejus
943 2562 1128 2617 oculos
1157 2562 1210 2616 in
1240 2563 1434 2632 rapite.

150 2651 352 2708 OmisSIs
379 2654 746 2723 plurimarmn
775 2654 1099 2708 testimoniis
1149 2664 1461 2708 sanctarum
1494 2653 1639 2708 Scri-

99 2753 354 2810 pturarnm,
408 2746 609 2814 quibus
654 2744 876 2814 proprio
925 2744 1152 2798 arbitrio
1199 2753 1414 2798 utentes
1455 2745 1639 2798 redar-

101 2845 312 2903 guuntur,
343 2837 407 2890 ad
439 2850 638 2907 puram
668 2845 724 2889 et
767 2834 1065 2904 simplicem
1119 2831 1414 2890 beatissimi
1464 2835 1638 2891 Patris

101 2927 241 2980 nostri
266 2926 543 2983 Benedicti
576 2926 956 2982 auctoritatem
992 2941 1358 2982 recurramus.
1393 2927 1533 2998 Lege
1562 2929 1640 2982 in-

103 3023 167 3068 ter
190 3024 362 3072 cetera
392 3018 480 3072 ubi
511 3017 716 3073 dicitur
743 3018 884 3086 (cap.
923 3017 1013 3086 49)
1041 3032 1057 3070 :
1091 3036 1110 3070 ι
1153 3018 1428 3089 Quidquid
1475 3035 1614 3074 unus

103 3106 287 3176 quisque
311 3107 506 3164 oﬂ‘erre
557 3108 672 3162 vult
723 3109 857 3172 Deo,
908 3110 1087 3166 abbati
1139 3127 1237 3167 suo
1282 3121 1555 3183 suggerat,
1585 3120 1639 3166 et

104 3210 197 3250 cum
221 3199 326 3268 ejus
355 3199 445 3254 ﬁat
473 3200 726 3256 oratione
751 3211 807 3257 et
836 3201 1134 3265 voluntate,
1170 3205 1292 3273 quia
1340 3203 1484 3273 quod
1522 3204 1639 3258 sine

103 3285 428 3347 benedictione
453 3295 631 3364 patris
661 3293 959 3364 spiritualis
991 3293 1050 3348 tit
1069 3335 1083 3359 ,
1113 3295 1518 3365 praesumptioni
1548 3295 1640 3350 de-

105 3379 337 3442 putabitur
369 3393 422 3438 et
451 3400 608 3439 value
647 3384 850 3454 glorize,
891 3401 999 3440 non
1033 3387 1290 3442 mercedi.
1326 3407 1344 3439 ι
1379 3388 1434 3441 ln
1463 3389 1640 3456 capite

103 3479 207 3522 vero
230 3471 453 3540 ejusdem
503 3486 712 3530 sanctae
756 3475 976 3547 rcgulm,
1029 3476 1120 3530 ubi
1165 3486 1398 3546 quatuor
1441 3455 1638 3548 genera
1669 3455 1710 3510 (ἶ

107 3562 444 3618 multat-homin
475 3567 742 3637 depingit,
773 3567 1007 3635 primum
1039 3568 1458 3631 ctenobitarnm,
1487 3568 1645 3620 idest

106 3649 388 3717 Pmtipuum
416 3671 612 3725 genus,
665 3657 906 3712 militans
950 3658 1051 3712 sub
1086 3657 1268 3727 regula
1321 3658 1403 3711 vel
1449 3657 1645 3712 abbate

108 3735 349 3806 collaudat,
393 3748 722 3811 secundum,
773 3763 946 3817 genus
1002 3749 1478 3813 anachoretarum,
1518 3748 1636 3803 sub~

109 3825 273 3885 infert:
307 3835 446 3903 «Qui
483 3854 593 3893 non
634 3838 1009 3894 conversionis
1040 3839 1253 3894 fervore
1281 3840 1503 3903 novitio,
1551 3839 1644 3894 sed

111 3927 379 3980 monasterii
409 3929 733 3998 probatione
778 3929 1057 3994 diuturna,
1104 3930 1409 3984 didicerunt
1454 3940 1643 3985 contra

111 4006 335 4070 diabolum
379 4020 674 4075 multorum
711 4021 904 4076 solatio
934 4020 1048 4088 jam
1089 4021 1230 4076 docti
1277 4037 1538 4092 pugnare,
1593 4031 1647 4076 ct

111 4095 217 4155 bene
242 4103 473 4165 instructi
507 4112 752 4166 fraterna
787 4127 854 4168 ex
883 4114 1002 4168 acie
1049 4113 1116 4168 ad
1167 4113 1497 4184 singularem
1544 4129 1640 4184 pn-

113 4201 238 4252 εηεηιι
276 4202 454 4266 eremi,
483 4203 668 4258 securi
688 4201 825 4271 jam,
857 4203 976 4258 sine
999 4203 1372 4258 consolatione
1396 4203 1643 4268 alterius,

113 4280 202 4334 S‘Ila
224 4301 366 4344 manu
397 4294 478 4347 vel
511 4295 740 4350 brachio
765 4305 957 4351 contra
997 4297 1128 4350 vitia
1158 4298 1342 4351 carnis
1387 4296 1471 4350 vel
1500 4296 1647 4365 cogi-

116 4374 351 4459 tationum,
379 4383 485 4439 Deo
516 4387 1132 4450 auxiliante.sutliciunt
1157 4403 1418 4459 pugnare.
1441 4407 1460 4440 ι
1486 4389 1643 4452 Audi,

118 4457 267 4550 frater,
295 4480 342 4524 et
377 4477 651 4534 subtiliter
694 4479 958 4551 intelligo,
1002 4480 1048 4535 si
1097 4457 1351 4534 diuturna
1401 4481 1648 4550 probatio

118 4563 209 4620 vas,
235 4569 281 4613 et
317 4563 564 4623 vitiorum
597 4571 873 4634 excoctio,
926 4579 982 4626 et
1023 4571 1234 4626 ablatis
1273 4571 1557 4642 imperium
1595 4580 1650 4626 et

120 4645 323 4709 voluntas
373 4659 452 4715 vel
514 4664 803 4732 permissio
854 4665 920 4718 ad
976 4673 1085 4718 tam
1139 4666 1414 4734 egregiam
1481 4665 1647 4718 vitam

1673 2112 1715 2171 Β
1743 2123 1906 2177 quem
1938 2111 2250 2174 resuscitat,
2288 2110 2572 2181 discipulis
2601 2109 2855 2180 prmcepit
2886 2107 3165 2162 absolvere
3193 2123 3204 2158 :
3231 2120 3324 2161 ve-

1747 2207 2050 2252 rumtamen
2079 2209 2133 2253 et
2161 2201 2262 2254 hoc
2295 2204 2558 2256 rescimus
2579 2202 2727 2269 quia,
2757 2197 2995 2269 quandiu
3023 2197 3180 2266 culpa
3207 2210 3324 2248 ma-

1744 2289 2084 2354 net,absolvi
2133 2291 2416 2360 quisquam
2455 2305 2792 2361 nequaquam
2842 2288 3004 2342 valet.
3057 2286 3326 2356 Prodigus

1744 2378 1906 2445 tilius,
1938 2381 2176 2449 quandiu
2205 2381 2254 2435 in
2301 2381 2524 2451 regione
2571 2382 2862 2450 ionginqua
2914 2394 3109 2450 porcos
3153 2380 3321 2449 pavit,

1745 2483 1850 2522 non
1879 2485 1977 2540 pro
2005 2484 2070 2524 eo
2097 2471 2295 2525 vituins
2319 2473 2595 2541 saginatus
2615 2471 2902 2526 occiditur.
2930 2470 3063 2526 Cum
3091 2483 3243 2534 vero,
3269 2469 3322 2523 in

1741 2575 1802 2615 se
1829 2577 2097 2627 reversus,
2125 2563 2446 2632 pwnitenlia
2472 2566 2664 2619 ductus
2685 2565 2751 2619 ad
2775 2574 2982 2634 patrem
3008 2561 3321 2624 revertitur,

1744 2668 1849 2706 non
1880 2652 2053 2707 solum
2083 2670 2182 2724 pro
2212 2670 2279 2709 eo
2302 2655 2500 2710 vitulus
2523 2657 2809 2721 occiditur,
2841 2655 2934 2710 sed
2965 2653 3102 2708 stola
3146 2654 3322 2722 prima

1740 2746 2006 2800 etannulo
2030 2747 2289 2812 induitur,
2321 2757 2374 2802 et
2405 2763 2526 2802 cum
2553 2747 2742 2816 grandi
2769 2748 2975 2801 honore
2999 2761 3028 2797 a
3057 2753 3210 2814 patre
3233 2757 3320 2797 re-

1742 2836 1962 2905 cipitur.
1993 2836 2138 2892 Satis
2158 2847 2240 2893 est
2263 2839 2328 2892 de
2359 2837 2462 2893 hoc
2489 2838 2692 2892 dictum
2746 2836 3085 2907 sapientibus
3111 2842 3206 2890 aut
3235 2833 3323 2887 in-

1741 2927 2082 2996 sipientibus,
2113 2928 2239 2998 quia
2269 2930 2354 2984 his
2382 2929 2637 2984 omnibus
2687 2928 2899 2984 debitor
2941 2942 3080 2981 sum.
3132 2923 3324 2979 Adhuc

1742 3021 1785 3075 si
1820 3021 2258 3077 excellentiorern
2301 3023 2443 3077 viam
2469 3022 2744 3077 reminisci
2773 3021 2954 3086 vultis,
2979 3021 3163 3076 audite
3184 3034 3323 3090 pau-
3395 3037 3398 3040 '

1743 3111 2037 3168 lulum:Si
2089 3112 2282 3184 linguis
2333 3114 2599 3167 hominum
2659 3113 2844 3184 loquar
2885 3122 2932 3166 et
2994 3111 3321 3182 angelorum,

1741 3203 2052 3257 charitatem
2099 3215 2273 3257 autem
2321 3220 2425 3258 non
2475 3204 2718 3268 habeam,
2771 3203 2902 3257 nihil
2941 3203 3071 3256 mihi
3118 3201 3326 3270 prodest

1744 3293 1792 3363 (Ι
1827 3293 1951 3347 Cor.
1987 3311 2110 3356 xm,
2140 3295 2216 3364 1).
2245 3294 2301 3349 Si
2329 3295 2635 3366 gloriamini
2676 3295 2990 3366 angelorum
3023 3293 3203 3364 lingua
3245 3292 3326 3345 lo”-

1741 3387 1833 3455 qni
1865 3401 1961 3455 per
1986 3401 2207 3456 scopum
2237 3387 2733 3456 contemplationis,
2768 3387 3097 3442 charitatem
3144 3386 3328 3456 perdi-

1746 3477 1926 3542 distis,
1954 3478 2096 3546 quod
2125 3487 2208 3532 est
2230 3477 2502 3532 vinculum
2528 3477 2895 3546 perfectionis.
2921 3477 3064 3530 Deus
3087 3475 3331 3531 charitas

1747 3581 1829 3625 est
1862 3588 1874 3624 :
1907 3571 1998 3640 qui
2033 3580 2222 3626 contra
2255 3571 2574 3624 charitatem
2603 3570 2786 3632 sentit,
2813 3569 2976 3623 Deum
3004 3569 3207 3638 perdit;
3237 3569 3327 3636 qui

1750 3659 1918 3713 Deum
1959 3661 2158 3729 perdit,
2201 3659 2333 3714 nihil
2361 3661 2556 3724 habet;
2587 3659 2676 3728 qui
2707 3660 2943 3728 seipsum
2979 3661 3112 3725 odit,
3165 3659 3329 3713 alium

1747 3765 1806 3803 se
1835 3749 1988 3818 tingit
2028 3765 2240 3815 amare;
2281 3751 2395 3818 ipse
2446 3749 2683 3818 seipsmn
2727 3750 2963 3818 perimit,
2999 3749 3090 3819 qui
3139 3757 3331 3818 Sponte

1748 3856 1844 3894 sua
1880 3839 2406 3909 obcdientimjugum
2437 3839 2666 3909 refugit;
2693 3840 2784 3909 qui
2831 3840 3154 3894 obedientize
3177 3840 3331 3894 dero-

1748 3939 1860 3999 gat,
1889 3931 2109 3987 Christo
2141 3932 2382 4001 derogat,
2427 3931 2518 3999 qui
2563 3930 2740 3985 factus
2769 3939 2851 3984 est
2881 3929 3026 3983 Patri
3072 3931 3334 3984 ohediens

1753 4036 1923 4089 usque
1947 4022 2014 4076 ad
2044 4031 2298 4076 mortem.
2328 4022 2383 4076 la
2414 4021 2516 4075 hoc
2545 4021 2688 4073 enim
2737 4020 2968 4074 fructum
3013 4019 3334 4072 obedientize

1750 4116 2083 4187 perdidistis,
2123 4130 2246 4169 cum
2271 4116 2336 4170 de
2365 4116 2464 4170 sub
2483 4114 2614 4185 jugo
2643 4114 2840 4184 regulze
2885 4112 3083 4167 collum
3129 4111 3329 4165 furtive

1749 4210 2068 4265 excussistis
2098 4225 2111 4261 :
2145 4223 2276 4278 ergo
2306 4208 2395 4278 qui
2430 4216 2619 4263 contra
2663 4205 3024 4260 obedientiam
3065 4219 3214 4257 arma
3269 4203 3332 4256 li-
3398 4201 3402 4206 ’

1750 4301 1895 4365 brat,
1922 4309 2113 4356 contra
2145 4297 2420 4355 Christum
2454 4299 2618 4363 facit;
2675 4298 2765 4367 qni
2811 4305 3002 4350 contra
3055 4293 3337 4349 Christum

1752 4392 1902 4456 facit,
1931 4390 2299 4445 Antichristus
2325 4397 2426 4444 est.
2456 4388 2512 4442 In
2539 4389 2642 4442 hoc
2692 4387 2959 4455 siquidem
2988 4383 3108 4438 luce
3133 4381 3337 4437 clarius

1750 4495 1899 4556 patet
1940 4485 2068 4555 quia
2110 4500 2216 4538 non
2254 4497 2354 4552 ego
2399 4480 2560 4536 etfudi
2611 4479 2931 4549 sanguinem
2972 4474 3201 4529 filiorum
3235 4489 3334 4526 no-

1752 4589 2015 4641 strormn,
2043 4577 2136 4630 sed
2161 4575 2258 4645 ipsi
2295 4573 2388 4628 ﬁlii
2444 4588 2503 4628 se
2551 4577 2921 4642 peremerunt.
2966 4566 3105 4634 Quid
3137 4564 3340 4636 plura?

1751 4679 1878 4722 ante
1907 4668 2024 4722 dies
2061 4665 2215 4722 nobis
2245 4679 2408 4718 ouant
2434 4662 2742 4719 testimonia
2787 4659 3198 4727 Scripturarum
3245 4657 3347 4709 de-r

120 4745 344 4848 provexit,
371 4762 457 4806 aat
489 4756 670 4825 potius
698 4757 916 4826 propria
963 4757 1212 4812 voluntas
1243 4758 1430 4812 illexit.
1465 4757 1523 4813 Si
1553 4773 1648 4812 an—
1682 4795 1725 4848 Ι)
1755 4758 1951 4813 ticient.

127 4834 207 4882 lem
239 4833 542 4911 iabu‘osnm,
574 4856 669 4902 ant
693 4849 1064 4905 authenticum
1098 4849 1238 4904 istud
1283 4852 1520 4916 videtur,
1553 4864 1648 4904 vos

125 4923 540 5011 Wdlsiudicate;
575 4954 698 4993 nam
730 4949 878 4996 rect.)
906 4939 1126 4994 tramite
1167 4942 1368 5011 regiam
1397 4940 1536 4993 viam
1571 4941 1650 4994 in-

131 5009 282 5070 cedere
306 5022 508 5095 dignum
533 5039 635 5084 est.
669 5031 912 5101 Denique
939 5028 982 5082 si
1016 5029 1196 5100 aliqua.
1235 5009 1536 5086 stimulatio
1566 5032 1647 5085 vel

132 5104 431 5146 transui-nem-
476 5120 524 5146 :..
535 5131 548 5146 .

561 5123 781 5146 ..-Α----3⁸
860 5129 1054 5146 ...ιρι-ιη.
1098 5123 1451 5146 ..1.21-ν-η1.εν.ρι
1487 5139 1614 5146 ........--

2311 4869 2648 4926 EPISTOIA
2684 4868 2788 4925 V'll.

1753 4962 1988 5018 Joannes
2049 4962 2210 5017 abbas
2267 4959 2656 5014 Fiscamnensis
2715 4956 2945 5012 instituit
3005 4958 3247 5012 abbatem
3291 4970 3354 5006 ne

2177 5033 2496 5088 monasterio
2529 5028 2922 5102 Blaugiacensi.

2337 5121 2668 5144 A..J:---A.-_,
2696 5138 2724 5142 λ-
2783 5134 2884 5142 ..Α-ς
2939 5118 3166 5142 ἰιι-μκΑμξ
3234 5127 3351 5142 r.Ant\
