3940 5382
545 230 652 287 ιτδ

548 442 673 498 boni
705 441 941 512 pastoris
970 442 1021 496 in
1074 458 1135 498 se
1178 443 1471 498 ostendere
1517 442 1728 509 volens,
1779 450 2045 514 quatenus
2069 440 2121 496 id

546 530 843 587 ardentiori
892 531 1073 587 studio
1122 532 1323 587 imitari
1375 548 1476 589 suo
1543 543 1785 602 tempore
1821 533 2119 595 studerent,

544 622 687 692 quod
706 622 757 676 in
789 637 886 676 suo
904 624 1080 692 capite
1107 624 1326 679 Christo
1348 626 1692 694 praecessisse
1711 634 2118 697 cognoscerent.

545 714 699 770 Unde
747 721 829 777 et,
854 716 997 784 ipsos
1031 732 1167 787 quos
1218 718 1422 788 primos
1465 719 1531 773 ad
1574 719 1675 773 hoc
1700 719 1815 789 ipse
1853 717 2034 788 elegit,
2062 724 2124 771 ut

543 802 805 857 doctrina:
844 818 954 857 suae
988 803 1040 857 in
1092 805 1172 860 eis
1212 804 1562 861 fundamenta
1615 806 1839 871 locaret,
1892 804 2122 860 viearios

544 903 679 956 sum,
718 906 878 961 quam
903 892 1002 947 sibi
1042 894 1264 963 proprio
1294 895 1567 965 sanguine
1592 881 1906 965 acquisivit,
1930 895 2117 950 Eccle-

540 979 637 1035 size
682 982 988 1048 constituit,
1018 991 1077 1036 ut
1100 998 1290 1038 eorum
1338 984 1583 1040 doctrina
1611 992 1667 1040 et
1691 985 1940 1056 exemplo
1968 1000 2033 1039 eo
2058 983 2122 1038 li-

541 1068 763 1125 bentius
791 1071 1136 1126 adlimrerent
1170 1071 1335 1127 futuri
1364 1074 1416 1128 in
1456 1074 1724 1146 regimine
1751 1074 2122 1130 ecclesiastico

542 1169 816 1229 pastores.
848 1176 956 1231 quo
992 1162 1318 1221 familiarius
1348 1154 1444 1220 eos
1485 1180 1623 1235 quos
1668 1165 2017 1220 imitarentur
2052 1180 2121 1218 ex

539 1265 637 1306 ore
663 1252 900 1308 caelestis
923 1254 1168 1324 magistri
1188 1256 1440 1311 didicisse
1466 1257 1584 1312 sine
1606 1257 1771 1312 dubio
1808 1256 2116 1312 crederent.

540 1343 803 1412 Quocirca
861 1348 1089 1418 singulis
1138 1348 1252 1403 suis
1301 1348 1825 1415 ordinibusffsancta
1878 1348 2119 1403 Ecclesia

538 1436 865 1493 auctoritate
887 1452 915 1490 a
942 1435 1191 1493 Patribus
1210 1439 1510 1494 .constituta
1537 1439 1839 1510 hujusmodi
1873 1438 2123 1493 firmatur

541 1528 872 1593 rectoribus,
913 1542 979 1582 nc
1027 1529 1398 1584 membrorum
1455 1530 1783 1602 negligentia
1818 1530 1872 1586 id
1903 1530 2123 1585 deficiat

540 1616 685 1685 quod
722 1632 751 1671 a
787 1618 962 1687 capite
990 1616 1208 1673 Christo
1246 1615 1554 1674 institutum
1593 1629 1679 1675 est
1717 1629 1864 1674 tanta
1897 1618 2123 1689 diligen-

1402 229 1683 290 IOANNIS
1719 231 2215 291 FISCAMNENSIS
2252 234 2540 294 ABBATIS
2576 234 2957 295 EPISTOL/E.
3705 238 3789 292 ΓΞίῖ

545 346 987 406 constitutionem
1004 346 1181 404 divina
1210 347 1549 419 providentia
1574 346 1866 420 praescivit,
1884 349 2118 405 formam
2150 351 2202 411 Α
2742 370 3074 420 κριςτοω
3120 370 3214 420 ιχ,
3544 364 3548 367 ·

2742 370 3078 429 EPISTOLA
3120 370 3214 428 IX.

2223 500 2449 542 ABBATIS
2483 500 2556 541 ET
2603 501 2962 542 IONACIIORUX
2991 498 3408 541 FISCAINEKSIUII
3450 502 3527 541 AD
3576 499 3788 542 WILLEL-

2687 572 2801 612 11111
2828 572 3002 611 REGE]!
3039 572 3342 612 ΑΝῦιοιιωί.

2223 645 2626 702 Conoueruntur
2669 648 2733 704 de
2757 647 2920 702 illatis
2971 648 3069 702 sibi
3111 664 3144 701 a
3194 636 3497 704 vicecamile
3532 648 3602 703 de
3626 647 3786 702 Arabis

2787 726 2836 773 et
2860 716 2980 772 aliis
3001 718 3237 789 injuriis.
3288 770 3291 773 λ

2293 850 2520 908 Domino
2546 866 2666 918 suo,
2693 838 3151 911 dulcissimo-suo.
3179 851 3535 907 dilectissimo
3561 866 3665 907 suo
3694 850 3785 915 W.,

2222 943 2395 1009 gratia
2423 942 2515 996 Dci
2567 941 2864 1011 Anglorum
2912 942 3052 1011 regi,
3092 957 3253 1013 quem
3299 944 3440 998 Deus
3493 950 3710 999 crescat
3744 944 3785 997 in

2222 1033 2477 1096 millibus,
2506 1040 2563 1086 et
2594 1031 2680 1085 cui
2710 1032 3027 1102 sospitatem
3056 1032 3320 1087 concedat
3351 1048 3406 1086 tn
3447 1032 3649 1086 diebus
3688 1031 3785 1101 plu-

2224 1123 2393 1189 ribus,
2434 1122 2585 1193 plebs
2618 1122 3019 1178 Fiscamueusis
3048 1121 3277 1191 justitize
3326 1123 3787 1177 bravium'exten-

2224 1217 2401 1272 dendo
2440 1217 2493 1271 in
2525 1215 2758 1271 subditis
2808 1225 3085 1286 praeeunte
3119 1215 3310 1272 Judice
3354 1214 3505 1286 justa
3555 1215 3786 1286 judican-

2226 1306 2381 1362 tium.

2295 1396 2354 1451 SI
2405 1395 2561 1453 vobis
2591 1411 2696 1452 non
2736 1396 3074 1468 displiceret,
3132 1404 3188 1452 et
3236 1395 3477 1451 maxime
3506 1395 3662 1452 oneri
3701 1412 3785 1451 non

2223 1497 2392 1553 esset,
2432 1503 2497 1543 ea
2536 1504 2656 1559 qua:
2701 1489 2842 1544 circa
2876 1504 2975 1545 nos
3004 1496 3132 1544 sunt
3180 1487 3482 1544 infortunia
3523 1486 3686 1543 latius
3708 1504 3785 1558 pa-

2224 1580 2583 1636 tefacercmus
2636 1581 2690 1636 in
2746 1580 3061 1636 dictamine.
3111 1578 3283 1652 Igitur
3330 1580 3398 1635 de
3432 1590 3617 1635 vestro
3669 1582 3787 1635 vice-

670 1670 823 1763 m...
849 1670 905 1762 εη
927 1670 1026 1779 .13.
1039 1670 1224 1763 ias
1246 1670 2122 1766 3.3.3..E...‘....;a;.;.;;..-
2149 1692 2197 1753 Β
2462 1671 2530 1772 ἀρ
2559 1671 2755 1779 Arabis
2779 1671 3048 1779 ίηιρξίιιιξξ
3074 1671 3459 1779 ¹⁰⁰¹³¹¹¹Ξῖ¹¹³¹³⁵τ
3482 1672 3785 1779 “iam?

540 1799 614 1853 liii
656 1797 822 1852 Pater
869 1798 1122 1867 indignus
1158 1799 1420 1855 fratribus
1450 1800 1610 1871 hujus
1657 1799 1759 1854 loci
1792 1799 1884 1868 qui
1926 1800 2124 1854 dicitur

538 1887 876 1957 Blanziacus,
904 1888 1158 1959 precibus
1185 1890 1517 1946 venerabilis
1542 1890 1757 1946 comitis
1789 1889 2006 1960 Rogerii
2044 1890 2122 1962 (2)

544 1978 919 2048 acquiescens,
985 1979 1237 2035 abbatem
1279 1979 1444 2052 eligo,
1506 1988 1563 2036 et
1597 1979 1678 2036 eis
1740 1979 2122 2035 charissimam

539 2067 717 2124 ﬁlium
746 2078 992 2125 nostrum
1048 2071 1332 2127 domuum.
1364 2111 1380 2127 .
1415 2111 1431 2127 .
1461 2111 1478 2127 .
1508 2110 1525 2125 .
1552 2071 1770 2128 Patrem
1810 2071 2121 2138 constituo;

538 2178 604 2218 ea
644 2163 898 2220 videlicet
934 2164 1148 2222 ratione
1184 2174 1244 2221 ut
1308 2168 1604 2238 pmdictus
1644 2182 1828 2223 comes
1871 2165 2122 2224 eumdem

538 2256 745 2324 locum,
785 2273 946 2329 quem
979 2258 1071 2315 diu
1107 2262 1444 2318 destructum
1473 2268 1637 2330 atque
1676 2258 1997 2316 aiesolatum
2024 2274 2125 2329 pro

538 2366 639 2407 sua
673 2366 1007 2423 suorumque
1028 2352 1204 2409 salute
1232 2353 1431 2408 iterum
1457 2352 1624 2423 coepit
1651 2352 1989 2417 instaurare,
2012 2366 2122 2406 non

537 2440 809 2512 negligat;
846 2441 964 2508 sed,
996 2452 1279 2511 quantum,
1301 2443 1412 2498 Deo
1439 2450 1734 2508 annuente,
1765 2440 2023 2505 valuerit,
2056 2440 2124 2518 ad

539 2530 757 2587 Iaudem
787 2531 882 2588 Dei
913 2533 1235 2590 nobilitctet
1275 2542 1587 2606 componat,
1608 2541 1665 2590 et
1689 2533 1928 2604 qnandiu
1970 2533 2122 2589 locus

539 2622 650 2679 iste
675 2624 972 2691 duraverit,
1005 2636 1059 2682 et
1079 2625 1464 2683 Fiscamnense
1481 2626 1789 2683 coenobium
1818 2641 1849 2681 a
1879 2625 2120 2694 regulari

539 2715 763 2771 tramite
814 2732 920 2773 non
969 2717 1385 2784 exorbitaverit,
1448 2718 1537 2773 hic
1604 2733 1765 2788 quem
1807 2717 1967 2773 modo
2013 2717 2126 2773 ele-

540 2804 719 2875 gimus
782 2807 993 2861 nullum
1050 2809 1253 2864 habeat
1311 2823 1729 2876 successorem,
1796 2808 1900 2865 nisi
1962 2823 2124 2880 quem

538 2907 608 2947 ex
662 2894 857 2965 seipsis
900 2894 1324 2952 Fiscamnenses
1378 2897 1581 2953 fratres
1625 2898 1912 2968 elegerint,
1966 2898 2125 2968 juxta

539 2986 857 3041 canonicam
917 2996 974 3042 et
1031 2988 1384 3057 apostolicam
1444 2988 1869 3045 ordinationem.
1919 2988 1977 3045 Si
2026 3004 2121 3043 an-

540 3084 674 3141 tem,
719 3077 862 3146 quod
903 3076 1089 3132 absit!
1132 3080 1277 3148 quod
1319 3079 1485 3135 etiam
1538 3080 1594 3136 in
1626 3081 1901 3151 plerisque
1962 3080 2118 3147 locis,

539 3167 680 3235 prob
736 3167 1226 3225 doloriaccidisse
1273 3170 1522 3227 videmus
1571 3180 1627 3226 et
1664 3172 1932 3238 dolemus,
1985 3188 2121 3243 pras-

543 3254 727 3311 dictus
783 3256 1190 3315 Fiscamnensis
1239 3261 1474 3316 emnobii
1530 3261 1684 3318 locus
1738 3265 1807 3317 ah
1859 3262 2122 3318 institutis

538 3353 857 3402 sanctorum
907 3346 1138 3404 Patrum
1195 3358 1253 3406 et
1289 3349 1397 3404 vita
1450 3350 1678 3420 spiritali
1722 3350 2016 3421 aliquando
2052 3350 2123 3406 ad

539 3433 822 3491 saecularia
861 3437 1202 3506 devolvetur,
1250 3441 1604 3504 concedimus
1656 3443 1923 3499 fratribus
1959 3442 2122 3514 hujus

538 3524 646 3583 loci
678 3527 901 3585 liberam
938 3529 1169 3601 eligendi
1191 3532 1296 3588 sibi
1322 3533 1503 3590 Patris
1534 3534 1877 3601 facultatem,
1909 3543 2119 3590 tantum

537 3624 601 3670 ut
630 3617 927 3674 secundum
978 3618 1143 3675 Deum
1173 3622 1292 3686 fiat,
1330 3637 1431 3679 nec
1477 3622 1826 3693 aliquatenus
1879 3622 2139 3680 offendat:

537 3702 595 3759 in
627 3706 945 3764 canonicam
968 3710 1377 3767 auetbritatem.
1472 3772 1477 3776 ,

962 3862 967 3869 ·
1036 3842 1371 3901 EPISTOLA
1400 3847 1558 3921 VIII.)

879 3949 947 3988 AD
977 3949 1219 3991 SANCTUII
1242 3954 1449 3994 LEONEH
1484 3956 1538 3994 IX
1568 3955 1763 3995 PAPAII.

535 4039 697 4115 (Vide
751 4045 806 4097 in
857 4060 1060 4101 saac'ro
1117 4045 1307 4173 L31“;
1313 4049 1703 4174 gWl’atrotogta:
1769 4061 1813 4106 t.
1875 4048 2117 4120 CXLIII,

538 4274 616 4346 (ἓ)
652 4274 897 4349 ρὶρζρηια
928 4275 1163 4349 [ξορςιῆὶ.
1215 4276 1418 4349 cornitis
1442 4276 1509 4349 de
1563 4278 1760 4333 Sancto
1791 4277 1990 4343 Paula,
2018 4295 2122 4349 quo

2226 1769 2414 1816 nostra
2495 1761 2724 1826 invadit,
2775 1760 3079 1828 confundit,
3109 1775 3211 1816 nec
3242 1761 3408 1816 ullam
3437 1760 3703 1831 justitiam
3735 1762 3786 1813 ab

2224 1865 2292 1907 eo
2341 1859 2669 1921 extorquere
2703 1843 2990 1910 valemus:
3022 1854 3267 1926 quotidie
3321 1836 3560 1926 namque
3600 1862 3787 1909 vestros

2224 1958 2495 2013 pauperes
2533 1943 2761 1999 dilaniat
2792 1962 2808 2012 ;
2849 1956 3063 2004 vestros
3091 1948 3231 2012 dico,
3271 1963 3380 2003 non
3414 1958 3655 2013 nostros,
3682 1947 3785 2017 quia

2226 2034 2444 2090 abbatia
2489 2046 2671 2093 vestra
2700 2047 2808 2103 est,
2857 2047 2913 2093 et
2961 2054 3062 2111 ego
3098 2039 3439 2096 solummodo
3469 2049 3656 2097 custos
3687 2040 3786 2094 exi.

2225 2137 2332 2195 sto,
2364 2143 2467 2185 nec
2516 2130 2570 2185 in
2624 2131 2879 2187 manibus
2917 2133 3054 2188 meis
3088 2147 3208 2188 eam
3238 2130 3583 2188 cenfunde're
3612 2133 3785 2202 patior.

2223 2223 2333 2279 Aut
2360 2224 2505 2280 enim
2544 2233 2606 2280 ut
2630 2237 2865 2281 vestram
2894 2227 3187 2292 custodite,
3234 2234 3329 2281 aut
3359 2226 3590 2282 alterius
3616 2226 3782 2281 ditioni

2225 2315 2537 2388 subrogate.
2567 2317 2819 2387 Exceptis
2857 2317 2961 2383 his,
3000 2318 3169 2372 multa
3209 2317 3534 2372 calumniari
3572 2317 3785 2387 compel-

2225 2403 2407 2472 limur,
2438 2405 2490 2461 id
2525 2405 2701 2461 estde
2727 2422 2832 2462 uno
2860 2406 3163 2483 liospite'de
3197 2405 3563 2470 Ponte-Diva),
3594 2404 3781 2461 Bosonc

2226 2500 2465 2565 nomine,
2505 2514 2663 2570 quem
2690 2499 2827 2554 ultra
2866 2499 3146 2572 sexaginta
3171 2515 3362 2563 annos,
3406 2499 3525 2554 sine
3566 2498 3667 2553 ulla
3709 2514 3785 2552 ca-

2225 2589 2450 2657 lumnia,
2492 2605 2557 2645 ex
2589 2599 2702 2647 toto
2750 2590 3053 2658 tenuimus;
3098 2605 3310 2646 necnon
3355 2590 3425 2645 de
3486 2599 3629 2645 terra
3668 2588 3783 2642 rill;e

2226 2685 2506 2751 Amblidm,
2561 2701 2722 2756 quam
2777 2684 2972 2740 mulier
3009 2694 3188 2741 vestra
3245 2683 3576 2739 auctoritate
3622 2692 3782 2737 nostra

2227 2775 2562 2832 monasterio
2588 2777 2756 2841 dedit,
2788 2776 3028 2847 acceptis
3057 2791 3155 2832 vos
3183 2791 3212 2830 a
3248 2774 3410 2831 nobis
3439 2774 3624 2830 decem
3653 2773 3780 2827 libris

2198 2866 2602 2933 “denariorum,
2632 2876 2686 2922 ct
2716 2881 2825 2921 uno
2843 2882 2984 2937 equo
3009 2876 3225 2922 centum
3275 2867 3596 2931 solidorum,
3625 2864 3781 2919 lauda-

2229 2959 2377 3015 tione
2427 2974 2644 3030 quoque
2678 2959 2772 3014 filii
2802 2959 3064 3032 Malgerii.
3104 2961 3181 3016 De
3207 2957 3316 3017 uno
3356 2975 3572 3031 quoque
3598 2960 3779 3029 hospite

2223 3050 2291 3104 de
2317 3048 2441 3103 villa
2481 3065 2602 3119 qua:
2629 3051 2826 3106 dicitur
2854 3049 3026 3116 Luco,
3084 3066 3245 3121 quem
3298 3042 3460 3107 nobis
3517 3051 3663 3106 offert
3690 3050 3778 3104 Ito-

2223 3138 2404 3195 dulfus
2457 3139 2597 3195 filius
2652 3139 2917 3207 Hcrluini,
2965 3150 3167 3196 terram
3223 3140 3577 3197 nihilominus
3635 3155 3774 3211 quam

2223 3225 2591 3282 Wesmanuus
2616 3228 2805 3293 tenttit,
2851 3236 2906 3283 et
2961 3229 3124 3285 modo
3164 3227 3440 3300 Rogcrius
3469 3230 3536 3282 de
3560 3226 3774 3282 Laterito:

2224 3317 2461 3375 invasam
2502 3319 2722 3384 retinet,
2751 3327 2811 3374 ut
2837 3319 2994 3386 dicit,
3022 3328 3202 3375 vestra
3235 3319 3565 3376 auctoritate
3600 3320 3775 3388 absque

2223 3411 2329 3466 ulla
2350 3410 2580 3480 jnstitia.
2623 3413 2700 3467 De
2752 3413 2840 3468 his
2908 3427 3041 3485 ergo
3067 3421 3124 3469 ct
3185 3412 3308 3469 aliis
3346 3413 3557 3479 multis,
3594 3426 3683 3484 ego
3724 3420 3768 3464 et

2222 3502 2391 3557 vestri
2419 3502 2775 3574 prmvendarii
2798 3502 3039 3572 quotidie
3075 3501 3365 3573 afﬂigimur
3394 3512 3454 3557 et
3500 3503 3768 3572 ploramus;

2224 3592 2356 3657 imo,
2389 3593 2512 3661 quia
2540 3591 2759 3646 servitia
2788 3591 2881 3645 Dei
2913 3589 3138 3662 pacificc
3170 3591 3469 3661 adimplere
3501 3591 3764 3659 nequimus,

2223 3684 2328 3739 ista
2361 3684 2575 3738 tandem
2612 3682 2950 3753 querimonia
2993 3681 3195 3738 resolvi
3243 3691 3502 3752 optamus
3547 3697 3578 3735 a
3624 3687 3768 3734 vestr:

2224 3772 2527 3829 clementia.

2295 3863 2433 3919 IIinc
2469 3863 2668 3931 valeas,
2699 3866 2903 3936 vigeas,
2928 3863 3053 3920 felix
3078 3880 3191 3936 ;per
3216 3866 3414 3922 saxcula
3455 3868 3626 3922 vivas.

2226 4283 2486 4354 tribucre,
2527 4298 2692 4353 quam
2726 4282 2800 4338 illi
2859 4283 2950 4354 qni
2994 4292 3163 4338 totum
3226 4282 3374 4354 quod
3430 4282 3624 4354 habeo
3666 4277 3769 4354 mihi
3868 4277 3869 4347 ξ

609 4338 877 4429 abbnt'iqrn
928 4344 983 4398 S.
1012 4338 1207 4427 "Burria
1261 4345 1661 4408 Blanaiacensis
1701 4351 1864 4403 donat
1928 4338 2116 4404 mona-
2143 4368 2198 4429 ι)
2227 4338 2726 4429 tradiditH'gr'atuita
2765 4338 2901 4429 sua'_
2923 4354 3187 4429 bonitatet
3222 4338 3566 4429 liam,_sicut
3598 4350 3769 4429 in
3868 4344 3869 4375 ξ

608 4415 770 4467 sterio
802 4411 1182 4468 Fiscamneusi.

606 4481 665 4537 In
721 4482 941 4555 nomine
993 4492 1194 4538 saneta:
1219 4493 1275 4541 et
1305 4485 1595 4542 individua:
1632 4485 1942 4544 Trinitatis.
1986 4487 2100 4555 Ego

538 4550 822 4625 Rogvrius,
854 4567 1038 4608 comes
1093 4555 1159 4609 de
1202 4566 1386 4611 castro
1416 4558 1558 4625 quod
1605 4558 1808 4612 dicitur
1833 4558 1893 4613 S.
1938 4550 2118 4625 Pauli,

538 4638 663 4695 cum
683 4623 911 4695 conjuge
939 4638 1055 4695 mea
1083 4638 1204 4695 quae
1233 4623 1457 4681 vocatur
1480 4626 1706 4689 Haduis,
1729 4636 1785 4681 et
1806 4627 1929 4682 ﬁliis
1958 4623 2116 4694 meis,

537 4692 785 4747 Manasse
824 4692 1076 4748 videlicet
1101 4692 1175 4750 'et
1229 4696 1515 4763 Rothcrto,
1574 4706 1762 4753 notum
1821 4697 1940 4754 ﬁeri
1996 4692 2118 4755 volo

537 4763 1060 4838 tam_pr.esentibus
1110 4781 1278 4838 quam
1331 4767 1549 4835 futuris,
1600 4768 1799 4823 donum
1845 4768 2118 4838 quoddam

537 4830 684 4900 quod
708 4830 826 4901 ’pro
858 4830 1230 4909 redemptione
1268 4839 1463 4892 animae
1504 4830 1638 4909 mea:
1677 4847 1732 4892 et
1755 4830 2122 4909 praedecesso-

541 4916 663 4955 rum
693 4915 959 4977 meorum,
985 4905 1234 4977 conjugis
1256 4922 1473 4977 quoque
1501 4918 1557 4964 et
1585 4905 1820 4963 filiorum
1850 4923 2119 4971 meorum,

540 4972 784 5025 concedo
810 4983 1011 5029 sancta:
1031 4972 1397 5032 et'in'divi'luaé
1451 4977 1706 5033 Trinitati
1761 4979 1907 5035 trino
1941 4986 1995 5032 et
2026 4979 2120 5034 uni

539 5038 675 5126 Deo,
703 5042 827 5094 vivo
858 5052 914 5095 et
944 5058 1098 5126 vero,
1119 5047 1270 5126 .apud
1311 5048 1701 5126 monasterium
1739 5047 2122 5126 quod_dic_itur

538 5110 862 5144 p=cnnrnnuc
951 5110 1224 5144 ﬂ‘l'1hI:I\-m
1278 5117 1522 5144 ονῖιιηιῖιιλο
1561 5117 1594 5144 Ω
1664 5110 1839 5144 ηηξιο...
1893 5118 1945 5144 ξ...
1997 5116 2118 5144 In-“

2224 4423 2517 4499 _I£van_gelio
2548 4424 2762 4499 clamat_
2810 4423 2955 4499 quia
2980 4423 3230 4499 laudavit
3248 4423 3519 4499 Dominus
3564 4422 3767 4499 villicum

2223 4493 2550 4563 iniquitatis,
2621 4492 2763 4565 quod
2808 4494 3120 4616 gaudenter
3168 4493 3271 4547 sihi
3334 4493 3697 4562 prospexisset
3727 4492 3767 4540 in

2223 4561 2462 4616 futurum
2488 4562 2641 4616 (an.
2669 4579 2782 4616 xvr.
2846 4566 2863 4616 i
2890 4579 2905 4616 :
2937 4573 2992 4616 et
3022 4563 3149 4616 illud
3175 4579 3189 4616 :
3217 4562 3353 4616 Date
3400 4563 3767 4616 demersam.

2221 4561 2462 4617 futurum
2488 4561 2782 4633 (anfxvr,
2808 4561 2863 4634 8)
2890 4579 2905 4629 ;
2937 4573 2992 4617 et
3022 4563 3149 4618 illud
3175 4579 3189 4617 :
3217 4561 3353 4634 om
3400 4561 3767 4634 elemosynam.

2222 4644 2267 4688 et
2291 4649 2406 4687 ecce
2433 4632 2610 4688 omnia
2653 4632 2853 4687 mundo
2879 4643 2999 4688 sunt
3022 4634 3169 4688 vobis
3198 4632 3355 4699 (Luc.
3396 4649 3477 4696 ιι,
3505 4633 3596 4701 AI)
3620 4642 3769 4701 {PT}?
3868 4632 3869 4679 θ

2223 4711 2447 4757 vocatus
2488 4703 2574 4759 his
2599 4711 2656 4758 et
2682 4703 2803 4758 aliis
2826 4703 3126 4758 Dominicis
3147 4698 3615 4758 admonitionibus
3636 4698 3765 4759 facio,
3868 4700 3869 4761 Τ

2222 4781 2282 4847 ut
2336 4772 2584 4847 praedixi,
2637 4773 2842 4829 amicos
2898 4772 3315 4847 Fiscanrncuses
3373 4771 3668 4847 monachos
3721 4768 3772 4847 de
3868 4818 3869 4821 η

2223 4843 2546 4897 Inereditate
2590 4857 2732 4907 mea,
2765 4853 2842 4910 ut,
2875 4859 2999 4899 cum
3031 4843 3302 4908 defecere,
3333 4843 3607 4913 recipiant
3632 4843 3771 4913 mela

2223 4921 2430 4984 aeterna
2494 4904 3081 4984 tabernacula._iiiujus
3126 4914 3202 4984 rei
3245 4904 3416 4984 testes
3452 4904 3669 4984 'surnus,
3701 4904 3773 4960 Ri-

2225 4981 2464 5053 e_hardus
2500 4983 2817 5053 canonicus,
2861 4980 3122 5053 Warinus
3155 4982 3460 5053 Trepellus,
3516 4980 3774 5053 Guimems
3868 5000 3869 5053 ξ

2227 5046 2830 5144 9ῑ9.ε.ξιέεμὲῐῑινὲϋιί
2895 5052 3215 5144 seselis,
3233 5046 3772 5144 -:§.°:‘.‘_"d'.'.s..-'.‘.‘i'§i'
