3940 5382
106 239 190 295 ιη

575 226 863 285 APPEND.
902 224 991 282 AD
1028 220 1216 281 JOA‘N.
1253 213 1569 277 FISCAMN.
1601 245 1669 255 -—
1698 209 2025 269 COLLECT.
2073 206 2161 261 DE
2199 194 2411 258 VERBL
2440 195 2814 255 SENIOllIIM.

3214 188 3323 248 678

113 408 3322 491 ________________________..._______——————

451 550 1043 711 APPENDIX
1147 545 1305 696 ΑΙ)
1412 536 1687 694 MAN

1790 530 1949 683 ut
2062 516 2949 740 llSﬂAllNENSEM

783 821 1324 911 PIUEFATIO
1394 809 1834 895 JOANNIS
1920 800 2370 883 IIOMINIS
2432 793 2602 874 DEI

529 1029 605 1092 In
635 1044 809 1087 suam
839 1021 910 1083 de
936 1018 1141 1082 verbis
1174 991 1491 1076 senioer
1523 1004 1965 1071 Collectionem
2002 997 2084 1060 ad
2102 996 2393 1077 juniores
2422 989 2878 1073 informandus.

1050 1160 1053 1163 I
1133 1178 1223 1252 (D.
1262 1164 1527 1227 lintrem:
1554 1167 1810 1221 Thcsaur.
1833 1161 2026 1216 Anecd.
2064 1158 2119 1225 1,
2165 1155 2313 1225 165.)

1453 1318 1903 1347 .Μ,

119 1520 162 1561 IX
207 1516 400 1558 (ςπκιετι
448 1509 648 1552 δοκιδε
714 1503 982 1547 INCIPIUN‘I'
1031 1492 1425 1541 οοιιεοτῖοκεε
1464 1488 1655 1529 PATRIS

174 1557 395 1633 IDANNIS,
453 1576 806 1624 COGNOIENTO
870 1571 1087 1615 ﬂOIlNIS
1151 1567 1275 1614 DEI.
1341 1564 1407 1602 DE
1469 1557 1658 1599 VERBIS

176 1655 435 1699 δεισιοιιυιι.

178 1755 412 1810 llortatur
462 1748 683 1820 quidem
736 1742 977 1799 timidam
1019 1736 1216 1794 mentis
1263 1747 1397 1789 mea:
1435 1732 1658 1798 impert-

128 1845 232 1899 tiam
264 1858 417 1914 quam
446 1852 591 1909 smpe
627 1837 864 1891 fraterna
891 1830 1150 1891 charitas,
1180 1834 1239 1880 ut
1266 1825 1334 1878 de
1371 1822 1497 1876 vita:
1547 1831 1661 1871 mo-

130 1908 319 2004 rumque
343 1930 700 1988 instructione
715 1925 954 1981 breviter
975 1921 1121 1990 loqui
1144 1917 1368 1973 debeam
1389 1931 1404 1979 ;
1429 1911 1521 1968 sed
1536 1908 1661 1978 quia

130 2037 305 2099 tempus
340 2036 418 2080 est
458 2033 537 2091 ut,
578 2022 694 2092 ipso
734 2018 823 2089 qui
851 2014 1137 2086 inspiravit
1173 2009 1499 2081 opitulante,
1556 2004 1663 2059 hoc

132 2132 240 2186 Opus
260 2114 553 2186 aggrediar,
576 2107 947 2165 necessarium
977 2102 1105 2159 duxi
1133 2099 1415 2157 exordium
1447 2108 1665 2150 sumere

133 2184 186 2262 ab
221 2184 307 2260 illa
326 2184 595 2258 laudabili
650 2200 850 2255 virtute
885 2211 1006 2266 qua:
1053 2193 1253 2249 dicitur
1288 2184 1662 2248 Vcrecuudia;

136 2315 230 2368 qua:
249 2313 359 2354 cum
403 2296 473 2352 sit
508 2294 763 2351 omnibus
784 2290 1056 2352 :etatibus,
1099 2284 1368 2357 personis,
1406 2278 1668 2350 tempori-

136 2391 217 2447 bus
243 2399 292 2446 et
323 2389 451 2445 locis
499 2396 652 2458 apta,
705 2393 883 2438 tamen
920 2380 1293 2436 adolescentes
1325 2370 1670 2444 etjuveuiles

137 2484 313 2537 animos
337 2481 571 2535 maxime
598 2479 776 2533 decet.
809 2475 944 2530 Tres
968 2486 1099 2528 vero
1138 2470 1370 2523 virtutes
1397 2456 1670 2532 suntquae

138 2572 287 2643 pueris
339 2582 393 2630 et
432 2568 870 2626 adolescentibus
920 2562 1096 2635 magis
1137 2565 1487 2631 congruunt:
1518 2568 1673 2609 vere-

141 2666 323 2730 cundia,
352 2663 691 2720 taciturnitas
729 2667 786 2715 et
833 2654 1163 2712 obedientia.
1209 2649 1327 2705 Non
1364 2655 1449 2703 est
1490 2653 1670 2699 autem

1684 1432 1878 1498 Aqute
1943 1434 2141 1479 tenera:
2199 1416 2346 1472 mtati
2420 1432 2609 1470 eorum
2671 1412 2979 1484 specialiter
3054 1411 3337 1469 vidcantur

1761 1514 2064 1573 consulere.
2091 1511 2187 1565 Est
2215 1509 2358 1563 enim
2386 1507 2541 1571 mihi,
2580 1505 2770 1567 fateor,
2807 1503 3026 1557 tristitia
3062 1518 3252 1572 magna
3283 1512 3338 1557 ct

1760 1605 2053 1664 continuus
2078 1600 2233 1655 dolor
2262 1612 2422 1666 super
2451 1594 2696 1650 caecitate
2725 1593 2904 1647 cordis
2930 1606 3117 1647 eorum
3149 1608 3161 1644 :
3190 1591 3335 1660 quia,

1763 1712 1886 1752 cum
1922 1690 2210 1748 didicerint
2245 1689 2298 1742 in
2334 1685 2521 1741 schola
2548 1682 2747 1739 Christi
2779 1682 3010 1751 qualiter
3032 1679 3261 1735 debeant
3288 1687 3341 1733 et

1764 1785 1892 1839 vitia
1920 1778 2261 1852 propulsare,
2288 1784 2343 1830 et
2364 1774 2567 1830 sanctis
2590 1772 2883 1826 virtutibus
2910 1770 3188 1833 insudare,
3206 1768 3338 1823 heu!

1765 1871 2072 1929 rebellionis
2102 1868 2304 1940 spiritu
2327 1864 2540 1927 armati,
2576 1875 2684 1931 tam
2724 1862 2995 1933 praecipiti,
3016 1861 3216 1930 impetu
3248 1874 3344 1929 per

1766 1967 1993 2036 abrupta
2018 1962 2274 2018 vitiorum
2297 1966 2523 2014 currunt
2545 1957 2611 2010 ad
2638 1964 2889 2018 mortem,
2920 1961 2980 2007 ut
3015 1967 3108 2006 eos
3156 1951 3345 2022 auriga

1766 2060 2065 2132 prmsidens
2120 2055 2273 2111 nullo
2323 2052 2478 2108 freno
2529 2049 2827 2120 disciplimc
2863 2047 3042 2101 valeat
3070 2045 3344 2100 cohibere.

1770 2154 2043 2209 Deberent
2099 2149 2285 2217 utique
2344 2146 2395 2201 in
2455 2145 2616 2199 domo
2666 2142 2757 2196 Dei
2806 2141 2872 2195 ad
2922 2139 3126 2194 cultum
3179 2136 3347 2191 divini

1769 2240 1993 2299 honoris
2016 2252 2181 2307 super
2203 2249 2419 2290 onmem
2454 2239 2704 2286 ornatum
2739 2239 2991 2297 tanquam
3030 2240 3155 2281 vasa
3185 2241 3347 2279 aurea

1775 2334 2063 2405 refulgere.
2114 2330 2225 2386 Cur
2281 2336 2461 2382 autem
2509 2326 2576 2381 ah
2626 2323 2761 2388 ipsis
2813 2321 3003 2391 primis
3029 2317 3350 2373 rudimentis

1774 2423 2015 2480 infantia:
2067 2418 2278 2476 educati
2325 2427 2451 2472 sunt
2503 2423 2650 2469 tanta
2681 2428 2812 2468 cura
2846 2419 3105 2479 tantoque
3134 2407 3346 2475 labore,

1774 2513 1875 2569 nisi
1925 2521 1986 2566 ut
2040 2509 2209 2564 fortes
2258 2507 2311 2560 in
2358 2504 2502 2559 bello
2539 2503 2664 2557 facti
2698 2508 2886 2555 contra
2915 2512 3134 2553 carnem
3157 2505 3214 2551 et
3234 2493 3355 2563 ejus

1775 2602 2067 2665 desideria,
2091 2605 2282 2654 contra
2311 2593 2580 2651 diabolum
2608 2599 2663 2647 et
2700 2588 2817 2658 ejus
2854 2585 3169 2655 multiplicia
3229 2592 3352 2639 ten-

1777 2698 2017 2745 tameuta
2045 2687 2278 2743 viriliter
2310 2689 2546 2755 pugnent
2572 2681 2596 2735 ?
2619 2679 2747 2744 Sed,
2785 2676 2927 2747 quod
2974 2672 3352 2729 admirandum

142 2761 347 2824 dubium,
392 2758 436 2814 si
492 2758 597 2813 has
661 2754 915 2810 studeant
968 2748 1191 2809 habere,
1253 2743 1385 2810 (tuin
1431 2743 1670 2806 possent.
2312 2743 2328 2755 '
2386 2743 2414 2751 "
2573 2770 2585 2782 .
2736 2743 2739 2744 '
2804 2743 2815 2747 ·
3028 2764 3040 2775 .
3236 2763 3247 2773 .

587 2848 595 2850 .
700 2844 713 2850 _
990 2841 1011 2850 _
1077 2837 1110 2850 A.
1409 2830 1672 2850 _,_,__,__m
1706 2790 1861 2850 Best.
1902 2790 1957 2835 ct
2006 2777 2318 2838 dolendum,
2367 2773 2488 2842 plus
2538 2785 2618 2825 eis
2652 2783 2813 2838 quam
2859 2774 3074 2820 creterts
3100 2776 3281 2834 gravns
3300 2769 3359 2815 et

143 2849 325 2906 Christo
345 2850 495 2914 duce,
529 2848 600 2909 ad
629 2844 840 2901 culmen
886 2837 1385 2912 perfectionemque
1408 2830 1674 2883 virtutum

147 2926 422 2997 ascendere.
462 2940 675 2996 Merum
699 2936 843 2992 enim
875 2931 1107 3001 insignia
1142 2936 1199 2983 et
1227 2930 1547 2980 ornamenta
1569 2918 1679 2972 vir-

148 3043 288 3089 tutum
324 3035 375 3090 iu
412 3034 515 3090 illis
546 3029 735 3104 procul
783 3027 947 3083 dubio
987 3022 1263 3079 cernimus
1305 3016 1536 3085 senibus
1563 3009 1678 3080 qui,

148 3128 323 3200 abipso
353 3102 603 3183 tirocinio
637 3123 910 3191 primmvae
947 3116 1126 3171 aetatis
1160 3124 1333 3181 usque
1391 3107 1457 3161 ad
1506 3102 1681 3173 perfe-

149 3196 267 3275 ctum
314 3220 486 3273 virum
542 3214 843 3284 disciplinis
869 3206 1193 3278 caelestibus
1250 3196 1555 3260 exercitati,
1589 3208 1683 3262 per

148 3311 265 3364 viam
305 3310 505 3366 Domini
530 3307 752 3362 fontiter
801 3306 1181 3359 cucurrerunt.
1212 3293 1450 3362 Quorum
1477 3286 1686 3343 scilicet

152 3403 375 3474 sapientia
395 3402 505 3474 jam
558 3409 768 3455 tantum
795 3397 943 3467 viget
979 3401 1035 3448 et
1063 3392 1227 3452 lucet,
1283 3391 1545 3457 quantum
1599 3393 1686 3433 se-

154 3506 311 3551 nectus
361 3497 470 3567 ipsa
523 3501 688 3549 aetate
740 3490 800 3545 lit
861 3487 1096 3550 doctior,
1147 3498 1248 3539 usu
1303 3478 1501 3540 tritior,
1561 3487 1688 3542 pro-

153 3601 279 3642 cessu
340 3585 596 3658 temporis
651 3579 988 3653 prudentior.
1037 3575 1164 3631 llaec
1206 3580 1389 3626 autem
1440 3573 1685 3620 veterum

156 3676 415 3732 studiorum
441 3652 786 3731 dulcissimos
812 3668 1023 3725 fructus
1064 3664 1197 3727 edit,
1245 3670 1301 3717 et
1331 3657 1464 3713 alios
1488 3652 1686 3709 reficit.

159 3769 528 3840 llulti‘namque
557 3781 714 3823 senes
742 3763 834 3819 diu
864 3762 1108 3816 viventes
1128 3766 1184 3813 et
1220 3753 1356 3810 nihil
1399 3746 1691 3822 proﬁcien-

161 3868 243 3925 tes,
283 3836 397 3930 quia
435 3836 612 3915 nullas
656 3855 758 3911 sibi
783 3855 835 3910 in
866 3859 1171 3921 opportuno
1210 3853 1451 3915 tempore
1475 3836 1693 3893 divitias

162 3959 537 4021 congregat-unt,
578 3949 770 4018 in0pes
794 3942 1037 4001 omnium
1072 3938 1330 3992 virtutum
1369 3931 1580 3986 animos
1608 3926 1694 3995 ju-

165 4044 344 4099 uiorum
375 4059 494 4101 cum
520 4043 604 4099 eis
634 4038 932 4095 viventium
962 4031 1207 4104 reprobat
1244 4029 1369 4084 vita:
1397 4024 1588 4080 morbo
1614 4020 1696 4074 in-

165 4134 342 4189 ficiunt.
379 4135 532 4190 Sicut
567 4132 710 4187 enim
742 4144 841 4200 per
879 4139 1064 4182 senem
1103 4122 1359 4177 vitiosum
1380 4126 1437 4174 et
1465 4118 1694 4177 fatuum,

169 4226 298 4282 itaet
325 4243 415 4298 per
442 4226 841 4283 adolescentem
892 4216 1315 4275 inverecuudum
1367 4220 1423 4267 et
1468 4220 1701 4265 temera-

173 4318 286 4372 riunt
313 4319 491 4390 religio
514 4325 701 4374 sancta
727 4312 1044 4370 destruitur.
1078 4308 1205 4363 Post
1228 4307 1478 4361 indoctos
1508 4298 1703 4355 malos-

173 4422 261 4475 que
286 4411 530 4480 prazlatos
552 4410 605 4464 in
631 4414 819 4463 sancta
845 4401 1087 4459 Ecclesia
1130 4398 1275 4454 nulla
1313 4395 1481 4468 pestis
1506 4392 1572 4447 ad
1601 4405 1703 4445 no-

175 4502 369 4557 cendum
397 4502 626 4557 infirmis
646 4498 912 4554 valentior
932 4494 1231 4550 invenitur.
1257 4490 1499 4558 Denique
1521 4484 1703 4541 talium

179 4590 417 4649 hominum
460 4608 628 4663 genus
667 4593 768 4646 ista
802 4592 869 4645 de
905 4588 1101 4657 quibus
1141 4582 1431 4655 Apestolus
1460 4578 1709 4651 przcdixit

183 4692 410 4755 tempora,
446 4689 579 4758 proh
604 4683 788 4742 dolori
831 4684 948 4739 sine
998 4694 1227 4735 numero
1259 4677 1460 4741 ferunt,
1495 4670 1711 4744 quando

180 4782 331 4836 oiuuia
354 4784 516 4838 ferme
552 4798 673 4852 qua:
713 4780 853 4835 bona
888 4784 1015 4834 sunt
1054 4771 1391 4846 pessumdari
1429 4765 1716 4826 confundi-

192 4882 278 4935 que
308 4872 568 4938 videmus;
596 4879 654 4927 et
685 4870 942 4940 quoniam
989 4878 1148 4921 senes
1186 4863 1240 4918 in
1283 4862 1479 4918 melius
1517 4855 1715 4913 mutari

189 4960 244 5013 ab
277 4961 355 5015 illa
402 4963 585 5019 inolita
623 4962 877 5017 vitiorum
921 4955 1318 5014 consuetudine
1341 4950 1715 5010 difﬁcillimum

191 5059 275 5115 est,
294 5053 536 5109 debemus
563 5052 995 5109 adolescentibus
1019 5030 1239 5102 manum
1264 5042 1599 5118 porrigere;
1624 5038 1716 5110 qui

194 5139 229 5191 si
254 5142 367 5198 dare
391 5157 600 5214 operam
630 5140 995 5209 volunt,omui
1029 5138 1250 5208 depulso
1275 5150 1479 5209 tepore,
1496 5139 1722 5205 possunt

195 5231 350 5301 "lique
374 5251 463 5305 per
492 5236 719 5308 gratiam
755 5232 956 5291 Christi
991 5229 1156 5283 vitam
1205 5231 1501 5302 corrigere,
1543 5238 1723 5281 mores

194 5330 506 5382 imponere.
539 5334 800 5382 actusque
836 5337 971 5382 suos
1029 5320 1080 5374 iu
1121 5321 1374 5377 omnibus
1409 5316 1725 5372 meliorare.

1781 2879 1999 2925 austera
2037 2867 2252 2921 videtur
2295 2860 2589 2930 disciplina:
2638 2855 2841 2927 regula.
2870 2854 3055 2921 Quare
3084 2852 3224 2906 hoc?
3252 2851 3358 2905 nisi

1780 2963 1906 3033 quia
1959 2957 2274 3015 saecularem
2328 2956 2501 3022 magis
2556 2949 2787 3018 diligunt
2853 2946 3040 3000 vitam.
3085 2944 3245 2998 Certe
3273 2941 3360 2996 vel

1781 3032 1961 3106 nullus
2012 3046 2092 3100 vel
2136 3059 2294 3100 rarus
2342 3043 2488 3097 inter
2535 3053 2630 3093 eos
2658 3035 2952 3099 invenitur,
2982 3033 3074 3102 qui
3130 3032 3363 3085 libenter

1783 3148 2042 3212 sequatur
2067 3135 2246 3191 Patris
2269 3125 2944 3195 institutum,etmajorum
2959 3123 3124 3177 vitam
3148 3121 3359 3190 diligat,

1783 3239 1876 3285 aut
1898 3228 2023 3298 quia
2049 3224 2349 3280 laboriosus
2362 3222 2603 3277 deterret
2622 3227 2793 3279 actus,
2817 3223 2909 3270 aut
2930 3213 3055 3284 quia
3075 3214 3127 3267 in
3156 3212 3363 3267 lubrica

1785 3331 1949 3377 astate
1979 3317 2248 3375 dillicilior
2272 3322 2357 3369 est
2375 3309 2724 3371 abstinentia,
2749 3316 2843 3361 aut
2862 3305 2987 3376 quia
3030 3303 3194 3357 alacri
3237 3302 3366 3356 ado-

1786 3410 2062 3465 lescentia:
2094 3406 2307 3460 videtur
2332 3402 2441 3456 vita
2466 3397 2772 3460 obscurior,
2803 3405 2858 3449 ct
2879 3393 3001 3448 ideo
3036 3392 3104 3445 ad
3143 3406 3207 3445 ea
3237 3403 3370 3444 con-

1788 3508 2078 3554 vertuntur
2132 3495 2309 3552 studia
2367 3508 2488 3562 qua:
2560 3486 2929 3560 plausibiliora
3009 3482 3365 3537 arbitrantur.

1789 3588 2085 3645 Prassentia
2143 3584 2340 3654 quippe
2387 3582 2569 3652 plures
2606 3592 2771 3648 quam
2822 3575 2998 3630 futura
3033 3571 3365 3642 praeferunt;

1791 3681 1932 3736 unde
1986 3692 2093 3748 quo
2144 3673 2490 3745 praestantior
2534 3684 2720 3731 causa,
2780 3682 2846 3722 eo
2901 3664 3062 3721 debet
3097 3676 3217 3716 esse
3238 3675 3370 3713 cura
3422 3698 3425 3701 λ

1793 3770 2067 3827 attentior.
2111 3764 2299 3821 lufclix
2353 3762 2446 3831 qui
2487 3758 2837 3831 legem'vitae
2881 3764 3047 3819 tenet,
3075 3752 3373 3820 disciplina:

1795 3860 2002 3931 abiicit,
2054 3868 2109 3914 et
2157 3856 2423 3924 majorum
2460 3849 2746 3923 gubernari
2795 3846 3108 3916 magisterio
3153 3842 3369 3910 refugit.

1796 3954 1902 4010 lstc
1942 3966 2075 4007 vero
2123 3962 2229 4003 non
2277 3942 2570 4000 secundum
2625 3941 2818 4004 Deum,
2875 3937 2969 3991 scd
2993 3936 3287 3989 secundum
3314 3945 3374 3985 se

1798 4045 1932 4102 vivit
1959 4062 1972 4098 :
1999 4040 2159 4113 quisi
2190 4036 2449 4111 potuerit,
2485 4043 2569 4091 est
2597 4048 2716 4089 cum
2768 4029 2963 4099 quibus
3008 4026 3143 4093 vult,
3199 4025 3377 4094 pergit

1801 4153 1909 4210 quo
1938 4135 2073 4201 vult,
2097 4132 2299 4188 dormit
2333 4125 2550 4197 quando
2585 4134 2642 4180 et
2669 4120 2907 4193 quandiu
2951 4118 3086 4183 vult,
3139 4115 3379 4185 loquitur

1806 4208 1928 4300 qua:
1955 4224 2089 4291 vult,
2111 4232 2168 4278 et.
2200 4221 2291 4277 ubi
2323 4217 2456 4283 vult,
2488 4215 2783 4271 manducat
2820 4219 2876 4266 et
2911 4210 3050 4265 bibit
3067 4208 3283 4277 quando
3322 4212 3382 4259 et

1804 4296 1947 4394 quod
1996 4320 2128 4384 vult,
2183 4322 2240 4371 et
2279 4319 2539 4382 quantum
2572 4307 2708 4371 vult,
2738 4305 2878 4360 rijet
2912 4312 2967 4356 et
3004 4296 3383 4367 jocaturiuter

1805 4387 2101 4486 quos'vult,
2127 4416 2183 4463 et
2205 4407 2296 4462 uhi
2319 4412 2375 4460 et
2399 4401 2615 4473 quando
2646 4397 2789 4459 vult;
2814 4403 3091 4465 postremo
3122 4387 3383 4460 quidquid

1807 4476 2032 4560 naribus
2055 4513 2222 4556 suave
2243 4504 2347 4559 est,
2385 4490 2648 4563 quidquid
2692 4487 2859 4542 tactui
2894 4483 3175 4546 blandum,
3231 4476 3384 4547 quid-

1788 4592 1942 4666 .quid
1971 4589 2140 4646 oculis
2181 4582 2524 4648 delectabile,
2577 4577 2839 4648 quidquid
2881 4571 3094 4628 caeteris
3137 4568 3389 4624 sensibus

1813 4659 1996 4742 carnis
2022 4694 2133 4737 suae
2151 4675 2452 4745 jucundum
2474 4676 2688 4726 exercet
2721 4681 2785 4721 ac
2810 4661 3072 4731 sequitur.
3097 4659 3191 4715 llle
3211 4666 3389 4712 autem

1813 4771 1905 4843 qui
1930 4765 2227 4824 secundum
2263 4764 2431 4817 Deum
2458 4758 2611 4822 vivit,
2637 4771 2743 4810 non
2778 4752 2921 4823 quod
2945 4763 3070 4803 cum
3097 4745 3395 4803 carnaliter

1818 4831 2071 4919 delectat,
2094 4854 2188 4911 sed
2215 4853 2356 4924 quod
2388 4846 2743 4929 spiritualiter
2756 4841 2991 4900 aediﬁcat
3007 4836 3162 4904 facit;
3179 4845 3233 4893 et
3245 4831 3398 4903 quid-

1818 4950 1949 5023 quid
1965 4945 2364 5016 cupitautagit,
2384 4924 2487 4996 non
2508 4938 2625 4995 vult
2647 4953 2720 4994 ex
2748 4951 2868 5000 sua,
2886 4931 2983 4987 sed
3009 4943 3078 4983 ex
3100 4927 3199 4985 Dei
3224 4924 3404 4981 volun-

1824 5052 1935 5098 tate
2006 5013 2385 5107 maiorumque
2456 5044 2680 5095 suorum
2754 5022 3001 5100 iussione
3081 5013 3404 5087 procedere.

1821 5132 1992 5189 Nemo
2019 5104 2200 5183 tamen
2230 5104 2437 5198 positus
2456 5118 2542 5174 vel
2572 5119 2627 5173 in
2678 5109 3060 5176 adolescentia:
3087 5106 3178 5159 vel
3217 5104 3412 5158 intem-

1824 5220 2087 5298 perantia:
2143 5217 2372 5279 lubrico,
2435 5211 2504 5266 de
2560 5210 2644 5263 sui
2721 5199 3079 5266 conversione
3139 5189 3411 5298 desperet.

1826 5273 2075 5372 Dleaster
2109 5306 2253 5360 enim
2283 5304 2440 5359 oliva:
2492 5299 2752 5362 insertus,
2800 5290 2997 5348 amissa
3026 5273 3417 5369 amaritudine,
