3940 5382
609 284 723 343 483

1294 281 1580 338 APPEND.
1621 281 1711 336 AD
1747 279 1935 335 JOAN.
1979 277 2291 336 FISCAMN.
2322 279 2750 337 --CATALOG.
2794 279 2942 334 ΑΒΒ.
2983 280 3153 336 FISC.
3750 278 3832 333 484

609 413 704 453 cos
750 397 1103 463 Parisienses,
1148 404 1205 451 ct
1239 396 1392 451 multi
1421 394 1687 451 submersi
1738 392 1954 448 fuerunt
1989 394 2042 447 in
2077 392 2175 448 Se-
2204 396 2251 455 Α
2351 392 2514 447 1239.
2579 391 2728 448 Obiit
2776 392 3037 449 Henricus
3066 392 3132 447 de
3157 390 3353 471 Br‘ua,
3397 388 3829 461 archiepiscopis

650 504 810 544 uana.
1198 526 1201 531 λ

610 504 839 632 ςυῗὲἓί).
871 575 1038 632 Facta
1060 573 1435 631 estdiscordia
1460 573 1600 628 inter
1636 587 1817 643 regem
1845 571 2092 628 Francia:
2118 581 2177 628 et

610 664 854 733 Petrum,
901 667 1151 723 comitem
1186 666 1499 727 Britanniae.
1538 675 1595 720 et
1629 665 1729 721 l'uit
1781 680 1873 720 rex
1910 681 2034 720 cum
2062 674 2178 722 tota

608 758 893 845 n’obilitate
945 754 1279 813 Francorum
1320 764 1376 811 et
1411 756 1819 821 Britannorum,
1869 764 1926 811 et
1957 755 2175 809 iterum

607 851 747 907 facta
770 860 853 907 est
881 866 983 923 pax
1015 852 1156 906 inter
1186 865 1369 921 regem
1407 859 1461 905 et
1487 850 1761 906 comitem.
1790 850 1992 905 Eodem
2033 864 2177 903 anno

605 940 746 997 facta
773 951 855 996 est
885 941 1158 998 discordia
1183 942 1329 996 inter
1351 941 1604 996 comitem
1625 939 1938 1007 Campania:
1959 950 2016 993 et
2048 938 2178 992 Plii-

603 1029 804 1100 lippum
828 1032 1083 1087 comitem
1124 1030 1377 1094 Boloniae,
1405 1037 1461 1083 et
1481 1028 1736 1084 comitem
1764 1027 2080 1093 Robertum,
2123 1036 2179 1082 et

604 1119 742 1175 alios
772 1120 981 1175 nobiles
1003 1120 1269 1185 Erancite,
1296 1120 1389 1189 qui
1420 1119 1751 1173 transierunt
1777 1117 2101 1183 Matronam,
2122 1126 2178 1174 et

603 1209 1019 1264 combusserunt
1052 1218 1193 1265 totas
1243 1210 1400 1264 villas
1456 1209 1525 1263 de
1579 1207 1876 1279 Sparnaco,
1902 1208 1970 1264 de
1997 1208 2178 1263 Virtu-

606 1299 748 1353 tibus
762 1308 817 1352 et
835 1301 899 1354 dc
918 1298 1182 1365 Sesanna,
1207 1309 1262 1355 et
1286 1300 1543 1370 fugarunt
1567 1299 1820 1353 comitem
1843 1298 2175 1367 Campaniae,

602 1397 659 1441 et
688 1389 740 1441 in
772 1389 950 1442 reditu
991 1390 1328 1444 obsederunt
1365 1397 1545 1445 castra
1604 1390 1767 1445 de....
1794 1397 1849 1444 et
1878 1389 1944 1443 de
1967 1388 2176 1455 Fimcs,

602 1486 658 1530 et
684 1485 942 1546 ceperunt
978 1492 1063 1543 ea,
1094 1487 1151 1533 et
1174 1492 1435 1534 succensa
1462 1487 1547 1534 est
1575 1479 1741 1534 turris
1772 1478 1840 1533 de
1860 1478 2067 1534 Fimes.

676 1567 835 1621 I255.
887 1567 1033 1622 Obiit
1078 1566 1381 1638 Philippus,
1409 1583 1592 1623 comes
1619 1568 1878 1632 Bolonize,
1908 1577 1963 1623 et
1993 1569 2045 1622 in
2088 1567 2176 1623 die

604 1656 1023 1726 quadragesimo
1037 1668 1156 1727 post
1182 1673 1363 1713 comes
1375 1658 1525 1714 Robe
1533 1669 1646 1714 rtus
1656 1700 1670 1724 ,
1683 1660 1932 1715 dominus
1958 1658 2171 1725 Braate,

605 1747 765 1809 obiit,
801 1757 858 1800 et
886 1747 1129 1801 succedit
1147 1746 1382 1803 Joannes
1405 1748 1549 1803 tilius
1571 1748 1707 1816 ejus.

675 1834 836 1890 1258.
891 1835 1085 1890 Comes
1133 1837 1471 1906 Campaniae,
1501 1853 1685 1893 comes
1715 1838 2032 1904 Britanniae,
2063 1837 2173 1892 dux

603 1922 948 1994 Burgundiaa,
971 1935 1029 1980 et
1051 1925 1143 1980 alii
1166 1925 1375 1982 nobiles
1390 1926 1633 1982 Francite
1652 1926 1831 1982 ierunt
1856 1927 1996 1981 ultra
2023 1942 2172 1981 mare

605 2022 792 2067 contra
818 2028 1079 2084 paganos,
1136 2024 1192 2069 et
1245 2016 1390 2086 capti
1431 2014 1653 2072 fuerunt
1680 2031 1866 2073 eomes
1895 2016 2074 2082 Barri,
2119 2025 2175 2073 et

604 2119 786 2159 comes
814 2103 1187 2162 Montisl‘ortis.

628 2304 922 2326 φατι-...οισι
952 2306 1095 2316 ...ς-

639 2315 642 2316 ⁷
686 2321 708 2326 -.
809 2326 813 2330 _
904 2324 915 2343 I
1105 2315 2208 2328 m—m
2231 2315 3547 2352 m”—-w
3581 2318 3619 2325 ω»

2278 483 2587 539 Bernensis.

2349 573 2504 627 I242.
2530 572 2693 628 Facta
2718 581 2804 630 est
2832 573 3098 630 discordia
3130 573 3270 629 inter
3298 586 3484 644 regem
3507 569 3762 627 Francia:
3786 578 3828 621 et

2276 662 2529 717 comitem
2557 664 2623 716 de
2651 662 2910 728 Marcbia,
2939 673 2996 718 et
3041 669 3137 717 rex
3166 661 3415 717 Franeite
3441 677 3571 716 cum
3608 661 3827 715 maxime

2278 752 2558 808 nobilitate
2602 753 2935 809 Francorum
2979 753 3076 809 ivit
3133 753 3187 807 in
3235 750 3561 816 Marchiam,
3612 759 3673 803 et
3710 751 3828 819 cepit

2276 844 2472 914 Oppida
2505 842 2693 911 multa,
2732 852 2789 899 et
2815 844 3011 899 iterum
3060 844 3202 898 facta
3233 851 3315 897 est
3342 857 3446 913 pax
3490 842 3640 896 inter
3670 856 3829 909 regem

2275 944 2330 989 et
2379 935 2655 989 comitem.
2711 934 2910 989 Eodem
2970 949 3114 989 anno
3175 933 3532 1005 desponsavit
3588 931 3829 996 Joannes,

2277 1040 2459 1080 eomes
2483 1025 2690 1088 Brante,
2717 1023 2879 1078 tiliam
2903 1022 3279 1080 Ercbembaldi
3315 1023 3384 1078 de
3405 1022 3710 1077 Borbonio.

2347 1115 2508 1170 1245.
2541 1116 2822 1171 Celebrata
2853 1124 2939 1171 est
2963 1125 3151 1170 sancta
3201 1115 3442 1188 synodus
3469 1112 3831 1181 Lugdunensis

2279 1219 2309 1259 a
2331 1204 2557 1259 Domino
2579 1203 2886 1258 Innocentio
2901 1218 3036 1277 papa
3060 1201 3144 1266 IV,
3171 1202 3225 1255 in
3253 1200 3487 1256 ecclesia
3511 1199 3572 1253 S.
3606 1197 3829 1269 Joannis,

2277 1306 2333 1350 et
2361 1295 2686 1352 Fredericus
2718 1304 2967 1350 cassatus
2990 1332 3007 1359 ,
3045 1300 3101 1347 et
3161 1307 3256 1347 rex
3298 1289 3553 1349 Francia:
3586 1302 3754 1344 cruce
3777 1289 3830 1340 si-

2277 1394 2491 1456 gnatus.

2351 1475 2504 1530 1246.
2558 1474 2903 1530 Translatum
2930 1480 3017 1528 est
3061 1487 3260 1543 corpus
3324 1469 3529 1541 sancti
3555 1467 3745 1523 Evodii
3789 1467 3829 1519 in

2275 1567 2608 1620 monasterio
2660 1565 2836 1619 Castri
2892 1563 3083 1618 Brame
3126 1579 3223 1633 per
3259 1560 3613 1618 venerabiles
3663 1558 3829 1613 Patres

2277 1655 2721 1713 Suessionensem
2756 1664 2811 1709 et
2846 1654 3260 1708 Laudunensem
3310 1651 3628 1722 episcopos,
3655 1664 3830 1718 procu-

2202 1718 2247 1779 Β
2277 1744 2647 1799 rantedomuo
2675 1743 2915 1799 Gerardo
2956 1743 3148 1797 abbate
3200 1741 3332 1796 dicti
3386 1740 3517 1804 loci,
3542 1739 3596 1792 in
3632 1752 3827 1806 capsam

2277 1852 2439 1906 quam
2483 1835 2609 1891 fecit
2636 1836 2777 1889 idem
2800 1833 3062 1889 Girardus
3088 1832 3229 1899 ﬁeri,
3271 1838 3491 1885 astante
3513 1827 3684 1899 plebis
3708 1826 3827 1880 ntul—

2281 1927 2511 1983 titudine
2539 1926 2779 1996 copiosa.

3368 2318 3547 2326 —-—.-——
3581 2318 3619 2325 ο..
3764 2313 3792 2346 '

3368 2334 3747 2346 ω

1035 2492 1708 2589 CATALOGUS
1771 2498 2320 2590 ABBATUM
2391 2500 3403 2593 FISCAMNENSIUM.

605 2694 692 2757 Ab
715 2712 875 2756 anno
925 2697 1178 2758 circiter
1229 2712 1365 2758 (era:
1411 2695 1780 2763 Christiana:
1840 2697 2163 2787 millesimo
2189 2740 2205 2769 ,
2246 2716 2323 2759 ea:
2351 2699 2657 2761 veteribus
2682 2698 2919 2762 schedia
2958 2701 3312 2781 exscriptus
3344 2709 3401 2761 et
3438 2699 3730 2763 deductu:
3753 2698 3823 2762 ad

878 2806 879 2809 η
1842 2784 2123 2837 nostram
2160 2795 2353 2857 usque
2383 2786 2643 2840 (etatem.
3104 2804 3107 2807 ·

1790 2941 2008 3013 (Luna.
2037 2940 2291 2999 Bibliotlt.
2323 2957 2423 2998 me.
2453 2942 2498 3010 l,
2533 2942 2685 3014 528.)

1982 3102 2376 3118 ﬂ

674 3187 715 3242 I.
747 3182 1059 3243 Willermus
1095 3186 1262 3242 abbas
1307 3185 1692 3243 monasterium
1741 3187 1884 3241 rexit
1925 3203 2026 3258 per
2066 3203 2167 3243 an-
2196 3199 2241 3260 ο,
2344 3189 2475 3246 Vill.
2499 3176 2969 3259 RicardusMorin,
2993 3192 3514 3265 apudPaluesnatus
3547 3197 3601 3251 in
3624 3193 3818 3251 ἀίωωεὶ

604 3296 703 3336 nos
739 3278 830 3344 29,
890 3278 945 3333 in
997 3279 1187 3335 eodem
1247 3279 1514 3350 sepultus,
1562 3278 1617 3334 in
1669 3277 1872 3349 capella
1901 3279 1959 3333 S.
1991 3277 2173 3334 Mariae

603 3367 954 3438 llagdalenzc.

674 3458 738 3513 ll.
769 3458 1005 3515 Joannes
1056 3456 1241 3530 Dalye,
1288 3457 1439 3513 Italia
1469 3459 1804 3530 progenitus,
1858 3458 2172 3532 Hierosoly-

603 3565 747 3604 mam
772 3548 1063 3620 profectus,
1088 3547 1271 3619 ibique
1308 3550 1399 3604 diu
1447 3549 1698 3605 detentus
1738 3551 1789 3604 in
1814 3565 2062 3618 carcere,
2105 3554 2173 3608 ad

603 3640 992 3694 monasterium
1045 3640 1222 3702 rediit,
1259 3639 1498 3708 obiitque
1526 3654 1671 3695 anno
1716 3639 1807 3708 51,
1840 3641 2087 3711 sepultus
2117 3644 2172 3699 in

602 3722 806 3798 capella
860 3727 922 3781 Β.
956 3725 1185 3781 Joannis
1214 3727 1489 3797 Baptistae.

672 3818 757 3873 ιιι.
809 3817 1129 3874 Willermus
1174 3817 1224 3871 la
1252 3817 1486 3884 Pucelle,
1534 3817 1850 3888 Bajoccnsis
1898 3821 2173 3887 dieecesis,

602 3907 915 3979 Bajoeensis
936 3908 1366 3974 archidiaconus,
1391 3918 1575 3980 postea
1593 3909 1812 3964 Cadomi
1847 3911 2173 3976 monachus,

605 4011 719 4056 tum
767 4000 937 4056 abbas
990 3998 1388 4056 Fiscamnensis
1424 3998 1685 4055 electione
1712 3999 1981 4056 Guillelmi
2012 4002 2172 4072 regis,

606 4083 897 4147 maximam
927 4091 1169 4147 ccclesi.e
1216 4101 1422 4159 partem
1474 4090 1764 4160 complevit
1790 4109 1803 4145 :
1833 4090 2049 4161 praefuit
2078 4108 2179 4147 an-

604 4185 690 4238 nis
724 4183 816 4247 29,
848 4183 1091 4251 sepuitus
1124 4181 1177 4234 in
1201 4181 1404 4251 capella
1430 4180 1493 4233 Β.
1536 4179 1721 4235 Maria:
1749 4181 2011 4251 Virginis.

675 4270 766 4324 Π.
796 4270 1078 4341 Rogerus,
1128 4269 1268 4339 apud
1313 4269 1602 4338 Argentias
1640 4278 1791 4324 ortus
1847 4271 1900 4324 in
1952 4269 2177 4327 (Ιίωοθεὶ

606 4360 907 4431 Bajocensi,
956 4360 1099 4413 rexit
1147 4373 1320 4413 annos
1361 4359 1426 4413 5|
1467 4360 1876 4426 monasterium,
1928 4361 1997 4416 de
2033 4377 2175 4432 prat-

609 4453 911 4507 decessoris
958 4452 1038 4507 sui
1071 4451 1317 4506 absentia
1353 4450 1672 4518 desolatam,
1716 4448 1962 4522 sepultus
1992 4452 2047 4508 in
2086 4469 2179 4509 ca-

610 4543 750 4614 pella
774 4542 831 4597 S.
856 4541 1092 4598 Martini.

681 4629 745 4685 ν.
790 4632 1053 4689 Henricus
1108 4634 1174 4689 de
1216 4632 1425 4705 Suilly,
1457 4646 1525 4689 ex
1553 4647 1742 4689 sorore
1792 4632 1934 4704 regis
1972 4633 2179 4706 Anglice

611 4721 829 4777 llenrici
880 4724 896 4778 Ι
940 4724 1284 4796 progenitus,
1336 4723 1590 4779 dominus
1634 4733 1691 4779 et
1737 4724 1913 4778 lueres
1958 4721 2060 4779 fuit
2111 4724 2180 4780 de

611 4812 837 4883 Suleyo‘:
873 4817 1102 4871 moritur
1123 4829 1267 4870 anno
1287 4828 1400 4871 sua:
1427 4814 1787 4870 ordinationis
1816 4814 1905 4880 49,
1938 4814 2178 4885 sepultus

612 4906 665 4958 in
691 4905 891 4971 capella
915 4907 973 4963 S.
999 4908 1171 4963 Petri.

682 4989 766 5043 Vl.
799 4992 1077 5064 Radull'us,
1129 5008 1283 5053 ortus
1328 4996 1470 5068 apud
1508 4996 1798 5067 Argentias
1845 4997 1902 5052 in
1952 4996 2177 5052 ditecesi

611 5079 915 5153 BaJ'ocensi,
931 5088 1276 5145 medietatem
1302 5091 1455 5145 navis
1465 5090 1734 5154 ecclesiae,
1753 5099 1809 5145 et
1830 5091 1968 5144 duas
2002 5099 2181 5144 turres

2276 3277 2685 3352 Rotomagensi,
2714 3282 2801 3336 vir
2828 3284 2985 3338 valde
3006 3284 3254 3355 simplex,
3278 3295 3403 3355 post
3424 3299 3602 3340 annos
3616 3288 3823 3357 quiaque
3912 3300 3913 3359 ;

2274 3381 2499 3426 coactus
2527 3373 2837 3444 resignavit.
2868 3373 2973 3431 Per
2998 3376 3305 3433 Romanum
3342 3381 3569 3436 nomine
3615 3381 3819 3451 legatum
3912 3378 3913 3451 ἶ

2274 3470 2397 3529 post
2422 3460 2633 3533 aliquas
2653 3464 3014 3521 dissensiones
3038 3466 3243 3522 electus
3290 3477 3379 3523 est
3406 3444 3712 3525 suecessoi'.
3738 3468 3821 3522 δε-
3912 3444 3913 3469 ¹

2275 3552 2459 3622 pultus
2482 3563 2566 3608 est
2593 3554 2645 3607 iu
2673 3554 2879 3625 capella
2910 3555 2969 3611 S.
3002 3556 3239 3612 Martini.

2345 3642 2436 3697 IX.
2474 3641 2791 3701 Guillelmus
2844 3645 3082 3717 Vaspail,
3135 3660 3204 3703 ex
3242 3647 3427 3717 priore
3484 3649 3545 3704 S.
3600 3645 3815 3704 Audoeni

2276 3731 2690 3804 Rotomagensis
2736 3735 2961 3802 electus,
3018 3746 3178 3791 natus
3221 3752 3390 3807 prope
3439 3738 3734 3793 Cadomnm
3777 3741 3815 3789 in
3912 3742 3913 3749 ‘

2275 3820 2400 3875 villa
2431 3821 2561 3877 lies.
2593 3818 2904 3890 Bajocensis
2952 3823 3222 3889 dimcesis,
3268 3826 3353 3879 vir
3408 3827 3658 3895 apprime
3707 3825 3818 3877 litte-
3912 3824 3913 3827 “

2277 3917 2449 3973 ratus,
2483 3910 2622 3963 rexit
2645 3910 2803 3965 annis
2824 3910 2914 3964 51.
2949 3909 3182 3967 Vocatus
3231 3911 3298 3967 ad
3342 3915 3639 3968 concilium
3662 3923 3815 3967 contra

2278 3996 2613 4053 Fridericum
2662 3998 3066 4070 imperatorem,
3106 4000 3175 4055 ab
3223 4017 3289 4057 eo
3331 4018 3458 4059 cum
3509 4004 3633 4058 aliis
3674 4002 3819 4057 incar-

2277 4097 2494 4144 ceratus
2548 4090 2883 4159 pecuniaque
2951 4091 3263 4162 redemptus
3329 4093 3399 4147 ad
3454 4092 3813 4148 monasterium

2278 4180 2456 4235 rediit.
2489 4179 2634 4235 Misit
2658 4181 2895 4236 Parisius
2919 4182 3273 4239 scholasticos
3305 4184 3476 4239 bonos
3518 4195 3575 4239 et
3612 4183 3817 4238 {annosus

2278 4271 2472 4341 quibus
2513 4287 2571 4327 se
2612 4273 2754 4328 bene
2798 4275 3121 4330 monetalem
3152 4274 3449 4350 [praebuit].
3508 4276 3746 4346 Sepultus
3775 4275 3817 4328 ia

2278 4362 2481 4434 capella
2511 4362 2573 4417 Β.
2602 4364 2778 4418 Maria:
2806 4380 2995 4420 versus
3021 4367 3286 4438 capellam
3318 4367 3506 4423 Sancti
3541 4367 3771 4422 Andreae.

2350 4454 2417 4508 X.
2453 4454 2718 4511 llicardus
2742 4455 2811 4512 de
2833 4455 3087 4526 Treigoz,
3116 4458 3256 4527 apud
3287 4458 3475 4514 villam
3527 4458 3642 4528 ejus
3670 4455 3817 4512 nomi-

2207 4527 2255 4587 Π
2281 4544 2365 4600 nis
2394 4554 2548 4600 ortus
2592 4546 2647 4599 in
2682 4547 2906 4603 dimcesi
2947 4546 3381 4614 Constanticnsi,
3439 4527 3654 4620 prmiuit
3687 4550 3817 4603 annis

2280 4636 2372 4701 26,
2396 4637 2634 4707 sepultus
2661 4636 2716 4692 in
2748 4638 2953 4709 capella
2987 4639 3050 4693 Β.
3111 4639 3296 4696 Maria:
3320 4642 3387 4697 ad
3412 4642 3690 4698 sinistram
3719 4655 3816 4709 ρπ-

2279 4737 2413 4783 tem.

2349 4818 2441 4873 Xl.
2472 4818 2787 4875 Guillelmus
2815 4820 2882 4875 de
2908 4817 3286 4881 PutOt,'natus
3311 4821 3454 4891 apud
3490 4822 3666 4877 villam
3688 4821 3821 4876 Putot

2282 4906 2600 4977 Bajoccnsis
2628 4910 2913 4975 diteccsis,
2945 4912 3157 4980 pra-fuit
3183 4913 3342 4967 annis
3370 4912 3477 4976 l2;
3514 4914 3744 4982 sepultus
3776 4912 3818 4962 in

2282 4999 2487 5066 capella
2518 4998 2577 5053 S.
2605 4999 2835 5056 Andreae
2862 5015 3052 5072 versus
3078 5000 3338 5071 capellam
3366 5002 3426 5055 Β.
3455 5001 3657 5057 Mariae.

2349 5085 2456 5140 Xll.
2495 5086 2760 5155 Thomas,
2810 5090 2865 5144 in
2901 5091 3208 5159 episcopatu
3258 5091 3660 5149 Constantiensi
3709 5089 3823 5161 apud

610 5184 929 5232 acervorum
955 5180 1291 5246 construxit;
1312 5180 1454 5233 rexit
1474 5180 1634 5233 annis
1648 5179 1738 5244 50,
1756 5179 1999 5248 sepultus
2019 5194 2184 5248 prope
2286 5174 2345 5231 S.
2379 5176 2729 5232 Benedictum
2768 5179 2820 5232 in
2855 5179 3075 5235 Umbris
3108 5189 3302 5246 natus,
3331 5183 3544 5252 primus
3577 5184 3675 5239 fuit
3710 5182 3823 5253 apud

605 5259 785 5317 altare
816 5263 876 5321 S.
920 5270 1171 5335 Taurini,
1217 5272 1321 5325 sub
1361 5270 1547 5325 tumba
1576 5282 1718 5324 rerea
1747 5283 1779 5322 a
1806 5269 1923 5324 solo
1951 5270 2180 5324 elevata.

2285 5266 2587 5323 Romanam
2636 5270 2843 5324 curiam
2893 5274 3253 5342 personaliter
3295 5274 3683 5342 confirmatus,
3728 5276 3826 5329 licet
