3940 5382
66 297 205 356 «εἶδῦ
715 301 947 360 BRUNO
983 299 1426 359 MAGDEBURG.
1467 300 1828 359 CLEIIICUS.
1859 333 1924 341 —
1953 300 2224 356 ΣΟἩΤΙΛ
2264 301 2439 357 IIIST.
2481 303 2568 356 ET
2610 303 2784 357 LIT'I‘.
3277 309 3388 366 480

71 409 434 476 Bajocensi.
479 410 659 467 Floret
685 427 784 466 sun
815 427 879 466 eo
910 413 1297 466 monasterium
1327 413 1380 464 in
1412 411 1692 480 disciplina
1728 417 1773 473 Α
1804 409 1892 463 ubi
1933 410 2176 479 quotidie
2215 411 2381 467 missa
2424 415 2759 471 matutinaiis
2800 416 3125 485 celebratur,
3155 419 3222 474 ad
3247 422 3384 478 dex-

77 502 406 573 reIigiosa.
443 503 668 558 Prtel'uit
707 505 865 558 annis
904 505 1011 569 I9;
1060 505 1306 574 sepultus
1343 505 1483 559 inter
1517 503 1698 572 eapel-
1804 507 1940 552 tram
1968 507 2196 566 partem.

66 593 208 648 lam
246 593 319 650 S.
353 597 589 650 Andrew
617 605 671 651 et
699 596 961 666 capellam
998 597 1055 652 S.
1090 596 1316 651 Joannis
1351 597 1625 664 Baptistze.
1874 588 2035 644 XXII.
2073 590 2266 647 Petrus
2299 591 2600 665 Corvesye,
2635 604 2793 651 natus
2823 597 2876 651 in
2908 598 3221 670 epise0patu
3265 603 3382 658 lto.

155 682 326 740 XIV.
368 684 568 741 Petrus
606 686 858 757 Rogerii,
909 687 976 742 de
1022 686 1243 741 diazcesi
1291 684 1696 750 Lemovieensi,
1803 683 2142 752 tomagensi,
2181 683 2306 737 villa
2348 685 2575 751 Rivilla,
2607 688 2846 744 millibus
2870 691 3112 761 quinque
3139 693 3382 751 distante

71 773 140 825 in
177 787 360 828 sacra
395 776 594 844 pagina
624 776 884 830 solemnis
909 775 1096 830 doctor
1120 783 1174 828 et
1201 775 1522 844 prazdieator
1547 774 1701 828 valde
1799 771 1868 824 ab
1905 771 2006 827 hoc
2047 775 2411 839 monasterio,
2449 777 2590 831 rexit
2623 795 2794 834 annos
2841 796 3078 847 novem;
3133 786 3384 854 sepultus

71 864 433 919 nominatus
457 905 472 930 ,
503 865 590 919 vir
619 867 858 935 sapiens.
889 865 1020 920 Post
1050 864 1252 919 multos
1286 880 1458 918 annos
1491 865 1557 918 ad
1595 863 1698 920 Ec-
1799 872 1883 918 est
1914 863 1965 916 in
2000 863 2213 933 capella
2245 863 2302 919 S.
2339 864 2480 920 Petri
2510 869 2578 922 ad
2610 869 2796 923 hevam
2826 887 2994 941 prope
3023 876 3305 943 parietem.

74 951 336 1007 clesiam
392 955 832 1010 Attrebatensem
893 954 1220 1023 translatus,
1268 968 1333 1008 ac
1382 953 1540 1022 paulo
1581 962 1699 1022 post
1870 952 2056 1007 XXIII.
2093 953 2325 1008 Estodus
2359 955 2426 1008 de
2457 955 2840 1024 Estoutevilla,
2870 961 2924 1015 in
2951 963 3077 1030 jure
3107 967 3374 1020 Canonico

75 1041 573 1108 Cenomanensis,
625 1052 736 1096 tuin
784 1042 1204 1111 Rotomagensis
1241 1053 1456 1096 creatus
1488 1043 1698 1110 episco-
1799 1045 1988 1099 doctor
2039 1048 2327 1117 egregius,
2385 1049 2608 1102 missam
2660 1051 2982 1109 clericorum
3029 1053 3276 1109 fundavit
3322 1067 3378 1111 et

78 1147 233 1202 pus,
275 1135 503 1189 tandem
537 1135 858 1201 cardinalis,
907 1135 1140 1204 denique
1168 1132 1336 1188 Nonis
1384 1133 1510 1189 Maii
1560 1134 1698 1188 1542
1797 1139 2090 1203 choristas,
2117 1140 2349 1194 rexitan
2368 1155 2467 1196 nos
2492 1140 2848 1213 55;sepultus
2876 1144 2930 1198 in
2957 1146 3081 1200 nari
3107 1148 3371 1213 ecclesiae,

85 1223 362 1290 pontifex
401 1223 681 1279 Avenione
703 1233 922 1280 creatus
943 1233 1046 1292 est,
1079 1223 1330 1280 Clemens
1362 1223 1426 1278 Vl
1457 1225 1693 1294 appella-
1799 1229 1987 1284 humili
2021 1230 2299 1298 sepultura
2327 1239 2634 1287 contentus.

87 1322 205 1368 tus.
244 1313 488 1369 Moritur
513 1317 811 1370 Arenione.
1867 1318 2052 1376 XXIV.
2091 1319 2344 1386 Egidius
2369 1325 2435 1376 de
2465 1323 2756 1379 Duremort
2788 1327 2933 1380 rexit
2961 1328 3117 1382 annis
3145 1329 3236 1383 22.

163 1401 292 1457 XV.
327 1404 641 1475 Philippus,
669 1406 886 1460 natione
909 1405 1260 1476 Burgundus,
1289 1405 1437 1473 prior
1463 1406 1528 1460 de
1555 1405 1694 1460 Lon-
1869 1412 2035 1468 XXV.
2075 1411 2311 1469 Joannes
2337 1415 2402 1470 de
2432 1414 2655 1470 Hanella
2690 1419 2850 1473 annis
2888 1418 2997 1485 25’;
3035 1422 3282 1489 sepultus
3320 1423 3373 1477 in

88 1496 338 1566 gavilla,
376 1499 670 1568 apostolica
717 1499 1042 1552 auctoritate
1106 1507 1368 1562 vocatus,
1409 1498 1547 1551 sedit
1583 1507 1693 1554 tres
1794 1503 1918 1556 navi
1951 1503 2214 1558 ecclesiae.

93 1602 329 1642 menses
351 1627 368 1654 ,
402 1589 784 1644 benedictione
814 1605 920 1643 non
951 1598 1207 1658 suscepta
1239 1598 1485 1642 mortuus
1514 1598 1616 1644 est.

167 1679 314 1734 XVI.
350 1681 626 1738 Robertus
659 1683 725 1737 de
756 1681 1021 1746 Brechio,
1053 1681 1366 1748 Bajocensis
1405 1681 1687 1743 dimeesis,

1793 1628 1814 1661 ι
1865 1598 2052 1653 XXVI.
2093 1599 2328 1654 Joannes
2356 1600 2539 1656 Ballue
2567 1603 2725 1657 annis
2755 1603 2843 1656 12.

1865 1690 2076 1746 XXVII.
2109 1693 2376 1747 Antonius
2404 1693 2472 1746 de
2502 1694 2551 1746 la
2583 1693 2762 1762 llaye,
2792 1710 2861 1749 ex
2893 1696 3057 1766 regali
3089 1700 3364 1768 prosapia,

91 1770 160 1825 de
208 1773 536 1828 suburbano
587 1773 783 1827 Breclti
804 1813 819 1840 ,
872 1773 1011 1826 rexit
1059 1787 1230 1826 annos
1269 1775 1435 1835 duos,
1474 1787 1689 1827 menses
1723 1760 1763 1818 Β
1793 1797 1961 1838 sacra:
1989 1783 2197 1852 paginae
2224 1783 2512 1852 professor,
2550 1760 2690 1838 rexit
2720 1786 2876 1839 annis
2904 1760 2990 1839 16,
3023 1760 3123 1841 (λάε
3157 1760 3376 1843 suc-(:85;

97 1878 303 1918 novem
338 1881 354 1931 ;
395 1865 638 1934 sepultus
671 1874 796 1920 ante
828 1864 1001 1919 altare
1038 1863 1097 1920 S.
1136 1864 1359 1920 Taurini
1395 1865 1463 1919 ad
1501 1865 1688 1920 laevam

92 1967 265 2021 prepe
296 1955 584 2021 parietem.

165 2043 336 2097 XVII.
368 2043 688 2098 Guillelmus
716 2042 987 2115 Bourget,
1019 2044 1086 2099 de
1119 2042 1247 2098 villa
1287 2041 1508 2098 Cadomi
1529 2083 1544 2108 ,
1577 2044 1682 2097 Ba-

93 2133 336 2201 joecnsis
363 2135 647 2200 dimcesis,
687 2135 828 2190 rexit
861 2151 1034 2190 annos
1066 2136 1222 2190 duos.
1266 2134 1521 2204 Sepultus
1559 2146 1687 2192 ante

102 2225 276 2278 altare
310 2225 368 2278 S.
401 2224 623 2278 Taurini
657 2225 726 2279 ad
757 2224 977 2290 heram,
1011 2239 1179 2294 prope
1207 2225 1500 2294 parietem.

170 2313 361 2368 XVIII.
395 2314 715 2370 Guillchaus
735 2317 1047 2386 Chouquet,
1073 2317 1138 2370 de
1161 2316 1380 2371 civitate
1398 2315 1682 2384 Bajoceusi

100 2416 257 2462 ortus
275 2448 290 2472 ,
318 2409 458 2463 rexit
482 2424 656 2464 annos
681 2425 894 2464 novem.
928 2408 1184 2479 Sepultus
1208 2418 1334 2462 ante
1358 2408 1558 2474 altare,
1591 2409 1683 2464 ubi

95 2499 342 2568 quotidie
401 2499 710 2555 celebratur
762 2502 927 2556 missa
979 2501 1314 2557 matutinalis
1371 2502 1441 2556 ad
1495 2501 1684 2556 lzevatn

101 2607 272 2660 prope
299 2608 362 2662 pa
372 2593 585 2647 rietcm.

165 2683 306 2744 XIX.
345 2684 597 2747 Nicolaus
629 2687 698 2748 ee
741 2686 954 2747 Verneil
987 2688 1124 2740 alia:
1162 2687 1228 2742 de
1275 2687 1522 2753 llauteil,
1553 2687 1680 2743 olim

97 2781 264 2836 abbas
297 2781 355 2836 S.
391 2782 634 2837 Medardi
665 2763 1229 2853 Suessionensis,'pcr
1253 2777 1586 2833 Clementem
1620 2778 1680 2833 Vl

98 2871 420 2925 translatus.
474 2871 649 2927 Durus
699 2873 754 2926 in
805 2873 1051 2927 subditos
1103 2867 1364 2927 vassallos
1405 2877 1459 2926 et
1493 2883 1684 2926 mena-

105 2961 270 3026 chos,
301 2977 331 3014 a
361 2962 558 3031 quibus
585 2964 638 3017 in
666 2963 907 3018 Romana
940 2965 1090 3020 curia
1121 2967 1348 3030 citatus,
1385 2965 1682 3036 resignavit

101 3061 222 3120 post
249 3068 422 3107 annos
453 3052 521 3107 14
549 3055 850 3122 regiminis.
884 3055 1110 3110 Moritur
1135 3058 1437 3111 Avenione.

167 3139 284 3196 XX.
320 3141 558 3197 Joannes
593 3145 659 3197 de
686 3143 918 3215 Granlgia
937 3184 954 3210 ,
983 3143 1361 3214 Lugdunensis
1387 3146 1637 3200 dicecesis
1657 3186 1671 3210 ,

101 3234 164 3288 de
191 3234 310 3288 vico
338 3233 580 3304 Grangia
605 3274 621 3300 ,
651 3236 924 3290 abbatiam
954 3235 1234 3291 fortiﬁcari
1275 3236 1422 3290 fecit.
1458 3236 1674 3292 Gratio—

100 3342 187 3381 sus
228 3327 340 3396 regi
381 3326 676 3382 translatus
724 3327 777 3380 in
827 3329 1199 3398 episcopatum
1249 3329 1670 3384 Ambianensem

101 3429 216 3488 post
240 3435 404 3476 annos
433 3420 842 3491 Iﬂt‘egiminis;
879 3421 939 3475 lit
967 3423 1282 3478 cardinalis.

167 3508 303 3564 XXI.
332 3509 618 3583 Philippus
644 3513 716 3567 du
747 3512 945 3580 Fossé,
976 3514 1118 3568 rexit
1143 3515 1304 3570 anuis
1331 3515 1362 3570 9
1387 3533 1400 3581 ;
1430 3525 1669 3586 sepultus

1791 1875 1863 1930 sit
1883 1875 2154 1929 Antonius
2181 1873 2320 1927 liuﬂi
2338 1914 2352 1939 ,
2381 1875 2551 1929 abbas
2660 1875 2878 1945 Georgii
2905 1877 2971 1931 de
2995 1876 3336 1947 Boquervilla
3355 1919 3373 1945 ,

1790 1981 1960 2036 prope
2002 1965 2431 2035 IIothoinagum,
2467 1967 2748 2036 theologia:
2798 1968 3075 2036 professor
3122 1970 3376 2026 eruditis-

1790 2059 1993 2122 simus,
2025 2073 2054 2110 a
2089 2067 2197 2112 tota
2225 2058 2654 2123 communitate,
2684 2073 2793 2113 uno
2820 2070 3048 2129 excepto
3067 2099 3082 2126 ,
3112 2071 3371 2117 creatus:

1790 2151 1884 2205 sed
1917 2165 2009 2203 rex
2041 2149 2287 2204 Francia:
2311 2148 2614 2219 praevaluit.

1858 2238 2096 2294 XXVIII.
2134 2239 2405 2293 Antonius
2441 2237 2656 2310 Bouyer
2690 2240 2888 2306 abbas,
2922 2241 3037 2310 qui,
3062 2241 3188 2296 licet
3214 2251 3375 2298 natus

1789 2345 1854 2386 ex
1883 2331 2073 2386 humili
2100 2331 2247 2395 loco,
2276 2331 2444 2386 abbas
2475 2330 2575 2385 fuit
2605 2331 2662 2386 S.
2693 2332 2938 2387 Audoeui
2965 2342 3022 2388 et
3051 2334 3208 2402 huius
3234 2334 3370 2400 loci,

1787 2431 1843 2477 et
1881 2423 2328 2492 archiepiscopus
2361 2421 2725 2478 Bituricensis
2759 2433 2814 2478 et
2849 2423 3144 2479 cardinalis
3175 2441 3190 2491 ;
3230 2426 3375 2480 rexit

1785 2515 1943 2569 annis
1974 2514 2062 2567 15.

1855 2603 2049 2658 XXIX.
2076 2602 2385 2656 Hadrianus
2406 2601 2472 2656 de
2501 2602 2660 2673 Boisy
2686 2602 2825 2656 rexit
2864 2603 3022 2657 annis
3045 2602 3079 2656 5
3104 2618 3118 2668 ;
3147 2605 3374 2674 presby-

1787 2705 1868 2752 ter
1895 2695 2189 2750 cardinalis
2216 2694 2714 2748 commendatarius
2747 2703 2868 2763 post
2896 2693 3120 2748 electos.

1853 2784 2027 2839 XXX.
2053 2784 2291 2839 Joannes
2320 2784 2387 2838 de
2417 2783 2680 2837 Lorraine
2709 2783 2867 2837 annis
2887 2783 2980 2846 26,
3009 2782 3286 2839 mensibus
3312 2784 3366 2841 8.

1854 2875 2047 2931 XXXI.
2083 2874 2313 2929 Carolus
2341 2875 2406 2928 de
2437 2873 2722 2937 Lorraine,
2751 2873 3062 2928 cardinalis.

1855 2965 2069 3024 XXXII.
2110 2965 2418 3022 Ludovicus
2447 2965 2512 3019 de
2545 2963 2836 3031 Lorraiue,
2867 2963 3158 3020 cardinalis
3179 2979 3211 3019 a
3234 2963 3370 3020 Cui--

1782 3062 1884 3118 sia.

1856 3153 2091 3209 XXXIII.
2125 3151 2452 3206 Franciscus
2478 3149 2544 3204 de
2574 3148 2828 3220 Joyeuse,
2859 3146 3175 3204 cardinalis.

1854 3244 2091 3300 XXXIV.
2122 3243 2390 3298 Henricus
2410 3242 2474 3296 de
2496 3239 3034 3309 Lorraine,archiep.
3059 3237 3365 3308 Ben-ensis.

1850 3334 2072 3392 XXXV.
2114 3333 2385 3390 lleuricus
2419 3330 2759 3398 Borbonius,
2803 3330 3059 3402 princeps
3110 3342 3198 3398 ep.
3253 3327 3364 3383 Me-

1779 3429 1968 3486 tensis.

1993 3637 3353 3692 Η

110 3645 3240 3704 W

1323 3833 1508 3877 CIRCA
1554 3831 1830 3874 EU‘MDEM
1868 3828 2115 3871 ANNUM.

1259 3995 2114 4188 ﬁRUNO

677 4272 1166 4412 MAGDE
1178 4200 1990 4412 summes.
2052 4263 2316 4378 GLE
2330 4261 2788 4378 RICUS.

723 4402 926 4414 ηραν-ν·-
939 4403 966 4408 ~—

1065 4632 1269 4743 IN
1368 4625 2400 4768 BBUNONEM

567 4860 1081 4955 NOTITIA
1146 4855 1800 4949 HISTORICA
1857 4855 2008 4942 ET
2078 4849 2856 4942 LITTERARIA.

947 5051 1188 5122 (Psnrz,
1221 5049 1453 5106 Donum.
1482 5046 1659 5101 Germ.
1704 5046 1906 5117 Script.
1939 5054 2068 5098 tom.
2095 5042 2161 5110 V,
2185 5059 2309 5115 pag.
2334 5043 2486 5114 3‘27.)

173 5214 324 5246 nm...
395 5208 628 5246 ηαιῖηηρ
666 5204 811 5246 Sam
882 5203 1359 5246 Mandnluirmneie
1408 5198 1664 5246 Ecclesiae
1697 5207 1742 5246 n
1771 5197 2075 5246 nrzncinnus
2101 5206 2312 5246 auctor.
2342 5212 2394 5246 a.
2434 5192 2573 5246 I075
2604 5205 2751 5246 curn
2787 5186 3007 5246 Peli-3353
3039 5185 3377 5246 Brilteitﬁbtls
