3940 5382
531 212 634 279 187

1630 211 1976 268 BRUNONIS
2013 211 2461 272 MAGDEBURG.
2501 213 2770 272 CLERICI

529 331 788 403 profugus
819 330 958 386 inter
985 329 1307 384 rusticorttm
1334 340 1525 381 manus
1544 325 1936 415 occubuitaCni
1962 341 2106 380 anno
2138 357 2179 415 Α
2215 330 2409 400 cripta,
2458 330 2570 384 foll.
2629 330 2804 386 66-75
2866 340 3118 401 excerpta
3160 345 3228 389 ex
3262 331 3523 387 Ekkehar
3544 331 3605 387 ὀ
3639 331 3802 389 Ursu-

531 422 671 476 1079
720 420 1010 490 llardwigo
1065 418 1474 487 archiepisc0po
1525 416 1772 479 suffecto,
1830 414 2013 469 Bruno
2040 415 2113 468 ad
2209 421 2379 490 giensi
2423 422 2758 492 complexus,
2814 425 2919 478 hac
2953 424 3284 495 epigraplia:
3320 445 3338 476 t
3374 424 3531 479 Finit
3577 423 3802 480 debello

527 511 913 568 Werinherum
961 508 1458 577 Merseburgensem
1504 506 1843 574 episcopum,
1892 505 2106 574 patroni

528 601 613 655 sui
647 599 894 656 defuncti
949 597 1187 651 amicum
1240 604 1296 649 et
1344 594 1399 648 in
1456 594 1712 648 omnibus
1757 607 1877 660 quae
1924 607 2022 662 pro
2052 607 2112 646 re

528 692 742 763 publica
767 698 955 762 egerat
1004 688 1231 754 socium,
1281 701 1340 742 se
1389 685 1722 753 contulit,et
1767 685 1820 739 in
1849 684 2111 739 familiam

527 783 768 855 episcopi
816 788 1067 852 receptus
1091 780 1190 850 (5),
1215 779 1434 835 domino
1465 792 1566 834 suo
1603 778 1961 833 dilectissimo
1989 792 2113 849 gra-

527 883 639 928 t-ttm
661 872 898 926 animum
910 880 1247 935 ostensurus,
1275 884 1417 923 anno
1433 868 1572 925 l082
1592 869 1668 941 (1)
1692 868 1834 938 quod
1847 870 2110 939 Optimum

524 971 754 1033 poterat,
808 961 1004 1018 librum
1059 961 1127 1016 de
1174 960 1316 1015 bello
1373 959 1650 1015 Saxonum
1699 974 1824 1014 cum
1860 957 2115 1015 Heinrico

523 1055 736 1112 obtulit.
771 1053 1045 1124 Ejusmodi
1074 1054 1272 1109 donum
1292 1051 1409 1106 viro
1433 1066 1594 1120 quem
1622 1050 1919 1106 Tbietmari
1947 1048 2114 1105 libros

524 1146 775 1202 manibus
826 1145 1041 1200 trivisse
1093 1143 1343 1198 novimus
1390 1141 1468 1213 (5)
1501 1150 1712 1211 gratum
1737 1150 1792 1196 et
1835 1151 2113 1213 acceptum

525 1240 711 1303 fuisse,
743 1238 902 1294 facile
925 1237 1184 1292 creditur.
1219 1235 1400 1291 Bruno
1431 1255 1451 1286 ι
1486 1235 1725 1292 breviter
1750 1246 1805 1292 et
1848 1239 2116 1295 veraciter

527 1329 669 1384 sicut
690 1327 759 1382 ab
804 1328 889 1381 his
917 1326 1009 1395 qui
1040 1326 1200 1381 rebus
1228 1324 1589 1380 interfuerant
1609 1341 1942 1397 cognoscere
1967 1337 2117 1398 pote—

526 1426 610 1475 rat
643 1436 662 1471 ι
694 1419 1038 1474 scribendum
1085 1416 1188 1473 sibi
1245 1418 1529 1488 proposuit
1577 1418 1675 1491 (ti).
1732 1418 1851 1490 Ipse
1900 1421 2116 1489 quidem

527 1510 754 1565 duorum
810 1509 1209 1579 episcoporum,
1257 1508 1349 1577 qui
1397 1523 1590 1580 magna
1632 1524 1758 1579 pars
1784 1510 1906 1564 belli
1937 1518 2115 1576 erant,

526 1601 753 1657 consilio
777 1615 1010 1671 opereve
1039 1599 1115 1671 (7)
1141 1600 1376 1671 adjutor,
1403 1615 1523 1670 qute
1550 1616 1674 1657 cum
1706 1602 1835 1671 ipsis
1872 1604 1949 1673 (8)
1972 1602 2117 1658 aliis-

2214 512 2521 579 Saxonico;
2552 523 2609 569 et
2688 514 2795 570 ﬁne
2845 513 3061 572 Henrici
3117 516 3299 587 quarti
3354 516 3423 572 l9
3478 514 3626 572 Julii
3688 520 3803 572 anui

2212 602 2371 670 1500,
2407 619 2503 673 per
2526 605 2750 660 fratrem
2770 604 2838 659 Μ.
2860 605 2922 661 S.
2951 606 3101 661 Tunc
3124 608 3381 677 priorem.
3405 606 3612 664 Gratia
3633 607 3761 663 Deo.
3782 630 3797 661 ι

2213 695 2348 751 Foll.
2398 696 2563 753 74-83
2612 696 2752 753 alius
2796 697 2963 753 codex
3012 698 3263 770 legendas
3307 699 3375 755 de
3440 698 3505 755 S.
3576 699 3805 754 Antonio

2213 788 2451 843 exhibet.
2507 788 2755 858 Scriptor
2798 788 2983 844 multis
3028 790 3363 859 compendiis
3387 806 3553 856 usus,
3605 798 3805 845 textum

2214 880 2268 935 in
2295 878 2606 933 universum
2636 878 2853 948 qualem
2896 889 3175 949 repererat
3204 878 3438 936 ﬁdeliter
3463 887 3527 935 et
3557 891 3806 936 accurate

2216 979 2452 1033 secutus,
2481 969 2737 1025 nonnulla
2768 979 2946 1025 tamen
2998 971 3141 1025 haud
3188 970 3329 1025 bene
3376 970 3728 1026 intellexisse
3759 980 3806 1026 et

2218 1061 2270 1114 in
2304 1060 2491 1115 formis
2514 1059 2791 1114 nominqu
2830 1060 3170 1131 propriorum
3196 1077 3355 1116 suum
3382 1063 3575 1132 potius
3608 1072 3805 1131 tempus

2217 1152 2549 1223 expressisse
2598 1151 2828 1206 videtur.
2877 1151 3126 1221 Capitum
3178 1151 3392 1207 initium
3425 1153 3626 1208 littera
3657 1154 3803 1207 rubra

2218 1245 2457 1311 iudicat;

2289 1335 2389 1407 Ib.)
2427 1334 2729 1391 Chronicon
2785 1334 3263 1407 Magdeburgense,
3310 1336 3473 1407 cujus
3528 1338 3711 1393 codex
3759 1340 3803 1393 iu

2220 1419 2531 1480 membrana
2564 1427 2799 1496 scriptus
2817 1441 2960 1481 anno
2988 1426 3130 1482 1600
3151 1443 3183 1480 a
3210 1425 3549 1498 Marquardo
3573 1427 3805 1483 Frebere

2220 1517 2285 1571 ad
2311 1516 2652 1572 Meibomium
2686 1517 3037 1572 transmissus
3081 1517 3197 1590 (16)
3228 1527 3284 1573 et
3324 1529 3521 1590 postea
3556 1529 3713 1573 toruo
3749 1517 3803 1572 ll.

2221 1605 2321 1662 SS.
2363 1606 2545 1662 Germ.
2579 1605 2850 1663 Meilmmii
2873 1608 3014 1678 typis
3043 1608 3324 1680 evulgatus
3348 1618 3455 1675 est,
3480 1611 3679 1664 omnia
3702 1626 3807 1680 qu:

448 1724 449 1727 η
527 1710 632 1764 que
693 1709 798 1749 non
856 1693 1029 1751 solum
1083 1692 1362 1749 Saxonum
1412 1693 1507 1749 sed
1556 1703 1608 1749 et
1640 1692 2111 1750 lleinricianarum
2147 1697 2188 1755 Β
2219 1700 2341 1753 inde
2363 1715 2391 1752 a
2418 1699 2612 1770 pagina
2655 1699 2762 1755 288
2788 1714 2961 1770 usque
2990 1700 3057 1755 ad
3092 1715 3144 1771 p.
3175 1700 3279 1755 519
3306 1699 3598 1772 leguntur,
3624 1711 3808 1771 prater

529 1788 763 1857 partium
815 1784 1147 1856 principibus
1204 1785 1282 1857 (9)
1355 1784 1652 1841 collocutus
1736 1796 2112 1857 compererat,

528 1895 716 1949 quam:
771 1880 888 1950 ipse
941 1894 1182 1949 prtesens
1234 1879 1446 1934 viderat
1493 1876 1607 1949 (10)
1644 1878 1728 1931 vel
1779 1878 1831 1932 in
1870 1877 2115 1948 publicis

530 1970 842 2025 indubitatae
902 1968 1027 2024 ﬁdei
1085 1968 1300 2037 scriptis
1366 1966 1479 2038 (11)
1553 1966 1780 2036 legerat,
1839 1967 2116 2022 memoria:

531 2063 772 2118 tradidit.
819 2061 930 2117 Nec
985 2062 1106 2117 ﬁdei
1137 2061 1256 2129 ejus
1299 2061 1351 2115 in
1403 2060 1716 2117 universum
1753 2060 1940 2128 oﬁicit,
1974 2062 2117 2132 quod

530 2154 724 2223 patria:
757 2168 944 2209 amore
983 2162 1039 2206 et
1091 2150 1215 2207 odio
1249 2150 1525 2207 servitutis
1578 2151 1771 2207 ductus
1824 2152 2004 2207 acrius
2060 2152 2113 2206 in

532 2243 845 2299 lleinricum
877 2242 1149 2297 invehitur
1178 2241 1312 2314 (12),
1356 2256 1479 2296 eum
1511 2242 1563 2296 in
1591 2250 1739 2297 tanta
1771 2256 1950 2297 rerum
1974 2256 2122 2298 com-

530 2337 773 2392 motione
803 2337 890 2391 vir
934 2335 1063 2390 nulli
1093 2336 1233 2405 parti
1272 2335 1516 2391 addictus
1541 2334 1629 2389 vix
1661 2349 1726 2390 ac
1772 2350 1840 2390 ne
1883 2335 1969 2389 vix
1999 2335 2121 2404 qui-

534 2429 657 2484 dem
687 2428 914 2499 repcriri
957 2428 1209 2499 potuerit,
1243 2436 1300 2482 et
1332 2436 1515 2483 noster
1537 2427 1740 2483 scelera
1770 2428 1837 2482 ab
1869 2426 2122 2483 lleiurico

533 2520 733 2588 juvene
782 2519 900 2590 (15)
940 2527 1245 2589 perpetrata
1290 2517 1374 2573 vel
1424 2532 1455 2572 a
1506 2516 1865 2573 familiaribus
1898 2518 2017 2589 ejus
2062 2533 2124 2573 se

535 2611 809 2681 accepisse
851 2611 1195 2683 profiteatur.
1250 2608 1488 2664 Heinrici
1544 2622 1632 2664 res
1677 2624 1801 2664 cum
1858 2608 2123 2680 Gregorio

535 2702 624 2757 νη
649 2718 750 2759 non
775 2704 875 2758 nisi
898 2714 1160 2775 quantum
1187 2704 1253 2757 ad
1280 2703 1478 2759 bellum
1509 2702 2125 2759 Saxonicumfaciebant

535 2797 733 2868 attigit,
777 2808 832 2851 ct
859 2811 1127 2851 summum
1164 2795 1473 2865 pontificem
1504 2796 1697 2866 patriae
1724 2811 1941 2866 semper
1981 2806 2125 2866 post-

538 2887 746 2943 habuit.
774 2886 978 2942 Bellum
1019 2887 1189 2958 igitur
1234 2887 1410 2954 civile,
1452 2887 1612 2955 quale
1641 2889 1877 2943 nondum
1908 2903 2126 2960 compo-

538 2980 698 3035 situm
748 2980 1020 3034 Saxonum
1061 2980 1397 3049 principibus
1447 2980 1719 3049 apparuit,
1771 2980 1954 3037 Bruno
1984 2982 2123 3036 scri—

2216 1789 2279 1844 il
2317 1790 2488 1845 lineas
2530 1791 2735 1861 pagina:
2763 1790 2869 1845 3l3
2895 1800 2952 1845 et
2991 1800 3103 1846 tres
3129 1791 3302 1847 lineas
3328 1792 3547 1862 paginte
3591 1793 3725 1857 5H,
3746 1807 3805 1846 ex

2218 1880 2490 1951 capitibus
2523 1880 2789 1935 Brunonis
2832 1880 2980 1948 1-41,
3014 1880 3207 1947 4447,
3250 1882 3443 1950 52-58,
3499 1884 3701 1946 60-65,
3728 1885 3805 1947 £8,

2218 1972 2447 2037 74402,
2476 1972 2600 2037 117,
2638 1970 2901 2038 121-151,
2950 1972 3288 2029 documentis
3323 1975 3541 2030 scilicet
3573 1975 3807 2045 plurimis

2219 2060 2618 2133 prxtermissis.
2664 2062 2872 2131 petivit.
2900 2060 3105 2117 Textus
3134 2063 3188 2117 in
3234 2063 3481 2120 minimis
3503 2065 3681 2119 etiam
3710 2074 3804 2118 tam

2221 2168 2409 2225 presse
2434 2155 2504 2209 ad
2530 2155 2815 2210 lectionem
2848 2155 3052 2211 codicis
3085 2156 3107 2209 l
3149 2155 3385 2222 accedit,
3415 2169 3480 2212 ut
3515 2173 3629 2213 non
3656 2174 3722 2212 ex
3750 2173 3805 2212 co

2222 2247 2439 2319 quidem
2467 2246 2562 2301 sed
2610 2261 2672 2301 ex
2703 2245 2975 2301 communi
3002 2261 3125 2301 cum
3151 2260 3218 2301 eo
3260 2245 3410 2302 fonte
3436 2246 3671 2303 ﬂuxisse
3696 2261 3784 2300 ceu

2222 2339 2421 2393 sendus
2450 2337 2542 2391 sit.
2569 2335 2709 2391 Sunt
2737 2336 2880 2391 enim
2925 2335 3027 2390 loci
3076 2335 3341 2400 nonnulli,
3371 2337 3583 2406 quibus
3620 2338 3804 2392 utrius-

2222 2445 2330 2502 que
2358 2428 2650 2499 scriptores
2691 2428 2833 2484 idem
2871 2428 3189 2484 vocabulum
3226 2428 3445 2484 diverse
3487 2429 3806 2485 intellexisse

2225 2528 2283 2575 et
2303 2519 2637 2589 expressisse
2687 2527 2853 2587 patet,
2903 2533 2954 2573 e.
2990 2534 3043 2589 g.
3098 2532 3221 2588 cap.
3271 2518 3365 2585 40,
3396 2518 3493 2574 ubi
3524 2518 3806 2589 Lipsiensis

2226 2611 2388 2666 lectio
2420 2624 2594 2680 ymmo
2636 2624 2705 2664 ex
2756 2607 3231 2680 Magdeburgensis
3271 2609 3436 2664 nimio
3479 2610 3805 2664 eruendum:

2226 2712 2365 2757 erat.
2388 2701 2522 2756 Cum
2554 2710 2734 2755 autem
2761 2680 2893 2755 °alia
2943 2699 2999 2754 in
3031 2708 3258 2770 utroque
3283 2700 3483 2758 eodem
3513 2701 3680 2759 modo
3696 2715 3806 2770 pec-

2228 2804 2438 2859 centur,
2493 2807 2544 2848 e.
2589 2808 2641 2860 ε.
2696 2806 2818 2861 cap.
2874 2790 2969 2856 56,
3016 2791 3107 2846 ubi
3153 2800 3385 2861 uterque
3415 2806 3491 2847 ex
3538 2792 3804 2859 fontejain

2229 2894 2485 2955 corrupto
2529 2882 2807 2937 Ekkiberti
2863 2882 3193 2938 marcbionis
3240 2898 3439 2938 nomen
3490 2881 3809 2938 Erribertut
3886 2884 3887 2955 ᾖ

2229 2974 2403 3041 effert,
2458 2975 2839 3046 gratulandum
2894 2983 3001 3039 est,
3030 2973 3174 3044 quod
3218 2974 3271 3028 in
3300 2983 3451 3030 textu
3485 2975 3809 3032 restituendo

538 3067 774 3125 beudnm
824 3069 923 3122 sibi
982 3043 1283 3137 proposuit.
1334 3043 1549 3123 Eminet
1602 3043 1742 3125 liber
1790 3043 2192 3128 documentisC
2226 3083 2329 3138 ope

541 3158 867 3214 authenticis
895 3159 1135 3225 insertis,
1162 3159 1432 3214 scribendi
1454 3161 1663 3215 ratione
1691 3161 1889 3227 vivida,
1918 3163 2121 3233 aliquo-

540 3251 645 3305 ties
697 3250 869 3307 faceta
896 3260 952 3308 et
977 3249 1163 3320 iocosa
1215 3252 1351 3324 (14),
1380 3253 1525 3325 stylo
1553 3254 1805 3326 simplici,
1836 3259 2126 3315 sententiis

541 3341 797 3413 rhythmo
835 3344 1064 3412 quodam
1120 3344 1358 3415 praeditis
1386 3355 1440 3401 et
1470 3348 1615 3403 haud
1651 3364 1774 3404 raro
1806 3350 1858 3404 in
1907 3352 2122 3406 eosdem

543 3447 707 3487 sonos
738 3433 1080 3497 exeuntibus,
1116 3442 1171 3489 et
1198 3434 1322 3490 licet
1352 3437 1595 3492 adversa:
1642 3439 1817 3507 partis
1843 3439 2125 3509 scriptori-

540 3524 647 3578 bus
698 3521 1017 3578 Ekkehardo
1068 3523 1390 3596 Uraugiensi
1459 3526 1571 3599 (15)
1625 3537 1680 3582 et
1732 3528 1853 3584 aliis
1907 3530 2127 3585 minime

541 3613 759 3682 placere
806 3617 1063 3684 potuerit,
1113 3619 1255 3687 apud
1305 3628 1552 3687 posteros
1575 3628 1755 3675 tamen
1789 3622 1931 3675 haud
1959 3637 2126 3692 parva

544 3705 870 3762 auctoritate
918 3709 1132 3779 gavisus
1184 3725 1304 3765 esse
1333 3711 1568 3777 videtur,
1596 3728 1717 3767 cum
1764 3715 1993 3769 maxima
2013 3714 2129 3782 ejus

544 3811 670 3866 pars
724 3800 920 3855 saeculo
967 3817 1040 3855 xu
1092 3813 1323 3859 exeunte
1366 3805 1435 3859 ab
1487 3806 1754 3861 annalista
1789 3805 2029 3871 Saxone,
2073 3817 2128 3862 et

542 3888 743 3943 smcttlo
773 3906 859 3944 xvr
892 3891 1110 3947 ineunte
1141 3893 1209 3948 ab
1256 3903 1482 3949 auctore
1507 3894 1763 3951 Chronici
1808 3896 2129 3969 Magdcbur-

543 3980 728 4047 gensis
771 3982 1092 4052 transcripta
1125 3984 1214 4038 sit.
1244 3984 1349 4039 Sed
1377 4001 1517 4040 unus
1561 3996 1768 4040 tantum
1800 3986 1926 4042 lihri
1959 3990 2128 4044 codex

541 4078 742 4136 exstat,
816 4073 868 4125 in
949 4075 1281 4128 monasterio
1333 4076 1547 4131 Veteris
1608 4076 1766 4131 Cellae
1823 4079 2019 4133 szeculo
2062 4095 2130 4133 xv

545 4173 782 4216 exeunte
812 4173 1087 4227 exaratus,
1123 4165 1265 4227 unde
1293 4166 1562 4220 editiones
1596 4164 1945 4233 Frchetiaua,
1976 4169 2131 4224 Stru-

542 4251 699 4305 viaua
727 4260 781 4305 et
818 4262 999 4305 nostra
1033 4254 1325 4307 fluxerunt.
1355 4255 1618 4309 Servatur
1654 4257 1832 4313 hodie.

615 4341 694 4414 1.)
736 4342 792 4396 lu
834 4342 1158 4399 bibliotheca
1202 4347 1574 4401 universitatis
1632 4350 1791 4418 regite
1839 4349 2131 4420 Lipsiensis

545 4448 775 4488 numero
814 4434 951 4487 1325
995 4435 1241 4505 insignis,
1282 4438 1604 4494 chartaceus
1656 4441 1707 4494 in
1749 4442 1951 4498 litt-foll.
1999 4445 2131 4499 2-55

544 4523 876 4592 Brunouem‘,
930 4526 1041 4582 foll.
1104 4528 1268 4584 55-66
1322 4532 1570 4600 qtttedam
1599 4546 1662 4587 ex
1722 4532 1930 4590 I‘lau'ua
1965 4546 2134 4591 trans-

2299 3160 2378 3229 2.)
2416 3161 2710 3216 Anualista:
2759 3160 2991 3216 Saxonis
3021 3162 3096 3215 uti
3152 3160 3301 3216 licet.
3335 3160 3440 3228 Qui
3469 3163 3639 3217 annis
3661 3161 3806 3216 1067-

2229 3250 2368 3307 108ὶ
2391 3252 2618 3322 plurima
2650 3267 2712 3306 ex
2768 3252 3034 3307 Brunonis
3062 3251 3330 3320 capitibus
3359 3252 3414 3315 l,
3442 3252 3500 3317 5,
3536 3252 3625 3317 16,
3664 3252 3806 3316 2-15,

2233 3340 2415 3406 17-51,
2440 3341 2527 3405 52,
2561 3343 2651 3405 51,
2682 3340 2880 3406 55-47,
2911 3341 2996 3403 52,
3024 3341 3214 3409 67-51,
3253 3340 3446 3406 55-56,
3492 3341 3593 3409 σι,
3614 3343 3708 3407 57,
3730 3342 3807 3405 58,

2229 3433 2422 3498 60-63,
2458 3433 2645 3499 65-68,
2678 3433 2854 3498 70-74,
2882 3434 3076 3499 82-88,
3104 3435 3192 3500 73,
3245 3431 3340 3499 71,
3372 3435 3575 3500 7678,
3618 3436 3709 3499 80,
3730 3435 3807 3498 79,

2230 3523 2319 3587 8|,
2356 3524 2547 3587 89-97,
2601 3523 2820 3588 90-101,
2870 3525 2958 3591 96,
2996 3527 3252 3591 101405,
3305 3528 3395 3592 76,
3432 3528 3526 3594 77,
3572 3528 3807 3591 104-116,
3886 3520 3887 3525 “

2231 3614 2322 3679 98,
2379 3615 2634 3676 117-1θέ5,
2706 3614 2828 3679 1‘22,
2888 3615 3115 3670 125-151
3179 3620 3483 3674 narrationi
3557 3620 3805 3680 inserens.

2232 3705 2435 3761 codicis
2476 3706 2658 3761 δίρρυιί
2710 3717 2762 3760 χι
2815 3716 2908 3761 aut
2939 3723 3038 3774 xn,
3069 3724 3177 3779 quo
3227 3726 3362 3767 usus
3389 3720 3496 3775 est,
3543 3712 3809 3768 lecticae
3886 3710 3887 3777 ξ

2232 3798 2374 3851 haud
2427 3812 2550 3851 raro
2593 3799 2874 3866 optimam,
2928 3816 3029 3855 nec
3075 3816 3181 3855 non
3211 3812 3266 3856 et
3287 3803 3595 3859 sententias
3623 3804 3809 3873 aliquas

2230 3905 2351 3959 qua:
2376 3888 2429 3944 in
2455 3889 2736 3944 codicibus
2762 3891 2785 3944 1
2814 3900 2868 3945 et
2899 3892 2924 3944 1
2957 3891 3012 3945 b.
3042 3893 3317 3948 communi
3343 3894 3458 3948 fato
3485 3896 3807 3956 exciderunt,

2233 3984 2489 4036 servaVit.
2542 3981 2781 4048 Quarum
2838 3993 3017 4038 tamen
3069 3984 3284 4039 nonnisi
3322 4000 3418 4041 eas
3458 4002 3602 4056 quas
3643 3996 3808 4058 aperte

2233 4089 2425 4129 sensus
2453 4075 2785 4145 requirebat,
2814 4091 3019 4146 quasve
3042 4077 3265 4132 minime
3288 4093 3358 4133 ex
3386 4080 3512 4134 aliis
3551 4081 3808 4136 annalist:

2235 4166 2490 4233 fontibus,
2552 4167 2871 4224 Ekkchardo
2924 4170 3196 4241 praecipue
3265 4170 3622 4243 Uraugiensi,
3674 4174 3808 4242 cujus

2233 4274 2403 4329 pauca
2443 4276 2826 4330 nonnunquam
2872 4263 3033 4317 verba
3103 4264 3270 4318 textui
3321 4265 3513 4331 infert,
3560 4268 3808 4322 derintas
3886 4270 3887 4281 ‘

2235 4351 2538 4415 constabat,
2589 4352 2640 4405 in
2695 4360 2839 4405 textu
2892 4354 3091 4423 recepi.
3120 4354 3261 4410 Usus
3288 4371 3411 4409 sum
3438 4358 3633 4414 codice
3659 4340 3806 4411 anna-

2235 4444 2370 4497 tis-tre
2449 4445 2778 4509 authentico,
2831 4445 2974 4499 inter
3030 4446 3198 4500 l;bros
3266 4447 3617 4505 bibliotheca
3668 4450 3806 4518 rrgia:

2232 4532 2552 4589 Parisiensis
2618 4550 2686 4588 ex
2757 4535 3006 4590 eoenobio
3062 4534 3120 4590 S.
3177 4536 3441 4593 Germani
3510 4550 3806 4610 apportatos

2067 4625 2295 4683 ΝΟΤᾸΕ.

619 4707 698 4778 (3)
737 4706 1007 4766 Przefatio.

620 4778 721 4855 (4)_
735 4778 885 4855 Opus
903 4781 1131 4837 ahsolvit
1157 4793 1280 4855 post
1302 4784 1356 4855 d.
1387 4784 1458 4838 26
1488 4787 1803 4844 Decembris
1835 4788 1961 4842 anni
1990 4788 2119 4844 1081

551 4847 638 4928 (c.
658 4847 1226 4928 li’gl),_st_t_pcrstit_ibus_
1253 4854 1576 4928 werinhero
1617 4858 1677 4927 (ἦ-
1708 4874 1759 4911 a.
1795 4859 1975 4928 1101),
2006 4859 2132 4913 Bur-

551 4919 754 4998 chardo
794 4919 1230 4998 Halberstadensi
1257 4926 1509 4997 episcopo
1531 4928 1604 4997 (ρ.
1623 4919 1752 4995 85),
1778 4929 1839 4997 (1-
1865 4945 1916 4982 a.
1936 4919 2125 4998 1088),

2235 4716 2490 4790 epistolas
2516 4732 2702 4790 eorum
2730 4719 2947 4774 nomine
2976 4720 3219 4790 scripsit.

2307 4788 2421 4927 (11)
2460 4788 2520 4844 C.
2546 4788 2636 4851 42.
2665 4790 2753 4852 48,
2791 4790 2881 4851 49.
2912 4790 3000 4855 51,
3029 4788 3120 4855 59,
3150 4791 3239 4853 65,
3270 4791 3362 4853 66.
3392 4792 3491 4857 67,
3521 4794 3613 4857 69,
3644 4806 3745 4850 etc.

2308 4858 2397 4926 (t2
2463 4858 2568 4913 lies
2593 4858 2705 4913 fere
2724 4860 3068 4914 incredibiles
3094 4863 3155 4915 .ie
3176 4878 3241 4914 eo
3280 4861 3492 4918 referre
3515 4877 3745 4918 accusati.

2308 4858 2418 4926 (ιῖ)
2463 4858 2568 4913 Res
2593 4858 2705 4913 fere
2724 4860 3068 4914 incredibiles
3094 4863 3155 4915 .le
3176 4878 3241 4914 eo
3280 4861 3492 4918 referre
3515 4877 3802 4925 accusatur;

2237 4931 2330 4983 sed
2355 4938 2539 4983 nostro
2570 4945 2782 4998 quoque
2830 4940 3067 4997 tempore
3127 4946 3212 4986 res
3255 4932 3446 4988 multis
3480 4935 3803 4989 incredibiles
