  <div class='ocr_page' id='page_1' title='image "/cluster/home/n/w/nwhite01/storage/ocr_20150623/147/hvd.32044010574002/250.png"; bbox 0 0 3940 5382; ppageno 0'>
   <div class='ocr_carea' id='block_1_1' title="bbox 81 270 176 328">
    <p class='ocr_par' dir='ltr' id='par_1_1' title="bbox 81 270 176 328">
     <span class='ocr_line' id='line_1_1' title="bbox 81 270 176 328; baseline 0.042 -4"><span class='ocrx_word' id='word_1_1' title='bbox 81 270 176 328; x_wconf 67' lang='grc'><strong>439</strong></span> 
     </span>
    </p>
   </div>
   <div class='ocr_carea' id='block_1_2' title="bbox 1305 270 2055 337">
    <p class='ocr_par' dir='ltr' id='par_1_2' title="bbox 1305 270 2055 337">
     <span class='ocr_line' id='line_1_2' title="bbox 1305 270 2055 337; baseline 0.008 -12"><span class='ocrx_word' id='word_1_2' title='bbox 1305 272 1390 328; x_wconf 76' lang='lat' dir='ltr'><strong>DE</strong></span> <span class='ocrx_word' id='word_1_3' title='bbox 1432 274 1655 334; x_wconf 77' lang='lat' dir='ltr'><strong>BELLO</strong></span> <span class='ocrx_word' id='word_1_4' title='bbox 1692 270 2055 337; x_wconf 74' lang='lat' dir='ltr'><strong>SAXONICD.</strong></span> 
     </span>
    </p>
   </div>
   <div class='ocr_carea' id='block_1_3' title="bbox 3204 283 3319 340">
    <p class='ocr_par' dir='ltr' id='par_1_3' title="bbox 3204 283 3319 340">
     <span class='ocr_line' id='line_1_3' title="bbox 3204 283 3319 340; baseline 0.026 -3"><span class='ocrx_word' id='word_1_5' title='bbox 3204 283 3319 340; x_wconf 64' lang='lat'><strong>890-</strong></span> 
     </span>
    </p>
   </div>
   <div class='ocr_carea' id='block_1_4' title="bbox 78 389 3309 468">
    <p class='ocr_par' dir='ltr' id='par_1_4' title="bbox 78 389 3309 468">
     <span class='ocr_line' id='line_1_4' title="bbox 78 389 3309 468; baseline 0.004 -19"><span class='ocrx_word' id='word_1_6' title='bbox 78 408 295 450; x_wconf 73' lang='lat' dir='ltr'><strong>numero</strong></span> <span class='ocrx_word' id='word_1_7' title='bbox 314 393 418 450; x_wconf 70' lang='grc' dir='ltr'>ιω</span> <span class='ocrx_word' id='word_1_8' title='bbox 437 394 668 466; x_wconf 83' lang='lat' dir='ltr'><strong>signato.</strong></span> <span class='ocrx_word' id='word_1_9' title='bbox 691 392 844 462; x_wconf 78' lang='lat' dir='ltr'><strong>cuius</strong></span> <span class='ocrx_word' id='word_1_10' title='bbox 878 389 1135 451; x_wconf 84' lang='lat' dir='ltr'><strong>lectiones</strong></span> <span class='ocrx_word' id='word_1_11' title='bbox 1171 391 1434 448; x_wconf 62' lang='lat' dir='ltr'><strong>Waim-Ins</strong></span> <span class='ocrx_word' id='word_1_12' title='bbox 1456 402 1638 450; x_wconf 83' lang='lat' dir='ltr'><strong>noster</strong></span> <span class='ocrx_word' id='word_1_13' title='bbox 1667 402 1715 459; x_wconf 74' lang='grc' dir='ltr'>Λ</span> <span class='ocrx_word' id='word_1_14' title='bbox 1744 397 2006 468; x_wconf 78' lang='lat' dir='ltr'><strong>rigercm;</strong></span> <span class='ocrx_word' id='word_1_15' title='bbox 2072 396 2308 465; x_wconf 85' lang='lat' dir='ltr'><strong>capitum</strong></span> <span class='ocrx_word' id='word_1_16' title='bbox 2378 396 2639 454; x_wconf 78' lang='lat' dir='ltr'><strong>divisione</strong></span> <span class='ocrx_word' id='word_1_17' title='bbox 2714 399 3037 461; x_wconf 73' lang='lat' dir='ltr'><strong>auctoritate</strong></span> <span class='ocrx_word' id='word_1_18' title='bbox 3106 410 3309 461; x_wconf 72' lang='lat' dir='ltr'><strong>corticis</strong></span> 
     </span>
    </p>
   </div>
   <div class='ocr_carea' id='block_1_5' title="bbox 76 485 433 545">
    <p class='ocr_par' dir='ltr' id='par_1_5' title="bbox 76 485 433 545">
     <span class='ocr_line' id='line_1_5' title="bbox 76 485 433 545; baseline 0.006 -8"><span class='ocrx_word' id='word_1_19' title='bbox 76 502 104 537; x_wconf 86' lang='lat' dir='ltr'><strong>e</strong></span> <span class='ocrx_word' id='word_1_20' title='bbox 126 485 328 545; x_wconf 63' lang='grc' dir='ltr'>ιιιιίινίι.</span> <span class='ocrx_word' id='word_1_21' title='bbox 428 542 433 545; x_wconf 88' lang='lat'>_</span> 
     </span>
    </p>
   </div>
   <div class='ocr_carea' id='block_1_6' title="bbox 137 572 1645 645">
    <p class='ocr_par' dir='ltr' id='par_1_6' title="bbox 137 572 1645 645">
     <span class='ocr_line' id='line_1_6' title="bbox 137 572 1645 645; baseline 0.003 -16"><span class='ocrx_word' id='word_1_22' title='bbox 137 576 212 645; x_wconf 73' lang='grc' dir='ltr'><strong>ὅ.)</strong></span> <span class='ocrx_word' id='word_1_23' title='bbox 250 574 310 629; x_wconf 81' lang='lat' dir='ltr'><strong>lu</strong></span> <span class='ocrx_word' id='word_1_24' title='bbox 361 583 510 630; x_wconf 76' lang='lat' dir='ltr'><strong>textu</strong></span> <span class='ocrx_word' id='word_1_25' title='bbox 562 573 912 645; x_wconf 82' lang='lat' dir='ltr'><strong>epistularum</strong></span> <span class='ocrx_word' id='word_1_26' title='bbox 950 572 1192 645; x_wconf 77' lang='lat' dir='ltr'><strong>Gregorii</strong></span> <span class='ocrx_word' id='word_1_27' title='bbox 1245 574 1330 629; x_wconf 78' lang='lat' dir='ltr'><strong>Vll</strong></span> <span class='ocrx_word' id='word_1_28' title='bbox 1383 588 1534 643; x_wconf 58' lang='grc' dir='ltr'><strong>βψω</strong></span> <span class='ocrx_word' id='word_1_29' title='bbox 1580 583 1645 633; x_wconf 83' lang='lat' dir='ltr'><strong>et</strong></span> 
     </span>
    </p>
   </div>
   <div class='ocr_carea' id='block_1_7' title="bbox 78 664 1637 737">
    <p class='ocr_par' dir='ltr' id='par_1_7' title="bbox 78 664 1637 737">
     <span class='ocr_line' id='line_1_7' title="bbox 78 664 1637 737; baseline -0.001 -18"><span class='ocrx_word' id='word_1_30' title='bbox 78 667 293 720; x_wconf 69' lang='lat' dir='ltr'><strong>aliarum</strong></span> <span class='ocrx_word' id='word_1_31' title='bbox 322 667 681 732; x_wconf 89' lang='lat' dir='ltr'><strong>restituendo,</strong></span> <span class='ocrx_word' id='word_1_32' title='bbox 716 668 783 720; x_wconf 82' lang='lat' dir='ltr'><strong>ad</strong></span> <span class='ocrx_word' id='word_1_33' title='bbox 809 665 1114 737; x_wconf 78' lang='lat' dir='ltr'><strong>Registrum</strong></span> <span class='ocrx_word' id='word_1_34' title='bbox 1143 665 1388 735; x_wconf 75' lang='lat' dir='ltr'><strong>Gregorii</strong></span> <span class='ocrx_word' id='word_1_35' title='bbox 1411 675 1465 719; x_wconf 88' lang='lat' dir='ltr'><strong>et</strong></span> <span class='ocrx_word' id='word_1_36' title='bbox 1492 664 1637 718; x_wconf 85' lang='lat' dir='ltr'><strong>Pauli</strong></span> 
     </span>
    </p>
   </div>
   <div class='ocr_carea' id='block_1_8' title="bbox 76 754 1639 827">
    <p class='ocr_par' dir='ltr' id='par_1_8' title="bbox 76 754 1639 827">
     <span class='ocr_line' id='line_1_8' title="bbox 76 754 1639 827; baseline -0.001 -20"><span class='ocrx_word' id='word_1_37' title='bbox 76 755 475 810; x_wconf 74' lang='lat' dir='ltr'><strong>Bernriedensis</strong></span> <span class='ocrx_word' id='word_1_38' title='bbox 516 755 693 810; x_wconf 77' lang='lat' dir='ltr'><strong>Vitam</strong></span> <span class='ocrx_word' id='word_1_39' title='bbox 743 755 990 827; x_wconf 75' lang='lat' dir='ltr'><strong>Gregorii</strong></span> <span class='ocrx_word' id='word_1_40' title='bbox 1063 755 1145 809; x_wconf 73' lang='grc' dir='ltr'><strong>νυ</strong></span> <span class='ocrx_word' id='word_1_41' title='bbox 1194 754 1417 814; x_wconf 87' lang='lat' dir='ltr'><strong>recurri.</strong></span> <span class='ocrx_word' id='word_1_42' title='bbox 1468 761 1527 809; x_wconf 85' lang='lat' dir='ltr'><strong>et</strong></span> <span class='ocrx_word' id='word_1_43' title='bbox 1571 767 1639 808; x_wconf 76' lang='lat' dir='ltr'><strong>ex</strong></span> 
     </span>
    </p>
   </div>
   <div class='ocr_carea' id='block_1_9' title="bbox 74 844 1635 918">
    <p class='ocr_par' dir='ltr' id='par_1_9' title="bbox 74 844 1635 918">
     <span class='ocr_line' id='line_1_9' title="bbox 74 844 1635 918; baseline -0.001 -19"><span class='ocrx_word' id='word_1_44' title='bbox 74 849 244 900; x_wconf 75' lang='lat' dir='ltr'><strong>codice</strong></span> <span class='ocrx_word' id='word_1_45' title='bbox 268 846 579 902; x_wconf 84' lang='lat' dir='ltr'><strong>Trevireusi</strong></span> <span class='ocrx_word' id='word_1_46' title='bbox 604 849 759 903; x_wconf 84' lang='lat' dir='ltr'><strong>linem</strong></span> <span class='ocrx_word' id='word_1_47' title='bbox 792 846 1030 918; x_wconf 75' lang='lat' dir='ltr'><strong>epistola:</strong></span> <span class='ocrx_word' id='word_1_48' title='bbox 1053 848 1120 901; x_wconf 89' lang='lat' dir='ltr'><strong>ad</strong></span> <span class='ocrx_word' id='word_1_49' title='bbox 1144 844 1428 900; x_wconf 79' lang='lat' dir='ltr'><strong>Rodulfnm</strong></span> <span class='ocrx_word' id='word_1_50' title='bbox 1456 858 1635 914; x_wconf 89' lang='lat' dir='ltr'><strong>regem</strong></span> 
     </span>
    </p>
   </div>
   <div class='ocr_carea' id='block_1_10' title="bbox 76 939 536 1008">
    <p class='ocr_par' dir='ltr' id='par_1_10' title="bbox 76 939 536 1008">
     <span class='ocr_line' id='line_1_10' title="bbox 76 939 536 1008; baseline 0.002 -14"><span class='ocrx_word' id='word_1_51' title='bbox 76 941 277 1008; x_wconf 71' lang='lat' dir='ltr'><strong>scripta:</strong></span> <span class='ocrx_word' id='word_1_52' title='bbox 300 939 536 1008; x_wconf 72' lang='lat' dir='ltr'><strong>‘subjeci.</strong></span> 
     </span>
    </p>
   </div>
   <div class='ocr_carea' id='block_1_11' title="bbox 132 1026 1639 1096">
    <p class='ocr_par' dir='ltr' id='par_1_11' title="bbox 132 1026 1639 1096">
     <span class='ocr_line' id='line_1_11' title="bbox 132 1026 1639 1096; baseline -0.002 -11"><span class='ocrx_word' id='word_1_53' title='bbox 132 1030 334 1096; x_wconf 54' lang='lat' dir='ltr'><strong>(hibus</strong></span> <span class='ocrx_word' id='word_1_54' title='bbox 384 1031 643 1086; x_wconf 82' lang='lat' dir='ltr'><strong>subsidiis</strong></span> <span class='ocrx_word' id='word_1_55' title='bbox 690 1031 762 1085; x_wconf 86' lang='lat' dir='ltr'><strong>ita</strong></span> <span class='ocrx_word' id='word_1_56' title='bbox 817 1045 949 1086; x_wconf 88' lang='lat' dir='ltr'><strong>usus</strong></span> <span class='ocrx_word' id='word_1_57' title='bbox 1000 1044 1141 1094; x_wconf 85' lang='lat' dir='ltr'><strong>sum,</strong></span> <span class='ocrx_word' id='word_1_58' title='bbox 1193 1036 1252 1082; x_wconf 91' lang='lat' dir='ltr'><strong>ut</strong></span> <span class='ocrx_word' id='word_1_59' title='bbox 1305 1026 1546 1083; x_wconf 80' lang='lat' dir='ltr'><strong>codicem</strong></span> <span class='ocrx_word' id='word_1_60' title='bbox 1585 1026 1639 1091; x_wconf 77' lang='grc' dir='ltr'><strong>Ι,</strong></span> 
     </span>
    </p>
   </div>
   <div class='ocr_carea' id='block_1_12' title="bbox 75 1118 1641 1191">
    <p class='ocr_par' dir='ltr' id='par_1_12' title="bbox 75 1118 1641 1191">
     <span class='ocr_line' id='line_1_12' title="bbox 75 1118 1641 1191; baseline -0.003 -14"><span class='ocrx_word' id='word_1_61' title='bbox 75 1120 211 1187; x_wconf 81' lang='lat' dir='ltr'><strong>cujus</strong></span> <span class='ocrx_word' id='word_1_62' title='bbox 242 1121 398 1191; x_wconf 85' lang='lat' dir='ltr'><strong>copia</strong></span> <span class='ocrx_word' id='word_1_63' title='bbox 447 1121 578 1177; x_wconf 81' lang='lat' dir='ltr'><strong>mihi</strong></span> <span class='ocrx_word' id='word_1_64' title='bbox 603 1138 634 1175; x_wconf 85' lang='lat' dir='ltr'><strong>a</strong></span> <span class='ocrx_word' id='word_1_65' title='bbox 665 1122 798 1176; x_wconf 85' lang='lat' dir='ltr'><strong>viris</strong></span> <span class='ocrx_word' id='word_1_66' title='bbox 847 1120 1182 1175; x_wconf 80' lang='lat' dir='ltr'><strong>doctissimis</strong></span> <span class='ocrx_word' id='word_1_67' title='bbox 1206 1118 1343 1174; x_wconf 86' lang='lat' dir='ltr'><strong>etde</strong></span> <span class='ocrx_word' id='word_1_68' title='bbox 1370 1132 1429 1173; x_wconf 90' lang='lat' dir='ltr'><strong>re</strong></span> <span class='ocrx_word' id='word_1_69' title='bbox 1455 1127 1641 1172; x_wconf 75' lang='lat' dir='ltr'><strong>nostra</strong></span> 
     </span>
    </p>
   </div>
   <div class='ocr_carea' id='block_1_13' title="bbox 76 1206 1643 1267">
    <p class='ocr_par' dir='ltr' id='par_1_13' title="bbox 76 1206 1643 1267">
     <span class='ocr_line' id='line_1_13' title="bbox 76 1206 1643 1267; baseline -0.003 -2"><span class='ocrx_word' id='word_1_70' title='bbox 76 1208 194 1265; x_wconf 77' lang='lat' dir='ltr'><strong>bene</strong></span> <span class='ocrx_word' id='word_1_71' title='bbox 214 1210 427 1267; x_wconf 86' lang='lat' dir='ltr'><strong>meritis</strong></span> <span class='ocrx_word' id='word_1_72' title='bbox 466 1211 578 1265; x_wconf 88' lang='lat' dir='ltr'><strong>DD.</strong></span> <span class='ocrx_word' id='word_1_73' title='bbox 602 1211 829 1265; x_wconf 85' lang='lat' dir='ltr'><strong>Ernesto</strong></span> <span class='ocrx_word' id='word_1_74' title='bbox 878 1208 946 1265; x_wconf 91' lang='lat' dir='ltr'><strong>G.</strong></span> <span class='ocrx_word' id='word_1_75' title='bbox 987 1206 1255 1265; x_wconf 86' lang='lat' dir='ltr'><strong>Gersdorf</strong></span> <span class='ocrx_word' id='word_1_76' title='bbox 1295 1207 1643 1263; x_wconf 65' lang='lat' dir='ltr'><strong>bibliotheca</strong></span> 
     </span>
    </p>
   </div>
   <div class='ocr_carea' id='block_1_14' title="bbox 78 1296 1645 1371">
    <p class='ocr_par' dir='ltr' id='par_1_14' title="bbox 78 1296 1645 1371">
     <span class='ocr_line' id='line_1_14' title="bbox 78 1296 1645 1371; baseline 0 -19"><span class='ocrx_word' id='word_1_77' title='bbox 78 1299 431 1354; x_wconf 84' lang='lat' dir='ltr'><strong>univcrsitatis</strong></span> <span class='ocrx_word' id='word_1_78' title='bbox 473 1299 769 1370; x_wconf 83' lang='lat' dir='ltr'><strong>Lipsiensis</strong></span> <span class='ocrx_word' id='word_1_79' title='bbox 797 1298 1071 1371; x_wconf 63' lang='grc' dir='ltr'><strong>ιιι-πτερω,</strong></span> <span class='ocrx_word' id='word_1_80' title='bbox 1102 1308 1158 1354; x_wconf 90' lang='lat' dir='ltr'><strong>et</strong></span> <span class='ocrx_word' id='word_1_81' title='bbox 1186 1298 1428 1354; x_wconf 86' lang='lat' dir='ltr'><strong>Gustavo</strong></span> <span class='ocrx_word' id='word_1_82' title='bbox 1459 1296 1645 1352; x_wconf 58' lang='lat' dir='ltr'><strong>ilionei</strong></span> 
     </span>
    </p>
   </div>
   <div class='ocr_carea' id='block_1_15' title="bbox 78 1387 1641 1458">
    <p class='ocr_par' dir='ltr' id='par_1_15' title="bbox 78 1387 1641 1458">
     <span class='ocr_line' id='line_1_15' title="bbox 78 1387 1641 1458; baseline 0 -16"><span class='ocrx_word' id='word_1_83' title='bbox 78 1388 291 1458; x_wconf 77' lang='lat' dir='ltr'><strong>ejusdem</strong></span> <span class='ocrx_word' id='word_1_84' title='bbox 314 1394 565 1455; x_wconf 83' lang='lat' dir='ltr'><strong>custode,</strong></span> <span class='ocrx_word' id='word_1_85' title='bbox 612 1392 970 1447; x_wconf 78' lang='lat' dir='ltr'><strong>libentissime</strong></span> <span class='ocrx_word' id='word_1_86' title='bbox 1000 1390 1139 1446; x_wconf 83' lang='lat' dir='ltr'><strong>facta</strong></span> <span class='ocrx_word' id='word_1_87' title='bbox 1168 1399 1275 1455; x_wconf 88' lang='lat' dir='ltr'><strong>est,</strong></span> <span class='ocrx_word' id='word_1_88' title='bbox 1307 1387 1641 1445; x_wconf 79' lang='lat' dir='ltr'><strong>fundamenti</strong></span> 
     </span>
    </p>
   </div>
   <div class='ocr_carea' id='block_1_16' title="bbox 75 1480 1643 1553">
    <p class='ocr_par' dir='ltr' id='par_1_16' title="bbox 75 1480 1643 1553">
     <span class='ocr_line' id='line_1_16' title="bbox 75 1480 1643 1553; baseline 0 -17"><span class='ocrx_word' id='word_1_89' title='bbox 75 1484 178 1539; x_wconf 87' lang='lat' dir='ltr'><strong>loco</strong></span> <span class='ocrx_word' id='word_1_90' title='bbox 232 1500 520 1553; x_wconf 85' lang='lat' dir='ltr'><strong>ponerem,</strong></span> <span class='ocrx_word' id='word_1_91' title='bbox 579 1493 794 1541; x_wconf 90' lang='lat' dir='ltr'><strong>etcum</strong></span> <span class='ocrx_word' id='word_1_92' title='bbox 862 1484 917 1539; x_wconf 89' lang='lat' dir='ltr'><strong>in</strong></span> <span class='ocrx_word' id='word_1_93' title='bbox 974 1482 1273 1539; x_wconf 82' lang='lat' dir='ltr'><strong>scribendis</strong></span> <span class='ocrx_word' id='word_1_94' title='bbox 1332 1480 1643 1537; x_wconf 76' lang='lat' dir='ltr'><strong>nominibus</strong></span> 
     </span>
    </p>
   </div>
   <div class='ocr_carea' id='block_1_17' title="bbox 78 1574 1639 1648">
    <p class='ocr_par' dir='ltr' id='par_1_17' title="bbox 78 1574 1639 1648">
     <span class='ocr_line' id='line_1_17' title="bbox 78 1574 1639 1648; baseline -0.001 -21"><span class='ocrx_word' id='word_1_95' title='bbox 78 1575 438 1648; x_wconf 78' lang='lat' dir='ltr'><strong>pmpriis(t7)</strong></span> <span class='ocrx_word' id='word_1_96' title='bbox 473 1584 583 1630; x_wconf 90' lang='lat' dir='ltr'><strong>tum</strong></span> <span class='ocrx_word' id='word_1_97' title='bbox 630 1575 749 1631; x_wconf 90' lang='lat' dir='ltr'><strong>aliis</strong></span> <span class='ocrx_word' id='word_1_98' title='bbox 783 1575 838 1631; x_wconf 93' lang='lat' dir='ltr'><strong>in</strong></span> <span class='ocrx_word' id='word_1_99' title='bbox 894 1574 1031 1631; x_wconf 87' lang='lat' dir='ltr'><strong>locis</strong></span> <span class='ocrx_word' id='word_1_100' title='bbox 1083 1574 1173 1630; x_wconf 90' lang='lat' dir='ltr'><strong>ubi</strong></span> <span class='ocrx_word' id='word_1_101' title='bbox 1230 1586 1455 1628; x_wconf 82' lang='lat' dir='ltr'><strong>necesse</strong></span> <span class='ocrx_word' id='word_1_102' title='bbox 1501 1578 1639 1634; x_wconf 89' lang='lat' dir='ltr'><strong>erat,</strong></span> 
     </span>
    </p>
   </div>
   <div class='ocr_carea' id='block_1_18' title="bbox 78 1662 1645 1736">
    <p class='ocr_par' dir='ltr' id='par_1_18' title="bbox 78 1662 1645 1736">
     <span class='ocr_line' id='line_1_18' title="bbox 78 1662 1645 1736; baseline -0.001 -21"><span class='ocrx_word' id='word_1_103' title='bbox 78 1664 410 1733; x_wconf 79' lang='lat' dir='ltr'><strong>reliquorum,</strong></span> <span class='ocrx_word' id='word_1_104' title='bbox 455 1665 725 1736; x_wconf 70' lang='lat' dir='ltr'><strong>prmeipue</strong></span> <span class='ocrx_word' id='word_1_105' title='bbox 770 1664 1052 1720; x_wconf 68' lang='lat' dir='ltr'><strong>annalists:</strong></span> <span class='ocrx_word' id='word_1_106' title='bbox 1087 1662 1321 1720; x_wconf 75' lang='lat' dir='ltr'><strong>Saxonis</strong></span> <span class='ocrx_word' id='word_1_107' title='bbox 1343 1675 1467 1731; x_wconf 88' lang='lat' dir='ltr'><strong>ope,</strong></span> <span class='ocrx_word' id='word_1_108' title='bbox 1520 1674 1645 1715; x_wconf 86' lang='lat' dir='ltr'><strong>cor-</strong></span> 
     </span>
    </p>
   </div>
   <div class='ocr_carea' id='block_1_19' title="bbox 1738 484 2323 555">
    <p class='ocr_par' dir='ltr' id='par_1_19' title="bbox 1738 484 2323 555">
     <span class='ocr_line' id='line_1_19' title="bbox 1738 484 2323 555; baseline 0 -14"><span class='ocrx_word' id='word_1_109' title='bbox 1738 484 2036 555; x_wconf 83' lang='lat' dir='ltr'><strong>Llpsiensis</strong></span> <span class='ocrx_word' id='word_1_110' title='bbox 2056 486 2323 541; x_wconf 86' lang='lat' dir='ltr'><strong>instituta.</strong></span> 
     </span>
    </p>
   </div>
   <div class='ocr_carea' id='block_1_20' title="bbox 1807 577 3311 648">
    <p class='ocr_par' dir='ltr' id='par_1_20' title="bbox 1807 577 3311 648">
     <span class='ocr_line' id='line_1_20' title="bbox 1807 577 3311 648; baseline 0 -11"><span class='ocrx_word' id='word_1_111' title='bbox 1807 577 2087 637; x_wconf 75' lang='lat' dir='ltr'><strong>Prodiemt</strong></span> <span class='ocrx_word' id='word_1_112' title='bbox 2114 577 2293 634; x_wconf 79' lang='lat' dir='ltr'><strong>Bruno</strong></span> <span class='ocrx_word' id='word_1_113' title='bbox 2322 579 2551 648; x_wconf 83' lang='lat' dir='ltr'><strong>primum</strong></span> <span class='ocrx_word' id='word_1_114' title='bbox 2591 595 2734 635; x_wconf 88' lang='lat' dir='ltr'><strong>anno</strong></span> <span class='ocrx_word' id='word_1_115' title='bbox 2778 581 2912 634; x_wconf 68' lang='lat' dir='ltr'><strong>l6£l0</strong></span> <span class='ocrx_word' id='word_1_116' title='bbox 2935 580 3132 637; x_wconf 78' lang='lat' dir='ltr'><strong>edente</strong></span> <span class='ocrx_word' id='word_1_117' title='bbox 3173 582 3311 637; x_wconf 70' lang='lat' dir='ltr'><strong>Mar-</strong></span> 
     </span>
    </p>
   </div>
   <div class='ocr_carea' id='block_1_21' title="bbox 1737 667 3307 737">
    <p class='ocr_par' dir='ltr' id='par_1_21' title="bbox 1737 667 3307 737">
     <span class='ocr_line' id='line_1_21' title="bbox 1737 667 3307 737; baseline 0.003 -16"><span class='ocrx_word' id='word_1_118' title='bbox 1737 667 1948 737; x_wconf 86' lang='lat' dir='ltr'><strong>quardo</strong></span> <span class='ocrx_word' id='word_1_119' title='bbox 2002 667 2280 733; x_wconf 83' lang='lat' dir='ltr'><strong>Frebero,</strong></span> <span class='ocrx_word' id='word_1_120' title='bbox 2333 668 2477 721; x_wconf 86' lang='lat' dir='ltr'><strong>inter</strong></span> <span class='ocrx_word' id='word_1_121' title='bbox 2519 667 2617 723; x_wconf 85' lang='lat' dir='ltr'><strong>SS.</strong></span> <span class='ocrx_word' id='word_1_122' title='bbox 2669 668 2851 724; x_wconf 86' lang='lat' dir='ltr'><strong>Germ.</strong></span> <span class='ocrx_word' id='word_1_123' title='bbox 2882 676 2929 725; x_wconf 91' lang='lat' dir='ltr'><strong>t.</strong></span> <span class='ocrx_word' id='word_1_124' title='bbox 2978 670 3036 737; x_wconf 71' lang='grc' dir='ltr'><strong>Ι,</strong></span> <span class='ocrx_word' id='word_1_125' title='bbox 3074 670 3307 737; x_wconf 72' lang='grc' dir='ltr'><strong>99-155ς</strong></span> 
     </span>
    </p>
   </div>
   <div class='ocr_carea' id='block_1_22' title="bbox 1738 756 3314 838">
    <p class='ocr_par' dir='ltr' id='par_1_22' title="bbox 1738 756 3314 838">
     <span class='ocr_line' id='line_1_22' title="bbox 1738 756 3314 838; baseline 0.001 -23"><span class='ocrx_word' id='word_1_126' title='bbox 1738 767 1920 815; x_wconf 74' lang='lat' dir='ltr'><strong>textus</strong></span> <span class='ocrx_word' id='word_1_127' title='bbox 1946 758 2263 838; x_wconf 75' lang='lat' dir='ltr'><strong>esteodicis</strong></span> <span class='ocrx_word' id='word_1_128' title='bbox 2309 756 2604 829; x_wconf 72' lang='lat' dir='ltr'><strong>Lipsiensis</strong></span> <span class='ocrx_word' id='word_1_129' title='bbox 2628 799 2642 822; x_wconf 89' lang='lat'><strong>,</strong></span> <span class='ocrx_word' id='word_1_130' title='bbox 2673 759 2765 815; x_wconf 88' lang='lat' dir='ltr'><strong>sed</strong></span> <span class='ocrx_word' id='word_1_131' title='bbox 2811 774 2952 828; x_wconf 58' lang='lat' dir='ltr'><strong>saepe</strong></span> <span class='ocrx_word' id='word_1_132' title='bbox 2992 759 3134 813; x_wconf 87' lang='lat' dir='ltr'><strong>haud</strong></span> <span class='ocrx_word' id='word_1_133' title='bbox 3174 760 3314 817; x_wconf 81' lang='lat' dir='ltr'><strong>bene</strong></span> 
     </span>
    </p>
   </div>
   <div class='ocr_carea' id='block_1_23' title="bbox 1738 850 3307 924">
    <p class='ocr_par' dir='ltr' id='par_1_23' title="bbox 1738 850 3307 924">
     <span class='ocr_line' id='line_1_23' title="bbox 1738 850 3307 924; baseline -0.002 -14"><span class='ocrx_word' id='word_1_134' title='bbox 1738 854 2024 917; x_wconf 87' lang='lat' dir='ltr'><strong>euodatus,</strong></span> <span class='ocrx_word' id='word_1_135' title='bbox 2045 860 2099 907; x_wconf 92' lang='lat' dir='ltr'><strong>et</strong></span> <span class='ocrx_word' id='word_1_136' title='bbox 2123 852 2320 921; x_wconf 60' lang='lat' dir='ltr'><strong>sapius</strong></span> <span class='ocrx_word' id='word_1_137' title='bbox 2347 866 2415 906; x_wconf 79' lang='lat' dir='ltr'><strong>ex</strong></span> <span class='ocrx_word' id='word_1_138' title='bbox 2441 851 2708 906; x_wconf 64' lang='lat' dir='ltr'><strong>Chronico</strong></span> <span class='ocrx_word' id='word_1_139' title='bbox 2731 850 3174 922; x_wconf 74' lang='lat' dir='ltr'><strong>Mngzleburgensi</strong></span> <span class='ocrx_word' id='word_1_140' title='bbox 3196 852 3307 924; x_wconf 74' lang='lat'><strong>(18)</strong></span> 
     </span>
    </p>
   </div>
   <div class='ocr_carea' id='block_1_24' title="bbox 1739 939 3311 1013">
    <p class='ocr_par' dir='ltr' id='par_1_24' title="bbox 1739 939 3311 1013">
     <span class='ocr_line' id='line_1_24' title="bbox 1739 939 3311 1013; baseline 0.001 -16"><span class='ocrx_word' id='word_1_141' title='bbox 1739 951 1919 998; x_wconf 71' lang='lat' dir='ltr'><strong>ante:</strong></span> <span class='ocrx_word' id='word_1_142' title='bbox 1954 942 2263 1013; x_wconf 87' lang='lat' dir='ltr'><strong>conjectura</strong></span> <span class='ocrx_word' id='word_1_143' title='bbox 2300 940 2567 1011; x_wconf 81' lang='lat' dir='ltr'><strong>probabili</strong></span> <span class='ocrx_word' id='word_1_144' title='bbox 2600 948 2894 995; x_wconf 66' lang='lat' dir='ltr'><strong>correctus.</strong></span> <span class='ocrx_word' id='word_1_145' title='bbox 2922 939 3037 1008; x_wconf 86' lang='lat' dir='ltr'><strong>Qua</strong></span> <span class='ocrx_word' id='word_1_146' title='bbox 3073 939 3311 998; x_wconf 84' lang='lat' dir='ltr'><strong>editione</strong></span> 
     </span>
    </p>
   </div>
   <div class='ocr_carea' id='block_1_25' title="bbox 1739 1029 3311 1103">
    <p class='ocr_par' dir='ltr' id='par_1_25' title="bbox 1739 1029 3311 1103">
     <span class='ocr_line' id='line_1_25' title="bbox 1739 1029 3311 1103; baseline 0.001 -15"><span class='ocrx_word' id='word_1_147' title='bbox 1739 1049 1790 1088; x_wconf 88' lang='lat' dir='ltr'><strong>a.</strong></span> <span class='ocrx_word' id='word_1_148' title='bbox 1835 1032 1969 1089; x_wconf 80' lang='grc'><strong>1717</strong></span> <span class='ocrx_word' id='word_1_149' title='bbox 2020 1034 2286 1103; x_wconf 85' lang='lat' dir='ltr'><strong>repetita,</strong></span> <span class='ocrx_word' id='word_1_150' title='bbox 2326 1032 2636 1087; x_wconf 76' lang='lat' dir='ltr'><strong>Burcardos</strong></span> <span class='ocrx_word' id='word_1_151' title='bbox 2677 1029 3002 1088; x_wconf 88' lang='lat' dir='ltr'><strong>Gottbelllus</strong></span> <span class='ocrx_word' id='word_1_152' title='bbox 3057 1032 3311 1090; x_wconf 79' lang='lat' dir='ltr'><strong>Struvius</strong></span> 
     </span>
    </p>
   </div>
   <div class='ocr_carea' id='block_1_26' title="bbox 1738 1122 3313 1194">
    <p class='ocr_par' dir='ltr' id='par_1_26' title="bbox 1738 1122 3313 1194">
     <span class='ocr_line' id='line_1_26' title="bbox 1738 1122 3313 1194; baseline 0.001 -16"><span class='ocrx_word' id='word_1_153' title='bbox 1738 1124 1859 1181; x_wconf 76' lang='lat' dir='ltr'><strong>loca</strong></span> <span class='ocrx_word' id='word_1_154' title='bbox 1876 1124 2129 1179; x_wconf 75' lang='lat' dir='ltr'><strong>nonnulla</strong></span> <span class='ocrx_word' id='word_1_155' title='bbox 2146 1123 2396 1179; x_wconf 78' lang='lat' dir='ltr'><strong>adhibito</strong></span> <span class='ocrx_word' id='word_1_156' title='bbox 2412 1122 2608 1178; x_wconf 69' lang='lat' dir='ltr'><strong>iterum</strong></span> <span class='ocrx_word' id='word_1_157' title='bbox 2630 1122 2817 1179; x_wconf 86' lang='lat' dir='ltr'><strong>codice</strong></span> <span class='ocrx_word' id='word_1_158' title='bbox 2838 1122 3106 1194; x_wconf 77' lang='lat' dir='ltr'><strong>Lipsiensi</strong></span> <span class='ocrx_word' id='word_1_159' title='bbox 3127 1138 3313 1179; x_wconf 81' lang='lat' dir='ltr'><strong>emen-</strong></span> 
     </span>
    </p>
   </div>
   <div class='ocr_carea' id='block_1_27' title="bbox 1739 1214 3311 1285">
    <p class='ocr_par' dir='ltr' id='par_1_27' title="bbox 1739 1214 3311 1285">
     <span class='ocr_line' id='line_1_27' title="bbox 1739 1214 3311 1285; baseline -0.003 -12"><span class='ocrx_word' id='word_1_160' title='bbox 1739 1218 1912 1283; x_wconf 88' lang='lat' dir='ltr'><strong>davit,</strong></span> <span class='ocrx_word' id='word_1_161' title='bbox 1941 1217 2045 1273; x_wconf 88' lang='lat' dir='ltr'><strong>alia</strong></span> <span class='ocrx_word' id='word_1_162' title='bbox 2076 1226 2252 1273; x_wconf 82' lang='lat' dir='ltr'><strong>tamen</strong></span> <span class='ocrx_word' id='word_1_163' title='bbox 2277 1216 2486 1271; x_wconf 77' lang='lat' dir='ltr'><strong>vitiavit</strong></span> <span class='ocrx_word' id='word_1_164' title='bbox 2506 1214 2895 1285; x_wconf 84' lang='lat' dir='ltr'><strong>(l9).Quarum</strong></span> <span class='ocrx_word' id='word_1_165' title='bbox 2929 1230 3049 1285; x_wconf 86' lang='lat' dir='ltr'><strong>cum</strong></span> <span class='ocrx_word' id='word_1_166' title='bbox 3075 1214 3311 1271; x_wconf 82' lang='lat' dir='ltr'><strong>editione</strong></span> 
     </span>
    </p>
   </div>
   <div class='ocr_carea' id='block_1_28' title="bbox 1741 1305 3309 1376">
    <p class='ocr_par' dir='ltr' id='par_1_28' title="bbox 1741 1305 3309 1376">
     <span class='ocr_line' id='line_1_28' title="bbox 1741 1305 3309 1376; baseline -0.005 -10"><span class='ocrx_word' id='word_1_167' title='bbox 1741 1319 1924 1366; x_wconf 88' lang='lat' dir='ltr'><strong>nostra</strong></span> <span class='ocrx_word' id='word_1_168' title='bbox 1953 1308 2189 1374; x_wconf 85' lang='lat' dir='ltr'><strong>collatio,</strong></span> <span class='ocrx_word' id='word_1_169' title='bbox 2213 1307 2367 1362; x_wconf 86' lang='lat' dir='ltr'><strong>nobis</strong></span> <span class='ocrx_word' id='word_1_170' title='bbox 2397 1319 2608 1376; x_wconf 80' lang='lat' dir='ltr'><strong>quoque</strong></span> <span class='ocrx_word' id='word_1_171' title='bbox 2646 1319 2753 1358; x_wconf 88' lang='lat' dir='ltr'><strong>non</strong></span> <span class='ocrx_word' id='word_1_172' title='bbox 2785 1319 2954 1374; x_wconf 81' lang='lat' dir='ltr'><strong>pauca</strong></span> <span class='ocrx_word' id='word_1_173' title='bbox 2976 1305 3309 1360; x_wconf 83' lang='lat' dir='ltr'><strong>emendanda</strong></span> 
     </span>
    </p>
   </div>
   <div class='ocr_carea' id='block_1_29' title="bbox 1741 1400 2421 1458">
    <p class='ocr_par' dir='ltr' id='par_1_29' title="bbox 1741 1400 2421 1458">
     <span class='ocr_line' id='line_1_29' title="bbox 1741 1400 2421 1458; baseline -0.007 0"><span class='ocrx_word' id='word_1_174' title='bbox 1741 1403 1929 1458; x_wconf 88' lang='lat' dir='ltr'><strong>relicta</strong></span> <span class='ocrx_word' id='word_1_175' title='bbox 1966 1402 2132 1457; x_wconf 81' lang='lat' dir='ltr'><strong>fuisse</strong></span> <span class='ocrx_word' id='word_1_176' title='bbox 2153 1400 2421 1456; x_wconf 85' lang='lat' dir='ltr'><strong>ostendet.</strong></span> 
     </span>
    </p>
   </div>
   <div class='ocr_carea' id='block_1_30' title="bbox 1810 1482 3311 1555">
    <p class='ocr_par' dir='ltr' id='par_1_30' title="bbox 1810 1482 3311 1555">
     <span class='ocr_line' id='line_1_30' title="bbox 1810 1482 3311 1555; baseline -0.006 -8"><span class='ocrx_word' id='word_1_177' title='bbox 1810 1494 1993 1547; x_wconf 84' lang='lat' dir='ltr'><strong>Bruno</strong></span> <span class='ocrx_word' id='word_1_178' title='bbox 2025 1490 2233 1548; x_wconf 86' lang='lat' dir='ltr'><strong>initium</strong></span> <span class='ocrx_word' id='word_1_179' title='bbox 2263 1489 2388 1544; x_wconf 82' lang='lat' dir='ltr'><strong>anni</strong></span> <span class='ocrx_word' id='word_1_180' title='bbox 2427 1503 2458 1543; x_wconf 89' lang='lat' dir='ltr'><strong>a</strong></span> <span class='ocrx_word' id='word_1_181' title='bbox 2493 1486 2788 1542; x_wconf 71' lang='lat' dir='ltr'><strong>Nativitate</strong></span> <span class='ocrx_word' id='word_1_182' title='bbox 2826 1482 3043 1540; x_wconf 75' lang='lat' dir='ltr'><strong>Domini</strong></span> <span class='ocrx_word' id='word_1_183' title='bbox 3092 1498 3311 1555; x_wconf 77' lang='lat' dir='ltr'><strong>compu-</strong></span> 
     </span>
    </p>
   </div>
   <div class='ocr_carea' id='block_1_31' title="bbox 1742 1582 1986 1654">
    <p class='ocr_par' dir='ltr' id='par_1_31' title="bbox 1742 1582 1986 1654">
     <span class='ocr_line' id='line_1_31' title="bbox 1742 1582 1986 1654; baseline -0.012 -15"><span class='ocrx_word' id='word_1_184' title='bbox 1742 1591 1821 1640; x_wconf 90' lang='lat' dir='ltr'><strong>tat</strong></span> <span class='ocrx_word' id='word_1_185' title='bbox 1850 1582 1986 1654; x_wconf 68' lang='lat'><strong>(20).</strong></span> 
     </span>
    </p>
   </div>
   <div class='ocr_carea' id='block_1_32' title="bbox 96 1766 3308 1811">
    <p class='ocr_par' dir='ltr' id='par_1_32' title="bbox 96 1766 3308 1811">
     <span class='ocr_line' id='line_1_32' title="bbox 96 1766 3308 1811; baseline -0.003 -15"><span class='ocrx_word' id='word_1_186' title='bbox 96 1766 3308 1811; x_wconf 61' lang='lat' dir='ltr'><strong>Mm</strong></span> 
     </span>
    </p>
   </div>
   <div class='ocr_carea' id='block_1_33' title="bbox 1190 1873 2154 2042">
    <p class='ocr_par' dir='ltr' id='par_1_33' title="bbox 1190 1873 2154 2042">
     <span class='ocr_line' id='line_1_33' title="bbox 1190 1873 2154 2042; baseline -0.015 2"><span class='ocrx_word' id='word_1_187' title='bbox 1190 1884 1699 2042; x_wconf 81' lang='lat' dir='ltr'><strong>BRUN</strong></span> <span class='ocrx_word' id='word_1_188' title='bbox 1710 1879 1968 2036; x_wconf 87' lang='lat' dir='ltr'><strong>ON</strong></span> <span class='ocrx_word' id='word_1_189' title='bbox 1974 1873 2154 2031; x_wconf 87' lang='lat' dir='ltr'><strong>IS</strong></span> 
     </span>
    </p>
   </div>
   <div class='ocr_carea' id='block_1_34' title="bbox 584 2121 2863 2271">
    <p class='ocr_par' dir='ltr' id='par_1_34' title="bbox 584 2121 2863 2271">
     <span class='ocr_line' id='line_1_34' title="bbox 584 2121 2863 2271; baseline -0.011 0"><span class='ocrx_word' id='word_1_190' title='bbox 584 2142 1055 2271; x_wconf 75' lang='lat' dir='ltr'><strong>LIBER</strong></span> <span class='ocrx_word' id='word_1_191' title='bbox 1110 2140 1307 2266; x_wconf 91' lang='lat' dir='ltr'><strong>DE</strong></span> <span class='ocrx_word' id='word_1_192' title='bbox 1395 2128 1899 2265; x_wconf 90' lang='lat' dir='ltr'><strong>BELLO</strong></span> <span class='ocrx_word' id='word_1_193' title='bbox 1988 2121 2863 2254; x_wconf 39' lang='lat' dir='ltr'><strong>SAXONICO.»</strong></span> 
     </span>
    </p>
   </div>
   <div class='ocr_carea' id='block_1_35' title="bbox 833 2357 2572 2535">
    <p class='ocr_par' dir='ltr' id='par_1_35' title="bbox 833 2357 2572 2499">
     <span class='ocr_line' id='line_1_35' title="bbox 833 2357 2572 2499; baseline -0.012 -33"><span class='ocrx_word' id='word_1_194' title='bbox 833 2368 1459 2468; x_wconf 73' lang='lat' dir='ltr'><strong>PROLOGUS</strong></span> <span class='ocrx_word' id='word_1_195' title='bbox 1528 2358 2102 2499; x_wconf 82' lang='lat' dir='ltr'><strong>SAXQNICI</strong></span> <span class='ocrx_word' id='word_1_196' title='bbox 2179 2357 2572 2447; x_wconf 83' lang='lat' dir='ltr'><strong>BELLI.</strong></span> 
     </span>
    </p>
   </div>
   <div class='ocr_carea' id='block_1_36' title="bbox 139 2587 3314 2676">
    <p class='ocr_par' dir='ltr' id='par_1_36' title="bbox 139 2587 3314 2676">
     <span class='ocr_line' id='line_1_36' title="bbox 139 2587 3314 2676; baseline -0.006 -9"><span class='ocrx_word' id='word_1_197' title='bbox 139 2612 349 2667; x_wconf 70' lang='lat' dir='ltr'><strong>nomine</strong></span> <span class='ocrx_word' id='word_1_198' title='bbox 371 2625 478 2667; x_wconf 88' lang='lat' dir='ltr'><strong>suo</strong></span> <span class='ocrx_word' id='word_1_199' title='bbox 509 2604 885 2673; x_wconf 84' lang='lat' dir='ltr'><strong>dilectissimo,</strong></span> <span class='ocrx_word' id='word_1_200' title='bbox 912 2617 1187 2676; x_wconf 77' lang='lat' dir='ltr'><strong>nunquam</strong></span> <span class='ocrx_word' id='word_1_201' title='bbox 1216 2602 1335 2658; x_wconf 87' lang='lat' dir='ltr'><strong>sine</strong></span> <span class='ocrx_word' id='word_1_202' title='bbox 1361 2598 1449 2671; x_wconf 83' lang='lat' dir='ltr'><strong>pia</strong></span> <span class='ocrx_word' id='word_1_203' title='bbox 1474 2613 1636 2655; x_wconf 82' lang='lat' dir='ltr'><strong>vene-</strong></span> <span class='ocrx_word' id='word_1_204' title='bbox 1667 2601 1712 2661; x_wconf 77' lang='grc' dir='ltr'><strong><em>Β</em></strong></span> <span class='ocrx_word' id='word_1_205' title='bbox 1738 2595 1867 2651; x_wconf 88' lang='lat' dir='ltr'><strong>dum</strong></span> <span class='ocrx_word' id='word_1_206' title='bbox 1889 2592 2158 2646; x_wconf 86' lang='lat' dir='ltr'><strong>tinearum</strong></span> <span class='ocrx_word' id='word_1_207' title='bbox 2180 2587 2452 2644; x_wconf 83' lang='lat' dir='ltr'><strong>morsibus</strong></span> <span class='ocrx_word' id='word_1_208' title='bbox 2464 2587 2546 2644; x_wconf 86' lang='lat' dir='ltr'><strong>vel</strong></span> <span class='ocrx_word' id='word_1_209' title='bbox 2574 2587 2768 2644; x_wconf 73' lang='lat' dir='ltr'><strong>scabra</strong></span> <span class='ocrx_word' id='word_1_210' title='bbox 2794 2589 3047 2660; x_wconf 78' lang='lat' dir='ltr'><strong>rubigine</strong></span> <span class='ocrx_word' id='word_1_211' title='bbox 3068 2606 3314 2665; x_wconf 77' lang='lat' dir='ltr'><strong>corrosa,</strong></span> 
     </span>
    </p>
   </div>
   <div class='ocr_carea' id='block_1_37' title="bbox 88 2693 1636 2768">
    <p class='ocr_par' dir='ltr' id='par_1_37' title="bbox 88 2693 1636 2768">
     <span class='ocr_line' id='line_1_37' title="bbox 88 2693 1636 2768; baseline -0.006 -9"><span class='ocrx_word' id='word_1_212' title='bbox 88 2706 265 2761; x_wconf 79' lang='lat' dir='ltr'><strong>ratione</strong></span> <span class='ocrx_word' id='word_1_213' title='bbox 318 2704 695 2768; x_wconf 83' lang='lat' dir='ltr'><strong>nominando,</strong></span> <span class='ocrx_word' id='word_1_214' title='bbox 745 2700 1071 2757; x_wconf 85' lang='lat' dir='ltr'><strong>Werinbero</strong></span> <span class='ocrx_word' id='word_1_215' title='bbox 1100 2696 1137 2753; x_wconf 72' lang='grc'><strong>,³</strong></span> <span class='ocrx_word' id='word_1_216' title='bbox 1173 2704 1376 2753; x_wconf 81' lang='lat' dir='ltr'><strong>sanctae</strong></span> <span class='ocrx_word' id='word_1_217' title='bbox 1432 2693 1636 2750; x_wconf 73' lang='lat' dir='ltr'><strong>Merse-</strong></span> 
     </span>
    </p>
   </div>
   <div class='ocr_carea' id='block_1_38' title="bbox 89 2781 1638 2869">
    <p class='ocr_par' dir='ltr' id='par_1_38' title="bbox 89 2781 1638 2869">
     <span class='ocr_line' id='line_1_38' title="bbox 89 2781 1638 2869; baseline -0.008 -18"><span class='ocrx_word' id='word_1_218' title='bbox 89 2799 337 2869; x_wconf 82' lang='lat' dir='ltr'><strong>burgensis</strong></span> <span class='ocrx_word' id='word_1_219' title='bbox 371 2795 637 2852; x_wconf 78' lang='lat' dir='ltr'><strong>Ecclesia:</strong></span> <span class='ocrx_word' id='word_1_220' title='bbox 687 2792 901 2865; x_wconf 62' lang='lat' dir='ltr'><strong>prasuli</strong></span> <span class='ocrx_word' id='word_1_221' title='bbox 928 2789 1256 2854; x_wconf 87' lang='lat' dir='ltr'><strong>venerando,</strong></span> <span class='ocrx_word' id='word_1_222' title='bbox 1280 2781 1638 2853; x_wconf 65' lang='lat' dir='ltr'><strong>Bruno,&#39;licet</strong></span> 
     </span>
    </p>
   </div>
   <div class='ocr_carea' id='block_1_39' title="bbox 90 2877 1638 2959">
    <p class='ocr_par' dir='ltr' id='par_1_39' title="bbox 90 2877 1638 2959">
     <span class='ocr_line' id='line_1_39' title="bbox 90 2877 1638 2959; baseline -0.007 -16"><span class='ocrx_word' id='word_1_223' title='bbox 90 2890 342 2959; x_wconf 73' lang='lat' dir='ltr'><strong>perexigua</strong></span> <span class='ocrx_word' id='word_1_224' title='bbox 370 2902 490 2943; x_wconf 71' lang='lat' dir='ltr'><strong>sate</strong></span> <span class='ocrx_word' id='word_1_225' title='bbox 520 2895 702 2941; x_wconf 87' lang='lat' dir='ltr'><strong>tamen</strong></span> <span class='ocrx_word' id='word_1_226' title='bbox 736 2885 954 2942; x_wconf 73' lang='lat' dir='ltr'><strong>familia:</strong></span> <span class='ocrx_word' id='word_1_227' title='bbox 985 2883 1181 2956; x_wconf 91' lang='lat' dir='ltr'><strong>portio,</strong></span> <span class='ocrx_word' id='word_1_228' title='bbox 1208 2879 1476 2953; x_wconf 85' lang='lat' dir='ltr'><strong>quidquid</strong></span> <span class='ocrx_word' id='word_1_229' title='bbox 1496 2877 1638 2934; x_wconf 88' lang='lat' dir='ltr'><strong>valet</strong></span> 
     </span>
    </p>
   </div>
   <div class='ocr_carea' id='block_1_40' title="bbox 89 2975 1351 3047">
    <p class='ocr_par' dir='ltr' id='par_1_40' title="bbox 89 2975 1351 3047">
     <span class='ocr_line' id='line_1_40' title="bbox 89 2975 1351 3047; baseline 0.002 -17"><span class='ocrx_word' id='word_1_230' title='bbox 89 2975 286 3034; x_wconf 81' lang='lat' dir='ltr'><strong>hominis</strong></span> <span class='ocrx_word' id='word_1_231' title='bbox 305 2979 600 3047; x_wconf 85' lang='lat' dir='ltr'><strong>utriusque</strong></span> <span class='ocrx_word' id='word_1_232' title='bbox 624 2976 861 3033; x_wconf 77' lang='lat' dir='ltr'><strong>devotio.</strong></span> <span class='ocrx_word' id='word_1_233' title='bbox 1348 2976 1351 2983; x_wconf 88' lang='grc'><em>’</em></span> 
     </span>
    </p>
   </div>
   <div class='ocr_carea' id='block_1_41' title="bbox 144 3055 1634 3136">
    <p class='ocr_par' dir='ltr' id='par_1_41' title="bbox 144 3055 1634 3136">
     <span class='ocr_line' id='line_1_41' title="bbox 144 3055 1634 3136; baseline -0.006 -16"><span class='ocrx_word' id='word_1_234' title='bbox 144 3066 271 3121; x_wconf 88' lang='lat' dir='ltr'><strong>Inter</strong></span> <span class='ocrx_word' id='word_1_235' title='bbox 292 3082 413 3122; x_wconf 88' lang='lat' dir='ltr'><strong>eum</strong></span> <span class='ocrx_word' id='word_1_236' title='bbox 443 3067 545 3136; x_wconf 83' lang='lat' dir='ltr'><strong>qui</strong></span> <span class='ocrx_word' id='word_1_237' title='bbox 575 3081 772 3121; x_wconf 89' lang='lat' dir='ltr'><strong>munus</strong></span> <span class='ocrx_word' id='word_1_238' title='bbox 819 3064 1035 3135; x_wconf 83' lang='lat' dir='ltr'><strong>aliquod</strong></span> <span class='ocrx_word' id='word_1_239' title='bbox 1085 3062 1271 3127; x_wconf 89' lang='lat' dir='ltr'><strong>donat,</strong></span> <span class='ocrx_word' id='word_1_240' title='bbox 1297 3069 1357 3116; x_wconf 90' lang='lat' dir='ltr'><strong>et</strong></span> <span class='ocrx_word' id='word_1_241' title='bbox 1384 3072 1508 3115; x_wconf 91' lang='lat' dir='ltr'><strong>eum</strong></span> <span class='ocrx_word' id='word_1_242' title='bbox 1548 3055 1634 3112; x_wconf 92' lang='lat' dir='ltr'><strong>cui</strong></span> 
     </span>
    </p>
   </div>
   <div class='ocr_carea' id='block_1_42' title="bbox 93 3147 1636 3223">
    <p class='ocr_par' dir='ltr' id='par_1_42' title="bbox 93 3147 1636 3223">
     <span class='ocr_line' id='line_1_42' title="bbox 93 3147 1636 3223; baseline -0.003 -16"><span class='ocrx_word' id='word_1_243' title='bbox 93 3153 304 3223; x_wconf 81' lang='lat' dir='ltr'><strong>donatur,</strong></span> <span class='ocrx_word' id='word_1_244' title='bbox 339 3158 454 3212; x_wconf 75' lang='lat' dir='ltr'><strong>lucc</strong></span> <span class='ocrx_word' id='word_1_245' title='bbox 505 3152 590 3212; x_wconf 56' lang='lat' dir='ltr'><strong>erit</strong></span> <span class='ocrx_word' id='word_1_246' title='bbox 630 3154 967 3213; x_wconf 83' lang='lat' dir='ltr'><strong>observanda</strong></span> <span class='ocrx_word' id='word_1_247' title='bbox 1004 3153 1145 3208; x_wconf 89' lang='lat' dir='ltr'><strong>ratio</strong></span> <span class='ocrx_word' id='word_1_248' title='bbox 1183 3160 1261 3216; x_wconf 92' lang='lat' dir='ltr'><strong>ut,</strong></span> <span class='ocrx_word' id='word_1_249' title='bbox 1293 3165 1415 3206; x_wconf 89' lang='lat' dir='ltr'><strong>cum</strong></span> <span class='ocrx_word' id='word_1_250' title='bbox 1444 3149 1547 3205; x_wconf 91' lang='lat' dir='ltr'><strong>iste</strong></span> <span class='ocrx_word' id='word_1_251' title='bbox 1583 3147 1636 3202; x_wconf 92' lang='lat' dir='ltr'><strong>in</strong></span> 
     </span>
    </p>
   </div>
   <div class='ocr_carea' id='block_1_43' title="bbox 91 3238 1636 3316">
    <p class='ocr_par' dir='ltr' id='par_1_43' title="bbox 91 3238 1636 3316">
     <span class='ocr_line' id='line_1_43' title="bbox 91 3238 1636 3316; baseline -0.004 -20"><span class='ocrx_word' id='word_1_252' title='bbox 91 3244 324 3302; x_wconf 82' lang='lat' dir='ltr'><strong>thesauris</strong></span> <span class='ocrx_word' id='word_1_253' title='bbox 370 3246 516 3302; x_wconf 93' lang='lat' dir='ltr'><strong>nihil</strong></span> <span class='ocrx_word' id='word_1_254' title='bbox 560 3244 856 3316; x_wconf 85' lang='lat' dir='ltr'><strong>pretiosius</strong></span> <span class='ocrx_word' id='word_1_255' title='bbox 895 3242 1036 3313; x_wconf 87' lang='lat' dir='ltr'><strong>quod</strong></span> <span class='ocrx_word' id='word_1_256' title='bbox 1065 3242 1230 3297; x_wconf 91' lang='lat' dir='ltr'><strong>donet</strong></span> <span class='ocrx_word' id='word_1_257' title='bbox 1275 3238 1636 3294; x_wconf 80' lang='lat' dir='ltr'><strong>invenireva-</strong></span> 
     </span>
    </p>
   </div>
   <div class='ocr_carea' id='block_1_44' title="bbox 90 3327 1634 3401">
    <p class='ocr_par' dir='ltr' id='par_1_44' title="bbox 90 3327 1634 3401">
     <span class='ocr_line' id='line_1_44' title="bbox 90 3327 1634 3401; baseline -0.005 -14"><span class='ocrx_word' id='word_1_258' title='bbox 90 3331 193 3401; x_wconf 81' lang='lat' dir='ltr'><strong>teat,</strong></span> <span class='ocrx_word' id='word_1_259' title='bbox 213 3344 337 3393; x_wconf 86' lang='lat' dir='ltr'><strong>tunc</strong></span> <span class='ocrx_word' id='word_1_260' title='bbox 365 3337 459 3392; x_wconf 87' lang='lat' dir='ltr'><strong>ille</strong></span> <span class='ocrx_word' id='word_1_261' title='bbox 493 3348 717 3389; x_wconf 82' lang='lat' dir='ltr'><strong>munere</strong></span> <span class='ocrx_word' id='word_1_262' title='bbox 747 3332 840 3388; x_wconf 91' lang='lat' dir='ltr'><strong>tali</strong></span> <span class='ocrx_word' id='word_1_263' title='bbox 888 3331 1023 3387; x_wconf 86' lang='lat' dir='ltr'><strong>nihil</strong></span> <span class='ocrx_word' id='word_1_264' title='bbox 1060 3328 1355 3398; x_wconf 84' lang='lat' dir='ltr'><strong>jucundius</strong></span> <span class='ocrx_word' id='word_1_265' title='bbox 1381 3327 1634 3397; x_wconf 68' lang='lat' dir='ltr'><strong>amipiat.</strong></span> 
     </span>
    </p>
   </div>
   <div class='ocr_carea' id='block_1_45' title="bbox 91 3419 1637 3502">
    <p class='ocr_par' dir='ltr' id='par_1_45' title="bbox 91 3419 1637 3502">
     <span class='ocr_line' id='line_1_45' title="bbox 91 3419 1637 3502; baseline -0.006 -18"><span class='ocrx_word' id='word_1_266' title='bbox 91 3427 214 3494; x_wconf 85' lang='lat' dir='ltr'><strong>Quod</strong></span> <span class='ocrx_word' id='word_1_267' title='bbox 245 3446 339 3502; x_wconf 88' lang='lat' dir='ltr'><strong>ego</strong></span> <span class='ocrx_word' id='word_1_268' title='bbox 366 3432 768 3494; x_wconf 80' lang='lat' dir='ltr'><strong>considerans,</strong></span> <span class='ocrx_word' id='word_1_269' title='bbox 813 3444 937 3484; x_wconf 88' lang='lat' dir='ltr'><strong>cum</strong></span> <span class='ocrx_word' id='word_1_270' title='bbox 971 3424 1283 3496; x_wconf 87' lang='lat' dir='ltr'><strong>paternitati</strong></span> <span class='ocrx_word' id='word_1_271' title='bbox 1308 3432 1520 3487; x_wconf 57' lang='lat' dir='ltr'><strong>vestrae,</strong></span> <span class='ocrx_word' id='word_1_272' title='bbox 1550 3419 1637 3475; x_wconf 83' lang='lat' dir='ltr'><strong>cui</strong></span> 
     </span>
    </p>
   </div>
   <div class='ocr_carea' id='block_1_46' title="bbox 90 3511 1638 3587">
    <p class='ocr_par' dir='ltr' id='par_1_46' title="bbox 90 3511 1638 3587">
     <span class='ocr_line' id='line_1_46' title="bbox 90 3511 1638 3587; baseline -0.006 -14"><span class='ocrx_word' id='word_1_273' title='bbox 90 3532 170 3587; x_wconf 83' lang='lat' dir='ltr'><strong>pro</strong></span> <span class='ocrx_word' id='word_1_274' title='bbox 189 3521 380 3576; x_wconf 80' lang='lat' dir='ltr'><strong>viribus</strong></span> <span class='ocrx_word' id='word_1_275' title='bbox 400 3521 543 3576; x_wconf 85' lang='lat' dir='ltr'><strong>meis</strong></span> <span class='ocrx_word' id='word_1_276' title='bbox 574 3518 774 3575; x_wconf 85' lang='lat' dir='ltr'><strong>imoult</strong></span> <span class='ocrx_word' id='word_1_277' title='bbox 784 3533 840 3574; x_wconf 89' lang='lat' dir='ltr'><strong>ra</strong></span> <span class='ocrx_word' id='word_1_278' title='bbox 867 3518 1011 3572; x_wconf 87' lang='lat' dir='ltr'><strong>vires</strong></span> <span class='ocrx_word' id='word_1_279' title='bbox 1034 3530 1180 3571; x_wconf 86' lang='lat' dir='ltr'><strong>meas</strong></span> <span class='ocrx_word' id='word_1_280' title='bbox 1201 3527 1417 3584; x_wconf 77' lang='lat' dir='ltr'><strong>seraper</strong></span> <span class='ocrx_word' id='word_1_281' title='bbox 1435 3511 1638 3567; x_wconf 84' lang='lat' dir='ltr'><strong>servire</strong></span> 
     </span>
    </p>
   </div>
   <div class='ocr_carea' id='block_1_47' title="bbox 92 3605 1640 3681">
    <p class='ocr_par' dir='ltr' id='par_1_47' title="bbox 92 3605 1640 3681">
     <span class='ocr_line' id='line_1_47' title="bbox 92 3605 1640 3681; baseline -0.003 -22"><span class='ocrx_word' id='word_1_282' title='bbox 92 3608 338 3675; x_wconf 81' lang='lat' dir='ltr'><strong>desidem,</strong></span> <span class='ocrx_word' id='word_1_283' title='bbox 386 3627 591 3666; x_wconf 86' lang='lat' dir='ltr'><strong>munus</strong></span> <span class='ocrx_word' id='word_1_284' title='bbox 638 3609 855 3681; x_wconf 87' lang='lat' dir='ltr'><strong>aliquod</strong></span> <span class='ocrx_word' id='word_1_285' title='bbox 899 3607 1095 3664; x_wconf 75' lang='lat' dir='ltr'><strong>otferre</strong></span> <span class='ocrx_word' id='word_1_286' title='bbox 1140 3605 1468 3668; x_wconf 71' lang='lat' dir='ltr'><strong>voluissem,</strong></span> <span class='ocrx_word' id='word_1_287' title='bbox 1530 3615 1640 3672; x_wconf 86' lang='lat' dir='ltr'><strong>quo</strong></span> 
     </span>
    </p>
   </div>
   <div class='ocr_carea' id='block_1_48' title="bbox 93 3694 1639 3766">
    <p class='ocr_par' dir='ltr' id='par_1_48' title="bbox 93 3694 1639 3766">
     <span class='ocr_line' id='line_1_48' title="bbox 93 3694 1639 3766; baseline -0.003 -16"><span class='ocrx_word' id='word_1_288' title='bbox 93 3695 324 3755; x_wconf 74' lang='lat' dir='ltr'><strong>fervorem</strong></span> <span class='ocrx_word' id='word_1_289' title='bbox 350 3701 554 3755; x_wconf 85' lang='lat' dir='ltr'><strong>mentis</strong></span> <span class='ocrx_word' id='word_1_290' title='bbox 595 3700 760 3754; x_wconf 87' lang='lat' dir='ltr'><strong>etiam</strong></span> <span class='ocrx_word' id='word_1_291' title='bbox 778 3699 919 3755; x_wconf 79' lang='lat' dir='ltr'><strong>foris</strong></span> <span class='ocrx_word' id='word_1_292' title='bbox 947 3696 1176 3766; x_wconf 85' lang='lat' dir='ltr'><strong>alicujus</strong></span> <span class='ocrx_word' id='word_1_293' title='bbox 1204 3694 1388 3766; x_wconf 81' lang='lat' dir='ltr'><strong>aperis</strong></span> <span class='ocrx_word' id='word_1_294' title='bbox 1415 3701 1639 3748; x_wconf 77' lang='lat' dir='ltr'><strong>atteSta-</strong></span> 
     </span>
    </p>
   </div>
   <div class='ocr_carea' id='block_1_49' title="bbox 93 3781 1636 3855">
    <p class='ocr_par' dir='ltr' id='par_1_49' title="bbox 93 3781 1636 3855">
     <span class='ocr_line' id='line_1_49' title="bbox 93 3781 1636 3855; baseline -0.003 -15"><span class='ocrx_word' id='word_1_295' title='bbox 93 3788 210 3844; x_wconf 86' lang='lat' dir='ltr'><strong>tione</strong></span> <span class='ocrx_word' id='word_1_296' title='bbox 245 3801 632 3855; x_wconf 82' lang='lat' dir='ltr'><strong>monstrarem,</strong></span> <span class='ocrx_word' id='word_1_297' title='bbox 690 3784 943 3845; x_wconf 86' lang='lat' dir='ltr'><strong>omnibus</strong></span> <span class='ocrx_word' id='word_1_298' title='bbox 995 3787 1212 3844; x_wconf 84' lang='lat' dir='ltr'><strong>scriniis</strong></span> <span class='ocrx_word' id='word_1_299' title='bbox 1261 3798 1504 3840; x_wconf 87' lang='lat' dir='ltr'><strong>mearum</strong></span> <span class='ocrx_word' id='word_1_300' title='bbox 1550 3781 1636 3835; x_wconf 80' lang='lat' dir='ltr'><strong>fa-</strong></span> 
     </span>
    </p>
   </div>
   <div class='ocr_carea' id='block_1_50' title="bbox 92 3870 1636 3952">
    <p class='ocr_par' dir='ltr' id='par_1_50' title="bbox 92 3870 1636 3952">
     <span class='ocr_line' id='line_1_50' title="bbox 92 3870 1636 3952; baseline -0.005 -21"><span class='ocrx_word' id='word_1_301' title='bbox 92 3878 316 3935; x_wconf 86' lang='lat' dir='ltr'><strong>cultatum</strong></span> <span class='ocrx_word' id='word_1_302' title='bbox 346 3880 686 3952; x_wconf 88' lang='lat' dir='ltr'><strong>perquisitis,</strong></span> <span class='ocrx_word' id='word_1_303' title='bbox 714 3880 886 3935; x_wconf 90' lang='lat' dir='ltr'><strong>solum</strong></span> <span class='ocrx_word' id='word_1_304' title='bbox 920 3879 1219 3933; x_wconf 89' lang='lat' dir='ltr'><strong>litterarum</strong></span> <span class='ocrx_word' id='word_1_305' title='bbox 1245 3887 1417 3947; x_wconf 87' lang='lat' dir='ltr'><strong>genus</strong></span> <span class='ocrx_word' id='word_1_306' title='bbox 1436 3870 1636 3936; x_wconf 85' lang='lat' dir='ltr'><strong>inveni,</strong></span> 
     </span>
    </p>
   </div>
   <div class='ocr_carea' id='block_1_51' title="bbox 1737 2677 3314 2740">
    <p class='ocr_par' dir='ltr' id='par_1_51' title="bbox 1737 2677 3314 2740">
     <span class='ocr_line' id='line_1_51' title="bbox 1737 2677 3314 2740; baseline -0.002 0"><span class='ocrx_word' id='word_1_307' title='bbox 1737 2683 1828 2740; x_wconf 91' lang='lat' dir='ltr'><strong>diu</strong></span> <span class='ocrx_word' id='word_1_308' title='bbox 1855 2695 2075 2738; x_wconf 87' lang='lat' dir='ltr'><strong>manere</strong></span> <span class='ocrx_word' id='word_1_309' title='bbox 2120 2694 2228 2735; x_wconf 84' lang='lat' dir='ltr'><strong>non</strong></span> <span class='ocrx_word' id='word_1_310' title='bbox 2256 2677 2496 2734; x_wconf 77' lang='lat' dir='ltr'><strong>valeant.</strong></span> <span class='ocrx_word' id='word_1_311' title='bbox 2538 2678 2788 2734; x_wconf 75' lang='lat' dir='ltr'><strong>Studium</strong></span> <span class='ocrx_word' id='word_1_312' title='bbox 2828 2694 2959 2735; x_wconf 86' lang='lat' dir='ltr'><strong>vero</strong></span> <span class='ocrx_word' id='word_1_313' title='bbox 3007 2679 3314 2737; x_wconf 83' lang='lat' dir='ltr'><strong>litterarum</strong></span> 
     </span>
    </p>
   </div>
   <div class='ocr_carea' id='block_1_52' title="bbox 1736 2760 3315 2842">
    <p class='ocr_par' dir='ltr' id='par_1_52' title="bbox 1736 2760 3315 2842">
     <span class='ocr_line' id='line_1_52' title="bbox 1736 2760 3315 2842; baseline -0.003 -12"><span class='ocrx_word' id='word_1_314' title='bbox 1736 2789 1768 2830; x_wconf 89' lang='lat' dir='ltr'><strong>a</strong></span> <span class='ocrx_word' id='word_1_315' title='bbox 1795 2773 1983 2830; x_wconf 84' lang='lat' dir='ltr'><strong>lateris</strong></span> <span class='ocrx_word' id='word_1_316' title='bbox 2002 2772 2198 2828; x_wconf 67' lang='lat' dir='ltr'><strong>animae</strong></span> <span class='ocrx_word' id='word_1_317' title='bbox 2225 2768 2586 2827; x_wconf 77' lang='lat' dir='ltr'><strong>stercoribus&#39;</strong></span> <span class='ocrx_word' id='word_1_318' title='bbox 2600 2760 2774 2842; x_wconf 84' lang='lat' dir='ltr'><strong>ligone</strong></span> <span class='ocrx_word' id='word_1_319' title='bbox 2792 2769 3022 2825; x_wconf 88' lang='lat' dir='ltr'><strong>rationis</strong></span> <span class='ocrx_word' id='word_1_320' title='bbox 3037 2769 3315 2838; x_wconf 79' lang='lat' dir='ltr'><strong>effossum,</strong></span> 
     </span>
    </p>
   </div>
   <div class='ocr_carea' id='block_1_53' title="bbox 1738 2858 3319 2932">
    <p class='ocr_par' dir='ltr' id='par_1_53' title="bbox 1738 2858 3319 2932">
     <span class='ocr_line' id='line_1_53' title="bbox 1738 2858 3319 2932; baseline 0 -14"><span class='ocrx_word' id='word_1_321' title='bbox 1738 2861 1942 2919; x_wconf 86' lang='lat' dir='ltr'><strong>nullum</strong></span> <span class='ocrx_word' id='word_1_322' title='bbox 1994 2862 2157 2917; x_wconf 89' lang='lat' dir='ltr'><strong>debet</strong></span> <span class='ocrx_word' id='word_1_323' title='bbox 2198 2858 2445 2932; x_wconf 85' lang='lat' dir='ltr'><strong>corporis</strong></span> <span class='ocrx_word' id='word_1_324' title='bbox 2489 2858 2844 2915; x_wconf 86' lang='lat' dir='ltr'><strong>imbecillitati</strong></span> <span class='ocrx_word' id='word_1_325' title='bbox 2872 2859 3193 2928; x_wconf 85' lang='lat' dir='ltr'><strong>servitium,</strong></span> <span class='ocrx_word' id='word_1_326' title='bbox 3223 2862 3319 2918; x_wconf 85' lang='lat' dir='ltr'><strong>sed</strong></span> 
     </span>
    </p>
   </div>
   <div class='ocr_carea' id='block_1_54' title="bbox 1735 2950 3322 3026">
    <p class='ocr_par' dir='ltr' id='par_1_54' title="bbox 1735 2950 3322 3026">
     <span class='ocr_line' id='line_1_54' title="bbox 1735 2950 3322 3026; baseline -0.003 -14"><span class='ocrx_word' id='word_1_327' title='bbox 1735 2970 1883 3023; x_wconf 87' lang='lat' dir='ltr'><strong>eum,</strong></span> <span class='ocrx_word' id='word_1_328' title='bbox 1919 2954 2074 3026; x_wconf 90' lang='lat' dir='ltr'><strong>cujus</strong></span> <span class='ocrx_word' id='word_1_329' title='bbox 2120 2951 2391 3008; x_wconf 86' lang='lat' dir='ltr'><strong>industria</strong></span> <span class='ocrx_word' id='word_1_330' title='bbox 2440 2950 2727 3021; x_wconf 86' lang='lat' dir='ltr'><strong>processit,</strong></span> <span class='ocrx_word' id='word_1_331' title='bbox 2759 2951 2956 3006; x_wconf 82' lang='lat' dir='ltr'><strong>format</strong></span> <span class='ocrx_word' id='word_1_332' title='bbox 2988 2961 3049 3007; x_wconf 87' lang='lat' dir='ltr'><strong>et</strong></span> <span class='ocrx_word' id='word_1_333' title='bbox 3094 2952 3322 3008; x_wconf 79' lang='lat' dir='ltr'><strong>instruit</strong></span> 
     </span>
    </p>
   </div>
   <div class='ocr_carea' id='block_1_55' title="bbox 1738 3042 3323 3117">
    <p class='ocr_par' dir='ltr' id='par_1_55' title="bbox 1738 3042 3323 3117">
     <span class='ocr_line' id='line_1_55' title="bbox 1738 3042 3323 3117; baseline -0.002 -14"><span class='ocrx_word' id='word_1_334' title='bbox 1738 3050 2000 3112; x_wconf 89' lang='lat' dir='ltr'><strong>animum,</strong></span> <span class='ocrx_word' id='word_1_335' title='bbox 2031 3047 2171 3101; x_wconf 89' lang='lat' dir='ltr'><strong>adeo</strong></span> <span class='ocrx_word' id='word_1_336' title='bbox 2199 3044 2501 3103; x_wconf 83' lang='lat' dir='ltr'><strong>senectutis</strong></span> <span class='ocrx_word' id='word_1_337' title='bbox 2539 3042 2625 3098; x_wconf 87' lang='lat' dir='ltr'><strong>vel</strong></span> <span class='ocrx_word' id='word_1_338' title='bbox 2661 3042 2917 3099; x_wconf 85' lang='lat' dir='ltr'><strong>interitus</strong></span> <span class='ocrx_word' id='word_1_339' title='bbox 2938 3043 3215 3117; x_wconf 85' lang='lat' dir='ltr'><strong>ignarum,</strong></span> <span class='ocrx_word' id='word_1_340' title='bbox 3263 3056 3323 3100; x_wconf 80' lang='lat' dir='ltr'><strong>ut</strong></span> 
     </span>
    </p>
   </div>
   <div class='ocr_carea' id='block_1_56' title="bbox 1738 3133 3323 3208">
    <p class='ocr_par' dir='ltr' id='par_1_56' title="bbox 1738 3133 3323 3208">
     <span class='ocr_line' id='line_1_56' title="bbox 1738 3133 3323 3208; baseline -0.003 -14"><span class='ocrx_word' id='word_1_341' title='bbox 1738 3139 1901 3194; x_wconf 84' lang='lat' dir='ltr'><strong>etiam</strong></span> <span class='ocrx_word' id='word_1_342' title='bbox 1933 3144 1997 3193; x_wconf 81' lang='lat' dir='ltr'><strong>ea</strong></span> <span class='ocrx_word' id='word_1_343' title='bbox 2022 3152 2143 3208; x_wconf 76' lang='lat' dir='ltr'><strong>qua:</strong></span> <span class='ocrx_word' id='word_1_344' title='bbox 2173 3144 2418 3192; x_wconf 88' lang='lat' dir='ltr'><strong>torrente</strong></span> <span class='ocrx_word' id='word_1_345' title='bbox 2450 3133 2702 3189; x_wconf 80' lang='lat' dir='ltr'><strong>violentia</strong></span> <span class='ocrx_word' id='word_1_346' title='bbox 2742 3135 3004 3205; x_wconf 85' lang='lat' dir='ltr'><strong>temporis</strong></span> <span class='ocrx_word' id='word_1_347' title='bbox 3035 3135 3323 3205; x_wconf 87' lang='lat' dir='ltr'><strong>rapiuntur</strong></span> 
     </span>
    </p>
   </div>
   <div class='ocr_carea' id='block_1_57' title="bbox 1743 3220 3323 3298">
    <p class='ocr_par' dir='ltr' id='par_1_57' title="bbox 1743 3220 3323 3298">
     <span class='ocr_line' id='line_1_57' title="bbox 1743 3220 3323 3298; baseline -0.002 -13"><span class='ocrx_word' id='word_1_348' title='bbox 1743 3232 1811 3286; x_wconf 90' lang='lat' dir='ltr'><strong>ad</strong></span> <span class='ocrx_word' id='word_1_349' title='bbox 1841 3230 2150 3293; x_wconf 88' lang='lat' dir='ltr'><strong>interitum,</strong></span> <span class='ocrx_word' id='word_1_350' title='bbox 2200 3228 2269 3283; x_wconf 89' lang='lat' dir='ltr'><strong>ab</strong></span> <span class='ocrx_word' id='word_1_351' title='bbox 2293 3220 2421 3298; x_wconf 79' lang='lat' dir='ltr'><strong>ipso</strong></span> <span class='ocrx_word' id='word_1_352' title='bbox 2452 3227 2709 3298; x_wconf 91' lang='lat' dir='ltr'><strong>temporis</strong></span> <span class='ocrx_word' id='word_1_353' title='bbox 2761 3226 2963 3297; x_wconf 79' lang='lat' dir='ltr'><strong>impetu</strong></span> <span class='ocrx_word' id='word_1_354' title='bbox 3019 3226 3323 3282; x_wconf 85' lang='lat' dir='ltr'><strong>litterarum</strong></span> 
     </span>
    </p>
   </div>
   <div class='ocr_carea' id='block_1_58' title="bbox 1738 3319 3321 3391">
    <p class='ocr_par' dir='ltr' id='par_1_58' title="bbox 1738 3319 3321 3391">
     <span class='ocr_line' id='line_1_58' title="bbox 1738 3319 3321 3391; baseline -0.003 -14"><span class='ocrx_word' id='word_1_355' title='bbox 1738 3323 1911 3377; x_wconf 76' lang='lat' dir='ltr'><strong>virtus</strong></span> <span class='ocrx_word' id='word_1_356' title='bbox 1938 3329 2167 3377; x_wconf 89' lang='lat' dir='ltr'><strong>conetur</strong></span> <span class='ocrx_word' id='word_1_357' title='bbox 2196 3319 2428 3391; x_wconf 82' lang='lat' dir='ltr'><strong>eripere,</strong></span> <span class='ocrx_word' id='word_1_358' title='bbox 2474 3328 2530 3374; x_wconf 90' lang='lat' dir='ltr'><strong>et</strong></span> <span class='ocrx_word' id='word_1_359' title='bbox 2575 3333 2792 3389; x_wconf 79' lang='lat' dir='ltr'><strong>seraper</strong></span> <span class='ocrx_word' id='word_1_360' title='bbox 2829 3333 2967 3374; x_wconf 89' lang='lat' dir='ltr'><strong>nova</strong></span> <span class='ocrx_word' id='word_1_361' title='bbox 3007 3320 3163 3388; x_wconf 82' lang='lat' dir='ltr'><strong>quasi</strong></span> <span class='ocrx_word' id='word_1_362' title='bbox 3208 3327 3321 3374; x_wconf 84' lang='lat' dir='ltr'><strong>sta-</strong></span> 
     </span>
    </p>
   </div>
   <div class='ocr_carea' id='block_1_59' title="bbox 1740 3409 3318 3482">
    <p class='ocr_par' dir='ltr' id='par_1_59' title="bbox 1740 3409 3318 3482">
     <span class='ocr_line' id='line_1_59' title="bbox 1740 3409 3318 3482; baseline 0.001 -15"><span class='ocrx_word' id='word_1_363' title='bbox 1740 3413 1973 3468; x_wconf 88' lang='lat' dir='ltr'><strong>tionaria</strong></span> <span class='ocrx_word' id='word_1_364' title='bbox 2013 3412 2322 3482; x_wconf 79' lang='lat' dir='ltr'><strong>tegentibus</strong></span> <span class='ocrx_word' id='word_1_365' title='bbox 2373 3411 2685 3466; x_wconf 83' lang='lat' dir='ltr'><strong>ostendere.</strong></span> <span class='ocrx_word' id='word_1_366' title='bbox 2732 3409 2902 3482; x_wconf 87' lang='lat' dir='ltr'><strong>Igitur</strong></span> <span class='ocrx_word' id='word_1_367' title='bbox 2929 3411 3137 3467; x_wconf 86' lang='lat' dir='ltr'><strong>bellum.</strong></span> <span class='ocrx_word' id='word_1_368' title='bbox 3175 3414 3318 3482; x_wconf 81' lang='lat' dir='ltr'><strong>quod</strong></span> 
     </span>
    </p>
   </div>
   <div class='ocr_carea' id='block_1_60' title="bbox 1738 3500 3326 3573">
    <p class='ocr_par' dir='ltr' id='par_1_60' title="bbox 1738 3500 3326 3573">
     <span class='ocr_line' id='line_1_60' title="bbox 1738 3500 3326 3573; baseline -0.002 -14"><span class='ocrx_word' id='word_1_369' title='bbox 1738 3503 2022 3559; x_wconf 85' lang='lat' dir='ltr'><strong>Heiuricus</strong></span> <span class='ocrx_word' id='word_1_370' title='bbox 2046 3502 2068 3535; x_wconf 73' lang='lat'><strong>‘</strong></span> <span class='ocrx_word' id='word_1_371' title='bbox 2101 3519 2192 3558; x_wconf 78' lang='lat' dir='ltr'><strong>rex</strong></span> <span class='ocrx_word' id='word_1_372' title='bbox 2219 3518 2340 3559; x_wconf 89' lang='lat' dir='ltr'><strong>cum</strong></span> <span class='ocrx_word' id='word_1_373' title='bbox 2371 3500 2681 3558; x_wconf 80' lang='lat' dir='ltr'><strong>Saxonibus</strong></span> <span class='ocrx_word' id='word_1_374' title='bbox 2709 3502 2840 3573; x_wconf 83' lang='lat' dir='ltr'><strong>egit,</strong></span> <span class='ocrx_word' id='word_1_375' title='bbox 2859 3502 2983 3557; x_wconf 79' lang='lat' dir='ltr'><strong>volo</strong></span> <span class='ocrx_word' id='word_1_376' title='bbox 3012 3501 3250 3558; x_wconf 86' lang='lat' dir='ltr'><strong>breviter</strong></span> <span class='ocrx_word' id='word_1_377' title='bbox 3270 3510 3326 3558; x_wconf 84' lang='lat' dir='ltr'><strong>et</strong></span> 
     </span>
    </p>
   </div>
   <div class='ocr_carea' id='block_1_61' title="bbox 1738 3590 3324 3661">
    <p class='ocr_par' dir='ltr' id='par_1_61' title="bbox 1738 3590 3324 3661">
     <span class='ocr_line' id='line_1_61' title="bbox 1738 3590 3324 3661; baseline -0.001 -14"><span class='ocrx_word' id='word_1_378' title='bbox 1738 3594 2008 3649; x_wconf 82' lang='lat' dir='ltr'><strong>veraciter</strong></span> <span class='ocrx_word' id='word_1_379' title='bbox 2054 3593 2320 3656; x_wconf 87' lang='lat' dir='ltr'><strong>scribere,</strong></span> <span class='ocrx_word' id='word_1_380' title='bbox 2368 3591 2509 3647; x_wconf 87' lang='lat' dir='ltr'><strong>sicut</strong></span> <span class='ocrx_word' id='word_1_381' title='bbox 2552 3591 2623 3646; x_wconf 88' lang='lat' dir='ltr'><strong>ab</strong></span> <span class='ocrx_word' id='word_1_382' title='bbox 2672 3590 2757 3645; x_wconf 89' lang='lat' dir='ltr'><strong>bis</strong></span> <span class='ocrx_word' id='word_1_383' title='bbox 2797 3591 2888 3661; x_wconf 88' lang='lat' dir='ltr'><strong>qui</strong></span> <span class='ocrx_word' id='word_1_384' title='bbox 2937 3592 3098 3646; x_wconf 85' lang='lat' dir='ltr'><strong>rebus</strong></span> <span class='ocrx_word' id='word_1_385' title='bbox 3154 3591 3324 3646; x_wconf 89' lang='lat' dir='ltr'><strong>inter-</strong></span> 
     </span>
    </p>
   </div>
   <div class='ocr_carea' id='block_1_62' title="bbox 1739 3681 3320 3756">
    <p class='ocr_par' dir='ltr' id='par_1_62' title="bbox 1739 3681 3320 3756">
     <span class='ocr_line' id='line_1_62' title="bbox 1739 3681 3320 3756; baseline -0.002 -17"><span class='ocrx_word' id='word_1_386' title='bbox 1739 3693 1893 3740; x_wconf 88' lang='lat' dir='ltr'><strong>erant</strong></span> <span class='ocrx_word' id='word_1_387' title='bbox 1930 3687 2079 3755; x_wconf 89' lang='lat' dir='ltr'><strong>potui</strong></span> <span class='ocrx_word' id='word_1_388' title='bbox 2105 3694 2457 3756; x_wconf 78' lang='lat' dir='ltr'><strong>cognoscere.</strong></span> <span class='ocrx_word' id='word_1_389' title='bbox 2482 3682 2637 3750; x_wconf 85' lang='lat' dir='ltr'><strong>Quod</strong></span> <span class='ocrx_word' id='word_1_390' title='bbox 2660 3698 2783 3738; x_wconf 86' lang='lat' dir='ltr'><strong>cum</strong></span> <span class='ocrx_word' id='word_1_391' title='bbox 2813 3682 2895 3737; x_wconf 92' lang='lat' dir='ltr'><strong>sui</strong></span> <span class='ocrx_word' id='word_1_392' title='bbox 2927 3681 3320 3752; x_wconf 82' lang='lat' dir='ltr'><strong>magnitudine,</strong></span> 
     </span>
    </p>
   </div>
   <div class='ocr_carea' id='block_1_63' title="bbox 1743 3768 3335 3848">
    <p class='ocr_par' dir='ltr' id='par_1_63' title="bbox 1743 3768 3335 3848">
     <span class='ocr_line' id='line_1_63' title="bbox 1743 3768 3335 3848; baseline -0.002 -19"><span class='ocrx_word' id='word_1_393' title='bbox 1743 3784 1852 3830; x_wconf 91' lang='lat' dir='ltr'><strong>tum</strong></span> <span class='ocrx_word' id='word_1_394' title='bbox 1893 3774 1915 3807; x_wconf 82' lang='grc'>⁸</span> <span class='ocrx_word' id='word_1_395' title='bbox 1948 3774 2316 3830; x_wconf 83' lang='lat' dir='ltr'><strong>misericordia</strong></span> <span class='ocrx_word' id='word_1_396' title='bbox 2350 3773 2467 3837; x_wconf 88' lang='lat' dir='ltr'><strong>Dei,</strong></span> <span class='ocrx_word' id='word_1_397' title='bbox 2496 3788 2659 3848; x_wconf 81' lang='lat' dir='ltr'><strong>quam</strong></span> <span class='ocrx_word' id='word_1_398' title='bbox 2694 3773 2745 3827; x_wconf 90' lang='lat' dir='ltr'><strong>in</strong></span> <span class='ocrx_word' id='word_1_399' title='bbox 2778 3773 2897 3843; x_wconf 90' lang='lat' dir='ltr'><strong>ipso</strong></span> <span class='ocrx_word' id='word_1_400' title='bbox 2923 3773 3065 3827; x_wconf 89' lang='lat' dir='ltr'><strong>bello</strong></span> <span class='ocrx_word' id='word_1_401' title='bbox 3110 3768 3335 3843; x_wconf 80' lang='lat' dir='ltr'><strong>experti</strong></span> 
     </span>
    </p>
   </div>
   <div class='ocr_carea' id='block_1_64' title="bbox 1744 3862 3333 3932">
    <p class='ocr_par' dir='ltr' id='par_1_64' title="bbox 1744 3862 3333 3932">
     <span class='ocr_line' id='line_1_64' title="bbox 1744 3862 3333 3932; baseline -0.001 -12"><span class='ocrx_word' id='word_1_402' title='bbox 1744 3880 1972 3931; x_wconf 88' lang='lat' dir='ltr'><strong>sumus,</strong></span> <span class='ocrx_word' id='word_1_403' title='bbox 2009 3874 2092 3921; x_wconf 88' lang='lat' dir='ltr'><strong>est</strong></span> <span class='ocrx_word' id='word_1_404' title='bbox 2137 3863 2510 3930; x_wconf 86' lang='lat' dir='ltr'><strong>memorabile,</strong></span> <span class='ocrx_word' id='word_1_405' title='bbox 2557 3863 2700 3919; x_wconf 87' lang='lat' dir='ltr'><strong>sicut</strong></span> <span class='ocrx_word' id='word_1_406' title='bbox 2746 3864 2799 3917; x_wconf 92' lang='lat' dir='ltr'><strong>in</strong></span> <span class='ocrx_word' id='word_1_407' title='bbox 2850 3862 3233 3932; x_wconf 83' lang='lat' dir='ltr'><strong>sequentibus,</strong></span> <span class='ocrx_word' id='word_1_408' title='bbox 3274 3864 3333 3918; x_wconf 49' lang='lat' dir='ltr'><strong>si»</strong></span> 
     </span>
    </p>
   </div>
   <div class='ocr_carea' id='block_1_65' title="bbox 92 3944 3318 4041">
    <p class='ocr_par' dir='ltr' id='par_1_65' title="bbox 92 3944 3318 4041">
     <span class='ocr_line' id='line_1_65' title="bbox 92 3944 3318 4041; baseline -0.005 -16"><span class='ocrx_word' id='word_1_409' title='bbox 92 3972 210 4038; x_wconf 83' lang='lat' dir='ltr'><strong>quod</strong></span> <span class='ocrx_word' id='word_1_410' title='bbox 232 3981 282 4027; x_wconf 86' lang='lat' dir='ltr'><strong>et</strong></span> <span class='ocrx_word' id='word_1_411' title='bbox 310 3944 505 4028; x_wconf 63' lang='lat' dir='ltr'><strong>vestra:</strong></span> <span class='ocrx_word' id='word_1_412' title='bbox 534 3974 833 4028; x_wconf 87' lang='lat' dir='ltr'><strong>convenire</strong></span> <span class='ocrx_word' id='word_1_413' title='bbox 871 3968 1120 4041; x_wconf 76' lang='lat' dir='ltr'><strong>dignitati</strong></span> <span class='ocrx_word' id='word_1_414' title='bbox 1146 3975 1207 4023; x_wconf 88' lang='lat' dir='ltr'><strong>et</strong></span> <span class='ocrx_word' id='word_1_415' title='bbox 1235 3944 1367 4022; x_wconf 75' lang='lat' dir='ltr'><strong>mea:</strong></span> <span class='ocrx_word' id='word_1_416' title='bbox 1393 3981 1500 4020; x_wconf 90' lang='lat' dir='ltr'><strong>non</strong></span> <span class='ocrx_word' id='word_1_417' title='bbox 1531 3964 1637 4018; x_wconf 89' lang='lat' dir='ltr'><strong>im-</strong></span> <span class='ocrx_word' id='word_1_418' title='bbox 1669 3944 1710 4000; x_wconf 70' lang='grc' dir='ltr'>Ο</span> <span class='ocrx_word' id='word_1_419' title='bbox 1745 3961 1869 4031; x_wconf 90' lang='lat' dir='ltr'><strong>quis</strong></span> <span class='ocrx_word' id='word_1_420' title='bbox 1894 3961 2072 4031; x_wconf 82' lang='lat' dir='ltr'><strong>legere</strong></span> <span class='ocrx_word' id='word_1_421' title='bbox 2103 3960 2432 4031; x_wconf 83' lang='lat' dir='ltr'><strong>dignabitur,</strong></span> <span class='ocrx_word' id='word_1_422' title='bbox 2458 3958 2658 4029; x_wconf 85' lang='lat' dir='ltr'><strong>poterit</strong></span> <span class='ocrx_word' id='word_1_423' title='bbox 2686 3958 3002 4029; x_wconf 77' lang='lat' dir='ltr'><strong>agnoscere.</strong></span> <span class='ocrx_word' id='word_1_424' title='bbox 3036 3955 3128 4010; x_wconf 85' lang='lat' dir='ltr'><strong>Sic</strong></span> <span class='ocrx_word' id='word_1_425' title='bbox 3171 3954 3318 4011; x_wconf 88' lang='lat' dir='ltr'><strong>enim</strong></span> 
     </span>
    </p>
   </div>
   <div class='ocr_carea' id='block_1_66' title="bbox 95 4060 1638 4136">
    <p class='ocr_par' dir='ltr' id='par_1_66' title="bbox 95 4060 1638 4136">
     <span class='ocr_line' id='line_1_66' title="bbox 95 4060 1638 4136; baseline -0.005 -21"><span class='ocrx_word' id='word_1_426' title='bbox 95 4075 173 4127; x_wconf 77' lang='lat' dir='ltr'><strong>par</strong></span> <span class='ocrx_word' id='word_1_427' title='bbox 196 4080 305 4120; x_wconf 88' lang='lat' dir='ltr'><strong>esse</strong></span> <span class='ocrx_word' id='word_1_428' title='bbox 329 4078 582 4136; x_wconf 70' lang='lat' dir='ltr'><strong>putarem</strong></span> <span class='ocrx_word' id='word_1_429' title='bbox 615 4064 913 4120; x_wconf 83' lang='lat' dir='ltr'><strong>devotioni.</strong></span> <span class='ocrx_word' id='word_1_430' title='bbox 953 4061 1066 4116; x_wconf 87' lang='lat' dir='ltr'><strong>Hoc</strong></span> <span class='ocrx_word' id='word_1_431' title='bbox 1097 4060 1242 4116; x_wconf 90' lang='lat' dir='ltr'><strong>enim</strong></span> <span class='ocrx_word' id='word_1_432' title='bbox 1291 4072 1487 4114; x_wconf 89' lang='lat' dir='ltr'><strong>munus</strong></span> <span class='ocrx_word' id='word_1_433' title='bbox 1535 4070 1638 4109; x_wconf 79' lang='lat' dir='ltr'><strong>rae-</strong></span> 
     </span>
    </p>
   </div>
   <div class='ocr_carea' id='block_1_67' title="bbox 99 4147 1659 4225">
    <p class='ocr_par' dir='ltr' id='par_1_67' title="bbox 99 4147 1659 4225">
     <span class='ocr_line' id='line_1_67' title="bbox 99 4147 1659 4225; baseline -0.001 -23"><span class='ocrx_word' id='word_1_434' title='bbox 99 4153 204 4206; x_wconf 82' lang='lat' dir='ltr'><strong>teris</strong></span> <span class='ocrx_word' id='word_1_435' title='bbox 228 4157 508 4220; x_wconf 83' lang='lat' dir='ltr'><strong>omnibus,</strong></span> <span class='ocrx_word' id='word_1_436' title='bbox 540 4170 663 4225; x_wconf 65' lang='lat' dir='ltr'><strong>qua:</strong></span> <span class='ocrx_word' id='word_1_437' title='bbox 693 4154 794 4209; x_wconf 88' lang='lat' dir='ltr'><strong>sibi</strong></span> <span class='ocrx_word' id='word_1_438' title='bbox 844 4154 1073 4208; x_wconf 77' lang='lat' dir='ltr'><strong>invicem</strong></span> <span class='ocrx_word' id='word_1_439' title='bbox 1124 4151 1296 4221; x_wconf 86' lang='lat' dir='ltr'><strong>possit</strong></span> <span class='ocrx_word' id='word_1_440' title='bbox 1337 4147 1659 4219; x_wconf 74' lang='lat' dir='ltr'><strong>benignitas</strong></span> 
     </span>
    </p>
   </div>
   <div class='ocr_carea' id='block_1_68' title="bbox 97 4236 1637 4315">
    <p class='ocr_par' dir='ltr' id='par_1_68' title="bbox 97 4236 1637 4315">
     <span class='ocr_line' id='line_1_68' title="bbox 97 4236 1637 4315; baseline -0.001 -24"><span class='ocrx_word' id='word_1_441' title='bbox 97 4238 295 4297; x_wconf 80' lang='lat' dir='ltr'><strong>humana</strong></span> <span class='ocrx_word' id='word_1_442' title='bbox 329 4245 538 4315; x_wconf 78' lang='lat' dir='ltr'><strong>largiri,</strong></span> <span class='ocrx_word' id='word_1_443' title='bbox 594 4243 886 4314; x_wconf 81' lang='lat' dir='ltr'><strong>pretiosius</strong></span> <span class='ocrx_word' id='word_1_444' title='bbox 935 4239 1186 4305; x_wconf 59' lang='lat' dir='ltr'><strong>aestimo,</strong></span> <span class='ocrx_word' id='word_1_445' title='bbox 1243 4238 1367 4308; x_wconf 85' lang='lat' dir='ltr'><strong>quia</strong></span> <span class='ocrx_word' id='word_1_446' title='bbox 1414 4236 1530 4307; x_wconf 84' lang='lat' dir='ltr'><strong>ejus</strong></span> <span class='ocrx_word' id='word_1_447' title='bbox 1582 4245 1637 4290; x_wconf 85' lang='lat' dir='ltr'><strong>et</strong></span> 
     </span>
    </p>
   </div>
   <div class='ocr_carea' id='block_1_69' title="bbox 99 4327 1637 4402">
    <p class='ocr_par' dir='ltr' id='par_1_69' title="bbox 99 4327 1637 4402">
     <span class='ocr_line' id='line_1_69' title="bbox 99 4327 1637 4402; baseline 0 -21"><span class='ocrx_word' id='word_1_448' title='bbox 99 4331 223 4402; x_wconf 73' lang='lat' dir='ltr'><strong>origo</strong></span> <span class='ocrx_word' id='word_1_449' title='bbox 246 4336 493 4400; x_wconf 88' lang='lat' dir='ltr'><strong>nobilior,</strong></span> <span class='ocrx_word' id='word_1_450' title='bbox 523 4345 577 4390; x_wconf 87' lang='lat' dir='ltr'><strong>et</strong></span> <span class='ocrx_word' id='word_1_451' title='bbox 620 4351 751 4390; x_wconf 87' lang='lat' dir='ltr'><strong>usus</strong></span> <span class='ocrx_word' id='word_1_452' title='bbox 795 4333 1168 4398; x_wconf 77' lang='lat' dir='ltr'><strong>excellentior,</strong></span> <span class='ocrx_word' id='word_1_453' title='bbox 1209 4339 1266 4385; x_wconf 90' lang='lat' dir='ltr'><strong>et</strong></span> <span class='ocrx_word' id='word_1_454' title='bbox 1288 4337 1419 4384; x_wconf 71' lang='lat' dir='ltr'><strong>tetas</strong></span> <span class='ocrx_word' id='word_1_455' title='bbox 1446 4327 1637 4398; x_wconf 85' lang='lat' dir='ltr'><strong>proba-</strong></span> 
     </span>
    </p>
   </div>
   <div class='ocr_carea' id='block_1_70' title="bbox 100 4419 1637 4492">
    <p class='ocr_par' dir='ltr' id='par_1_70' title="bbox 100 4419 1637 4492">
     <span class='ocr_line' id='line_1_70' title="bbox 100 4419 1637 4492; baseline 0 -21"><span class='ocrx_word' id='word_1_456' title='bbox 100 4430 167 4474; x_wconf 81' lang='lat' dir='ltr'><strong>tur</strong></span> <span class='ocrx_word' id='word_1_457' title='bbox 203 4440 312 4479; x_wconf 81' lang='lat' dir='ltr'><strong>esse</strong></span> <span class='ocrx_word' id='word_1_458' title='bbox 354 4429 687 4482; x_wconf 86' lang='lat' dir='ltr'><strong>diuturnior.</strong></span> <span class='ocrx_word' id='word_1_459' title='bbox 740 4426 947 4480; x_wconf 84' lang='lat' dir='ltr'><strong>Aurum</strong></span> <span class='ocrx_word' id='word_1_460' title='bbox 1011 4435 1242 4492; x_wconf 84' lang='lat' dir='ltr'><strong>namque</strong></span> <span class='ocrx_word' id='word_1_461' title='bbox 1300 4419 1384 4474; x_wconf 85' lang='lat' dir='ltr'><strong>vel</strong></span> <span class='ocrx_word' id='word_1_462' title='bbox 1446 4428 1637 4473; x_wconf 74' lang='lat' dir='ltr'><strong>ctetcra</strong></span> 
     </span>
    </p>
   </div>
   <div class='ocr_carea' id='block_1_71' title="bbox 100 4510 1644 4588">
    <p class='ocr_par' dir='ltr' id='par_1_71' title="bbox 100 4510 1644 4588">
     <span class='ocr_line' id='line_1_71' title="bbox 100 4510 1644 4588; baseline -0.003 -19"><span class='ocrx_word' id='word_1_463' title='bbox 100 4527 196 4578; x_wconf 74' lang='lat' dir='ltr'><strong>qua:</strong></span> <span class='ocrx_word' id='word_1_464' title='bbox 220 4517 457 4573; x_wconf 82' lang='lat' dir='ltr'><strong>homines</strong></span> <span class='ocrx_word' id='word_1_465' title='bbox 489 4520 764 4588; x_wconf 60' lang='lat' dir='ltr'><strong>praecipua</strong></span> <span class='ocrx_word' id='word_1_466' title='bbox 795 4519 1017 4582; x_wconf 90' lang='lat' dir='ltr'><strong>ducunt,</strong></span> <span class='ocrx_word' id='word_1_467' title='bbox 1048 4515 1114 4569; x_wconf 87' lang='lat' dir='ltr'><strong>de</strong></span> <span class='ocrx_word' id='word_1_468' title='bbox 1158 4521 1316 4568; x_wconf 70' lang='lat' dir='ltr'><strong>terra:</strong></span> <span class='ocrx_word' id='word_1_469' title='bbox 1344 4510 1644 4566; x_wconf 88' lang='lat' dir='ltr'><strong>visceribus</strong></span> 
     </span>
    </p>
   </div>
   <div class='ocr_carea' id='block_1_72' title="bbox 100 4602 1646 4678">
    <p class='ocr_par' dir='ltr' id='par_1_72' title="bbox 100 4602 1646 4678">
     <span class='ocr_line' id='line_1_72' title="bbox 100 4602 1646 4678; baseline -0.003 -19"><span class='ocrx_word' id='word_1_470' title='bbox 100 4619 202 4662; x_wconf 83' lang='lat' dir='ltr'><strong>nata</strong></span> <span class='ocrx_word' id='word_1_471' title='bbox 227 4612 245 4640; x_wconf 80' lang='grc'>⁸</span> <span class='ocrx_word' id='word_1_472' title='bbox 274 4612 474 4667; x_wconf 84' lang='lat' dir='ltr'><strong>nullum</strong></span> <span class='ocrx_word' id='word_1_473' title='bbox 503 4613 749 4666; x_wconf 84' lang='lat' dir='ltr'><strong>tribuunt</strong></span> <span class='ocrx_word' id='word_1_474' title='bbox 774 4611 966 4665; x_wconf 80' lang='lat' dir='ltr'><strong>animae</strong></span> <span class='ocrx_word' id='word_1_475' title='bbox 1004 4607 1322 4678; x_wconf 84' lang='lat' dir='ltr'><strong>profectum,</strong></span> <span class='ocrx_word' id='word_1_476' title='bbox 1355 4604 1448 4660; x_wconf 85' lang='lat' dir='ltr'><strong>sed</strong></span> <span class='ocrx_word' id='word_1_477' title='bbox 1480 4602 1646 4672; x_wconf 82' lang='lat' dir='ltr'><strong>fragi-</strong></span> 
     </span>
    </p>
   </div>
   <div class='ocr_carea' id='block_1_73' title="bbox 102 4682 1649 4772">
    <p class='ocr_par' dir='ltr' id='par_1_73' title="bbox 102 4682 1649 4772">
     <span class='ocr_line' id='line_1_73' title="bbox 102 4682 1649 4772; baseline 0.002 -26"><span class='ocrx_word' id='word_1_478' title='bbox 102 4694 213 4752; x_wconf 81' lang='lat' dir='ltr'><strong>litati</strong></span> <span class='ocrx_word' id='word_1_479' title='bbox 250 4718 524 4772; x_wconf 64' lang='lat' dir='ltr'><strong>corporea:</strong></span> <span class='ocrx_word' id='word_1_480' title='bbox 569 4703 732 4758; x_wconf 85' lang='lat' dir='ltr'><strong>breve</strong></span> <span class='ocrx_word' id='word_1_481' title='bbox 774 4702 1072 4756; x_wconf 87' lang='lat' dir='ltr'><strong>subsidium</strong></span> <span class='ocrx_word' id='word_1_482' title='bbox 1100 4699 1180 4752; x_wconf 90' lang='lat' dir='ltr'><strong>vel</strong></span> <span class='ocrx_word' id='word_1_483' title='bbox 1213 4698 1375 4752; x_wconf 86' lang='lat' dir='ltr'><strong>etiam</strong></span> <span class='ocrx_word' id='word_1_484' title='bbox 1424 4682 1649 4749; x_wconf 46' lang='lat' dir='ltr'><strong>luxur&#39;ize</strong></span> 
     </span>
    </p>
   </div>
   <div class='ocr_carea' id='block_1_74' title="bbox 106 4795 1643 4869">
    <p class='ocr_par' dir='ltr' id='par_1_74' title="bbox 106 4795 1643 4869">
     <span class='ocr_line' id='line_1_74' title="bbox 106 4795 1643 4869; baseline -0.012 -11"><span class='ocrx_word' id='word_1_485' title='bbox 106 4796 304 4858; x_wconf 60' lang='lat' dir='ltr'><strong>Praebent</strong></span> <span class='ocrx_word' id='word_1_486' title='bbox 330 4810 488 4869; x_wconf 88' lang='lat' dir='ltr'><strong>turpe</strong></span> <span class='ocrx_word' id='word_1_487' title='bbox 517 4798 826 4860; x_wconf 83' lang='lat' dir='ltr'><strong>servitium,</strong></span> <span class='ocrx_word' id='word_1_488' title='bbox 853 4804 903 4851; x_wconf 91' lang='lat' dir='ltr'><strong>et</strong></span> <span class='ocrx_word' id='word_1_489' title='bbox 927 4795 1053 4851; x_wconf 84' lang='lat' dir='ltr'><strong>dum</strong></span> <span class='ocrx_word' id='word_1_490' title='bbox 1080 4806 1307 4862; x_wconf 89' lang='lat' dir='ltr'><strong>corpora</strong></span> <span class='ocrx_word' id='word_1_491' title='bbox 1335 4796 1643 4844; x_wconf 89' lang='lat' dir='ltr'><strong>sustentant</strong></span> 
     </span>
    </p>
   </div>
   <div class='ocr_carea' id='block_1_75' title="bbox 108 4882 1639 4962">
    <p class='ocr_par' dir='ltr' id='par_1_75' title="bbox 108 4882 1639 4962">
     <span class='ocr_line' id='line_1_75' title="bbox 108 4882 1639 4962; baseline -0.001 -28"><span class='ocrx_word' id='word_1_492' title='bbox 108 4882 361 4953; x_wconf 75' lang='lat' dir='ltr'><strong>hominum,</strong></span> <span class='ocrx_word' id='word_1_493' title='bbox 389 4889 626 4962; x_wconf 70' lang='lat' dir='ltr'><strong>effugere</strong></span> <span class='ocrx_word' id='word_1_494' title='bbox 651 4890 924 4960; x_wconf 84' lang='lat' dir='ltr'><strong>propriqu</strong></span> <span class='ocrx_word' id='word_1_495' title='bbox 954 4902 1063 4942; x_wconf 87' lang='lat' dir='ltr'><strong>non</strong></span> <span class='ocrx_word' id='word_1_496' title='bbox 1089 4891 1313 4954; x_wconf 90' lang='lat' dir='ltr'><strong>possunt</strong></span> <span class='ocrx_word' id='word_1_497' title='bbox 1338 4882 1639 4937; x_wconf 88' lang='lat' dir='ltr'><strong>interitum.</strong></span> 
     </span>
    </p>
   </div>
   <div class='ocr_carea' id='block_1_76' title="bbox 112 4975 1639 5049">
    <p class='ocr_par' dir='ltr' id='par_1_76' title="bbox 112 4975 1639 5049">
     <span class='ocr_line' id='line_1_76' title="bbox 112 4975 1639 5049; baseline -0.01 -12"><span class='ocrx_word' id='word_1_498' title='bbox 112 4975 328 5037; x_wconf 73' lang='lat' dir='ltr'><strong>Quamvis</strong></span> <span class='ocrx_word' id='word_1_499' title='bbox 371 4985 536 5037; x_wconf 83' lang='lat' dir='ltr'><strong>etiam</strong></span> <span class='ocrx_word' id='word_1_500' title='bbox 588 4982 631 5037; x_wconf 90' lang='lat' dir='ltr'><strong>si</strong></span> <span class='ocrx_word' id='word_1_501' title='bbox 691 4979 871 5049; x_wconf 89' lang='lat' dir='ltr'><strong>quieta</strong></span> <span class='ocrx_word' id='word_1_502' title='bbox 900 4979 1144 5049; x_wconf 83' lang='lat' dir='ltr'><strong>jaceant,</strong></span> <span class='ocrx_word' id='word_1_503' title='bbox 1196 4991 1303 5029; x_wconf 86' lang='lat' dir='ltr'><strong>non</strong></span> <span class='ocrx_word' id='word_1_504' title='bbox 1341 4975 1449 5028; x_wconf 89' lang='lat' dir='ltr'><strong>sint</strong></span> <span class='ocrx_word' id='word_1_505' title='bbox 1505 4979 1639 5034; x_wconf 89' lang='lat' dir='ltr'><strong>tuta,</strong></span> 
     </span>
    </p>
   </div>
   <div class='ocr_carea' id='block_1_77' title="bbox 1746 4045 3319 4124">
    <p class='ocr_par' dir='ltr' id='par_1_77' title="bbox 1746 4045 3319 4124">
     <span class='ocr_line' id='line_1_77' title="bbox 1746 4045 3319 4124; baseline -0.006 -16"><span class='ocrx_word' id='word_1_506' title='bbox 1746 4054 1800 4109; x_wconf 91' lang='lat' dir='ltr'><strong>in</strong></span> <span class='ocrx_word' id='word_1_507' title='bbox 1834 4052 2045 4124; x_wconf 82' lang='lat' dir='ltr'><strong>ﬂagello</strong></span> <span class='ocrx_word' id='word_1_508' title='bbox 2072 4053 2201 4108; x_wconf 88' lang='lat' dir='ltr'><strong>vino</strong></span> <span class='ocrx_word' id='word_1_509' title='bbox 2224 4050 2531 4108; x_wconf 84' lang='lat' dir='ltr'><strong>severitatis</strong></span> <span class='ocrx_word' id='word_1_510' title='bbox 2557 4050 2737 4106; x_wconf 88' lang='lat' dir='ltr'><strong>oleum</strong></span> <span class='ocrx_word' id='word_1_511' title='bbox 2766 4048 2986 4119; x_wconf 89' lang='lat' dir='ltr'><strong>pietatis</strong></span> <span class='ocrx_word' id='word_1_512' title='bbox 3009 4045 3319 4109; x_wconf 78' lang='lat' dir='ltr'><strong>admiscuit,</strong></span> 
     </span>
    </p>
   </div>
   <div class='ocr_carea' id='block_1_78' title="bbox 1745 4141 3319 4220">
    <p class='ocr_par' dir='ltr' id='par_1_78' title="bbox 1745 4141 3319 4220">
     <span class='ocr_line' id='line_1_78' title="bbox 1745 4141 3319 4220; baseline -0.007 -16"><span class='ocrx_word' id='word_1_513' title='bbox 1745 4158 1806 4206; x_wconf 92' lang='lat' dir='ltr'><strong>ut</strong></span> <span class='ocrx_word' id='word_1_514' title='bbox 1831 4158 1887 4205; x_wconf 93' lang='lat' dir='ltr'><strong>et</strong></span> <span class='ocrx_word' id='word_1_515' title='bbox 1915 4150 2231 4220; x_wconf 88' lang='lat' dir='ltr'><strong>prophetam</strong></span> <span class='ocrx_word' id='word_1_516' title='bbox 2261 4161 2385 4202; x_wconf 90' lang='lat' dir='ltr'><strong>vera</strong></span> <span class='ocrx_word' id='word_1_517' title='bbox 2416 4146 2655 4201; x_wconf 90' lang='lat' dir='ltr'><strong>locutum</strong></span> <span class='ocrx_word' id='word_1_518' title='bbox 2676 4158 2796 4199; x_wconf 87' lang='lat' dir='ltr'><strong>esse</strong></span> <span class='ocrx_word' id='word_1_519' title='bbox 2817 4141 3115 4213; x_wconf 84' lang='lat' dir='ltr'><strong>gaudentes</strong></span> <span class='ocrx_word' id='word_1_520' title='bbox 3146 4152 3319 4209; x_wconf 83' lang='lat' dir='ltr'><strong>agno-</strong></span> 
     </span>
    </p>
   </div>
   <div class='ocr_carea' id='block_1_79' title="bbox 1746 4230 3323 4298">
    <p class='ocr_par' dir='ltr' id='par_1_79' title="bbox 1746 4230 3323 4298">
     <span class='ocr_line' id='line_1_79' title="bbox 1746 4230 3323 4298; baseline -0.01 -1"><span class='ocrx_word' id='word_1_521' title='bbox 1746 4255 2024 4297; x_wconf 88' lang='lat' dir='ltr'><strong>sceremus</strong></span> <span class='ocrx_word' id='word_1_522' title='bbox 2056 4258 2123 4294; x_wconf 52' lang='grc' dir='ltr'><strong>εν(</strong></span> <span class='ocrx_word' id='word_1_523' title='bbox 2156 4239 2290 4295; x_wconf 88' lang='lat' dir='ltr'><strong>Cum</strong></span> <span class='ocrx_word' id='word_1_524' title='bbox 2338 4238 2509 4293; x_wconf 90' lang='lat' dir='ltr'><strong>iratus</strong></span> <span class='ocrx_word' id='word_1_525' title='bbox 2564 4233 2756 4298; x_wconf 86' lang='lat' dir='ltr'><strong>fueris,</strong></span> <span class='ocrx_word' id='word_1_526' title='bbox 2807 4230 3191 4287; x_wconf 75' lang='lat' dir='ltr'><strong>misericordia:</strong></span> <span class='ocrx_word' id='word_1_527' title='bbox 3243 4243 3323 4282; x_wconf 85' lang='lat' dir='ltr'><strong>re-</strong></span> 
     </span>
    </p>
   </div>
   <div class='ocr_carea' id='block_1_80' title="bbox 1742 4317 3327 4403">
    <p class='ocr_par' dir='ltr' id='par_1_80' title="bbox 1742 4317 3327 4403">
     <span class='ocr_line' id='line_1_80' title="bbox 1742 4317 3327 4403; baseline -0.01 -15"><span class='ocrx_word' id='word_1_528' title='bbox 1742 4332 2059 4388; x_wconf 86' lang='lat' dir='ltr'><strong>cordaberis</strong></span> <span class='ocrx_word' id='word_1_529' title='bbox 2107 4329 2336 4403; x_wconf 84' lang='lat' dir='ltr'><strong>(Habac.</strong></span> <span class='ocrx_word' id='word_1_530' title='bbox 2366 4344 2452 4395; x_wconf 83' lang='grc' dir='ltr'>ιιι,</span> <span class='ocrx_word' id='word_1_531' title='bbox 2482 4326 2575 4397; x_wconf 76' lang='lat'><strong>9.),</strong></span> <span class='ocrx_word' id='word_1_532' title='bbox 2624 4344 2644 4378; x_wconf 72' lang='grc' dir='ltr'><strong>ι</strong></span> <span class='ocrx_word' id='word_1_533' title='bbox 2693 4332 2749 4379; x_wconf 82' lang='lat' dir='ltr'><strong>ct</strong></span> <span class='ocrx_word' id='word_1_534' title='bbox 2777 4321 3093 4393; x_wconf 85' lang='lat' dir='ltr'><strong>Apostolum</strong></span> <span class='ocrx_word' id='word_1_535' title='bbox 3126 4338 3139 4374; x_wconf 92' lang='lat'>:</span> <span class='ocrx_word' id='word_1_536' title='bbox 3175 4336 3194 4370; x_wconf 77' lang='grc' dir='ltr'><strong>ι</strong></span> <span class='ocrx_word' id='word_1_537' title='bbox 3233 4317 3327 4372; x_wconf 78' lang='lat' dir='ltr'><strong>Fi-</strong></span> 
     </span>
    </p>
   </div>
   <div class='ocr_carea' id='block_1_81' title="bbox 1746 4408 3325 4490">
    <p class='ocr_par' dir='ltr' id='par_1_81' title="bbox 1746 4408 3325 4490">
     <span class='ocr_line' id='line_1_81' title="bbox 1746 4408 3325 4490; baseline -0.01 -13"><span class='ocrx_word' id='word_1_538' title='bbox 1746 4423 1883 4479; x_wconf 83' lang='lat' dir='ltr'><strong>delis</strong></span> <span class='ocrx_word' id='word_1_539' title='bbox 1912 4421 2078 4487; x_wconf 87' lang='lat' dir='ltr'><strong>Deus,</strong></span> <span class='ocrx_word' id='word_1_540' title='bbox 2117 4420 2209 4490; x_wconf 88' lang='lat' dir='ltr'><strong>qui</strong></span> <span class='ocrx_word' id='word_1_541' title='bbox 2241 4435 2347 4475; x_wconf 92' lang='lat' dir='ltr'><strong>non</strong></span> <span class='ocrx_word' id='word_1_542' title='bbox 2388 4417 2665 4489; x_wconf 86' lang='lat' dir='ltr'><strong>permittet</strong></span> <span class='ocrx_word' id='word_1_543' title='bbox 2701 4427 2799 4469; x_wconf 82' lang='lat' dir='ltr'><strong>vos</strong></span> <span class='ocrx_word' id='word_1_544' title='bbox 2826 4412 3022 4468; x_wconf 88' lang='lat' dir='ltr'><strong>tentari</strong></span> <span class='ocrx_word' id='word_1_545' title='bbox 3061 4424 3225 4481; x_wconf 90' lang='lat' dir='ltr'><strong>super</strong></span> <span class='ocrx_word' id='word_1_546' title='bbox 3268 4408 3325 4462; x_wconf 86' lang='lat' dir='ltr'><strong>id</strong></span> 
     </span>
    </p>
   </div>
   <div class='ocr_carea' id='block_1_82' title="bbox 1748 4499 3321 4588">
    <p class='ocr_par' dir='ltr' id='par_1_82' title="bbox 1748 4499 3321 4588">
     <span class='ocr_line' id='line_1_82' title="bbox 1748 4499 3321 4588; baseline -0.011 -18"><span class='ocrx_word' id='word_1_547' title='bbox 1748 4516 1892 4588; x_wconf 85' lang='lat' dir='ltr'><strong>quod</strong></span> <span class='ocrx_word' id='word_1_548' title='bbox 1921 4514 2147 4585; x_wconf 87' lang='lat' dir='ltr'><strong>potestis</strong></span> <span class='ocrx_word' id='word_1_549' title='bbox 2177 4511 2226 4582; x_wconf 89' lang='grc' dir='ltr'><strong>(ι</strong></span> <span class='ocrx_word' id='word_1_550' title='bbox 2260 4511 2381 4566; x_wconf 84' lang='lat' dir='ltr'><strong>Cor.</strong></span> <span class='ocrx_word' id='word_1_551' title='bbox 2414 4526 2470 4576; x_wconf 83' lang='lat' dir='ltr'><strong>x,</strong></span> <span class='ocrx_word' id='word_1_552' title='bbox 2517 4509 2626 4580; x_wconf 72' lang='lat' dir='ltr'><strong>l3).</strong></span> <span class='ocrx_word' id='word_1_553' title='bbox 2667 4526 2686 4560; x_wconf 72' lang='grc' dir='ltr'><strong>ι</strong></span> <span class='ocrx_word' id='word_1_554' title='bbox 2735 4504 2844 4559; x_wconf 85' lang='lat' dir='ltr'><strong>Sed</strong></span> <span class='ocrx_word' id='word_1_555' title='bbox 2882 4503 3198 4575; x_wconf 83' lang='lat' dir='ltr'><strong>priusquam</strong></span> <span class='ocrx_word' id='word_1_556' title='bbox 3236 4499 3321 4553; x_wconf 91' lang='lat' dir='ltr'><strong>in-</strong></span> 
     </span>
    </p>
   </div>
   <div class='ocr_carea' id='block_1_83' title="bbox 1750 4598 3325 4678">
    <p class='ocr_par' dir='ltr' id='par_1_83' title="bbox 1750 4598 3325 4678">
     <span class='ocr_line' id='line_1_83' title="bbox 1750 4598 3325 4678; baseline -0.013 -15"><span class='ocrx_word' id='word_1_557' title='bbox 1750 4608 1947 4678; x_wconf 86' lang='lat' dir='ltr'><strong>cipiam</strong></span> <span class='ocrx_word' id='word_1_558' title='bbox 1980 4607 2146 4678; x_wconf 83' lang='lat' dir='ltr'><strong>ipsius</strong></span> <span class='ocrx_word' id='word_1_559' title='bbox 2194 4604 2316 4659; x_wconf 87' lang='lat' dir='ltr'><strong>belli</strong></span> <span class='ocrx_word' id='word_1_560' title='bbox 2369 4603 2566 4657; x_wconf 85' lang='lat' dir='ltr'><strong>seriem</strong></span> <span class='ocrx_word' id='word_1_561' title='bbox 2618 4598 2930 4669; x_wconf 81' lang='lat' dir='ltr'><strong>explicare,</strong></span> <span class='ocrx_word' id='word_1_562' title='bbox 2970 4601 3183 4664; x_wconf 88' lang='lat' dir='ltr'><strong>oportet</strong></span> <span class='ocrx_word' id='word_1_563' title='bbox 3236 4604 3325 4644; x_wconf 90' lang='lat' dir='ltr'><strong>me</strong></span> 
     </span>
    </p>
   </div>
   <div class='ocr_carea' id='block_1_84' title="bbox 1751 4682 3323 4766">
    <p class='ocr_par' dir='ltr' id='par_1_84' title="bbox 1751 4682 3323 4766">
     <span class='ocr_line' id='line_1_84' title="bbox 1751 4682 3323 4766; baseline -0.012 -14"><span class='ocrx_word' id='word_1_564' title='bbox 1751 4712 1921 4766; x_wconf 78' lang='lat' dir='ltr'><strong>pauca</strong></span> <span class='ocrx_word' id='word_1_565' title='bbox 1951 4697 2019 4751; x_wconf 91' lang='lat' dir='ltr'><strong>de</strong></span> <span class='ocrx_word' id='word_1_566' title='bbox 2040 4694 2269 4766; x_wconf 86' lang='lat' dir='ltr'><strong>pueritia</strong></span> <span class='ocrx_word' id='word_1_567' title='bbox 2293 4693 2379 4749; x_wconf 84' lang='lat' dir='ltr'><strong>vel</strong></span> <span class='ocrx_word' id='word_1_568' title='bbox 2407 4690 2770 4747; x_wconf 89' lang='lat' dir='ltr'><strong>adolescentia</strong></span> <span class='ocrx_word' id='word_1_569' title='bbox 2800 4687 3037 4756; x_wconf 85' lang='lat' dir='ltr'><strong>ejusdem</strong></span> <span class='ocrx_word' id='word_1_570' title='bbox 3082 4682 3323 4737; x_wconf 84' lang='lat' dir='ltr'><strong>Heiurici</strong></span> 
     </span>
    </p>
   </div>
   <div class='ocr_carea' id='block_1_85' title="bbox 1755 4772 3330 4859">
    <p class='ocr_par' dir='ltr' id='par_1_85' title="bbox 1755 4772 3330 4859">
     <span class='ocr_line' id='line_1_85' title="bbox 1755 4772 3330 4859; baseline -0.013 -16"><span class='ocrx_word' id='word_1_571' title='bbox 1755 4788 2106 4859; x_wconf 61' lang='lat' dir='ltr'><strong>praemittere,</strong></span> <span class='ocrx_word' id='word_1_572' title='bbox 2156 4794 2215 4839; x_wconf 91' lang='lat' dir='ltr'><strong>ut</strong></span> <span class='ocrx_word' id='word_1_573' title='bbox 2248 4785 2397 4849; x_wconf 87' lang='lat' dir='ltr'><strong>dum,</strong></span> <span class='ocrx_word' id='word_1_574' title='bbox 2426 4783 2641 4853; x_wconf 85' lang='lat' dir='ltr'><strong>qualem</strong></span> <span class='ocrx_word' id='word_1_575' title='bbox 2680 4781 2849 4834; x_wconf 85' lang='lat' dir='ltr'><strong>vitam</strong></span> <span class='ocrx_word' id='word_1_576' title='bbox 2882 4791 3015 4847; x_wconf 86' lang='lat' dir='ltr'><strong>puer</strong></span> <span class='ocrx_word' id='word_1_577' title='bbox 3059 4772 3146 4827; x_wconf 88' lang='lat' dir='ltr'><strong>vel</strong></span> <span class='ocrx_word' id='word_1_578' title='bbox 3197 4774 3330 4828; x_wconf 87' lang='lat' dir='ltr'><strong>ado-</strong></span> 
     </span>
    </p>
   </div>
   <div class='ocr_carea' id='block_1_86' title="bbox 1757 4864 3334 4947">
    <p class='ocr_par' dir='ltr' id='par_1_86' title="bbox 1757 4864 3334 4947">
     <span class='ocr_line' id='line_1_86' title="bbox 1757 4864 3334 4947; baseline -0.013 -15"><span class='ocrx_word' id='word_1_579' title='bbox 1757 4880 1965 4934; x_wconf 86' lang='lat' dir='ltr'><strong>lescens</strong></span> <span class='ocrx_word' id='word_1_580' title='bbox 2014 4876 2229 4947; x_wconf 77' lang='lat' dir='ltr'><strong>agebat,</strong></span> <span class='ocrx_word' id='word_1_581' title='bbox 2286 4874 2457 4929; x_wconf 88' lang='lat' dir='ltr'><strong>lector</strong></span> <span class='ocrx_word' id='word_1_582' title='bbox 2504 4871 2818 4942; x_wconf 71' lang='lat' dir='ltr'><strong>agnoverit,</strong></span> <span class='ocrx_word' id='word_1_583' title='bbox 2872 4866 3052 4920; x_wconf 90' lang='lat' dir='ltr'><strong>minus</strong></span> <span class='ocrx_word' id='word_1_584' title='bbox 3105 4864 3334 4918; x_wconf 86' lang='lat' dir='ltr'><strong>miretur</strong></span> 
     </span>
    </p>
   </div>
   <div class='ocr_carea' id='block_1_87' title="bbox 1712 4953 3331 5043">
    <p class='ocr_par' dir='ltr' id='par_1_87' title="bbox 1712 4953 3331 5043">
     <span class='ocr_line' id='line_1_87' title="bbox 1712 4953 3331 5043; baseline -0.014 -21"><span class='ocrx_word' id='word_1_585' title='bbox 1712 5039 1716 5043; x_wconf 12' lang='lat'><em>‘</em></span> <span class='ocrx_word' id='word_1_586' title='bbox 1755 4967 1898 5038; x_wconf 87' lang='lat' dir='ltr'><strong>quod</strong></span> <span class='ocrx_word' id='word_1_587' title='bbox 1928 4965 2246 5021; x_wconf 89' lang='lat' dir='ltr'><strong>intestinum</strong></span> <span class='ocrx_word' id='word_1_588' title='bbox 2266 4961 2464 5017; x_wconf 90' lang='lat' dir='ltr'><strong>bellum</strong></span> <span class='ocrx_word' id='word_1_589' title='bbox 2491 4962 2577 5016; x_wconf 88' lang='lat' dir='ltr'><strong>vir</strong></span> <span class='ocrx_word' id='word_1_590' title='bbox 2598 4959 2777 5014; x_wconf 87' lang='lat' dir='ltr'><strong>factus</strong></span> <span class='ocrx_word' id='word_1_591' title='bbox 2802 4953 3108 5024; x_wconf 69' lang='lat' dir='ltr'><strong>incmperit.</strong></span> <span class='ocrx_word' id='word_1_592' title='bbox 3133 4953 3331 5006; x_wconf 75' lang='lat' dir='ltr'><strong>Verum</strong></span> 
     </span>
    </p>
   </div>
   <div class='ocr_carea' id='block_1_88' title="bbox 1370 5075 2058 5141">
    <p class='ocr_par' dir='ltr' id='par_1_88' title="bbox 1370 5075 2058 5141">
     <span class='ocr_line' id='line_1_88' title="bbox 1370 5075 2058 5141; baseline -0.012 0"><span class='ocrx_word' id='word_1_593' title='bbox 1370 5080 1599 5141; x_wconf 77' lang='lat' dir='ltr'><strong>VARUE</strong></span> <span class='ocrx_word' id='word_1_594' title='bbox 1653 5075 2058 5135; x_wconf 84' lang='lat' dir='ltr'><strong>LECTIONES.</strong></span> 
     </span>
    </p>
   </div>
   <div class='ocr_carea' id='block_1_89' title="bbox 168 5148 3323 5239">
    <p class='ocr_par' dir='ltr' id='par_1_89' title="bbox 168 5148 3323 5239">
     <span class='ocr_line' id='line_1_89' title="bbox 168 5148 3323 5239; baseline -0.011 -6"><span class='ocrx_word' id='word_1_595' title='bbox 168 5180 508 5239; x_wconf 76' lang='lat' dir='ltr'><strong>‘Werinuero</strong></span> <span class='ocrx_word' id='word_1_596' title='bbox 550 5186 594 5238; x_wconf 93' lang='lat' dir='ltr'><strong>l.</strong></span> <span class='ocrx_word' id='word_1_597' title='bbox 672 5184 692 5212; x_wconf 79' lang='grc'>²</span> <span class='ocrx_word' id='word_1_598' title='bbox 734 5182 804 5233; x_wconf 79' lang='lat' dir='ltr'><strong>ita</strong></span> <span class='ocrx_word' id='word_1_599' title='bbox 832 5182 944 5235; x_wconf 78' lang='lat' dir='ltr'><strong>edd.</strong></span> <span class='ocrx_word' id='word_1_600' title='bbox 980 5186 1110 5231; x_wconf 83' lang='lat' dir='ltr'><strong>nato</strong></span> <span class='ocrx_word' id='word_1_601' title='bbox 1136 5177 1187 5229; x_wconf 91' lang='lat' dir='ltr'><strong>l.</strong></span> <span class='ocrx_word' id='word_1_602' title='bbox 1264 5179 1286 5210; x_wconf 79' lang='grc'>³</span> <span class='ocrx_word' id='word_1_603' title='bbox 1326 5170 1716 5232; x_wconf 83' lang='lat' dir='ltr'><strong>secretioribus</strong></span> <span class='ocrx_word' id='word_1_604' title='bbox 1743 5168 1830 5224; x_wconf 84' lang='lat' dir='ltr'><strong>ed.</strong></span> <span class='ocrx_word' id='word_1_605' title='bbox 1903 5166 1925 5198; x_wconf 72' lang='grc'><strong>⁸</strong></span> <span class='ocrx_word' id='word_1_606' title='bbox 1961 5164 2231 5224; x_wconf 79' lang='lat' dir='ltr'><strong>Henricus</strong></span> <span class='ocrx_word' id='word_1_607' title='bbox 2261 5163 2735 5233; x_wconf 72' lang='lat' dir='ltr'><strong>L&#39;nonnunquam.</strong></span> <span class='ocrx_word' id='word_1_608' title='bbox 2812 5160 2906 5229; x_wconf 57' lang='lat' dir='ltr'><strong>&quot;t.</strong></span> <span class='ocrx_word' id='word_1_609' title='bbox 2939 5150 3108 5223; x_wconf 79' lang='lat' dir='ltr'><strong>magis</strong></span> <span class='ocrx_word' id='word_1_610' title='bbox 3138 5166 3209 5204; x_wconf 89' lang='lat' dir='ltr'><strong>m.</strong></span> <span class='ocrx_word' id='word_1_611' title='bbox 3239 5148 3323 5202; x_wconf 76' lang='lat' dir='ltr'><strong>ed.</strong></span> 
     </span>
    </p>
   </div>
   <div class='ocr_carea' id='block_1_90' title="bbox 1548 5256 1684 5315">
    <p class='ocr_par' dir='ltr' id='par_1_90' title="bbox 1548 5256 1684 5315">
     <span class='ocr_line' id='line_1_90' title="bbox 1548 5256 1684 5315; baseline 0.015 -2"><span class='ocrx_word' id='word_1_612' title='bbox 1548 5256 1684 5315; x_wconf 81' lang='lat' dir='ltr'><strong>NOT</strong></span> 
     </span>
    </p>
   </div>
   <div class='ocr_carea' id='block_1_91' title="bbox 168 5355 1592 5382">
    <p class='ocr_par' dir='ltr' id='par_1_91' title="bbox 168 5355 1592 5382">
     <span class='ocr_line' id='line_1_91' title="bbox 168 5355 1592 5382; baseline 0 0"><span class='ocrx_word' id='word_1_613' title='bbox 168 5358 257 5382; x_wconf 67' lang='grc' dir='ltr'><strong>ΙΙἾὶ</strong></span> <span class='ocrx_word' id='word_1_614' title='bbox 293 5362 604 5382; x_wconf 70' lang='lat' dir='ltr'><strong>l&quot;-.--.-.-.-.-</strong></span> <span class='ocrx_word' id='word_1_615' title='bbox 656 5359 823 5382; x_wconf 68' lang='grc' dir='ltr'><strong>---ει-</strong></span> <span class='ocrx_word' id='word_1_616' title='bbox 895 5360 936 5382; x_wconf 74' lang='grc' dir='ltr'><strong>ΙΙ</strong></span> <span class='ocrx_word' id='word_1_617' title='bbox 959 5355 1175 5382; x_wconf 69' lang='lat'><strong>-:_-...&#39;-..-</strong></span> <span class='ocrx_word' id='word_1_618' title='bbox 1298 5355 1592 5382; x_wconf 69' lang='lat' dir='ltr'><strong>‘J-”.4nllu.o</strong></span> 
     </span>
    </p>
   </div>
   <div class='ocr_carea' id='block_1_92' title="bbox 1688 5258 1778 5315">
    <p class='ocr_par' dir='ltr' id='par_1_92' title="bbox 1688 5258 1778 5315">
     <span class='ocr_line' id='line_1_92' title="bbox 1688 5258 1778 5315; baseline -0.022 0"><span class='ocrx_word' id='word_1_619' title='bbox 1688 5258 1778 5315; x_wconf 67' lang='grc' dir='ltr'><strong>ΛΞ.</strong></span> 
     </span>
    </p>
   </div>
   <div class='ocr_carea' id='block_1_93' title="bbox 1749 5344 2240 5382">
    <p class='ocr_par' dir='ltr' id='par_1_93' title="bbox 1749 5344 2240 5382">
     <span class='ocr_line' id='line_1_93' title="bbox 1749 5344 2240 5382; baseline 0 0"><span class='ocrx_word' id='word_1_620' title='bbox 1749 5360 1848 5382; x_wconf 62' lang='lat' dir='ltr'><strong>non</strong></span> <span class='ocrx_word' id='word_1_621' title='bbox 1898 5346 1968 5382; x_wconf 60' lang='lat' dir='ltr'><strong>an</strong></span> <span class='ocrx_word' id='word_1_622' title='bbox 2019 5365 2054 5382; x_wconf 71' lang='grc' dir='ltr'>ιν</span> <span class='ocrx_word' id='word_1_623' title='bbox 2101 5344 2240 5382; x_wconf 58' lang='lat' dir='ltr'><strong>infra</strong></span> 
     </span>
    </p>
   </div>
  </div>
