3940 5382
518 315 650 374 ’ἴθι

1437 305 1783 366 BRUNONIS
1819 305 2085 364 CLERICI
2128 302 2754 365 MAGDEBURGENSIS

3731 293 3832 356 1J2

548 446 616 488 ne
656 430 761 486 hoc
805 443 939 500 opus
989 427 1214 498 quilibet
1255 425 1308 480 in
1364 440 1556 480 manus
1613 425 1886 494 accipiens
1936 423 2118 479 statim
2148 429 2198 488 Α
2224 438 2346 478 men
2373 422 2565 494 pagina
2593 421 2766 492 prima
2789 419 3143 486 demonstrat,
3160 431 3398 488 sequens
3424 431 3567 488 opus
3593 429 3628 469 a
3658 417 3831 484 sputis

547 525 679 581 velit
711 535 1033 593 conspuere,
1079 520 1282 591 placuit
1311 520 1444 574 mihi
1495 520 1625 574 illud
1661 519 1830 574 vestri
1883 517 2122 574 nominis

549 614 944 684 prtenotatione
987 611 1222 670 munire.
1274 619 1545 681 quatenus
1583 610 1710 665 dum
1738 616 1979 664 vestrum
2023 621 2121 662 no-

2229 511 2502 568 defendat.
2536 511 2679 581 Ergo
2708 518 2886 566 vestra
2940 508 3178 578 dignitas
3209 507 3468 578 dignetur
3497 503 3640 559 illud
3681 512 3830 557 tanta

2229 604 2509 660 alacritate
2528 602 2826 672 suscipere,
2853 611 3053 668 quanta
3080 615 3111 656 a
3140 615 3227 658 me
3254 598 3490 657 offertur
3511 597 3830 655 devotione.

1256 787 1954 884 SAXONICUM
2027 781 2504 874 BELLUM
2579 776 3079 872 INCIPIT.

604 969 671 1021 Α.
711 965 1002 1033 Postquam
1039 959 1326 1016 Heinrlcus
1355 959 1647 1028 imperator
1686 955 1756 1010 ab
1798 957 1900 1010 hoc
1944 951 2129 1009 seculo

551 1063 693 1120 felici
723 1071 899 1116 morte
928 1057 1182 1128 migravit
1227 1057 1342 1118 (an.
1379 1053 1561 1123 l056),
1594 1051 1735 1107 filius
1766 1051 1882 1121 ejus
1914 1047 2128 1103 Heinri-

551 1171 648 1212 cus
691 1161 935 1225 quartus,
987 1149 1276 1205 infeliciter
1302 1148 1356 1202 in
1380 1147 1482 1202 hoc
1515 1144 1697 1201 seculo
1730 1143 1951 1198 relictus
1981 1133 2125 1202 vitae,

553 1262 774 1317 regnum
797 1243 966 1315 patris
987 1240 1253 1297 electione
1274 1237 1546 1294 communi
1560 1231 1982 1306 suscepit.Quod
2003 1229 2127 1300 quia

552 1338 729 1391 adhuc
756 1334 1030 1396 decenter,
1062 1337 1245 1398 utpote
1297 1327 1554 1397 puerulus
1581 1323 1979 1396 quinquennis,
2025 1337 2124 1391 gu-

551 1430 786 1483 bernare
822 1439 928 1480 non
958 1422 1151 1492 potuit,
1185 1420 1359 1490 ipsum
1388 1434 1511 1476 cum
1538 1417 1689 1488 regni
1721 1430 1852 1470 cura
1877 1413 1900 1444 ⁸
1934 1427 2126 1468 curan-

553 1518 682 1572 dum
705 1523 1030 1572 cunctorum
1057 1513 1210 1582 jussu
1235 1509 1538 1581 principum
1561 1517 1736 1562 mater
1759 1504 1928 1575 ipsius
1948 1503 2128 1573 Agnes

552 1604 881 1663 venerabilis
909 1601 1225 1672 imperatrix
1247 1600 1472 1670 accepit.
1503 1598 1610 1654 Sed
1633 1597 1775 1659 cum,
1805 1594 2129 1666 procedente

553 1696 815 1768 temporis
830 1706 1162 1764 cursu,puer
1189 1699 1350 1746 aetate
1372 1689 1589 1760 quidem
1617 1688 1710 1743 sed
1738 1702 1842 1742 non
1864 1684 2126 1756 sapientia

2229 958 2383 1006 sente
2426 949 2756 1016 celebraret,
2787 956 2840 1006 et
2872 948 3070 1020 populo
3097 951 3320 1006 verbum
3349 947 3448 1005 Dei
3480 949 3746 1004 dicturus
3768 965 3829 1005 ea

2229 1059 2380 1099 more
2409 1042 2583 1098 locum
2627 1043 2873 1098 altiorem
2900 1044 3232 1109 ascenderet,
3273 1043 3420 1098 inter
3456 1053 3646 1098 cetera
3678 1044 3830 1112 quasi

2229 1133 2401 1189 bonos
2421 1143 2476 1187 et
2499 1131 2708 1188 nobiles
2755 1134 2808 1188 in
2839 1134 2940 1188 hac
2969 1142 3110 1188 terra
3153 1147 3499 1204 conquerens
3530 1133 3829 1197 defecisse,

2231 1242 2290 1282 se
2317 1226 2491 1282 solum
2517 1234 2773 1294 et'regem
2794 1265 2810 1291 ,
2832 1241 2891 1280 se
2920 1225 3127 1280 scilicet
3154 1235 3492 1294 anteponens
3523 1226 3666 1296 regi,
3701 1227 3830 1280 dix‘t

2231 1318 2297 1374 de
2325 1318 2606 1374 nobilitate
2635 1318 2985 1384 remansisse,
3011 1348 3080 1362 —~
3106 1333 3227 1373 cum
3268 1318 3377 1373 duo
3405 1319 3614 1375 fratres
3661 1320 3830 1388 ipsius

2231 1410 2422 1467 iisdem
2469 1411 2787 1481 parentibus
2835 1411 2947 1464 nati
3000 1411 3045 1442 "
3074 1417 3279 1465 starent
3308 1422 3637 1481 praesentes,
3671 1441 3742 1451 -—
3778 1422 3828 1465 et

2228 1501 2476 1571 quamvis
2521 1499 2888 1569 apostolorum
2937 1500 3217 1570 principis.
3275 1500 3466 1557 fratris
3516 1503 3628 1566 sui,
3687 1502 3830 1556 Petri

2229 1610 2424 1651 nomen
2453 1609 2556 1650 non
2589 1596 2837 1663 haberet,
2862 1607 2922 1651 se
2963 1603 3140 1648 tamen
3176 1593 3407 1649 eandem
3434 1609 3604 1664 quam
3629 1593 3830 1648 Petrus

2232 1685 2433 1740 habere
2463 1693 2811 1754 potestatem,
2846 1683 2927 1740 vel
2956 1685 3119 1738 etiam
3151 1684 3436 1753 majorem,
3465 1688 3604 1753 quia
3645 1683 3828 1739 Domi-

553 1788 637 1844 vel
652 1787 790 1858 apud
819 1786 980 1841 Deum
1001 1781 1234 1852 velapud
1253 1781 1497 1836 homines
1514 1774 2129 1849 proliceret,matrisque
2162 1797 2206 1856 Β
2233 1786 2360 1826 num
2393 1785 2549 1825 suum
2590 1786 2716 1836 non,
2746 1780 2806 1824 ut
2839 1769 3054 1834 Petrus,
3086 1784 3340 1838 umquam
3371 1780 3656 1840 negasset.

555 1879 760 1936 monita
811 1876 960 1947 regio
999 1874 1139 1928 fastu
1199 1871 1437 1926 tumidus
1465 1871 1486 1904 ⁷
1520 1871 1631 1941 jam
1668 1869 1848 1924 minus
1899 1867 2130 1930 audiret,

554 1973 732 2034 Anno,
758 1965 1100 2023 Coloniensis
1123 1961 1319 2034 praesul
1346 1959 1845 2024 venerandus,eum
1872 1955 2136 2010 violenter

556 2059 715 2116 matri
743 2055 942 2128 eripuit
967 2053 1079 2126 (an.
1111 2050 1252 2108 1062
1301 2049 1468 2119 Mai),
1523 2064 1756 2118 eumque
1807 2039 1948 2102 cum
1985 2044 2133 2101 omni

556 2149 860 2222 diligentia,
887 2147 1029 2201 sicut
1055 2143 1280 2200 decebat
1319 2139 1722 2210 imperatoriam
1753 2137 1957 2208 prolem
1983 2176 2000 2201 ,
2028 2149 2134 2189 non

555 2253 668 2298 tam
699 2241 812 2314 regi
836 2255 1000 2310 quam
1033 2240 1198 2308 regno
1240 2234 1577 2304 prospiciens
1600 2273 1615 2296 ,
1661 2231 1870 2285 nutrire
1902 2227 2131 2284 curavit.

559 2333 680 2388 Non
708 2332 851 2386 enim
898 2326 1185 2398 ignorabat
1208 2323 1352 2395 quod
1399 2336 1490 2378 rex
1533 2321 1795 2391 insipiens
1824 2319 2012 2389 perdet
2040 2330 2136 2386 po-

557 2425 742 2496 pulum
777 2436 959 2486 suum,
1001 2427 1059 2475 et
1085 2416 1337 2473 civitates
1374 2413 1396 2446 ⁸
1449 2412 1833 2468 babitabuntur
1869 2425 1966 2480 per
2009 2423 2133 2464 sen-

556 2533 651 2572 sus
680 2516 702 2546 ’
726 2511 1098 2586 prudentium,
1131 2523 1233 2564 nec
1261 2505 1542 2562 nesciebat
1569 2503 1734 2559 etiam
1781 2502 1949 2572 quod,
1997 2500 2138 2556 sicut

558 2608 768 2677 aliquos
793 2602 984 2660 humili
1012 2601 1185 2671 stirpe
1215 2606 1535 2670 procreatos
1574 2598 1805 2652 virtutes
1835 2595 2134 2660 declarant,

558 2697 637 2760 sic
681 2711 711 2749 a
745 2693 957 2764 magnis
981 2698 1138 2746 natos
1173 2688 1513 2759 parentibus,
1542 2687 1587 2743 si
1630 2687 1872 2742 doctrina
1902 2686 2138 2755 bonique

557 2767 804 2844 defecere
832 2797 1033 2850 mores,
1057 2782 1230 2852 culpae
1257 2781 1603 2836 dedecorant.
1632 2778 1831 2834 Verum
1854 2789 2137 2849 postquam

493 2937 495 2940 ,
560 2878 678 2944 ille,
704 2875 900 2946 puerili
938 2872 1286 2943 simplicitate
1330 2879 1664 2935 transcursa,
1691 2869 2138 2935 adolescentiam,

560 2979 680 3034 quae
703 2959 1006 3017 communis
1032 2966 1116 3014 cst
1154 2956 1394 3013 omnium
1424 2971 1651 3026 campus
1685 2954 2030 3026 ﬂagitiorum,
2057 2956 2138 3010 in-

562 3067 803 3126 gressus,
816 3051 881 3105 ad
905 3050 1106 3105 bivium
1138 3047 1336 3103 Samiae
1361 3046 1556 3101 litterae
1581 3046 1826 3114 pervenit
1855 3044 2136 3116 (lloan.),

2302 1861 2502 1932 5.1psc
2547 1863 2765 1917 cuidam
2809 1862 2860 1916 in
2906 1875 3005 1916 suo
3051 1861 3363 1930 episcopatu
3412 1862 3718 1916 abbatissa:
3763 1861 3822 1922 ".

2234 1967 2352 2022 qua:
2374 1952 2556 2007 nescio
2584 1952 2714 2021 quid
2739 1952 2780 1983 ¹⁷
2811 1951 2864 2006 in
2896 1965 3020 2005 emn
3046 1959 3385 2021 peccaverat,
3437 1952 3712 2021 praecepit
3737 1967 3828 2020 per

2211 2043 2595 2099 'obedientiatn
2629 2051 2688 2097 ut
2738 2043 2878 2096 intra
2920 2043 3036 2098 dies
3061 2042 3368 2112 quindecim
3412 2043 3564 2098 hanc
3595 2058 3826 2114 praesen-

2237 2144 2344 2191 tem
2397 2135 2725 2205 relinqueret
2777 2134 2965 2188 vitam.
3017 2134 3086 2190 Et
3129 2134 3256 2204 quia
3306 2135 3425 2205 ipsa
3479 2145 3616 2191 tunc
3665 2151 3827 2206 aegro.

2236 2227 2408 2294 tabat,
2450 2227 2539 2284 ille
2587 2243 2755 2285 vanus
2795 2243 2953 2284 suum
3003 2227 3059 2282 in
3115 2242 3179 2282 ea
3227 2237 3567 2300 praeceptum
3616 2227 3826 2299 impleri

2235 2332 2396 2388 posse
2424 2317 2699 2389 sperabat,
2741 2329 2796 2375 et
2823 2318 2868 2374 si
2897 2333 3026 2373 casu
3054 2326 3377 2382 moreretur,
3419 2329 3704 2374 mortuam
3733 2334 3826 2373 suo

2229 2407 2383 2478 jussu
2412 2409 2628 2465 volebat
2678 2418 2737 2464 ut
2768 2409 3099 2464 crederetur.
3146 2408 3241 2464 Die
3277 2422 3411 2464 vero
3455 2409 3530 2464 i5
3569 2409 3686 2472 illa,
3718 2409 3824 2479 jam

2237 2500 2468 2556 sanitate
2499 2510 2836 2570 recuperata,
2873 2499 3022 2555 misit
3049 2499 3305 2570 episcopo
3338 2499 3612 2570 legatum,
3649 2500 3827 2555 nescio

2237 2607 2335 2662 pro
2386 2605 2491 2662 qua
2550 2606 2734 2646 causa.
2783 2592 2954 2659 Quem
2998 2591 3041 2623 ¹⁸
3082 2600 3141 2646 ut
3193 2590 3282 2645 ille
3327 2590 3394 2646 de
3422 2590 3591 2663 longe
3633 2591 3825 2645 adven-

2240 2689 2442 2736 tantem
2469 2681 2624 2748 vidit,
2667 2682 2770 2739 sibi
2815 2681 3178 2738 assidentibus
3225 2680 3569 2737 laetabundus
3620 2681 3759 2737 dixit
3808 2699 3821 2734 :

2239 2771 2515 2844 Numquid
2561 2791 2679 2830 mea
2705 2785 2932 2845 potestas
2967 2775 3142 2828 minor
3179 2774 3234 2827 in
3272 2775 3590 2854 istanquam
3647 2774 3825 2842 fratri:

2237 2864 2337 2918 mei
2362 2864 2509 2918 Petri
2540 2865 2639 2934 fuit
2664 2867 2717 2919 in
2750 2864 3021 2936 Saphira.’
3051 2864 3189 2919 Ecce
3218 2865 3319 2919 ista
3353 2865 3555 2918 misera
3583 2875 3667 2918 eat
3693 2881 3822 2918 mor-

2238 2966 2352 3024 tua,
2379 2958 2692 3011 auctoritate
2709 2957 2930 3027 jubente
2958 2958 3106 3012 mea!
3145 2957 3249 3014 Sed
3277 2966 3596 3028 postquam.
3639 2959 3823 3012 nuntio

2239 3049 2461 3120 propius
2509 3050 2836 3115 accedente,
2893 3050 3077 3105 vivere
3125 3065 3244 3106 eam
3287 3058 3343 3106 et
3387 3049 3458 3105 ab
3509 3051 3823 3105 inﬁrmitate

563 3145 823 3202 derelicta
848 3139 1063 3196 sublimi
1095 3139 1304 3195 semitae
1331 3136 1654 3192 dexterioris
1684 3136 1955 3206 angustia,
1977 3136 2137 3192 decli-
2165 3139 2210 3202 C
2242 3140 2579 3196 convaluisse
2608 3142 2882 3211 cognovit,
2910 3156 2940 3196 a
2976 3142 3230 3213 superbia
3253 3156 3352 3199 sua
3372 3140 3536 3198 valde
3564 3141 3822 3198 confusus

562 3251 683 3290 vem
699 3233 888 3304 platea:
903 3229 1138 3284 sinistrae
1150 3228 1484 3283 latitudinem
1495 3267 1510 3292 ,
1524 3241 1628 3297 qua
1647 3226 1942 3292 incederet,
1955 3227 2136 3297 elegit,

561 3325 807 3394 calleque
827 3322 1086 3376 virtutum
1110 3319 1325 3389 penitus
1354 3319 1624 3382 abdicato,
1643 3319 1768 3374 totis
1790 3317 1995 3373 viribus
2021 3328 2141 3388 post

565 3413 920 3483 concupiscen
930 3411 1032 3465 tias
1054 3424 1180 3464 suas
1197 3409 1275 3462 ire
1295 3409 1575 3478 disposuit.
1589 3409 1740 3476 Quod
1759 3418 1815 3463 ut
1830 3409 2051 3466 liberius
2064 3409 2142 3465 fa-

564 3520 692 3562 cere
715 3504 1172 3576 pomisset—non
1190 3500 1330 3556 enim
1357 3502 1456 3556 sub
1485 3501 1577 3556 illo
1600 3503 1862 3572 magistro
1887 3503 1990 3558 sibi
2012 3503 2143 3559 lice-

563 3599 660 3655 bat
687 3595 939 3670 quicquid
967 3593 1836 3664 libuil,——priusmagisteriiillius
1850 3597 2142 3650 auctorita-

566 3699 673 3743 tem
704 3703 734 3742 a
763 3701 820 3742 se
840 3684 1056 3756 penitus
1085 3683 1349 3750 excussit,
1379 3692 1434 3738 et
1463 3684 1553 3754 qui
1585 3684 1652 3740 ad
1683 3699 1906 3756 regnum
1941 3685 2141 3757 guber-

568 3780 806 3836 nandum
845 3779 1033 3834 fuisset
1063 3777 1289 3840 electus,
1309 3777 1420 3847 jam
1450 3790 1511 3832 se
1541 3777 1610 3832 ab
1646 3776 1827 3848 aliquo
1852 3779 2142 3848 gubernari

568 3881 652 3930 est
690 3871 1029 3942 dedignatus.
1074 3867 1244 3940 Igitur
1270 3883 1361 3923 rex
1391 3867 1461 3922 ab
1481 3869 1739 3940 episcopo
1779 3871 2144 3925 manumissus

568 3966 677 4036 (an.
708 3963 870 4029 1065,
904 3960 1220 4030 Mam-29),
1252 3975 1374 4014 cum
1423 3960 1503 4015 sui
1543 3959 1681 4029 juris
1711 3976 1832 4016 esse
1869 3962 2142 4032 coepisset,

567 4071 698 4114 tunc
727 4055 980 4129 patefecit
1008 4053 1138 4124 quin
1169 4053 1212 4084 ¹⁰
1240 4054 1380 4107 viam
1410 4053 1533 4108 vitzc
1565 4054 1762 4108 sectari
1791 4054 2140 4111 decrevisset.

568 4150 772 4220 Vepres
818 4148 960 4202 enim
990 4145 1272 4201 libidinum
1302 4145 1365 4210 “,
1399 4161 1519 4215 qua:
1547 4146 1602 4200 in
1631 4146 1733 4202 hac
1779 4156 1940 4203 actate
1977 4149 2142 4204 etiam

568 4255 662 4295 eos
693 4239 921 4308 fatigant
947 4235 1040 4305 qui
1069 4249 1163 4290 cas
1190 4236 1242 4289 in
1288 4249 1347 4290 se
1373 4233 1748 4303 frequentibus
1771 4235 1993 4306 jejuniis
2023 4251 2144 4292 are-

569 4333 775 4388 faciunt
795 4339 850 4385 et
885 4327 1117 4384 assiduis
1135 4327 1470 4382 orationibus
1489 4329 1791 4394 eradicant,
1810 4345 1876 4385 eo
1902 4329 2144 4385 fructuo-

572 4425 686 4478 sius
716 4422 768 4475 in
815 4435 880 4474 eo
915 4418 1314 4489 germinabant,
1344 4433 1450 4486 quo
1495 4434 1592 4474 eas
1641 4435 1742 4476 nec
1782 4421 1915 4490 ipse,
1960 4431 2145 4492 utpote

573 4513 697 4581 igne
726 4511 912 4580 prima:
936 4508 1237 4579 juventutis
1265 4509 1558 4563 ardescens
1595 4517 1649 4563 et
1680 4511 1830 4580 regni
1860 4511 2016 4568 luxus
2047 4514 2145 4570 de-

572 4600 714 4656 liciis
739 4597 980 4662 aflluens,
1010 4597 1078 4652 ab
1115 4613 1244 4669 agro
1273 4597 1357 4651 sui
1383 4599 1561 4652 cordis
1591 4598 1886 4668 evellebat,
1918 4618 2018 4658 nec
2053 4619 2150 4660 eas

573 4696 769 4767 aliquis
799 4693 868 4749 ab
899 4709 986 4759 eo,
1008 4708 1134 4765 rege
1169 4692 1416 4748 videlicet
1451 4693 1749 4750 munitores
1797 4707 2148 4768 aspernante,

573 4791 873 4860 exstirpare
904 4787 946 4818 ¹¹
980 4786 1126 4842 ferro
1155 4785 1516 4856 correptionis
1545 4786 1799 4842 audebat.

641 4883 698 4937 ἓ.
730 4882 858 4936 Erat
887 4881 1073 4936 eodem
1119 4889 1356 4948 tempore
1395 4878 1704 4933 Bremensis
1744 4879 1940 4948 praesul
1986 4880 2153 4935 Adal-

573 4975 761 5029 bertus
789 4972 852 5037 ¹³,
881 4972 962 5026 sic
991 4969 1152 5039 typho
1183 4969 1225 5000 “
1249 4969 1515 5038 superbiae
1540 4969 1787 5039 turgidus
1812 5010 1826 5035 ,
1855 4978 1915 5024 ut
1948 4983 2049 5025 nec
2097 4971 2152 5025 in

574 5063 804 5120 seculari
877 5061 1161 5116 nobilitate
1229 5073 1330 5114 nec
1385 5059 1437 5112 in
1496 5069 1685 5114 sancta
1742 5062 2154 5116 conversatione

2241 3230 2488 3288 obticuit.

2311 3325 2364 3379 6.
2395 3325 2700 3396 Aliquando
2749 3341 2911 3395 cum,
2967 3328 3108 3383 sicut
3163 3328 3391 3396 solebat,
3433 3330 3488 3385 in
3539 3329 3697 3385 curia
3743 3343 3822 3383 re-

2242 3415 2324 3487 gis
2371 3426 2551 3483 esset,
2599 3425 2656 3472 et
2707 3433 2948 3473 mensam
3010 3421 3151 3492 regis
3205 3421 3429 3477 cottidie
3487 3422 3817 3478 delicatiori-

2241 3509 2342 3563 bus
2398 3523 2558 3579 quam
2603 3509 2718 3580 ipse
2767 3523 2862 3565 rex
2905 3509 3075 3579 epulis
3127 3520 3413 3579 oneraret,
3463 3513 3707 3582 quadarn
3742 3511 3821 3564 die

2243 3599 2455 3654 cunctis
2501 3601 2569 3655 ad
2624 3599 2802 3655 cibum
2855 3600 3249 3668 pertinentibus
3309 3615 3419 3671 pra:
3465 3603 3642 3656 nimio
3702 3601 3818 3655 luxu

2243 3691 2615 3761 consumptis,
2675 3690 2884 3760 dapifer
2937 3690 3057 3761 ejus
3122 3691 3290 3747 nichil
3365 3693 3606 3749 habebat
3685 3694 3820 3763 quod

2245 3787 2358 3833 tum
2389 3780 2537 3835 "-ex
2565 3780 2957 3836 consuetudine
3001 3795 3099 3837 sua
3143 3791 3426 3838 venustum
3469 3782 3688 3853 ipsique
3719 3782 3820 3851 regi

2244 3869 2630 3925 comedendum
2658 3909 2673 3936 ,
2739 3885 2942 3927 mensae
2996 3874 3142 3943 regis
3204 3874 3507 3943 imponeret
3569 3873 3668 3940 ";
3735 3873 3821 3928 sed

2244 3975 2346 4014 nec
2399 3969 2520 4015 erat
2565 3963 2802 4030 pretium
2854 3977 2963 4033 quo
3005 3964 3187 4019 cibum
3235 3973 3440 4020 emeret
3487 3965 3817 4035 pretiosum,

2245 4051 2369 4120 quia
2423 4052 2479 4105 in
2533 4052 2765 4108 similem
2822 4069 2979 4109 usuin
3026 4064 3200 4109 totum
3262 4065 3683 4126 consumpserat
3739 4071 3819 4110 ar-

2245 4155 2486 4215 gentum.
2527 4146 2678 4213 Quod
2731 4161 2853 4202 cum
2904 4149 3191 4218 episcopus
3244 4164 3350 4204 non
3401 4151 3714 4220 ignoraret,
3744 4150 3821 4203 die

2246 4235 2334 4291 illa
2386 4236 2661 4302 latitabat,
2712 4252 2780 4292 ne
2811 4253 2934 4292 cum
2985 4239 3196 4308 dapil‘er
3241 4239 3490 4294 invenire
3541 4242 3820 4309 potuisset.

2246 4328 2433 4384 volens
2473 4338 2534 4384 ut
2563 4329 2652 4384 ille
2683 4345 2784 4402 per
2829 4346 2983 4386 suam
3021 4331 3344 4386 industriam
3388 4332 3639 4402 quolibet
3677 4333 3822 4386 modo

2251 4421 2588 4490 perquireret
2635 4422 2776 4492 quod
2801 4423 2868 4477 ad
2898 4437 3140 4478 mensam
3171 4423 3274 4478 sibi
3306 4423 3572 4478 decenter
3593 4437 3821 4492 appone-

2252 4522 2352 4568 ret.
2385 4514 2487 4568 Sed
2517 4514 2608 4569 ille
2626 4524 2909 4584 postquam
2942 4515 3219 4570 dominutn
3241 4531 3396 4570 suum
3419 4516 3513 4570 diu
3544 4517 3821 4585 quaesitum

2252 4607 2467 4662 tandem
2499 4608 2550 4662 in
2589 4608 2794 4677 capella
2842 4609 3074 4678 quadam
3103 4648 3119 4673 ,
3163 4623 3273 4678 quo
3317 4607 3670 4680 confugerat,
3715 4622 3822 4663 esse

2251 4698 2524 4767 cognovit,
2571 4699 2638 4752 ad
2686 4699 2919 4754 hostium
2948 4698 3168 4769 capellae
3199 4699 3562 4754 conﬁdentius
3588 4699 3819 4769 pulsans.

2252 4802 2311 4842 se
2339 4788 2620 4842 intromitti
2661 4790 2974 4858 postulavit.
3013 4790 3178 4858 Cujus
3204 4805 3388 4845 vocem
3434 4798 3495 4844 ut
3545 4792 3820 4860 episcopus

2253 4877 2508 4947 agnovit,
2557 4877 2738 4934 subito
2784 4894 2844 4934 se
2895 4880 2948 4933 in
3001 4889 3203 4934 terram
3235 4881 3389 4948 quasl
3433 4879 3487 4932 in
3525 4880 3819 4934 cntionem

2254 4970 2572 5038 prostravit.
2604 4971 2693 5026 ille
2745 4971 3022 5041 ingressus
3045 4997 3068 5036 ,-
3115 4981 3174 5026 ut
3224 4986 3345 5026 eum
3385 4969 3662 5039 iacentem
3698 4983 3812 5024 con-

2257 5064 2455 5132 spexit,
2487 5073 2540 5119 et
2565 5079 2684 5118 cum
2713 5081 2812 5120 nec
2855 5066 2987 5120 tussi
3018 5081 3116 5121 nec
3143 5075 3360 5121 screatu
3387 5064 3608 5128 erigere
3637 5062 3813 5132 potuit,
