3940 5382
69 309 220 369 493

1406 309 1492 371 DE
1522 311 1742 372 BELLO
1780 312 2142 372 SAXONICO.

3305 318 3414 376 49ι

66 424 289 499 dixit,
342 435 408 482 ut
455 425 606 483 vobis
653 425 810 506 hodie
855 427 926 482 sit
979 425 1121 497 quod
1173 427 1541 492 manducetis;
1587 427 1712 497 quia
1739 430 1790 488 Α
1816 433 1874 480 ιιι
1902 433 2024 494 post
2053 425 2264 493 nuptias
2286 425 2590 484 eelebratas
2618 442 2736 484 eam
2768 434 2961 498 sponte
2984 442 3080 482 sua
3111 442 3409 498 numquam

71 520 386 574 nondum
443 519 757 592 quicquam,
809 518 952 589 quod
1006 518 1235 573 honeste
1272 533 1434 588 super
1484 531 1728 572 mensam

68 615 384 663 vestram
439 618 710 678 ponatur,
766 609 994 664 habetis.
1042 628 1060 660 ι
1108 608 1405 680 Episcopus
1458 609 1607 663 velut
1661 607 1729 664 ab

68 701 303 755 extasi
355 710 584 772 repente
634 701 1093 771 expergefactus:
1133 720 1151 753 ε
1190 701 1368 768 Quid,
1429 701 1541 766 ait,
1593 700 1731 755 stul-

70 793 396 855 tissime.
455 793 652 858 fecisti,
689 792 780 861 qui
830 807 916 847 me
945 809 974 847 a
1023 793 1290 863 colloquio
1347 792 1440 848 Dei
1503 801 1733 846 temera-

70 884 227 939 rius
295 884 624 940 abstulisti?
675 883 771 952 Si,
824 882 964 953 quod
1017 884 1185 938 frater
1233 882 1640 938 Transmaudus
1685 880 1728 912 ¹¹

68 975 316 1032 videre
375 976 610 1040 meruit,
662 985 718 1030 tu
753 975 1022 1040 vidisses,
1079 991 1371 1046 numquam
1425 975 1586 1030 michi
1634 989 1734 1044 po-

67 1063 212 1119 aito
272 1063 337 1118 in
375 1065 717 1120 orationibus
745 1067 1259 1135 appropinquasses.
1297 1085 1315 1118 ι
1347 1065 1441 1120 llle
1467 1075 1646 1120 autem
1680 1066 1734 1120 in

69 1169 386 1222 praesens
401 1155 611 1220 aderat,
628 1163 681 1210 et
701 1156 824 1224 quia
846 1155 974 1209 talia
999 1156 1213 1210 videbat
1234 1155 1483 1225 episcopo
1496 1155 1735 1224 placere,

71 1243 365 1313 angelos
400 1260 525 1298 cum
552 1259 617 1299 eo
646 1244 931 1314 loquentes
959 1246 1011 1299 in
1039 1246 1287 1300 oratione
1315 1259 1372 1300 se
1389 1244 1503 1313 jam
1529 1245 1729 1300 dudum

73 1336 344 1389 dixerat
390 1335 613 1390 vidisse.
659 1335 791 1390 Erat
838 1343 1019 1391 autem
1052 1337 1167 1407 ipse
1195 1337 1371 1406 pictor
1397 1336 1465 1390 ab
1494 1334 1667 1390 Italia.

170 1433 242 1487 5.
297 1433 413 1488 llic
445 1434 610 1504 igitur
637 1436 924 1505 cpiscopus
957 1437 1047 1490 ubi
1081 1451 1262 1505 regem
1293 1437 1438 1491 velut
1468 1423 1735 1491 infrenem

77 1540 331 1594 equum
381 1540 483 1593 per
521 1525 746 1595 abrupta
777 1524 1098 1596 flagitiorum
1130 1541 1287 1584 ruere
1319 1527 1492 1593 vidit,
1521 1525 1639 1594 ejus
1676 1541 1738 1582 se

79 1616 276 1671 lateri
319 1616 679 1672 familiariter
708 1617 1001 1689 adjungere
1029 1619 1315 1690 quaesivit:
1351 1636 1456 1674 non
1490 1627 1547 1674 ut
1575 1620 1735 1674 vitio-

79 1723 234 1761 rum
271 1707 512 1776 spinas,
545 1722 664 1777 qua:
691 1706 906 1763 fuerant
933 1720 1087 1776 ortis,
1123 1727 1283 1766 manu
1315 1725 1517 1766 severa:
1549 1719 1737 1766 aucto-

83 1795 306 1850 ritatis
345 1795 618 1851 radicitus
639 1807 876 1864 erueret,
908 1808 961 1854 et
1000 1800 1258 1855 virtutum
1291 1799 1496 1855 semina
1524 1799 1733 1870 episco-

87 1885 216 1956 pali
247 1887 666 1957 praedicatione
691 1887 982 1958 plantaret,
1008 1893 1103 1948 sed
1129 1903 1186 1947 ut
1208 1893 1452 1964 germina
1479 1893 1733 1948 vitiorum

88 1976 474 2031 adulationis
505 1993 646 2048 aqua
692 1980 921 2050 rigaret,
949 1992 1004 2037 et
1033 1984 1081 2038 si
1112 1999 1232 2053 qua:
1259 1987 1518 2040 virtutum
1555 1985 1735 2058 fruges

89 2080 522 2142 emergerem,
560 2075 921 2131 amaritudine
957 2079 1201 2147 perversi
1230 2077 1499 2149 dogmatis
1536 2093 1732 2134 eneca-

91 2173 219 2218 rct.
253 2162 469 2232 Neque
491 2163 638 2217 enim
660 2176 718 2219 ut
737 2175 883 2233 ante,
909 2168 1033 2222 dum
1060 2171 1382 2240 perpetratis
1404 2169 1734 2226 facinoribus

93 2263 383 2318 caveret,
411 2269 540 2308 cum
568 2253 735 2311 Tobia
764 2258 980 2314 dicebat
1004 2274 1019 2314 :
1054 2278 1072 2311 ι
1101 2258 1336 2316 Attende
1365 2260 1458 2316 tibi
1489 2259 1557 2314 ab
1585 2263 1732 2318 omni

90 2346 514 2402 fornicatione
539 2386 555 2412 ,
597 2355 653 2402 et
690 2350 838 2405 omni
879 2360 1122 2421 tempore
1167 2352 1393 2408 benedic
1429 2353 1638 2422 Deum,
1679 2365 1736 2410 et

88 2449 239 2510 pete
272 2438 358 2492 ab
398 2449 472 2490 eo
519 2445 579 2490 ut
606 2438 722 2494 vias
749 2448 868 2496 tuas
893 2443 1120 2512 dirigat;
1155 2462 1175 2496 ι
1212 2459 1310 2498 nec
1338 2455 1396 2499 ut
1423 2455 1733 2517 perpetrata

83 2531 377 2586 lacrimis
405 2533 747 2602 poenitentia:
775 2533 1014 2600 lavaret,
1055 2551 1176 2591 cum
1209 2535 1421 2592 Natban
1451 2540 1551 2594 sub
1590 2541 1734 2596 vela-

83 2633 304 2678 mento
341 2624 625 2692 parabolae
653 2623 862 2679 ferrum
897 2625 1286 2696 increpationis
1330 2631 1595 2698 portavit,
1625 2645 1734 2700 quo

86 2715 307 2770 elcere
355 2716 566 2771 mentis
621 2726 840 2786 repente
889 2733 1146 2788 percusso
1194 2721 1542 2777 conscientia:
1587 2725 1734 2779 virus

85 2808 408 2875 euinci-et;
437 2809 534 2865 sed
559 2809 704 2870 velut
732 2812 1086 2880 apostolicum
1111 2814 1275 2868 dabat
1297 2817 1344 2869 ei
1369 2826 1729 2886 praeceptum:

90 2917 116 2950 c
159 2898 293 2954 Fac
339 2900 532 2954 omnia
578 2916 700 2970 quae
739 2901 956 2971 placent
996 2903 1188 2958 animae
1231 2913 1362 2970 tua};
1407 2906 1510 2960 hoc
1560 2906 1731 2962 solum

87 2992 465 3058 observans,
498 3000 559 3046 ut
604 2992 659 3046 in
688 2991 776 3047 die
805 3002 907 3048 tua:
947 2994 1140 3049 mortis
1180 2995 1233 3048 in
1263 3007 1410 3052 recta
1438 2996 1543 3052 fide
1587 2999 1734 3053 iuve-

87 3084 326 3153 niaris;
368 3102 389 3136 ι
427 3099 553 3140 cum
585 3083 868 3155 Scriptura
908 3086 1055 3140 dicat
1083 3101 1098 3139 :
1132 3105 1150 3139 ι
1185 3087 1315 3142 Post
1345 3091 1732 3161 concupiscen-
1759 3105 1803 3169 ς

89 3175 216 3230 tias
251 3182 395 3229 tuas
424 3190 534 3229 non
561 3189 677 3240 eas,
709 3194 726 3228 ι
763 3183 817 3231 et
846 3191 1060 3232 rursum
1093 3195 1106 3231 :
1138 3197 1155 3229 ι
1191 3177 1306 3234 Non
1334 3180 1570 3236 semines
1592 3182 1732 3238 mala

94 3265 159 3319 in
193 3264 394 3319 sulcis
427 3263 732 3333 injustitiaa,
761 3276 814 3321 et
843 3280 949 3321 non
983 3274 1152 3321 metes
1181 3284 1244 3322 ea
1275 3267 1330 3321 in
1361 3271 1685 3341 septuplum.
1709 3291 1727 3325 ι

85 3359 198 3414 ille
235 3372 393 3413 vero
424 3359 501 3413 ita
532 3359 785 3425 docebat,
815 3361 971 3430 quasi
1001 3362 1072 3417 sit
1102 3361 1154 3416 in
1185 3361 1731 3434 borninispotestate,

86 3459 150 3513 in
192 3473 322 3518 una
373 3457 510 3512 hora
543 3466 757 3514 mutare
793 3459 960 3513 vitam
1001 3473 1185 3524 suam,
1217 3474 1339 3514 cum
1387 3462 1733 3530 proverbium

85 3549 205 3605 sit:
230 3547 625 3604 «Adolescens
641 3546 795 3618 juxta
819 3549 962 3604 viam
984 3565 1137 3604 suam
1161 3549 1325 3605 etiam
1351 3565 1516 3619 quum
1545 3567 1735 3608 senue-

87 3643 195 3707 rit,
234 3655 360 3694 non
395 3640 616 3696 recedet
645 3641 713 3695 ab
741 3655 837 3703 ea,
875 3660 894 3694 ι
915 3651 969 3695 et
1000 3655 1014 3694 :
1063 3660 1082 3693 ι
1124 3641 1354 3696 Odorem
1382 3657 1542 3712 quem
1567 3659 1735 3716 semel

85 3733 411 3788 imbiberit
440 3747 636 3788 recens
665 3741 830 3798 testa,
861 3734 950 3788 diu
993 3733 1231 3788 servabit
1261 3733 1541 3805 (Housm).
1565 3756 1584 3789 ι
1623 3735 1734 3791 llac

88 3822 291 3893 igitur
325 3821 579 3891 episcopi
609 3837 716 3876 non
743 3821 1035 3892 episc0pali
1064 3822 1310 3877 doctrina
1342 3838 1433 3878 rex
1465 3824 1517 3877 in
1545 3825 1734 3894 nequi-

91 3916 176 3968 tia
239 3910 606 3967 confortatus
635 3953 649 3977 ,
692 3913 788 3968 ivit
833 3929 929 3984 per
977 3913 1262 3969 libidinum
1314 3916 1359 3946 ²¹
1399 3917 1732 3987 praacipitia,

91 4011 262 4063 sicut
311 4021 499 4076 equus
531 4016 586 4060 et
614 4007 791 4062 mulus
815 4007 1010 4077 quibus
1040 4024 1145 4063 non
1185 4018 1268 4062 est
1307 4009 1611 4065 intellectus
1637 4027 1650 4074 ;
1681 4019 1736 4066 et

90 4101 200 4171 qui
241 4098 560 4152 multorum
604 4115 698 4154 rex
729 4109 850 4154 erat
882 4099 1200 4170 populorum
1225 4141 1239 4166 ,
1274 4101 1526 4157 thronum
1556 4103 1735 4173 posuit
1780 4167 1784 4170 ,

94 4193 158 4246 in
189 4207 262 4246 se
286 4189 538 4255 libidini,
567 4201 886 4245 cunctorum
918 4191 1119 4262 regina:
1150 4191 1425 4247 vitiorum.

173 4294 242 4349 6.
290 4293 471 4346 Binas
513 4293 598 4347 vel
651 4301 836 4348 ternas
877 4292 1036 4348 simul
1081 4292 1412 4349 concubinas
1468 4293 1728 4358 habebat;

96 4401 215 4440 nec
251 4384 351 4438 his
394 4392 718 4449 contentus,
752 4383 1140 4454 cujuscumque
1186 4384 1349 4437 ﬁliam
1393 4383 1478 4438 vel
1508 4398 1730 4439 uxorem

87 4478 390 4548 juvenem
420 4483 478 4527 et
508 4474 802 4529 formosam
840 4475 1118 4540 audierat,
1149 4476 1192 4528 si
1222 4475 1408 4530 seduci
1443 4491 1546 4530 non
1587 4484 1736 4546 pote—
1768 4445 1814 4504 Β

98 4576 240 4630 rat,
295 4564 412 4618 sibi
464 4565 730 4620 violenter
773 4565 967 4620 adduci
1013 4565 1380 4634 praecipiebat.
1435 4566 1735 4636 Aliquando

95 4658 292 4713 etiam
323 4655 452 4726 ipse
480 4671 589 4710 uno
612 4657 727 4712 sive
753 4657 961 4711 duobus
987 4657 1309 4721 comitatus,
1339 4657 1428 4712 ubi
1461 4657 1591 4712 tales
1615 4673 1736 4714 esse

96 4755 494 4820 cognoverat,
529 4747 582 4802 in
619 4757 778 4802 nocte
803 4749 1092 4817 pergebat;
1123 4758 1178 4804 et
1207 4749 1494 4818 aliquando
1521 4749 1625 4804 voti
1651 4749 1733 4804 sui

100 4842 254 4899 mali
286 4855 528 4910 compos
548 4837 802 4904 eﬂicitur,
831 4839 1120 4909 aliquamlo
1149 4853 1277 4893 vero
1308 4841 1392 4893 vix
1420 4838 1730 4909 effugiebat,

101 4951 184 4992 ne
243 4950 279 4989 a
341 4932 674 5003 parentibus
724 4941 919 4986 amata:
972 4932 1084 4986 Sive
1138 4931 1331 4985 marito
1376 4932 1733 4987 occideretur.

107 5027 375 5082 Uxorem
403 5039 601 5088 suam,
635 5037 801 5092 quam
833 5023 1068 5077 nobilem
1108 5030 1164 5075 et
1201 5021 1440 5091 pulcram
1469 5021 1739 5077 suasioni-

105 5120 220 5174 bus
247 5117 576 5189 principum
611 5114 818 5168 invitus
841 5113 1089 5177 duxerat,
1120 5112 1201 5167 sic
1228 5127 1448 5168 exosam
1480 5113 1733 5178 habebat,

1431 5287 1666 5362 vanus
1708 5283 2115 5382 ιλείγιιοικιιεεἶ

1831 514 2038 568 videret
2065 514 2201 585 (2|),
2231 515 2358 584 quia
2387 516 2432 548 ’³
2462 527 2514 575 et
2541 517 2686 587 ipsas
2709 519 2926 588 nuptias
2956 535 3061 574 non
3093 529 3286 591 sponte
3313 537 3414 576 sua

1832 603 2221 661 celebraverat.
2254 605 2396 679 Ergo
2433 610 2616 664 multis
2656 609 2829 665 modis
2857 625 2974 665 eam
3006 628 3034 665 a
3066 628 3122 668 se
3159 628 3414 682 separare

1832 695 2126 765 quaerebat,
2153 708 2209 750 ut
2239 706 2367 752 tunc
2394 700 2549 768 quasi
2575 700 2799 756 licenter
2825 701 3008 757 illicita
3039 701 3265 770 faceret,
3290 721 3413 761 cum

1834 785 1957 849 hoc,
1993 773 2381 857 quod'licebat,
2411 788 2720 863 conjugium
2747 808 2854 849 non
2881 795 3127 850 haberet.

1903 876 1952 931 7.
1996 877 2239 948 Denique
2274 879 2488 934 cuidam
2515 882 2580 937 de
2609 883 2723 938 suis
2757 882 3146 952 familiaribus,
3172 895 3232 942 ut
3264 897 3418 958 pete-

1836 975 1918 1021 ret
1965 968 2164 1038 reginre
2201 972 2586 1038 concubitum,
2626 971 2875 1046 praecepit
2905 1017 2921 1043 ,
2974 994 3336 1051 magnumque
3364 983 3414 1037 ei

1835 1057 2136 1126 praathium,
2169 1060 2212 1114 si
2245 1062 2514 1130 potiretur
2540 1079 2625 1127 eo,
2652 1067 2924 1135 promisit,
2948 1071 3092 1138 quod
3117 1069 3240 1126 inde
3268 1070 3416 1127 illam

1837 1164 1945 1203 non
1979 1160 2295 1220 negaturam
2325 1155 2600 1224 sperabat,
2629 1159 2756 1227 quia
2781 1158 3100 1229 juveucula,
3128 1160 3303 1218 virum
3326 1177 3419 1219 ex-

1836 1251 2025 1309 perta,
2050 1239 2161 1308 jam
2199 1245 2353 1312 quasi
2385 1246 2597 1302 deserta
2644 1248 2876 1304 vivebat.
2917 1250 3118 1321 Regina
3155 1268 3282 1309 vero
3316 1253 3418 1309 sub

1837 1327 2071 1388 femineo
2105 1343 2332 1404 corpore
2375 1353 2470 1392 cor
2505 1336 2711 1395 habens
2748 1342 2905 1398 virile
2927 1385 2941 1408 ,
2984 1346 3166 1400 statim
3207 1349 3272 1401 de
3309 1363 3417 1416 quo

1836 1417 1984 1474 fonte
2029 1423 2312 1480 consilium
2350 1427 2449 1483 hoc
2485 1440 2766 1486 emanaret
2812 1433 3098 1489 intellexit.
3132 1435 3197 1490 Et
3240 1441 3417 1506 primo

1837 1511 2054 1582 quidem
2093 1515 2240 1570 velut
2268 1516 2542 1589 indignata
2571 1525 2816 1594 negavit;
2851 1526 2942 1580 sed
2972 1526 3112 1581 sicut
3140 1528 3228 1583 ille
3257 1531 3418 1599 perti-

1837 1601 2064 1671 naciter,
2106 1605 2246 1660 sicut
2274 1611 2579 1676 praedoctus
2607 1623 2747 1680 erat,
2779 1616 3042 1683 instaret,
3088 1619 3232 1690 quod
3265 1635 3420 1691 roga-

1835 1693 2018 1765 batur,
2050 1714 2146 1755 ore
2179 1710 2386 1757 tantum
2426 1707 2692 1774 promisit.
2727 1708 2818 1763 Ille
2846 1711 3272 1781 gratulabundus
3302 1727 3415 1769 rem

1837 1788 1949 1858 regi
1974 1790 2212 1856 nuntiat,
2237 1803 2293 1848 et
2317 1798 2505 1849 horam
2533 1812 2638 1865 qua
2664 1798 2988 1867 perficienda
3016 1811 3159 1856 esset
3188 1801 3415 1858 iudicat.

1836 1879 1950 1935 Rex
1998 1897 2126 1938 vero
2166 1885 2321 1941 laetus
2363 1889 2429 1942 ad
2475 1889 2780 1945 cubiculum
2837 1893 3035 1964 regina:
3077 1895 3237 1950 simul
3292 1912 3415 1951 cum

1835 1975 2078 2030 adultero
2104 1977 2300 2048 pergit,
2335 1987 2392 2032 ut
2426 1980 2552 2035 dum
2581 1997 2674 2037 eos
2703 1983 2909 2052 pariter
2935 1986 3271 2042 commisceri
3303 1989 3418 2058 ipse

1834 2065 2078 2134 videret,
2104 2083 2223 2123 eam
2254 2085 2284 2123 a
2323 2086 2423 2126 suo
2451 2071 2702 2142 coniugio
2729 2075 2971 2146 l'egaliter
2998 2077 3257 2149 abjiceret
3282 2119 3299 2147 ,
3332 2081 3418 2134 vel

1834 2158 2036 2223 etiam,
2091 2163 2234 2231 quod
2283 2165 2456 2234 magis
2503 2165 2757 2230 volebat.
2803 2169 3097 2226 occideret.
3137 2170 3246 2228 Sed
3288 2189 3414 2228 cum

1835 2249 2048 2304 adulter
2072 2253 2137 2305 ad
2161 2252 2399 2308 hostium
2430 2256 2631 2328 reginae
2656 2259 2918 2329 pulsaret,
2946 2271 3001 2316 et
3029 2259 3132 2318 hoc
3161 2261 3248 2319 illa
3272 2267 3393 2321 velo

1835 2340 1973 2396 citer
2009 2342 2054 2374 "
2094 2345 2367 2413 aperiret,
2404 2363 2495 2402 rex
2541 2349 2772 2416 timens,
2808 2366 2903 2416 ne,
2947 2353 3036 2408 illo
3069 2357 3220 2425 prius
3251 2358 3394 2413 intro

1835 2431 2032 2496 misso,
2075 2433 2191 2503 ipse
2225 2436 2622 2504 excluderetur,
2669 2443 2868 2495 ostium
2906 2447 3153 2500 concitus
3196 2451 3398 2519 irrupit

1835 2519 2003 2588 Quem
2033 2525 2214 2595 regina
2254 2541 2589 2596 agnoscens,
2635 2531 2882 2587 adultero
2917 2534 3049 2590 foris
3081 2536 3302 2605 relicto,
3340 2541 3398 2609 ja
3421 2568 3438 2576 ι·

1836 2630 1995 2668 uuam
2021 2617 2283 2673 citissime
2306 2617 2522 2684 clausit,
2546 2630 2601 2674 et
2623 2621 2735 2677 suis
2758 2618 3056 2694 virginibus
3083 2631 3415 2694 convocatis,

1835 2719 1956 2759 eum
1985 2708 2223 2764 scamnis
2255 2717 2310 2764 et
2339 2708 2576 2775 baculis,
2608 2726 2728 2781 quae
2762 2728 2914 2768 arma
2947 2715 3013 2769 ad
3059 2713 3167 2772 hoc
3194 2719 3422 2790 college-

1837 2807 1919 2852 rat
1959 2798 2024 2862 ",
2061 2797 2114 2853 in
2155 2809 2362 2856 tantum
2395 2802 2740 2873 verberavit,
2781 2817 2839 2862 ut
2882 2823 3004 2863 cum
3038 2809 3419 2867 semianimem
3453 2817 3455 2819 ’

1837 2887 2164 2956 relinqueret
2195 2909 2208 2944 :
2253 2911 2271 2943 ι
2309 2892 2406 2946 Fili
2451 2895 2755 2951 meretricis
2781 2937 2796 2961 ,
2830 2896 3003 2967 inquit
3042 2900 3109 2966 ",
3152 2903 3293 2958 unde
3323 2904 3421 2958 tibi

1835 2978 1948 3033 haec
1982 2981 2206 3036 audacia
2227 3022 2242 3047 ,
2278 2992 2335 3037 ut
2366 2984 2410 3016 ³⁷
2452 2985 2676 3056 regium,
2708 3003 2826 3057 quae
2847 2985 3218 3062 fortissimum
3258 2993 3424 3050 habet

1835 3071 2122 3135 maritmn,
2155 3088 2406 3142 sperares
2435 3075 2733 3132 adulteria?
2765 3099 2784 3132 ι
2823 3079 2914 3135 llle
2963 3081 3162 3136 clamat
3207 3100 3264 3139 se
3299 3101 3422 3141 esse

1836 3161 2144 3218 Hcinricum
2163 3205 2178 3231 ,
2205 3179 2266 3220 se
2286 3180 2406 3221 esse
2433 3167 2602 3237 ipsius
2630 3168 2912 3234 maritum,
2943 3185 3001 3229 se
3022 3173 3260 3229 voluisse
3286 3173 3423 3246 legi-

1837 3256 2025 3310 timum
2049 3255 2164 3325 ejus
2184 3259 2548 3314 concubitum.
2581 3261 2672 3315 llla
2697 3263 2978 3329 reclamat,
3003 3265 3146 3321 hunc
3169 3283 3275 3323 non
3299 3283 3420 3325 esse

1835 3348 2111 3412 maritum,
2139 3350 2231 3420 qui
2256 3351 2511 3407 furtivum
2540 3355 2824 3423 quaesisset
2847 3357 3201 3428 adulterium;
3228 3361 3272 3416 si
3305 3379 3422 3418 ma-

1838 3439 1973 3494 ritus
2013 3450 2186 3506 esset,
2219 3457 2319 3497 cur
2356 3459 2462 3498 non
2492 3456 2678 3515 aperte
2706 3448 2772 3501 ad
2814 3464 2971 3503 suum
3012 3449 3229 3506 tborum
3263 3469 3421 3510 acce-

1836 3531 2026 3586 deret?
2053 3533 2238 3603 Itaque
2266 3549 2402 3603 pene
2432 3552 2604 3606 usque
2640 3539 2972 3595 ad.mortem
3001 3557 3318 3612 percussum
3351 3548 3420 3604 de

1836 3623 2086 3680 cubiculo
2106 3625 2285 3694 ejecit,
2309 3627 2558 3697 ostioque
2581 3629 2766 3685 clauso
2801 3631 2996 3688 lectum
3020 3651 3179 3690 suum
3205 3638 3419 3706 petivit.

1835 3717 1927 3773 llle
1963 3717 2092 3788 quid
2131 3717 2232 3773 sibi
2279 3717 2595 3788 accidisset,
2635 3723 2763 3778 nulli
2801 3740 2962 3780 ausus
3007 3736 3092 3783 est
3123 3729 3415 3798 confiteri;

1836 3811 1929 3865 sed
1948 3809 2321 3880 mgritudinem
2345 3809 2503 3865 aliam
2525 3812 2807 3880 simulans,
2834 3815 3103 3886 integrum
3125 3817 3239 3874 fere
3261 3836 3418 3875 men-

1837 3917 1950 3958 sem
1984 3900 2152 3970 jacuit
2185 3901 2238 3956 in
2271 3917 2369 3958 suo
2402 3904 2586 3960 cubili.
2626 3905 2717 3961 llla
2751 3909 2894 3963 enim
2925 3926 3032 3966 non
3078 3914 3280 3980 capiti,
3310 3929 3420 3970 non

1836 3996 2010 4050 ventri
2049 4007 2398 4068 pepercerat,
2442 4001 2536 4054 sed
2584 4008 2754 4056 totum
2801 4017 2998 4071 corpus
3048 4003 3255 4076 integra
3295 4014 3422 4061 cute

1837 4088 2172 4144 contuderat.
2195 4088 2294 4157 Qui
2321 4099 2603 4161 postquam
2627 4091 2922 4159 convaluit,
2949 4098 3198 4164 quamvis
3220 4097 3423 4154 acriter

1837 4189 2142 4249 correptus,
2171 4181 2387 4251 antiqua
2419 4180 2618 4250 ﬂagitia
2648 4197 2742 4237 sua
2775 4199 2879 4237 non
2910 4185 3169 4240 deseruit.

1906 4275 1959 4329 8.
2002 4273 2058 4328 Si
2098 4289 2200 4344 qua
2231 4287 2415 4330 coram
2445 4291 2512 4331 eo
2540 4274 2818 4347 querelam
2857 4276 2924 4333 de
2954 4279 3196 4348 quadibet
3224 4278 3425 4349 injuria

1836 4371 2076 4438 fecisset,
2101 4381 2153 4428 et
2180 4373 2249 4428 ab
2273 4371 2390 4442 ejus
2418 4374 2563 4444 regia
2591 4383 2858 4445 potestate
2889 4375 2989 4430 sibi
3015 4376 3282 4446 justitiam
3306 4377 3426 4432 fieri

1840 4465 2196 4534 postulasset,
2242 4466 2284 4519 si
2317 4465 2463 4522 illius
2500 4466 2723 4520 insaniae
2763 4477 2896 4522 tetas
2923 4466 3040 4536 ejus
3076 4475 3131 4521 et
3161 4468 3205 4500 "
3250 4466 3424 4522 forma

1842 4555 2108 4626 placebat,
2133 4556 2480 4626 projustitia,
2497 4572 2660 4625 quam
2688 4556 2927 4628 petebat,
2956 4557 3268 4627 injustitiam
3289 4558 3438 4612 mul-'

1843 4649 2078 4719 tiplicem
2107 4649 2436 4718 reportabat.
2461 4646 2593 4702 Nam
2622 4656 2906 4717 postquam
2937 4649 3051 4717 ipse
3078 4649 3131 4702 in
3154 4662 3216 4701 ea
3240 4637 3438 4735 quam-,2

1841 4741 1931 4796 diu
1953 4741 2158 4812 placuit
2178 4739 2453 4794 libidinem
2475 4753 2628 4793 suam
2653 4737 2916 4807 implevit,
2940 4736 3098 4790 alicui
3123 4737 3187 4791 de
3211 4737 3430 4793 famulis

1843 4836 1955 4890 suis
1978 4848 2097 4888 eam
2122 4830 2270 4885 velut
2293 4845 2519 4886 uxorem
2543 4830 2706 4885 dedit.
2735 4828 2813 4883 lta
2841 4827 3050 4885 nobiles
3076 4828 3129 4882 in
3153 4827 3256 4882 hac
3283 4836 3430 4882 terra

1845 4924 2121 4980 mulieres,
2156 4919 2272 4988 ipse
2301 4921 2450 4989 prius
2478 4919 2560 4974 eis
2585 4919 2816 4986 turpiter
2844 4921 3066 4979 abusus,
3090 4914 3271 4970 servili
3297 4931 3430 4972 eon-

1838 5015 1991 5086 jugio
2041 5010 2255 5079 turpius
2305 5010 2701 5066 dehonestavit.
2753 5008 2881 5066 Haec
2935 5007 3118 5062 omnia
3169 5005 3306 5061 vidit
3349 5009 3440 5067 ille
3531 5049 3534 5053 .

1844 5107 2013 5163 falsus
2065 5111 2120 5156 et
2158 5100 2350 5157 fallens
2395 5101 2680 5172 episcopus
2727 5099 2806 5166 ”;
2842 5097 3008 5162 vidit,
3047 5108 3222 5166 neque
3253 5100 3440 5168 probi-

3325 5366 3414 5382 ..Α
