3940 5382
571 366 682 426 ὄπ
1499 357 1863 452 BRUNONIS‘
1882 355 2151 437 CLERlCl

2189 352 2331 412 MAG
2342 352 2614 411 DEBURG
2625 351 2819 409 ENSIS
3756 350 3851 411 ωε

574 484 719 550 buit;
751 480 916 537 immo
954 494 1053 537 sua
1092 477 1337 535 doctrina
1364 490 1523 543 eum,
1556 493 1665 548 quo
1687 477 1807 533 sine
1844 475 2036 531 timore
2063 471 2145 526 vel
2177 477 2225 539 Α
2253 477 2371 524 erat
2416 468 2668 525 celeriter
2702 464 2909 538 petivit.
2943 463 3290 522 Burchardus
3319 465 3622 524 Hisnensis
3668 470 3850 538 pra-fe-

574 576 782 649 pndore
814 574 940 630 talia
969 571 1204 637 faceret,
1248 569 1405 627 velud
1433 568 1772 631 adhortando
1812 565 2154 623 confortavit.

579 666 818 723 Stultum
850 677 1081 735 namque
1113 661 1247 717 dixit
1280 675 1433 726 esse,
1477 659 1521 715 si
1557 673 1662 713 non
1707 658 1762 713 in
1790 655 2043 713 omnibus
2072 668 2158 710 sa-

578 760 854 814 tisfaceret
883 770 993 810 suae
1023 752 1308 808 desideriis
1336 739 1735 807 adolescentiae.

650 850 705 906 9.
740 844 904 902 Multa
953 852 1008 900 et
1054 858 1246 913 magna
1296 844 1347 897 in
1393 842 1496 898 hoc
1545 854 1744 912 genere
1793 836 1910 907 ejus
1956 835 2156 908 flagitia

576 946 768 1017 sponte
792 945 1084 1008 prmtereo,
1113 933 1237 1005 quia
1263 933 1331 987 ad
1357 931 1461 988 alia
1493 931 1715 986 alterius
1744 929 1959 1001 generis
1990 928 2159 998 ipsius

575 1029 783 1086 scelera
812 1026 1039 1092 festino;
1079 1025 1180 1080 hoc
1220 1033 1430 1078 tantum
1460 1022 1549 1078 hic
1588 1020 1833 1076 ultimum
1877 1020 2052 1093 locum
2083 1027 2157 1072 te-

576 1126 724 1183 neat,
757 1118 897 1188 quod
928 1122 979 1170 in
1009 1116 1275 1187 eo'jnstus
1299 1114 1462 1182 jndex
1495 1111 1722 1166 inultum
1756 1125 1861 1165 non
1892 1094 2161 1179 relimuat

578 1208 647 1276 ‘°,
682 1208 975 1281 ignominia
1014 1204 1269 1261 videlicet
1304 1219 1467 1275 quam
1497 1203 1670 1259 sorori
1699 1217 1811 1257 sua:
1847 1200 1978 1254 fecit
2014 1199 2158 1271 (9.2),

577 1294 721 1370 quod
766 1315 885 1354 eam
926 1298 1173 1352 manibus
1217 1296 1332 1352 suis
1378 1294 1689 1365 depressam
1731 1290 1941 1356 tenuit,
1989 1291 2159 1345 donec

577 1388 715 1447 alius
742 1407 808 1446 ex
839 1390 1006 1460 ipsius
1027 1389 1179 1461 jussu
1208 1395 1427 1442 coactus
1459 1384 1624 1439 fratre
1654 1391 1919 1454 praesente
1948 1396 2069 1437 cum
2096 1395 2159 1435 ea

579 1466 902 1550 concubuit;
932 1483 1017 1537 cui
1052 1497 1153 1535 non
1200 1479 1402 1552 profuit
1444 1477 1587 1548 quod
1643 1474 1988 1546 imperatoris
2024 1472 2157 1537 tilia,

578 1571 720 1643 quod
752 1572 924 1643 ipsius
953 1588 1018 1625 ex
1051 1571 1093 1602 ³¹
1122 1580 1350 1639 utroque
1380 1577 1608 1640 parente
1633 1581 1787 1622 soror
1810 1565 1990 1633 unica,
2020 1563 2161 1635 quod

577 1682 735 1724 sacro
761 1664 954 1736 capitis
982 1664 1250 1719 velamine
1283 1662 1501 1718 Christo
1534 1661 1711 1716 fuerat
1745 1661 2089 1730 desponsata.

649 1757 738 1813 10.
784 1738 1053 1826 Ξεὰιευῑά
1087 1754 1313 1809 nefanda
1345 1762 1529 1823 stupra
1558 1750 1872 1806 nefandiora
1900 1761 2163 1820 generare

574 1850 754 1905 solent
789 1837 1078 1903 homicidia
1099 1887 1115 1912 ,
1147 1846 1287 1900 sicut
1314 1842 1400 1898 ille
1424 1858 1531 1898 non
1567 1858 1728 1897 unam
1762 1840 2085 1894 Batbscham
2114 1837 2158 1868 "

576 1939 899 1994 libidinosus
926 1936 1211 2008 stupravit,
1248 1936 1317 1990 ita
1358 1950 1462 1989 non
1493 1949 1655 1987 unum
1700 1930 1885 1987 Uriam
1924 1928 2159 1985 crudelis

579 2031 868 2089 interfecit.
910 2029 1012 2085 Tot
1056 2029 1202 2083 enim
1244 2029 1295 2083 in
1338 2026 1645 2082 homicidiis
1690 2024 1925 2079 inmania
1969 2038 2160 2093 perpe—

579 2124 746 2179 travit
782 2122 1021 2177 facinora
1043 2162 1058 2186 ,
1086 2129 1144 2175 ut
1185 2120 1405 2175 dubium
1436 2119 1506 2174 sit
1562 2132 1683 2189 qua:
1737 2116 1910 2188 major
1938 2114 2007 2170 sit
2042 2111 2160 2182 ejus

494 2212 501 2219 ’
579 2214 838 2280 infamia,
866 2213 1111 2270 libidinis
1140 2213 1357 2267 incesta:
1400 2226 1466 2271 an
1504 2209 1839 2267 crudelitatis
1879 2209 2157 2262 inmensae.

571 2298 843 2364 Omnibus
870 2315 989 2361 erat
1019 2304 1350 2360 horribiliter
1374 2303 1636 2368 crudelis,
1670 2301 1764 2357 sed
1812 2299 1972 2356 nullis
2003 2300 2072 2353 ita
2101 2306 2162 2354 ut

570 2396 1026 2455 familiarissimis
1050 2395 1195 2452 suis.
1226 2396 1325 2463 Qui
1352 2397 1591 2451 omnium
1622 2395 1897 2466 particeps
1927 2401 2045 2449 erat
2069 2407 2160 2447 se-

581 2502 855 2543 cretorum
892 2485 1046 2556 ejus,
1083 2497 1139 2543 et
1179 2487 1432 2541 conscius
1461 2486 1548 2540 vel
1586 2485 1800 2556 adjutor
1835 2484 2161 2555 ﬂagitiorum

582 2582 697 2637 sive
722 2580 1059 2646 facinorum,
1093 2579 1219 2634 dum
1251 2594 1482 2635 securus
1504 2578 1586 2634 sui
1629 2579 1695 2634 de
1720 2577 1947 2632 aliorum
1986 2585 2162 2632 morte

581 2672 838 2729 tractanti
876 2671 1123 2737 favebat,
1162 2656 1387 2727 coactus
1424 2679 1508 2726 est
1551 2678 1779 2725 mortem
1823 2666 1931 2737 pati
1952 2674 1978 2733 ,‘
1997 2681 2160 2738 quam

581 2778 692 2819 non
740 2762 982 2818 timebat.
1028 2760 1097 2818 Et
1136 2761 1238 2816 hoc
1275 2775 1374 2831 pro
1418 2775 1525 2830 qua
1570 2758 1764 2830 culpa?
1811 2756 1946 2825 Quia
1996 2770 2161 2810 unum

580 2862 771 2908 contra
809 2853 928 2925 ejus
963 2851 1297 2907 voluntatem
1337 2849 1472 2905 dixit
1514 2850 1773 2914 verbum,
1808 2846 1892 2903 vel
1936 2854 2161 2913 tacens,

568 2943 803 3018 aliquod
832 2944 950 3015 ejus
975 2942 1262 3001 consilium
1301 2942 1404 2998 sibi
1440 2957 1546 2996 non
1577 2940 1816 3012 placere,
1858 2948 2008 3010 gestu
2036 2953 2165 3008 quo.

581 3038 717 3095 libet
742 3037 1000 3116 ostendit.
1028 3036 1234 3093 Multos
1261 3051 1494 3105 namque
1526 3032 1863 3089 consiliarios
1894 3032 2125 3086 habebat
2146 3071 2162 3097 ,

566 3129 682 3184 sed
714 3127 893 3184 nullus
920 3127 970 3183 ei
1001 3127 1132 3183 dare
1161 3125 1442 3183 consilium
1470 3123 1732 3203 audebat,
1761 3121 1867 3199 nisi
1892 3123 2033 3192 quod
2063 3119 2165 3191 ipsi

582 3212 845 3292 placeret.
880 3217 938 3275 Si
975 3219 1100 3289 quis
1126 3217 1211 3272 vel
1249 3217 1451 3273 inscius
1493 3194 1696 3286 aliquid
1716 3184 1873 3286 quod
1908 3184 2099 3269 nollet-
2114 3212 2164 3268 ei
2192 3184 2240 3248 (ἶ

586 3310 936 3376 consulebat,
982 3309 1235 3367 delictum
1277 3308 1421 3380 quod
1465 3309 1778 3381 ignoranter
1818 3315 2041 3377 egerat,
2085 3305 2168 3360 sui

586 3400 868 3470 sanguinis
897 3397 1158 3456 effusione
1192 3394 1391 3452 luebat.
1428 3394 1537 3452 Nec
1565 3395 1723 3451 alicui
1763 3410 1915 3450 suam
1948 3394 2171 3450 demon-

578 3491 801 3548 strabat
829 3491 993 3558 iram,
1025 3490 1197 3545 donec
1233 3489 1447 3543 incauto
1477 3487 1681 3543 faceret
1707 3484 1906 3541 auferri
1943 3485 2131 3539 vitam.

658 3580 746 3635 11.
786 3578 1016 3649 Quidam
1045 3578 1113 3634 de
1144 3577 1452 3634 secretariis
1480 3576 1594 3631 suis
1621 3574 1839 3631 nomine
1867 3572 2169 3640 Conradus,

584 3666 658 3711 -‘—
675 3668 890 3739 juvenis
915 3666 1199 3725 nobilitate
1229 3679 1285 3723 et
1320 3665 1560 3721 moribus
1593 3664 1847 3735 insignis,
1878 3664 1924 3720 si
1957 3664 2059 3719 hoc
2086 3680 2176 3720 so-

587 3759 699 3815 lum
725 3756 775 3814 ei
796 3758 941 3815 Deus
963 3758 1229 3824 dedisset,
1256 3766 1314 3812 nt
1339 3756 1681 3813 consiliarius
1704 3755 1847 3826 regis
1876 3771 2172 3828 numquam

582 3850 869 3909 fuisset—
890 3851 978 3907 hic
1008 3859 1128 3907 erat
1160 3850 1396 3922 quadam
1431 3848 1520 3905 die
1561 3847 1852 3914 Goslariat,
1892 3860 2076 3905 certus
2116 3864 2175 3907 se

586 3953 699 4001 tam
729 3944 867 4000 bene
893 3944 1125 4016 gratiam
1155 3942 1296 4015 regis
1325 3943 1551 4009 habere,
1580 3943 1722 3998 sicut
1750 3952 1877 3999 tunc
1904 3957 2027 3997 cum
2052 3956 2172 3996 eam

585 4034 826 4091 habebat
861 4035 1090 4105 optime.
1122 4032 1236 4090 Rex
1277 4044 1456 4089 autem
1498 4042 1618 4089 erat
1659 4035 1712 4089 in
1758 4032 2088 4106 Hertesburg
2128 4033 2175 4067 ³³

586 4126 810 4182 castello
836 4167 852 4192 ,
890 4140 1019 4197 quo,
1059 4136 1255 4198 praeter
1291 4125 1336 4158 “
1371 4140 1466 4182 eos
1514 4128 1605 4196 qui
1636 4125 1957 4182 facinorum
2008 4127 2175 4198 ipsius

583 4231 745 4278 erant
778 4222 979 4278 conscii
1016 4231 1071 4276 et
1107 4221 1379 4285 fautores,
1414 4220 1593 4275 nullus
1624 4220 1725 4275 nisi
1760 4221 1976 4276 nomine
2009 4236 2173 4275 voca-

587 4321 676 4366 tus
713 4312 1060 4367 ascendebat.
1092 4310 1259 4365 Mittit
1296 4312 1461 4381 igitur
1496 4309 1953 4376 rcx‘Goslariam,
1977 4310 2177 4380 jubens

585 4408 648 4455 ut
675 4400 954 4456 Conradus
982 4401 1048 4455 ad
1088 4416 1146 4457 se
1173 4400 1436 4458 citissime
1473 4401 1684 4465 veniat,
1715 4411 1771 4456 ct
1792 4388 2003 4456 nullum
2042 4402 2177 4473 pra:-

589 4503 675 4548 ter
719 4492 1051 4563 armigerum
1099 4508 1290 4560 suum,
1337 4492 1427 4564 qui
1477 4508 1537 4549 se
1584 4494 1869 4548 comitetur
1915 4506 2171 4551 assumat.

588 4580 686 4637 Ille
718 4586 778 4638 se
803 4591 999 4652 putans
1028 4584 1094 4637 ad
1117 4582 1332 4654 aliquod
1356 4583 1673 4649 consilium,
1705 4584 1792 4639 cui
1824 4584 1952 4639 nulli
1978 4593 2175 4656 praeter

588 4686 649 4726 se
676 4669 869 4727 liceret
906 4664 1096 4728 adesse
1122 4713 1138 4740 ,
1174 4668 1387 4740 vocari,
1433 4683 1493 4729 ut
1532 4668 1693 4729 fidem
1729 4689 1883 4736 suam
1912 4675 2173 4747 majorem

588 4760 921 4828 ostenderet,
956 4762 1122 4818 etiam
1151 4761 1271 4834 plus
1307 4758 1470 4835 quam
1497 4763 1683 4833 jussus
1713 4764 1904 4821 fuisset
1933 4764 2087 4831 fecit,
2120 4774 2176 4822 et

588 4858 705 4930 ipse
731 4875 864 4916 suus
900 4861 1137 4934 armiger
1169 4860 1376 4927 factus,
1408 4862 1618 4918 cunctis
1647 4862 1994 4919 incomitatus
2018 4865 2176 4935 equi-

591 4951 742 5007 tavit.
779 4952 923 5025 Ergo
966 4955 1190 5010 veniens
1233 4954 1289 5010 in
1330 4954 1560 5022 silvam,
1599 4954 1733 5010 vidit
1772 4954 2024 5020 insidias,
2076 4964 2193 5011 nec

588 5043 822 5100 credidit
846 5060 941 5102 eas
976 5047 1077 5103 sibi
1102 5054 1354 5117 paratas;
1390 5056 1568 5103 tamen
1597 5047 1757 5117 quia,
1793 5054 1976 5117 utpote
2004 5046 2174 5114 solus,

588 5142 794 5192 tantam
835 5134 1234 5194 multitudinem
1285 5138 1495 5204 timuit,
1535 5136 1822 5193 ecclesiam
1854 5150 1973 5206 quae
2004 5151 2173 5206 prope

2258 567 2396 622 ctus,
2423 557 2584 628 hujus
2607 556 2876 614 latrocinii
2902 557 2946 589 ³⁵
2972 557 3162 613 ductor
3178 557 3576 628 neQuissimus,
3601 558 3675 614 ad
3688 561 3852 615 eccle-

2258 653 2393 707 siam
2430 653 2694 723 sequitur,
2739 651 2927 723 eique,
2968 650 3013 707 si
3058 650 3189 706 velit
3227 652 3454 723 egredi,
3499 652 3655 722 qnod
3697 654 3851 708 nichil

2260 744 2386 799 mali
2419 745 2656 815 patiatur
2694 743 2745 798 in
2784 759 2877 799 sua
2911 743 3015 799 fide
3052 743 3359 819 pollicetur.
3393 745 3489 801 ille
3528 746 3786 817 quamvis
3809 748 3853 803 ei

2260 833 2463 889 nullam
2489 834 2648 890 fidem
2679 824 2922 898 haberet,
2954 843 3133 890 tamen
3164 837 3344 892 sciens
3382 838 3559 909 quod,
3596 839 3642 892 si
3674 848 3855 909 sponte

2261 942 2367 982 non
2404 926 2605 991 exiret,
2643 926 2887 982 ecclesiae
2917 944 3023 982 non
3071 936 3398 1005 parcerent,
3429 929 3607 1005 exivit
3640 927 3857 999 ejusque

2260 1036 2319 1077 se
2356 1021 2477 1077 ﬁdei
2520 1021 2935 1077 commendavit.
2983 1021 3155 1089 Quem
3192 1002 3457 1078 ducentes
3494 1002 3558 1078 in
3606 1024 3853 1079 solitudi-

2261 1127 2420 1177 nem,
2447 1112 2587 1167 sieut
2610 1109 2954 1180 erantjussi,
2996 1111 3289 1169 crudeliter
3323 1113 3771 1182 interfecerunt;
3806 1125 3855 1171 et

2262 1217 2364 1256 nec
2387 1203 2438 1256 in
2474 1201 2587 1273 ipsa
2612 1211 2785 1259 morte
2807 1202 2879 1268 ei,
2906 1218 3074 1272 quare
3097 1213 3424 1267 moreretur,
3454 1204 3853 1263 indicavean

2262 1288 2373 1375 Nec
2413 1307 2667 1361 umquam
2718 1308 2844 1348 vere
2905 1293 3157 1365 cognovit
3196 1293 3394 1365 aliquis
3443 1311 3625 1365 quare
3674 1296 3853 1353 fuisset

2264 1386 2510 1450 occisus,
2568 1385 2673 1442 nisi
2711 1385 2931 1457 quidam
2971 1386 3331 1443 mussitabant
3360 1388 3406 1420 ³⁸
3449 1390 3605 1460 quod
3656 1389 3737 1444 illi
3771 1405 3855 1445 rex

2264 1477 2592 1547 imponeret,
2624 1477 2750 1548 quia
2781 1493 2902 1534 cum
2929 1480 3165 1548 quadam
3195 1478 3503 1533 concubina
3535 1495 3640 1533 sua
3657 1479 3850 1548 jaeuis-

2264 1581 2366 1629 set.
2400 1570 2506 1627 Sed
2535 1585 2663 1638 rex,
2703 1581 2761 1625 ut
2790 1571 3151 1641 suspicionem
3184 1572 3375 1626 mortis
3402 1571 3527 1639 ejus
3558 1588 3591 1625 a
3626 1586 3691 1627 se
3719 1572 3855 1626 tolle-

2266 1674 2383 1732 ret,
2416 1673 2668 1720 auctores
2699 1662 2941 1735 ejusdem
2972 1663 3197 1728 mortis,
3232 1678 3369 1734 quos
3399 1662 3632 1718 latitare
3662 1664 3732 1717 ad
3774 1665 3857 1717 bo-

2266 1773 2384 1812 ratn
2427 1756 2709 1826 jusserat,
2762 1754 3013 1829 persequi
3066 1755 3135 1811 ab
3188 1756 3447 1811 omnibus
3505 1758 3709 1811 amicis
3756 1757 3859 1809 suis

2266 1853 2522 1923 imperat;
2567 1860 2620 1908 et
2650 1849 2799 1905 illum
2834 1849 3049 1919 sepeliri
3094 1850 3149 1903 in
3178 1849 3296 1904 loco
3337 1847 3471 1904 fecit
3515 1849 3859 1909 honorabili,

2266 1943 2488 2014 ipseque
2511 1940 2628 2010 ejus
2655 1939 2942 2012 Sepultum:
2971 1939 3140 2015 tristis
3169 1936 3449 2001 interfuit,
3481 1946 3540 1991 et
3571 1948 3638 1991 ut
3665 1938 3731 1990 ad
3756 1952 3857 1989 orno

2264 2035 2355 2090 nia
2390 2034 2695 2090 simulanda
2732 2034 2923 2087 doctus
2955 2039 3107 2097 erat,
3138 2046 3241 2086 non
3279 2046 3479 2100 parum
3514 2029 3857 2085 lacrimarum

2264 2122 2422 2179 fudit.
2462 2123 2569 2201 Sed
2606 2122 2779 2188 nulli,
2813 2121 2943 2194 quin
2984 2130 3162 2185 esset,
3198 2120 3340 2176 sicut
3383 2127 3513 2176 erat
3538 2159 3554 2184 ,
3600 2126 3857 2190 praecepto

2266 2217 2413 2289 regis
2446 2215 2685 2281 occisus,
2722 2214 2978 2270 credibile
3019 2212 3142 2268 fuit.

2339 2311 2426 2366 12.
2448 2310 2613 2365 Fama
2635 2310 2737 2364 fuit
2773 2308 2916 2379 quod
2947 2308 3217 2379 quendam
3247 2307 3311 2362 de
3340 2303 3855 2361 familiaribusado-

2267 2402 2562 2459 leseentem
2588 2399 2984 2457 nobilissimum
3015 2413 3113 2453 sua
3142 2412 3336 2463 manu,
3365 2396 3503 2451 dum
3526 2397 3696 2468 quasi
3719 2394 3855 2464 joca-

2269 2502 2452 2559 retur,
2529 2489 2903 2557 interfecerit;
2979 2498 3054 2555 et,
3093 2502 3159 2544 eo
3245 2486 3431 2542 furtim
3496 2485 3755 2556 sepulto,
3807 2485 3858 2536 in

2268 2584 2511 2660 crastino
2535 2582 2690 2654 quasi
2734 2580 3005 2652 pteuiteus
3031 2568 3283 2634 adsuunt
3317 2577 3657 2646 magistrum
3707 2573 3859 2628 Adal-

2266 2676 2481 2732 bertum
2507 2676 2819 2745 episcopum
2861 2671 3107 2737 venerit,
3155 2679 3212 2725 et
3260 2670 3328 2723 ab
3360 2684 3430 2723 eo
3477 2662 3611 2723 sine
3644 2666 3857 2721 ullas:-

2269 2767 2576 2841 tisfactione
2597 2763 2988 2834 indulgentiam
3011 2760 3393 2834 perceperit".
3413 2759 3525 2814 Sed
3549 2759 3687 2831 quia
3711 2758 3857 2826 hujus

2269 2860 2347 2915 rei
2384 2857 2669 2913 veritatem
2704 2855 2868 2909 michi
2901 2870 3007 2909 non
3036 2853 3264 2923 contigit
3296 2868 3642 2922 agnoscere,
3670 2850 3857 2922 placuit

2270 2948 2434 3005 michi
2468 2963 2588 3003 eam
2622 2946 2765 3001 inter
2796 2944 3048 3017 ambigua
3080 2944 3413 3015 relinquere,
3442 2945 3707 3015 quamvis
3731 2957 3858 3013 pene

2269 3040 2522 3097 omnibus
2546 3047 2859 3093 versaretur
2887 3036 2942 3090 in
2967 3049 3082 3090 ore.
3410 3034 3413 3037 ⁷

2342 3132 2430 3189 15.
2472 3131 2607 3186 Novi
2633 3138 2814 3185 autem
2853 3127 3140 3199 quemdam
3188 3126 3254 3182 de
3282 3124 3660 3181 familiaribus
3688 3125 3857 3193 regis.

2270 3228 2361 3299 qui
2393 3225 2682 3298 aliquando
2730 3225 2795 3280 de
2823 3221 2977 3280 curia
3023 3220 3173 3276 venit
3212 3219 3279 3275 ad
3308 3220 3537 3277 fratrem
3582 3235 3856 3283 suum,—

2270 3317 2444 3375 frater
2489 3326 2673 3372 autem
2719 3315 2810 3371 ille
2857 3316 3147 3385 episcopus
3187 3311 3539 3367 eratu—et
3567 3313 3729 3382 quasi
3753 3310 3859 3380 jac-

2273 3408 2436 3462 tando
2490 3406 2644 3461 fratri
2698 3420 2797 3460 suo
2852 3405 3110 3458 narrabat
3177 3400 3323 3472 quod
3369 3401 3554 3457 nullus
3594 3412 3750 3457 esset
3806 3403 3859 3455 in

2270 3498 2423 3555 curia
2465 3497 2558 3567 qui
2616 3495 2788 3566 magis
2819 3510 2982 3563 quam
3014 3495 3129 3564 ipse
3157 3502 3304 3548 esset
3354 3493 3407 3546 in
3460 3492 3608 3561 regis
3656 3492 3845 3564 gratia.

2271 3589 2426 3660 Quod
2475 3605 2598 3645 cum
2651 3588 2825 3644 frater
2869 3588 2987 3659 ejus
3035 3586 3326 3657 episcopus
3361 3585 3592 3642 libenter
3622 3585 3856 3647 audiret,

2271 3696 2507 3753 eumque
2555 3680 2839 3752 diligenter
2900 3685 3239 3734 ammoneret
3300 3687 3361 3733 ut
3414 3678 3651 3749 gratiam
3723 3678 3861 3748 regis

2271 3774 2525 3831 omnibus
2554 3772 2730 3827 modis
2761 3784 2982 3828 servare
3010 3778 3307 3841 quaereret,
3339 3768 3468 3838 quia
3521 3778 3578 3822 et
3622 3768 3727 3839 ipsi
3757 3771 3850 3821 ho-

2273 3876 2485 3923 nestum
2537 3874 2595 3921 et
2639 3865 2893 3920 omnibus
2946 3862 3064 3918 suis
3116 3862 3250 3919 utile
3300 3872 3492 3919 esset:
3536 3861 3856 3926 «Facerem,

2274 3957 2408 4014 dixit
2432 3956 2552 4023 ille,
2574 3954 2621 4011 si
2653 3953 2813 4010 simul
2861 3968 2984 4008 cum
3033 3952 3206 4024 gratia
3242 3953 3440 4007 terreni
3474 3951 3621 4021 regis
3648 3967 3857 4021 possem

2276 4047 2461 4102 tenere
2507 4044 2739 4116 gratiam
2800 4032 3069 4098 cwlestis.
3124 4039 3231 4097 Sed
3288 4043 3591 4107 veraciter,
3660 4042 3853 4110 inquit,

2275 4137 2467 4208 agnovi
2507 4135 2675 4207 quod,
2708 4135 2752 4190 si
2784 4134 2903 4204 quis
2952 4132 3113 4203 hujus
3142 4134 3288 4205 regis
3316 4133 3673 4189 familiariter
3702 4135 3858 4189 habet

2274 4233 2524 4302 gratiam.
2553 4231 2752 4286 habere
2781 4245 2886 4285 non
2914 4230 3111 4298 poterit
3139 4239 3402 4284 :nternam
3428 4227 3623 4282 vitam.
3645 4244 3667 4278 ι
3704 4226 3858 4295 Igitur

2274 4321 2534 4393 paulatim
2582 4334 2642 4375 se.
2688 4319 2830 4373 sicut
2870 4317 3113 4388 prudens
3147 4333 3177 4372 a
3214 4317 3365 4372 curia
3396 4316 3780 4377 subtrahebat,
3809 4322 3858 4364 et

2269 4409 2382 4479 jam
2414 4409 2593 4464 minus
2621 4416 2673 4463 ct
2702 4407 2884 4462 minus
2912 4407 2979 4461 ad
3017 4416 3230 4461 secreta
3270 4406 3415 4477 regis
3446 4404 3781 4470 accedebat,
3808 4412 3855 4456 et
3938 4404 3940 4479 ξ

2277 4515 2376 4557 nec
2402 4499 2625 4555 omnino
2652 4496 2882 4564 aberat,
2912 4511 3012 4552 nec
3039 4497 3180 4552 sicut
3211 4504 3330 4552 erat
3371 4495 3567 4551 solitus
3615 4494 3859 4566 frequens

2276 4593 2481 4649 aderat.
2511 4590 2679 4659 Quem
2710 4588 2801 4645 ubi
2831 4596 2927 4643 rex”
2972 4588 3154 4643 minus
3197 4588 3477 4643 assiduum
3505 4588 3644 4642 vidit
3683 4589 3737 4641 in
3769 4600 3856 4640 suo

2276 4685 2535 4750 servitio,
2562 4698 2783 4738 causam
2813 4697 2984 4753 quare
3014 4680 3218 4736 faceret
3244 4696 3350 4734 non
3385 4680 3651 4751 inquirit.
3681 4693 3778 4734 nec
3808 4677 3857 4730 ei

2275 4780 2566 4848 quicquam
2614 4774 2772 4828 mala:
2824 4772 3121 4827 voluntatis
3171 4773 3439 4837 ostendit;
3473 4773 3568 4827 sed
3619 4786 3720 4826 suo
3752 4769 3857 4841 jatn

2277 4866 2466 4922 volens
2493 4878 2719 4936 parcere
2769 4862 2915 4918 ferro
2936 4903 2951 4927 ,
2986 4862 3266 4933 quaerebat
3301 4877 3425 4917 eum
3469 4861 3703 4931 perdere
3740 4873 3855 4914 ense

2280 4959 2476 5014 alieno.
2514 4957 2734 5026 Itaque,
2771 4971 2868 5026 pro
2898 4972 3001 5024 qua
3032 4970 3193 5008 causa
3228 4952 3352 5007 ficta
3380 4952 3463 5006 vel
3493 4967 3625 5006 vera
3661 4952 3854 5027 nesc;o.

2282 5048 2431 5102 misit
2457 5062 2580 5101 eum
2602 5045 2669 5098 ad
2698 5058 2874 5113 regem
2902 5042 3114 5097 ltnseia:
3129 5041 3192 5094 ³⁹.
3224 5039 3395 5107 Quam
3426 5038 3754 5108 legationem
3776 5038 3853 5090 ille
3938 5040 3940 5113 ᾗ

2279 5136 2514 5193 libenter
2536 5134 2792 5205 accepit,
2837 5133 3069 5205 primum
3103 5132 3228 5202 quia
3259 5145 3356 5202 per
3400 5131 3505 5185 hoc
3551 5130 3709 5201 quasi
3740 5144 3854 5199 pro-

2202 4541 2251 4603 ι)

1887 5272 2120 5329 γΑιιιΑ]
2158 5236 2566 5330 moriones.
