3940 5382
62 406 172 469 197

1364 410 1454 470 DE
1489 409 1709 469 BELLO
1746 410 2106 471 SAXONICO.
2170 354 2191 389 θ

3253 410 3365 469 ιω

62 525 226 582 bavit
268 540 331 581 se
356 544 388 580 ιι
414 526 590 597 gratia
616 526 760 597 regis
790 540 898 581 non
950 526 1176 592 abesse,
1208 526 1297 583 cui
1327 538 1538 584 secreta
1566 542 1672 584 non
1705 539 1751 597 Α
1782 528 1886 584 nisi
1933 543 2030 584 eos
2085 526 2321 585 tltoracis
2365 526 2628 585 fortitudo
2673 525 2984 598 repulisset.
3032 525 3125 584 lile
3174 536 3354 584 tamen

64 616 362 673 dubitaret
409 628 468 673 ut
521 627 679 674 antea
726 619 985 686 credere;
1016 619 1213 676 deinde
1259 620 1387 690 quia
1435 621 1675 692 speravit

64 722 130 761 se
167 707 469 777 legationis
493 708 652 777 ltujus
678 709 863 765 labore
911 710 1234 765 meriturum
1277 720 1360 777 ut,
1407 709 1676 782 legatione

66 812 341 868 posch
369 809 596 869 peracta
634 813 890 855 reversus
911 841 928 866 ,
959 816 1065 856 non
1097 817 1325 872 parvum
1356 817 1387 858 a
1427 818 1554 872 rege
1583 803 1676 857 de-

67 893 235 947 beret
261 892 515 963 accipere
544 894 897 961 beneﬁcium;
939 911 1038 951 nec
1085 895 1200 952 haec
1228 897 1400 951 etiam
1448 897 1673 952 minima

68 984 179 1041 fuit
204 1002 375 1043 causa
397 1029 411 1053 ,
440 988 566 1057 quia
598 986 835 1042 libenter
861 988 1054 1044 aberat
1081 1005 1114 1043 ι
1144 989 1322 1044 curia.
1355 989 1525 1060 Igitur
1549 1006 1678 1061 per-

68 1080 257 1143 rexit,
326 1093 427 1133 nec
483 1078 673 1155 adhuc
709 1079 839 1148 quid
898 1081 964 1134 tle
1012 1092 1071 1133 se
1114 1079 1436 1150 dispositum
1486 1080 1678 1136 fuisset

71 1168 374 1225 intellexit.
410 1167 539 1224 Post
568 1168 777 1238 aliquot
828 1184 957 1224 vero
985 1169 1103 1224 dies
1127 1211 1142 1235 ,
1173 1186 1296 1225 cnm
1329 1185 1554 1240 vespere
1584 1169 1676 1224 de-

68 1261 338 1314 ciinasset
383 1257 436 1312 in
484 1259 850 1314 diversorium
878 1313 887 1322 ,
914 1260 1067 1331 jubet
1096 1261 1200 1316 sibi
1257 1260 1456 1315 bonum
1492 1260 1674 1332 parari

72 1351 419 1404 convivium.
464 1351 710 1420 Cumque
747 1351 861 1418 jam
903 1353 1137 1408 comites
1178 1352 1295 1424 ejus
1341 1352 1675 1423 aliquantum

65 1443 377 1500 bibissent.
432 1443 642 1498 exilivit
690 1442 919 1499 Selavtts
962 1435 1222 1515 quidam,
1255 1444 1379 1500 vilis
1409 1459 1673 1516 persona,

76 1544 137 1589 ct
163 1552 181 1589 ς
217 1554 237 1586 r
276 1536 472 1590 Nescio
491 1575 508 1601 ,
546 1536 708 1600 dixit,
736 1536 865 1605 quid
896 1545 980 1591 est
1009 1538 1154 1607 quod
1183 1552 1286 1607 ego
1313 1547 1503 1607 porto,
1531 1536 1675 1607 quod

75 1629 373 1699 episcopus
393 1628 437 1661 δ’
476 1628 623 1698 Eppo
654 1628 816 1683 michi
848 1629 1032 1695 dedit,
1064 1638 1205 1683 etut
1233 1629 1391 1700 regi,
1420 1629 1488 1683 ad
1514 1644 1674 1699 quem

79 1719 285 1773 missus
309 1719 497 1785 vadis,
535 1718 722 1774 darem
753 1719 1027 1789 praecepit.
1058 1737 1078 1772 ι
1111 1718 1265 1786 Quod
1298 1733 1420 1773 cum
1453 1718 1555 1774 sibi
1587 1717 1677 1773 ille

78 1810 380 1865 monstrari
412 1818 656 1880 rogaret,
698 1809 925 1880 protulit
953 1808 1186 1865 Sclavus
1213 1808 1504 1879 epistolam
1533 1808 1680 1879 regis

80 1902 322 1973 imagine
356 1902 669 1972 sigillatam.
700 1902 795 1958 ille
822 1902 899 1957 nil
936 1911 1177 1958 moratus
1214 1901 1450 1973 sigillum
1476 1900 1673 1975 fregit,

82 1996 349 2051 clericum
382 2010 539 2050 suum
563 2037 578 2059 ,
604 1996 735 2066 quid
760 1995 866 2050 illae
897 1995 1093 2051 littera:
1136 1995 1374 2059 vellent,
1401 2008 1675 2065 exponere

80 2087 184 2142 sibi
214 2087 501 2157 pmcepit.
526 2085 774 2142 Clericus
798 2086 951 2157 legit,
980 2094 1038 2141 et
1062 2086 1348 2155 exposuit;
1382 2084 1469 2139 hic
1491 2094 1675 2140 autem

74 2192 279 2233 sensus
302 2178 511 2233 erat'in
542 2176 738 2232 litteris
776 2196 791 2232 :
825 2194 845 2228 ι
879 2176 1038 2232 Scias
1073 2176 1126 2230 in
1160 2176 1264 2231 hoc
1308 2184 1362 2231 le
1405 2175 1675 2241 maxime,

86 2269 262 2335 qualis
291 2268 509 2323 amicus
544 2267 711 2323 michi
755 2267 866 2333 sis,
917 2281 1079 2337 posse
1123 2275 1462 2330 monstrare,
1489 2267 1532 2321 si
1575 2266 1679 2322 hoc

85 2358 337 2414 eﬂ'eceris
386 2367 450 2413 ut
500 2357 602 2414 iste
631 2372 787 2415 meus
816 2358 1041 2413 nuntius
1085 2372 1381 2429 numquam
1414 2357 1466 2412 in
1496 2373 1677 2413 meum

84 2461 314 2517 τεειιιιιιι
342 2447 516 2520 possit
550 2463 828 2514 remeare;
861 2450 1003 2518 quod
1046 2458 1227 2505 utrum
1244 2448 1290 2481 “
1318 2458 1524 2504 :eterno
1552 2463 1678 2504 car-

84 2557 212 2598 cere
238 2541 324 2597 vel
354 2541 539 2613 potius
561 2538 762 2598 eilieias
788 2550 966 2597 morte
983 2581 1000 2607 ,
1030 2540 1199 2596 nit-hi1
1225 2550 1352 2612 puta
1377 2540 1622 2596 dilferre.
1652 2559 1673 2594 ι

84 2633 308 2689 Litteris
337 2634 527 2705 itaque
560 2620 900 2703 consumptis
927 2632 1036 2703 igni
1064 2633 1181 2703 ipse
1210 2632 1363 2687 laetus
1391 2631 1494 2686 iter
1522 2646 1679 2686 suum

84 2726 328 2799 peregit,
384 2725 709 2797 legationem
745 2725 1043 2797 prudenter
1071 2725 1345 2797 implevit,
1374 2739 1482 2779 non
1511 2737 1682 2795 parvo

86 2834 314 2875 uulnere
339 2819 576 2874 donatus
601 2818 778 2883 rediit,
806 2818 1027 2875 domino
1052 2833 1151 2874 suo
1182 2819 1291 2889 regi
1316 2816 1518 2889 regalia
1541 2816 1681 2872 dona

88 2909 355 2981 portavit.

159 3001 250 3056 ιι.
296 2999 379 3056 De
409 3001 643 3070 quodam
685 3001 876 3057 intimo
925 3001 1095 3072 ipsius
1132 3000 1483 3067 consiliario,
1532 2998 1685 3072 cujus

88 3093 419 3149 vocabulum
449 3093 591 3149 sicut
613 3092 839 3148 aliorum
867 3093 1157 3148 multorum
1187 3101 1380 3164 sponte
1398 3101 1684 3163 praetereo,

90 3198 204 3236 sem
234 3182 522 3252 comperi,
557 3197 718 3251 quam
746 3182 957 3238 idcirco
984 3182 1072 3239 hic
1096 3182 1300 3252 placuit
1328 3182 1525 3248 inseri,
1556 3181 1684 3251 quia

90 3275 195 3330 duo
230 3272 341 3329 non
380 3273 604 3329 minima
634 3275 878 3330 continet
904 3275 957 3329 itt
985 3290 1043 3331 se
1069 3274 1213 3343 regis
1234 3275 1386 3340 vitia,
1412 3289 1532 3345 quae
1555 3284 1684 3331 sunt
1711 3256 1756 3318 ο

88 3365 352 3422 videlicet
398 3365 693 3421 crudelitas
736 3375 793 3422 et
832 3366 1063 3420 luxuria.
1102 3365 1202 3421 llic
1242 3382 1366 3421 cum
1404 3381 1510 3421 non
1540 3374 1686 3421 esset

92 3465 247 3511 ortus
273 3470 305 3510 a
332 3454 569 3511 Saxonia
590 3494 606 3523 ,
628 3455 781 3510 duxit
825 3469 1050 3510 uxorem
1078 3463 1257 3509 natam
1302 3456 1368 3509 de
1414 3453 1684 3519 Saxonis,

91 3547 366 3618 virginem
409 3560 517 3600 tam
554 3546 847 3601 formosam
894 3560 1123 3616 corpore
1167 3559 1331 3615 quam
1364 3551 1417 3599 et
1451 3542 1685 3598 nubilem

77 3627 321 3710 genere.
370 3636 487 3693 Rex
519 3637 632 3708 ipse
678 3654 796 3691 eam
845 3636 920 3691 illi
968 3653 995 3690 a
1033 3636 1345 3707 parentibus
1374 3633 1490 3703 ejus
1521 3634 1687 3701 impe-

98 3735 288 3792 travit,
318 3744 418 3784 rex
447 3729 560 3799 ipse
585 3729 786 3798 nuptiis
809 3727 1079 3793 interfuit,
1106 3727 1201 3781 sed
1247 3725 1471 3780 dubium
1505 3732 1686 3778 utrum

95 3824 277 3893 magis
304 3835 405 3893 pro
433 3820 617 3889 sponsi
649 3821 856 3876 honore
902 3819 985 3875 vel
999 3819 1044 3851 “
1091 3833 1191 3888 pro
1220 3832 1408 3873 amore
1453 3830 1685 3887 sponsa).

96 3912 355 3968 Nondum
402 3911 493 3966 illa
554 3910 952 3982 desponsam"
1005 3910 1291 3982 virginalis
1354 3907 1688 3979 pudicitia“

96 4004 370 4075 pudorem
404 4002 680 4072 deposuit,
712 4018 834 4057 cum
864 4017 958 4056 rex
986 4002 1134 4057 omni
1173 4000 1377 4072 pudore
1402 3999 1649 4070 deposito
1670 4040 1687 4066 ,

96 4106 159 4152 at
189 4109 317 4150 eam
360 4093 467 4150 sibi
500 4093 569 4149 ad
601 4094 797 4151 lectum
827 4110 984 4150 suum
1012 4095 1287 4160 mitteret,
1326 4094 1500 4164 ipsum
1533 4106 1693 4162 spon-

99 4204 219 4243 sum
255 4187 472 4258 petivit.
511 4204 532 4239 ι
564 4186 699 4242 Ctnn
746 4202 848 4243 nec
894 4187 1057 4242 ullam
1105 4203 1249 4255 rem,
1279 4186 1416 4242 dixit
1444 4186 1559 4251 ille,
1590 4196 1691 4243 nec

96 4281 281 4353 ipsam
302 4281 475 4336 vitam
503 4283 663 4338 vobis
704 4298 942 4353 unquam
984 4281 1142 4339 velim
1173 4296 1401 4353 negare,
1442 4282 1556 4338 iure
1577 4280 1690 4337 sola

100 4393 189 4431 res
221 4387 311 4431 est
351 4390 517 4445 quam
555 4393 657 4431 nec
709 4391 807 4431 vos
833 4377 991 4431 decet
1022 4391 1052 4430 a
1085 4392 1171 4431 tne
1207 4384 1423 4445 petere,
1463 4390 1562 4430 ncc
1591 4389 1692 4445 ego

99 4470 256 4523 vobis
279 4484 499 4538 possunt
517 4468 837 4524 concedere.
862 4488 879 4519 ι
900 4466 1036 4534 Rex,
1059 4466 1689 4537 magnusdissimulator,

98 4558 129 4610 d
164 4559 343 4612 l'erlll
370 4558 594 4632 quem"
619 4558 672 4612 in
698 4557 861 4613 corde
889 4571 1144 4626 magnum
1176 4556 1387 4622 imbuit,
1414 4569 1516 4610 nec
1540 4554 1689 4609 vultu

97 4666 200 4702 μω
236 4649 421 4703 verbis
451 4648 713 4703 ostendit.
756 4647 883 4703 l’ost
930 4663 1039 4703 non
1090 4647 1290 4703 multos
1319 4656 1502 4701 autem
1546 4645 1690 4709 dies,

98 4754 222 4794 cum
253 4739 482 4808 illejatn
528 4754 753 4795 securus
800 4738 970 4795 nicltil
1002 4737 1103 4793 sibi
1157 4740 1404 4803 timeret,
1441 4752 1532 4792 rex
1581 4736 1697 4793 fere

102 4832 279 4885 incilia
307 4840 473 4887 nocte
514 4830 661 4886 misit
690 4829 757 4885 ad
793 4845 936 4894 eum,
975 4831 1295 4900 prmcipicns
1351 4838 1410 4883 ut
1453 4829 1599 4885 solus
1628 4828 1694 4882 ad

98 4937 157 4977 se
184 4922 424 4979 veniret.
456 4923 554 4978 Ille
598 4922 868 4992 quamvis,
901 4934 1054 4978 more
1076 4923 1219 4994 regis
1250 4922 1489 4994 cognite,
1515 4930 1698 4979 certus

103 5023 246 5069 esset
291 5015 437 5084 quod
495 5013 550 5067 in
585 5012 699 5083 ipsa
754 5020 911 5069 nocte
945 5012 1083 5068 mori
1130 5012 1433 5079 debuisset,
1485 5022 1691 5074 tamen,

198 5123 210 5134 ι
260 5104 557 5134 ἶιιιιηισηιιιιι

748 5118 764 5132 ο
818 5108 909 5134 ι-ΛιΙ
956 5105 1106 5134 nm:an
1155 5103 1378 5134 ,Λυδίη-Μ
1431 5103 1696 5134 Ικῗηιῖιιηιν.

1775 618 1843 673 ad
1874 633 2055 689 regem
2103 617 2386 688 pervenit,
2417 625 2473 673 et
2516 618 2568 675 ei
2616 617 2851 687 qualiter
2874 626 3003 673 ante
3038 617 3214 674 cubile
3243 617 3360 688 ejus

1776 720 2067 780 susceptus
2111 718 2257 764 esset
2288 708 2568 765 indicavit.
2616 707 2715 766 Cui
2761 724 2855 764 rex
2884 710 3146 780 prmcepit
3181 718 3261 775 ut,
3312 710 3358 764 si

1776 801 2032 872 deinceps
2075 802 2257 857 vivere
2303 799 2496 867 vellet,
2526 799 2629 857 bac
2667 799 2737 857 ab
2769 815 2836 858 eo
2880 799 3059 857 nullus
3100 816 3357 872 umquam

1776 895 1963 951 sciret.

1849 986 1941 1042 l5.
1977 984 2242 1041 Omnibus
2270 986 2356 1041 bis
2380 982 2538 1041 malis
2575 986 2680 1041 boe
2704 985 2904 1041 malum
2952 986 3355 1059 superaddidie;

1769 1079 1921 1149 quod
1951 1078 2148 1134 celeris
2176 1078 2430 1134 omnibus
2456 1078 2615 1135 malis
2633 1118 2651 1145 ,
2682 1088 2739 1134 et
2765 1080 3004 1150 antiquis
3050 1079 3360 1135 firmamen-

1779 1183 1891 1229 tum
1916 1186 2029 1242 ψιο
2056 1171 2338 1242 vigerent,
2365 1180 2423 1227 et
2450 1170 2606 1226 novis
2650 1187 2759 1243 quo
2794 1180 3079 1241 surgerent
3106 1171 3316 1227 initium
3339 1211 3355 1235 ,

1777 1263 1946 1319 dedit.
1975 1263 2271 1334 Episcopos
2296 1262 2444 1318 enim
2473 1277 2580 1317 non
2602 1277 2707 1334 pro
2745 1262 3013 1333 qualitate
3037 1262 3359 1317 meritorum

1778 1352 2073 1410 secundum
2102 1368 2373 1409 canonum
2401 1352 2621 1409 decreta
2669 1352 2979 1417 constituit,
3021 1354 3115 1408 sed
3160 1353 3205 1409 si
3235 1351 3359 1422 quis

1779 1444 2039 1514 majorem
2068 1445 2355 1515 pecuniam
2386 1445 2537 1500 dedit
2559 1484 2574 1510 ,
2600 1444 2684 1499 vel
2720 1444 2837 1515 ipse
2866 1444 3037 1515 major
3059 1442 3176 1513 ejus
3203 1442 3359 1513 ﬂagi-

1780 1536 1977 1592 tiorum
2000 1536 2251 1591 adulator
2274 1535 2507 1602 exstitit,
2533 1536 2622 1591 ltie
2642 1535 2857 1607 dignior
2883 1534 3125 1605 quolibet
3152 1535 3361 1605 episco-

1776 1637 1906 1699 patu
1930 1627 2056 1682 fuit.
2080 1628 2330 1699 Cumque
2368 1626 2530 1682 alicui
2561 1626 2642 1682 sic
2686 1627 3061 1695 episcOpatum
3091 1623 3365 1690 dedisset,

1776 1720 1823 1777 si
1852 1720 1903 1776 ei
1931 1720 2071 1775 alius
2096 1719 2218 1791 plus
2247 1721 2399 1777 daret
2418 1760 2435 1785 ,
2483 1718 2569 1775 vel
2613 1717 2731 1787 ejus
2761 1717 2933 1791 magis
2963 1716 3203 1772 facinora
3236 1716 3358 1772 lau-

1779 1811 1970 1875 daret,
2016 1810 2167 1865 illum
2198 1810 2435 1882 priorem
2465 1810 2621 1882 quasi
2652 1808 3043 1882 Symoniacum
3090 1807 3223 1863 fecit
3267 1807 3365 1861 de-

1776 1908 1938 1980 poni,
1965 1916 2023 1963 et
2048 1908 2210 1964 istum
2242 1907 2543 1964 secundum
2573 1906 2730 1978 quasi
2771 1914 3021 1959 sanctum
3071 1903 3127 1957 in
3172 1901 3361 1957 eodem

1775 1999 1894 2056 loco
1923 1998 2255 2056 consecrari.
2287 1997 2445 2054 Unde
2493 1998 2728 2068 contigit
2776 2005 2837 2051 ut
2883 1994 3068 2050 mitte
3106 1993 3364 2049 civitates

1775 2091 1832 2148 in
1858 2092 1964 2148 illis
1992 2091 2331 2161 temporibus
2369 2089 2506 2146 duos
2548 2090 2836 2160 episcopos
2861 2086 3023 2144 simul
3059 2086 3324 2143 baberent
3346 2124 3363 2150 ,

1775 2199 2010 2257 quorum
2041 2191 2232 2238 neuter
2268 2182 2511 2253 episcopi
2541 2182 2809 2238 vocabulo
2835 2179 3031 2251 dignus
3063 2186 3230 2234 esset.
3260 2175 3364 2231 Ba—

1775 2271 2264 2345 venbergensem“
2310 2272 2716 2343 episcOpatum,
2780 2279 2889 2324 tam
2921 2268 3083 2323 rebus
3125 2266 3367 2322 exterius

1778 2364 1998 2420 divitem
2020 2379 2182 2433 quam
2201 2362 2537 2433 sapientibus
2551 2361 2795 2434 personis
2810 2361 2956 2417 intus
2976 2356 3366 2423 venerabilem,

1778 2454 1994 2511 cuidam
2025 2454 2280 2526 mangoni
2296 2452 2467 2518 dedit,
2492 2453 2659 2508 immo
2688 2468 2786 2524 pro
2812 2449 3172 2507 ituestitnabili
3205 2463 3397 2520 peeu-

1779 2544 1869 2600 nia
1902 2545 2176 2610 vendidit,
2217 2543 2312 2614 qui
2360 2544 2554 2599 melius
2597 2544 2810 2598 sciebat
2854 2555 3108 2597 nummos
3137 2549 3369 2594 mone'te

1779 2638 2075 2709 cujuslibet
2097 2638 2378 2693 testimare
2396 2677 2411 2701 ,
2439 2651 2603 2707 quam
2636 2644 2845 2690 textum
2891 2633 3181 2705 cujuslibet
3210 2630 3367 2695 libri,

1781 2745 1850 2785 ne
1871 2730 2047 2784 dicam
2072 2727 2377 2798 intelligere
2401 2726 2487 2782 vel
2508 2741 2804 2797 exponere,
2828 2724 3021 2779 saltem
3047 2720 3387 2795 regulariter.

1781 2819 2156 2891 pronuntiare.
2179 2818 2282 2888 Qui
2312 2826 2427 2873 tttm
2454 2819 2508 2872 in
2530 2831 2696 2872 sacro
2715 2814 2893 2871 ollieio
2914 2814 3108 2883 vigilia:
3131 2810 3366 2883 pascalis

1780 2910 2016 2980 primam
2086 2924 2154 2965 ex
2225 2921 2380 2965 more
2429 2906 2717 2963 lectionem
2784 2919 2971 2961 coram
3036 2900 3370 2974 sapientibus

1784 3002 1999 3060 clericis
2052 2999 2475 3073 pronuntiavit:
2518 3016 2539 3051 ι
2575 2998 2745 3054 Terra
2795 3006 2974 3052 autem
3024 3004 3145 3051 erat
3194 2992 3373 3050 inanis

1783 3106 1840 3152 et
1865 3095 2061 3150 vacca!
2105 3113 2124 3146 ι
2155 3093 2272 3164 Ipse
2299 3092 2592 3157 nimirum,
2620 3089 2751 3145 licet
2792 3090 2977 3160 bipes,
3016 3101 3181 3142 vacca
3210 3085 3370 3142 bruta:

1786 3196 1843 3243 et
1865 3186 2010 3243 omni
2043 3184 2311 3258 probitate
2335 3184 2539 3239 vacua!
2586 3181 2706 3254 Ipse
2737 3189 2916 3235 ianum
2938 3219 2954 3243 ,
2983 3177 3236 3250 quamvis
3270 3193 3372 3233 nec

1787 3294 1886 3334 suo
1913 3293 2013 3333 nec
2042 3275 2289 3333 ecclesia:
2309 3318 2324 3342 ,
2355 3289 2519 3345 quam
2549 3274 2664 3344 ipse
2707 3271 2862 3341 quasi
2891 3268 3184 3340 regendam
3214 3282 3373 3323 acce-

1788 3377 2112 3440 perat,auro
2148 3373 2400 3436 parceret
2426 3372 2487 3419 ut
2527 3363 2756 3435 gratiam
2790 3358 3372 3433 regisobtineret,ipso

1790 3476 1915 3531 rege
1944 3458 2266 3516 consiliante
2290 3456 2601 3527 deponitur,
2623 3466 2680 3509 et
2705 3448 3048 3526 episcopatus
3067 3451 3157 3507 alii
3187 3451 3372 3516 datur,

1789 3568 1896 3608 non
1929 3552 2020 3623 qui
2049 3551 2155 3605 vita
2189 3557 2243 3603 et
2273 3547 2539 3619 sapientia
2571 3547 2642 3601 sit
2668 3547 2983 3617 episcOpatu
3013 3542 3252 3614 dignior,
3279 3542 3375 3596 sed

1789 3645 1881 3715 qui
1915 3644 2058 3716 regis
2087 3641 2416 3713 ﬂagitiorum
2460 3639 2635 3711 major
2663 3638 2719 3693 in
2748 3636 3002 3693 omnibus
3030 3634 3243 3706 .futsset
3286 3648 3376 3688 as-

1790 3742 2056 3789 scntator.

1862 3828 1949 3882 l6.
1988 3825 2133 3882 lnler
2159 3826 2275 3881 [nec
2321 3825 2504 3880 omnia
2545 3823 2657 3893 jam
2704 3821 2936 3878 abeunte
2974 3818 3370 3884 adolescentia,

1793 3935 1917 3974 mox
1950 3928 2002 3971 ιιι
2036 3916 2386 3971 Adalbertum
2426 3915 2773 3969 Bremensent
2821 3911 3136 3983 episcopum
3183 3917 3377 3965 nactus

1791 4018 1879 4066 est
1905 4006 2276 4064 censiliarnnn
2295 4047 2311 4071 ,
2346 4006 2516 4076 ipsius
2543 4003 2887 4059 suasionibus
2914 4001 3081 4071 coepit
3109 4001 3166 4055 in
3192 4001 3378 4055 deser-

1795 4103 1916 4159 tis"
1950 4101 2086 4157 locis
2115 4099 2255 4155 altos
2279 4109 2333 4154 ct
2363 4105 2557 4154 natura
2588 4096 2828 4151 munitos
2862 4102 3076 4149 montes
3101 4105 3372 4163 qttwrere,

1793 4206 1851 4251 et
1910 4193 1963 4249 in
2015 4193 2103 4249 bis
2150 4189 2456 4260 lmjnstnodi
2501 4187 2722 4244 castella
2767 4186 3071 4251 fabricare,
3098 4199 3220 4255 qua:
3244 4182 3291 4237 si
3323 4182 3375 4235 in

1794 4286 1930 4343 locis
1977 4282 2417 4354 competentibus
2461 4290 2705 4345 starent,
2759 4279 2950 4347 ingens
2994 4289 3166 4345 regno
3198 4272 3379 4328 t'lrma-

1796 4386 2038 4433 utentum
2085 4374 2246 4432 simul
2294 4382 2351 4428 et
2396 4368 2838 4426 ornamentum“
2884 4366 3084 4421 forent.
3135 4363 3379 4432 Quorum

1796 4473 2030 4541 primum
2058 4477 2114 4524 et
2158 4465 2455 4522 maximum
2502 4463 2835 4532 Hartesburg
2883 4458 3200 4531 appellavit:
3235 4455 3380 4526 quod

1799 4564 1869 4617 ita
1900 4561 2025 4619 forti
2058 4574 2215 4616 muro
2235 4556 2556 4614 et‘tu'rribus
2575 4558 2631 4612 et
2653 4556 2828 4628 portis
2853 4548 3095 4609 exterius
3121 4548 3377 4612 munivit,

1796 4656 1871 4710 ita
1904 4648 2178 4725 regalibus
2217 4649 2465 4706 tediticiis
2495 4648 2641 4704 intus
2687 4646 3007 4709 adornavit;
3042 4643 3147 4697 tale
3194 4655 3383 4696 mona-

1799 4742 2026 4800 sterium
2077 4741 2131 4797 itt
2184 4738 2302 4811 ipso
2354 4737 2696 4801 construxit,
2734 4734 2871 4792 tales
2908 4744 3134 4789 ornatus
3176 4733 3228 4786 in
3263 4732 3385 4800 ipso

1794 4831 2132 4901 monasterio
2159 4828 2478 4894 collocavit,
2509 4827 2644 4882 tales
2668 4834 2725 4881 et
2758 4834 2837 4880 tot
2880 4824 3106 4879 clericos
3136 4822 3261 4876 illnc
3287 4836 3385 4874 un-

1798 4924 1961 4992 dique
1988 4918 2376 4993 congregavit,
2411 4917 2490 4972 uti
2506 4916 2552 4949 ”
2579 4914 2787 4985 aliquot
2814 4912 3150 4983 episcopales
3180 4911 3385 4967 locos”

1803 5013 1953 5071 omni
1999 5028 2099 5067 suo
2157 5019 2419 5083 apparatu
2468 5006 2910 5079 aequipararet",
2969 5004 3175 5074 aliquot
3221 5003 3387 5058 etiam

1811 5101 2218 5134 Innnennn-Innnl
2266 5098 2532 5132 ΠηῖιιηηῖΛ
2554 5104 2777 5130 Iun-Inlue
2808 5093 3163 5128 δοκιμωῖσιὲιῖιοῖ
3197 5108 3355 5126 ηηηιη
