3940 5382
587 351 696 409 499

1591 352 1936 411 BRUNONIS
1971 351 2240 409 CLERICI
2280 349 2906 409 MAGDEEURGENSIS

588 464 777 533 pulcra
806 479 968 537 quam
998 464 1156 523 fortia
1196 478 1318 521 esse
1347 464 1657 524 laborabat.
1705 468 1906 524 Beatus
1930 479 1986 523 et
2012 467 2167 524 valde
2195 478 2240 533 Α
2269 465 2500 538 Rogavit
2534 466 2700 522 etiam
2733 468 2785 524 in
2829 467 3036 524 eisdem
3079 465 3277 527 litteris
3311 473 3589 534 quatenus
3637 479 3701 521 se
3746 483 3858 521 cura

586 552 779 609 beatus
809 561 982 618 esset,
1014 553 1062 608 si
1087 553 1421 612 munitiones
1446 556 1665 613 easdem
1694 568 1889 613 contra
1935 570 2173 628 paganos

588 645 875 702 erexisset.
907 644 1041 699 Nam
1073 644 1174 715 ipsi
1206 645 1320 717 jam
1351 647 1557 703 dudum
1598 656 1690 704 aut
1723 664 1913 704 omnes
1942 649 2173 705 fuissent

587 734 910 801 christiani,
941 745 1036 789 aut
1059 737 1377 795 christianis
1405 738 1741 810 principibus
1767 741 1821 795 in
1851 750 2169 811 perpetuum

588 824 883 880 tributarii.
936 824 1044 881 Sed
1094 826 1210 883 haec
1261 827 1611 883 castellorum
1658 829 1889 886 diversis
1933 829 1989 885 in
2039 828 2172 883 locis

590 916 989 973 constructio"
1019 918 1196 989 primo
1230 921 1564 976 nostratibus
1591 920 1875 992 puerilis"
1905 919 2061 975 ludus
2084 919 2169 974 vi-

586 1004 839 1073 debatur,
862 1008 990 1077 quia
1018 1010 1258 1065 nondum
1287 1010 1406 1081 ejus
1440 1010 1671 1066 intentio
1705 1010 1846 1066 mala
1872 1022 2170 1081 cognosce-

582 1094 767 1151 batur.
799 1097 866 1154 Et
902 1114 1010 1156 non
1041 1099 1213 1156 solum
1245 1116 1308 1157 ea
1357 1102 1507 1168 fieri,
1536 1103 1703 1159 nichil
1742 1102 1922 1159 adhuc
1948 1100 2167 1173 pericu-

583 1188 621 1244 li
669 1191 953 1260 timentes,
985 1208 1107 1250 cum
1155 1193 1271 1263 jam
1325 1204 1576 1264 possent,
1631 1210 1736 1251 non
1785 1190 2166 1264 prohibebant,

581 1295 773 1338 verum
801 1284 964 1340 etiam
993 1299 1059 1340 ex
1090 1285 1192 1341 hoc
1215 1301 1341 1342 eum
1370 1288 1485 1343 fore
1507 1296 1698 1344 contra
1744 1285 1993 1342 nationes
2021 1291 2170 1339 exte-

585 1389 679 1430 ras
706 1374 1026 1432 bellicosum
1056 1378 1209 1447 quasi
1254 1377 1565 1435 divinantes
1586 1419 1599 1443 ,
1645 1378 1714 1434 ad
1762 1377 1909 1447 ipsas
1934 1374 2172 1430 aedifica-

586 1464 762 1520 tiones
811 1479 934 1520 eum
982 1465 1069 1521 vel
1115 1467 1310 1537 opibus
1362 1468 1447 1522 vel
1512 1467 1767 1537 operibus
1818 1464 2163 1536 adjuvabant.

584 1553 887 1625 Postquam
928 1572 1058 1614 vero
1088 1558 1338 1629 praesidia
1367 1558 1421 1613 in
1456 1558 1587 1628 ipsis
1632 1556 1871 1613 castellis
1903 1556 2166 1612 collocata

581 1653 870 1715 cmperunt
922 1647 976 1702 in
1030 1648 1259 1703 circuitu
1316 1648 1480 1704 suo“
1552 1648 1910 1718 prtedationes
1981 1658 2163 1715 agere,

582 1747 691 1787 non
722 1748 850 1791 suos
879 1734 1095 1793 labores
1122 1738 1175 1794 in
1222 1752 1351 1795 suos
1393 1753 1522 1795 usus
1555 1745 1931 1808 comportare,
1963 1736 2165 1791 liberos

2275 558 2499 613 Annone
2528 555 2835 615 Coloniensi
2880 557 3287 627 archiepiscopo
3314 554 3643 611 fidelissimo
3664 550 3860 611 (edere

2272 649 2693 724 coniungerent;
2736 665 2843 705 non
2866 647 3012 720 quod
3053 645 3293 718 qualibet
3339 644 3643 700 inimicitia
3670 644 3858 698 dissili-

2274 754 2414 808 rent,
2449 745 2542 801 sed
2566 744 2695 816 quia
2716 758 2823 799 non
2847 741 2972 798 talis
3002 740 3241 796 amicitia
3273 753 3371 796 eos
3396 738 3643 795 fideliter
3667 739 3861 793 aduna-

2275 842 2380 900 ret,
2412 842 2471 890 ut
2499 846 2729 905 uterque
2756 832 2914 889 alteri
2946 839 3154 888 secreta
3176 844 3272 889 sua
3301 829 3556 893 credere,
3585 829 3733 884 sicut
3762 827 3860 881 vel-

2272 924 2364 989 let,
2390 925 2631 980 auderet.
2666 923 2783 979 Hoc
2804 932 2986 979 autem
3039 922 3186 977 omni
3233 936 3407 992 regno
3448 908 3860 976 fore-necessa-

2272 1016 2445 1080 rium;
2476 1015 2605 1086 quia
2632 1014 2676 1070 si
2706 1013 2780 1070 illi
2807 1014 2938 1078 duo,
2995 1012 3088 1081 qui
3119 1011 3356 1082 majores
3378 1019 3547 1081 erant
3598 1009 3657 1064 in
3686 1024 3856 1079 regno,

2273 1108 2506 1165 fideliter
2538 1109 2591 1164 in
2624 1123 2791 1164 unum
2821 1106 3195 1170 convenirent,
3254 1105 3312 1159 in
3343 1104 3526 1159 multa
3576 1102 3859 1157 securitate

2275 1207 2448 1255 totum
2509 1214 2733 1270 regnum
2775 1197 3107 1255 constituere
3152 1196 3479 1267 potuissent.
3536 1191 3660 1249 Hoc
3692 1200 3856 1245 autem

2271 1292 2392 1348 illos
2403 1291 2541 1348 duos
2564 1291 2859 1362 episcopos
2876 1304 2941 1345 eo
2961 1289 3121 1346 facile
3139 1289 3354 1352 efﬁcere
3376 1300 3574 1357 posse,
3600 1298 3717 1354 quo
3736 1282 3858 1337 alter

2268 1397 2480 1448 eorum,
2502 1382 2712 1438 scilicet
2754 1380 3264 1452 Magcdaburgeusis
3320 1387 3471 1433 esset
3505 1375 3709 1439 frater,
3735 1374 3856 1428 alter

2268 1484 2400 1525 vero
2439 1470 2802 1526 consobrinus
2824 1470 3074 1539 superius
3097 1467 3358 1523 nominati
3394 1464 3758 1522 Coloniensi:
3776 1477 3856 1514 ar-

2268 1561 2622 1633 chiepiscopi.
2642 1561 2881 1617 Eandem
2906 1559 3297 1633 querimoniam
3350 1557 3612 1617 fecerunt
3638 1555 3707 1610 ad
3731 1552 3855 1607 invi-

2268 1665 2384 1707 cem
2396 1632 2594 1707 omnes
2616 1667 2754 1722 pene
2774 1651 2924 1723 regni
2952 1648 3274 1706 Theutonici
3302 1632 3624 1719 principes;
3661 1642 3757 1700 sed
3787 1656 3855 1695 ta-

2269 1757 2391 1796 men
2416 1741 2590 1813 palam
2605 1740 2783 1797 nullus
2795 1741 3028 1799 audebat
3048 1739 3231 1805 fateri,
3244 1747 3401 1794 tanto
3412 1753 3511 1792 rex
3539 1747 3667 1794 erat
3682 1735 3846 1789 omni-

582 1824 832 1883 bomines
857 1827 924 1883 ad
946 1845 1084 1899 opus
1107 1830 1304 1887 servile
1324 1830 1668 1901 compellere,
1697 1829 1836 1885 illius
1856 1828 1940 1885 vel
1965 1843 2164 1883 uxores
2192 1819 2238 1880 Β
2266 1829 2368 1887 bus
2399 1831 2620 1887 terrori.
2643 1829 2735 1885 Sic
2750 1828 3001 1900 quamvis
3022 1829 3121 1883 soli
3136 1827 3384 1883 Saxones
3408 1826 3515 1880 hoc
3547 1833 3746 1894 aperte
3774 1823 3844 1875 ri-

581 1916 788 1974 alienas
829 1920 1065 1977 ludibrio
1110 1922 1308 1978 habere
1344 1939 1361 1979 :
1397 1931 1527 1978 tunc
1570 1922 1841 1993 primum,
1891 1919 2023 1990 quid
2069 1917 2158 1974 illa

581 2011 810 2068 castella
832 2015 1247 2085 portenderent,
1276 2014 1690 2081 intellexerunt,
1721 2029 1823 2073 nec
1851 2022 2030 2069 tamen
2063 2011 2161 2068 ad-

583 2100 692 2157 huc
745 2103 1000 2161 resistere
1059 2103 1145 2162 vel
1197 2121 1257 2162 se
1325 2103 1619 2162 defendere
1673 2110 2158 2175 praesumpserant.

585 2191 817 2255 Tantum
847 2195 920 2251 illi
948 2198 1040 2267 qui
1097 2196 1453 2262 lmdebantur,
1479 2197 1733 2267 querelas
1761 2195 1973 2254 occulte
1999 2194 2160 2250 facie-

582 2284 713 2340 bant
738 2288 882 2357 apud
926 2287 1045 2344 illos
1075 2290 1187 2359 qui,
1212 2289 1427 2361 longius
1451 2304 1481 2343 a
1513 2286 1752 2344 castellis
1780 2284 2051 2349 remoti",
2080 2283 2161 2340 ni-

580 2378 690 2434 chil
739 2379 917 2436 adhuc
954 2380 1080 2436 mali
1127 2380 1499 2451 patiebantur.
1525 2379 1679 2435 illaesi
1708 2391 1839 2434 vero
1861 2377 1986 2432 dum
2015 2375 2161 2432 laesis

581 2470 843 2525 auxilium
892 2470 1036 2527 ferre
1086 2471 1463 2544 uegligebant,
1506 2469 1783 2544 tyrannidi
1820 2468 1965 2525 vires
1997 2467 2052 2523 in
2100 2481 2158 2522 se

581 2563 730 2633 ipsos
762 2562 1094 2618 tribuebant.
1128 2562 1261 2619 Nam
1312 2563 1382 2620 ab
1425 2562 1675 2634 agricolis
1710 2561 1777 2618 ad
1805 2559 2098 2623 militares,
2130 2572 2160 2611 a

583 2661 747 2710 terra:
772 2654 1038 2710 fructibus
1062 2654 1129 2709 ad
1159 2654 1465 2712 libertatem
1495 2652 1839 2709 adimendam
1871 2648 2157 2715 ascendit;

578 2754 636 2801 et
668 2744 1002 2800 Fridericum
1032 2747 1101 2802 de
1136 2744 1346 2808 Monte,
1375 2743 1466 2814 qui
1513 2742 1656 2797 inter
1689 2740 1887 2796 liberos
1918 2738 2162 2796 homines

580 2832 726 2889 vel“
775 2835 985 2890 nobiles
1025 2834 1260 2891 eximius
1308 2834 1628 2897 habebatur,
1682 2830 1941 2885 famulum
1996 2842 2155 2882 suuut

580 2940 702 2982 esse
731 2941 826 2980 rex
856 2926 1117 2989 asseruit;
1150 2924 1503 2980 Willielmum
1522 2925 1586 3007 "'
1611 2936 1854 2992 quoque,
1898 2920 1989 2989 qui
2035 2934 2161 2989 pro-

580 3026 706 3087 pter
735 3016 963 3071 nimium
1008 3014 1212 3071 cultum
1255 3014 1339 3070 sui
1387 3028 1481 3067 rex
1512 3004 1579 3068 de
1606 3007 1996 3065 Lotlieslovo“
2045 3004 2161 3077 (εδ)

581 3105 978 3175 appellabatur,
1030 3110 1175 3159 tanta
1242 3102 1568 3159 crudelitate
1617 3099 1987 3170 persequitur,
2032 3096 2159 3167 quia

2261 1920 2520 1976 derentur
2569 1919 2812 1991 incipere
2854 1917 3080 1986 bellum,
3131 1926 3311 1972 tamen
3337 1931 3444 1971 non
3498 1913 3854 1985 ipsorumsu-

2259 2015 2536 2085 jummodo
2558 2014 2788 2071 consilio
2814 2012 2916 2087 fuit
2938 2014 3230 2082 inceptum.
3258 2010 3360 2078 Qui
3386 2024 3513 2065 cum
3550 2016 3635 2082 tot
3659 2015 3716 2061 et
3742 2016 3853 2060 tan-

2262 2110 2343 2158 tas
2365 2103 2705 2158 calamitates
2756 2111 2813 2159 et
2855 2100 3215 2157 contumelias
3245 2098 3445 2168 singuli
3503 2103 3844 2168 paterentur.

2261 2196 2386 2251 dum
2416 2196 2647 2266 quisque
2680 2210 2836 2251 suum
2872 2194 3243 2250 tantummodo
3291 2189 3491 2245 vulnus
3534 2188 3781 2253 dolebat,
3802 2196 3852 2240 et

2264 2286 2503 2343 intactus
2525 2288 2704 2343 adhuc
2736 2288 3014 2344 vulnerato
3039 2301 3149 2341 non
3193 2282 3547 2347 condolcbat,
3571 2280 3841 2338 communi

2262 2376 2538 2434 malouon
2558 2379 2888 2435 resistebant
2943 2376 3218 2433 communi
3273 2371 3529 2431 consilio.
3586 2370 3706 2426 Rex
3734 2371 3841 2424 uni.

2264 2468 2479 2525 versate
2518 2468 2811 2539 dampnum
2862 2466 3205 2539 disponebat,
3236 2474 3292 2521 et
3341 2464 3410 2519 ad
3445 2462 3555 2518 hoc
3600 2460 3842 2532 qualibet

2263 2559 2646 2633 impedimenta
2677 2560 2990 2633 repellebat,
3019 2570 3072 2616 et
3098 2560 3318 2623 auxilia,
3348 2556 3559 2630 quibus
3580 2570 3681 2609 sua
3708 2554 3839 2608 mala

2262 2651 2517 2708 voluntas
2533 2650 2871 2722 impleretur,
2897 2646 3593 2721 undecumquequterebat;
3625 2645 3701 2700 illi
3726 2660 3841 2699 vero

2261 2749 2521 2811 putantes
2548 2741 2784 2812 speciale
2813 2742 3034 2807 malum,
3067 2748 3255 2796 contra
3284 2751 3641 2793 communem
3671 2736 3839 2806 perni-

2261 2832 2401 2888 ciem
2428 2832 2572 2887 nulla
2616 2831 2949 2889 defensionis
2999 2831 3363 2887 instrumenta
3415 2826 3712 2896 parabant.
3736 2826 3837 2889 Ille,

2261 2937 2375 2993 quo
2395 2922 2607 2979 facilius
2649 2933 2875 2980 cunctos
2925 2932 2985 2979 ut
3032 2924 3249 2981 volebat
3294 2924 3657 2995 opprimeret,
3703 2920 3836 2991 pritb‘

2265 3013 2387 3071 illos
2430 3016 2485 3070 in
2514 3015 2713 3085 quibus
2752 3031 2944 3072 eorum
2996 3016 3172 3073 virtus
3204 3017 3443 3073 maxime
3495 3015 3704 3080 stabat,
3740 3011 3836 3067 sin-

2264 3102 2421 3176 gulos
2449 3103 2776 3161 labefactare
2799 3106 3118 3176 temptabat.

582 3158 1009 3254 illaesa...
1028 3194 1261 3267 praedia,
1291 3195 1385 3250 sed
1415 3208 1520 3248 non
1554 3158 1721 3248 ma...
1766 3158 2068 3260 sapientia,
2099 3198 2158 3241 ut
2187 3158 2234 3222 ε
2264 3158 2297 3176 ⁹
2326 3158 2424 3252 ἡ,
2454 3158 3348 3268 (An,1070;)ﬁditrajjigm‘denique,
3401 3195 3586 3250 vim.
3614 3193 3835 3265 pruden-

583 3294 805 3358 propter
848 3287 953 3342 hos
977 3286 1121 3342 duos
1147 3285 1215 3339 ab
1246 3284 1393 3340 omni
1423 3282 1661 3339 Saxonis
1710 3280 1982 3351 praecipue
2013 3276 2156 3333 facta

582 3379 657 3435 sit
703 3378 964 3434 adversus
1020 3393 1202 3448 regem
1246 3374 1585 3445 conjuratio,
1628 3372 1876 3444 quamvis
1918 3371 1986 3426 ab
2033 3370 2162 3439 ipsis

584 3468 795 3526 duobus
836 3469 1072 3540 pessima
1105 3466 1311 3525 reddita
1360 3466 1432 3521 sit
1469 3464 1775 3520 retributio.
1825 3460 1961 3515 Nam
2008 3467 2158 3530 post-

584 3574 750 3630 quam
777 3559 1021 3615 Saxones
1043 3572 1235 3614 omnes
1261 3556 1603 3612 manifestum
1622 3554 1733 3624 jam
1760 3562 1944 3609 contra
1977 3564 2158 3622 regem

583 3651 785 3707 bellum
817 3659 1101 3722 cmperunt
1122 3692 1136 3717 ,
1168 3649 1245 3705 illi
1272 3648 1379 3704 duo
1407 3648 1528 3704 fidei
1553 3650 1747 3725 iuratae
1783 3645 1934 3702 obliti
1954 3684 1969 3711 ,
1998 3641 2156 3714 primi

581 3742 770 3801 relicta
800 3744 972 3814 patria
1001 3741 1296 3814 transfuga:
1324 3742 1457 3799 viles
1485 3740 1555 3798 ad
1590 3740 1775 3796 hostes
1821 3736 2154 3795 defecerunt.

580 3831 695 3889 Hoc
716 3846 848 3888 vero
873 3841 1057 3908 postea
1088 3831 1314 3903 patebit.

651 3920 740 3977 l7.
773 3921 918 3982 Gens
943 3937 1073 3977 vero
1125 3922 1446 3984 Suevorum,
1477 3919 1658 3975 audita
1685 3917 1963 3974 Saxonum
2009 3915 2155 3971 cala-

578 4013 789 4078 mitate,
822 4011 962 4067 clam
1006 4011 1211 4084 legatos
1246 4029 1373 4069 suos
1410 4014 1476 4068 ad
1514 4012 1631 4068 illos
1665 4009 1836 4075 misit,
1868 4015 1923 4063 et
1974 4005 2158 4061 fiedus

577 4121 699 4164 cum
731 4106 813 4163 eis
839 4106 989 4174 fecit,
1011 4117 1070 4163 ut
1099 4119 1290 4167 neuter
1318 4108 1543 4179 populus
1593 4106 1661 4162 ad
1688 4102 1913 4160 alterius
1934 4114 2159 4172 oppres-

575 4194 793 4255 sionem
818 4197 931 4267 regi
959 4196 1126 4253 ferret
1150 4198 1431 4253 auxilium.
1462 4195 1691 4252 Volebat
1712 4194 1857 4250 enim
1874 4207 1964 4246 rex
1992 4192 2157 4247 etiam

577 4285 787 4344 Suevos
825 4288 1089 4346 violenter
1139 4291 1469 4359 opprimere,
1493 4298 1550 4345 et
1592 4296 1653 4342 ut
1700 4288 1805 4344 sibi
1835 4287 1902 4341 de
1941 4284 2158 4356 praediis

576 4376 690 4435 suis
716 4378 1005 4434 redderent
1032 4379 1230 4435 tributa
1244 4380 1585 4450 compellere.
1609 4377 1762 4446 Quod
1791 4376 1966 4434 fmdus
1990 4376 2055 4431 Sa
2065 4391 2159 4431 xo-

2264 3291 2370 3339 tem
2405 3293 2462 3339 et
2497 3282 2714 3350 fortem,
2745 3284 2836 3354 qui
2859 3293 3045 3339 'natus
3070 3284 3116 3316 “
3140 3300 3172 3341 e
3204 3283 3444 3338 Saxonia
3491 3283 3607 3338 dux
3644 3290 3763 3338 erat
3789 3280 3834 3333 in

2257 3373 2527 3441 Bawaria,
2551 3375 2699 3431 omni
2729 3375 3021 3432 calliditate
3040 3374 3087 3407 “
3101 3376 3374 3445 deponere
3395 3373 3701 3443 quarebat,
3724 3369 3833 3442 quia

2258 3463 2408 3520 illum
2432 3480 2554 3520 cum
2570 3464 2822 3521 omnibus
2877 3463 3137 3519 Bawariis
3158 3463 3206 3494 “
3236 3460 3481 3517 Saxones
3517 3460 3833 3530 'adjuturui

2261 3572 2367 3613 non
2384 3557 2699 3617 dubitabat.
2728 3556 2871 3627 Ergo
2898 3556 3166 3627 quendam
3198 3554 3419 3609 nomine
3440 3552 3747 3606 Einnonem
3775 3548 3830 3609 ⁶⁸.

2259 3658 2455 3721 praeter
2477 3650 2757 3705 audaciam
2814 3648 2978 3705 nichil
3028 3647 3245 3702 virtutis
3296 3645 3622 3711 habentem,
3672 3642 3832 3716 pretio

2260 3742 2519 3798 conduxit
2538 3750 2595 3796 et
2619 3741 3073 3812 promissionibus
3102 3739 3436 3804 sollicitavit,
3459 3746 3521 3793 ut
3563 3736 3755 3791 ducem
3774 3733 3832 3788 de

2260 3836 2404 3906 regis
2441 3844 2613 3891 morte
2650 3851 2831 3893 secum
2889 3843 3151 3890 tractasse
3211 3834 3442 3899 diceret,
3474 3838 3532 3885 et
3561 3829 3667 3886 hoc
3691 3828 3736 3861 ⁸⁷
3757 3842 3829 3889 se.

2259 3925 2304 3982 si
2335 3936 2579 3996 negaret,
2604 3925 2863 3996 singulari
2891 3926 3028 3981 bello
3058 3928 3415 3996 probaturum
3469 3922 3824 3994 promitteret.

2258 4014 2340 4071 lta
2368 4015 2413 4048 “
2435 4016 2749 4072 certaminis
2773 4016 2914 4072 illius
2938 4017 3240 4071 constituto
3266 4016 3375 4079 die,
3398 4010 3531 4069 Otto
3551 4012 3625 4068 ab
3649 4008 3827 4066 amicis

2258 4107 2371 4163 suis
2395 4108 2667 4180 episcopis
2693 4117 2749 4164 et
2769 4109 2892 4165 aliis
2917 4110 3250 4181 principibus
3275 4114 3654 4178 praemonetur
3676 4102 3823 4176 quod.

2260 4200 2306 4258 si
2358 4199 2663 4257 Goslariam
2711 4196 2968 4269 veniret,
3010 4200 3102 4257 ubi
3146 4197 3382 4254 duellum
3428 4196 3550 4251 fieri
3581 4195 3819 4253 debebat.

2257 4290 2473 4348 etiamsi
2494 4291 2869 4351 adversarium
2935 4307 3092 4347 suum
3148 4290 3417 4353 vinceret,
3476 4297 3665 4341 tamen
3717 4285 3827 4340 inde

2257 4398 2381 4440 cum
2407 4385 2517 4440 vita
2540 4400 2644 4439 non
2674 4384 2892 4439 rediret.
2921 4381 3096 4451 Elegit
3118 4395 3248 4452 ergo
3278 4380 3493 4434 honore
3537 4391 3644 4432 suo
3668 4370 3827 4445 politis

575 4482 683 4535 ηδε.
703 4470 758 4524 δίλ
778 4470 1006 4533 "deum?
1025 4484 1357 4539 servassem.
1397 4481 1451 4529 ει
1476 4473 1545 4528 ab
1605 4469 1826 4526 infamia
1853 4469 1899 4501 ”
1921 4465 2157 4539 9"“th
2187 4496 2235 4557 ι)
2261 4475 2709 4555 ittjuste‘privari,
2738 4490 2902 4547 quam
2930 4474 3036 4531 tale
3057 4472 3319 4546 judicium
3346 4470 3557 4537 subire,
3583 4467 3678 4521 ubi
3704 4463 3827 4519 scie-

576 4568 633 4615 et
660 4575 691 4613 a
730 4576 928 4630 magna
959 4572 1111 4631 parte
1150 4564 1476 4621 calamitatis
1507 4562 1661 4619 liberi
1706 4562 1954 4618 fuissent.

646 4650 735 4706 l8.
769 4645 1062 4723 Sigifridus
1116 4655 1163 4687 “
1216 4655 1541 4727 Magontinaa
1587 4652 1733 4709 sedis
1780 4647 2150 4721 archiprmsul,

576 4744 903 4802 Werinbero
931 4747 973 4779 “
995 4747 1472 4819 Magedaburgensi
1498 4756 1555 4801 et
1582 4744 1893 4800 Burchardo
1932 4740 2154 4795 Halber-

575 4835 822 4892 stadensi
844 4836 900 4871 ⁶¹·
917 4838 1185 4908 episcopis
1223 4838 1432 4892 litteras
1456 4832 1794 4905 querimonia
1834 4831 2021 4901 plenas
2048 4830 2153 4885 mi-

575 4926 668 4991 sit,
717 4927 860 4996 quod
894 4944 988 4987 rex
1014 4929 1067 4983 in
1097 4929 1411 4999 episcopatu
1439 4941 1539 4991 suo
1578 4924 1698 4980 loca
1727 4920 2151 4994 prmdatiouihus

574 5014 841 5073 faciendis
863 5027 986 5089 apta
1014 5018 1290 5088 elegisset,
1341 5017 1643 5088 positisque
1666 5014 1798 5070 inibi
1827 5012 2069 5070 castellis
2096 5021 2152 5068 et

573 5104 864 5176 praesidiis,
889 5109 1055 5175 multa
1078 5110 1219 5169 mala
1269 5109 1431 5168 rebus
1472 5122 1586 5164 suae
1631 5106 1878 5163 ecclesias
1925 5102 2148 5161 faceret.

2258 4567 2465 4639 batipsi
2484 4567 2710 4638 justitiaa
2732 4566 3043 4622 violentiam
3072 4564 3208 4619 fieri.
3240 4562 3407 4631 Igitur
3436 4559 3507 4613 ad
3524 4573 3627 4613 sua
3655 4567 3821 4611 reces-

2258 4659 2352 4725 sit,
2382 4667 2439 4714 et
2466 4659 2736 4714 associato
2756 4657 2865 4723 sibi,
2897 4655 3112 4727 Magno,
3134 4654 3268 4708 duce
3292 4647 3570 4714 Samnite,
3587 4661 3687 4717 per
3710 4645 3828 4696 duos

2257 4749 2373 4806 fere
2386 4764 2559 4805 annos
2583 4762 2704 4803 cum
2728 4763 2850 4820 rege
2874 4747 3073 4804 bellum
3087 4740 3306 4802 crudele
3318 4742 3489 4814 gessit
3510 4741 3627 4812 (an.
3662 4734 3822 4800 εει-ιη

2258 4837 2728 4895 Deinde‘consiliis
2754 4838 3052 4897 amicorum
3074 4834 3267 4900 coacti,
3295 4848 3418 4889 cum
3447 4847 3510 4887 se
3539 4831 3705 4902 regia:
3726 4837 3825 4880 tra-

2256 4927 2451 4984 derent
2482 4928 2752 4999 potestati,
2788 4942 2883 4983 rex
2913 4926 3161 4997 Magnum
3191 4925 3383 4999 ducem
3411 4921 3466 4977 in
3495 4933 3720 4977 carcere
3741 4930 3829 4970 suo

2259 5034 2360 5089 per
2388 5019 2654 5090 integrum
2694 5015 2970 5077 biennium
3004 5015 3197 5080 tenuit,
3227 5014 3298 5068 ita
3326 5021 3387 5067 ut
3429 5010 3616 5067 nullus
3657 5010 3713 5063 in
3739 5008 3825 5061 hoc

2262 5117 2503 5179 tempore
2540 5108 2703 5169 sciret
2733 5116 2915 5173 utrum
2942 5105 3149 5163 viveret
3176 5102 3260 5160 vel
3277 5102 3368 5157 ubi
3390 5110 3563 5159 esset.

1846 5238 2083 5295 VARUS
2122 5238 2518 5297 LEGTIONES.

644 5360 689 5382 ΙΙ
712 5365 1020 5382 ΑΑ-ΑΙ---ΑΙΑ

1060 5357 1080 5382 Ι
1171 5352 1452 5382 δίκη-ιιι,
1484 5354 1500 5382 Ι
1590 5350 1635 5382 Ib
1650 5351 1730 5382 an:
1755 5352 1788 5382 Ω
1872 5353 2003 5382 ":1-
2034 5352 2067 5382 ο
2103 5355 2295 5382 ..ειη-Λή
2336 5354 2352 5382 Ι

2444 5353 2551 5382 "ne
2588 5354 2623 5382 ο
2702 5356 2828 5382 Ιτὲι-
2864 5355 2899 5382 Ω
2924 5354 3274 5382 ωειι.-1........
3303 5353 3327 5382 Ι
3420 5352 3733 5382 ΙΙΙηιέιιΙιηιΑ
3777 5350 3803 5382 ς
