3940 5382
147 299 253 355 501

1417 301 1510 359 ne
1547 300 1772 359 BELLO
1811 299 2180 360 SAXONICO.
2232 280 2260 300 “

3301 307 3409 366 502

219 411 314 465 20.
338 411 530 467 Postea
561 410 764 482 legatos
791 414 857 468 ad
884 426 1062 486 regem
1091 413 1364 469 Danorum
1413 416 1562 470 misit
1583 415 1724 469 ultra
1755 427 1801 485 Α
1833 423 1938 469 tem
1964 412 2303 470 ﬁdelissimos
2333 428 2480 481 suos,
2512 415 2650 472 inter
2671 403 2806 487 quos
2827 417 2992 473 etiam
3021 426 3176 482 erant
3198 407 3407 490 qui-no-

140 518 302 556 mare
327 501 452 573 (An.
491 503 672 574 1075),
697 519 928 574 eumque
958 505 1060 560 sibi
1083 504 1151 559 ad
1172 504 1528 560 Bardanwich
1574 518 1729 575 roga-

138 593 217 646 vit
243 607 566 657 occurrere,
596 607 704 662 quo
731 601 784 648 et
811 595 925 665 ipse
951 610 1074 649 cum
1104 597 1291 665 paucis
1313 595 1569 665 perrexit,
1603 610 1726 650 cum

136 685 290 739 nulla
324 685 470 740 fama
504 693 730 741 testetur
766 688 908 755 quod
936 696 1062 743 ante
1089 704 1210 743 eum
1234 688 1375 744 ullus
1401 704 1494 743 rex
1524 689 1578 744 in
1605 689 1726 744 illas

131 785 326 846 partes
348 778 663 846 pervenerit
693 778 824 848 (24).
855 777 1049 849 Regem
1099 779 1249 833 illum
1281 779 1352 834 ibi
1381 779 1602 834 obvium
1633 781 1728 835 ha-

129 866 273 928 buit,
304 883 439 925 cum
464 882 532 923 eo
561 877 824 923 secretum
845 869 1171 938 colloquium
1194 869 1440 934 fecit,cui
1463 871 1728 943 colloquio

131 967 343 1025 prater
393 959 705 1029 episcopum
750 960 1100 1016 Adalbertum
1147 970 1203 1017 et
1246 978 1412 1017 unum
1455 963 1519 1017 de
1567 965 1728 1033 regiis

134 1053 594 1109 consiliatoribns
633 1054 805 1109 nullus
836 1055 1102 1109 interfuit.
1137 1055 1314 1125 Ipsum
1363 1067 1541 1112 tamen
1564 1057 1728 1112 collo-

129 1145 327 1213 quium
365 1160 474 1199 nou
513 1146 604 1199 diu
659 1145 834 1209 latuit,
865 1147 990 1216 quia
1037 1146 1126 1202 ille
1177 1147 1269 1216 qui
1323 1163 1445 1201 cum
1474 1149 1727 1218 episcopo

130 1235 287 1290 solus
312 1237 533 1301 aderat,
564 1252 686 1292 cum
709 1237 995 1292 consilium
1047 1239 1190 1307 quod
1223 1237 1295 1292 ibi
1330 1237 1577 1292 fecerunt
1597 1254 1724 1308 pro-

130 1327 327 1382 bibere
353 1342 465 1382 non
512 1337 712 1396 posset,
744 1328 873 1383 illud
929 1329 1071 1399 quod
1120 1337 1332 1400 poterat
1365 1327 1562 1396 effecit,
1585 1331 1728 1400 quod

128 1415 421 1485 principes
443 1416 714 1481 Saxonizr,
743 1433 971 1487 quorum
1025 1419 1310 1484 intererat,
1351 1419 1527 1488 ipsum
1551 1421 1726 1475 consi-

128 1504 266 1559 lium
297 1522 410 1561 non
439 1507 649 1563 lateret.
680 1508 792 1565 Rex
837 1509 982 1564 enim
1018 1509 1286 1566 Dauorum
1321 1512 1432 1581 regi
1471 1511 1726 1570 lleinrico

125 1594 333 1662 iuravit
371 1597 502 1652 utei
547 1608 735 1654 contra
781 1612 970 1655 omnes
997 1601 1182 1656 hostes
1221 1616 1368 1668 suos,
1393 1610 1447 1656 et
1475 1604 1725 1659 nomina-

129 1687 228 1739 tim
257 1695 454 1741 contra
495 1686 754 1753 Saxones,
785 1698 1046 1759 quantum
1075 1700 1258 1762 posset
1281 1699 1426 1747 terra
1478 1693 1726 1764 marique

1831 503 1968 558 biles
1992 512 2253 573 cognatos
2283 503 2554 560 habebant
2575 515 2629 559 et
2656 504 2846 570 fortes,
2875 507 2919 561 si
2963 508 3139 578 perire
3165 508 3407 564 dimitte-

1832 600 1936 657 ret,
1967 591 2170 646 nullum
2219 591 2357 646 ultra
2409 592 2617 648 lidelem
2649 593 2748 648 sibi
2799 594 3085 661 inveniret,
3137 605 3192 651 et
3234 605 3405 650 tuttnu

1831 690 2044 752 tempus
2069 681 2136 735 ab
2161 696 2349 736 eorum
2399 684 2713 752 propinquis
2742 683 2946 740 nullum
2985 687 3227 743 haberet.
3261 687 3405 742 Red-

1830 771 1964 826 didit
1988 785 2117 839 ergo
2141 769 2390 840 Magnum
2422 772 2704 839 ducem,et
2729 788 2949 829 suorum
2982 774 3217 830 ﬁdelium
3251 791 3404 831 rece~

1829 862 1908 931 pit
1935 861 2355 916 multitudinem.
2376 861 2512 918 'lnde
2536 872 2720 918 natum
2749 866 3091 934 proverbium
3108 879 3204 937 per
3235 876 3406 922 totam

1831 953 2124 1016 Saxoniam
2155 954 2464 1026 divulgatur
2495 973 2508 1008 :
2549 957 2690 1025 quod
2729 972 2866 1011 unus
2894 956 3037 1012 Saxo
3066 959 3405 1029 septuaginta

1830 1042 2020 1099 Suevis
2045 1052 2276 1111 ematur,
2314 1043 2396 1101 vel
2434 1046 2766 1118 septuaginta
2825 1044 2986 1102 Suevi
3034 1062 3142 1106 uno
3192 1045 3405 1103 Saxone

1831 1136 2186 1191 redimantur.

1896 1224 1985 1278 22.
2013 1226 2086 1280 De
2108 1225 2281 1280 reditu
2311 1226 2465 1281 ducis
2515 1225 2691 1298 Magni
2733 1236 2931 1297 quanta
2961 1226 3193 1284 fuissent
3253 1228 3402 1283 omni

1830 1317 2079 1374 Saxoniae
2102 1319 2578 1390 gaudia,Tulliana
2611 1335 2712 1376 non
2729 1329 2909 1392 posset
2930 1320 3198 1391 explicare
3221 1319 3407 1376 facun-

1829 1410 1914 1464 dia
1953 1423 1967 1464 :
1999 1425 2104 1464 non
2137 1411 2310 1481 magis
2333 1409 2402 1466 de
2449 1411 2538 1466 illo
2585 1412 2902 1482 gauderent,
2934 1411 2978 1466 si
3000 1426 3121 1466 cum
3149 1426 3178 1465 a
3230 1421 3405 1468 morte

1829 1501 2127 1555 redivivum
2155 1501 2509 1570 accepissent.
2563 1502 2776 1568 Quanto
2821 1503 2868 1533 ⁷³
2890 1516 3012 1556 cum
3062 1516 3121 1558 se
3148 1517 3406 1578 umquam

1827 1592 2007 1646 vivum
2033 1592 2248 1648 visuros
2302 1596 2740 1662 desperaverant,
2799 1599 2949 1647 tanto
2993 1606 3116 1648 cum
3163 1592 3407 1647 videntes

1827 1681 2007 1736 vivum
2036 1679 2236 1750 majore
2267 1681 2448 1736 lmtitia
2469 1682 2869 1752 tripudiabant;
2894 1695 2994 1736 nec
3017 1679 3190 1736 solum
3218 1680 3301 1735 sui
3324 1679 3407 1736 vel

129 1777 403 1830 auxilium
449 1775 656 1844 ferret;
685 1789 740 1834 et
791 1795 886 1835 rex
925 1780 1214 1838 Heinrieus
1259 1781 1334 1837 illi
1380 1763 1724 1854 promisitut

1831 1773 2044 1842 cognati
2087 1773 2134 1804 ⁷³
2171 1772 2256 1827 vel
2301 1772 2525 1828 clientes
2553 1773 2671 1844 ejus
2720 1773 2786 1826 de
2835 1772 3010 1828 salute
3056 1771 3404 1842 plaudebant,

131 1868 184 1922 ei
211 1877 447 1924 cunctas
477 1871 837 1941 regionessuo
860 1888 1026 1944 regno
1048 1874 1330 1946 contiguas
1363 1876 1414 1931 in
1443 1878 1722 1949 proprium

129 1960 313 2014 daret.

201 2047 298 2102 2!.
326 2048 500 2120 Igitur
547 2050 636 2106 illo
664 2053 933 2123 colloquio
988 2055 1140 2112 ﬁnito
1166 2066 1221 2112 et
1274 2059 1545 2114 Danorum
1592 2073 1724 2133 rege

130 2154 386 2205 reverso,
418 2156 516 2196 rex
549 2141 836 2199 Heinricus
861 2144 904 2176 ³⁸
927 2147 1206 2202 castellum
1233 2147 1550 2222 Liuniburg,
1579 2150 1723 2221 quod

131 2229 206 2282 ibi
239 2245 416 2300 prope
443 2240 582 2295 erat,
614 2232 1010 2302 consideravit;
1043 2237 1198 2307 cujus
1235 2239 1535 2295 munitione
1594 2257 1720 2311 per-

129 2327 346 2387 specta,
379 2319 434 2373 in
477 2321 594 2391 ejus
641 2323 1001 2392 cupiditatem
1055 2341 1154 2381 suo
1182 2342 1333 2382 more
1378 2330 1724 2386 vehementer

131 2411 365 2477 exarsit,
383 2413 560 2481 quasi,
579 2414 622 2468 si
652 2413 780 2468 illud
809 2415 863 2469 in
886 2432 980 2470 sua
1005 2425 1273 2487 potestate
1290 2427 1520 2485 teneret,
1547 2421 1723 2478 nullus

131 2499 186 2552 in
211 2501 321 2554 illis
357 2501 606 2570 partibus
645 2504 747 2559 sibi
785 2507 1040 2561 resistere
1061 2508 1346 2577 potuisset.
1385 2508 1517 2563 lllud
1542 2520 1721 2567 autem

131 2591 423 2645 castellum
454 2590 632 2663 Magni
656 2596 807 2651 ducis
861 2606 1146 2667 parentum
1176 2612 1392 2668 semper
1420 2598 1614 2663 fuerat,
1670 2611 1725 2657 et

131 2681 198 2734 ad
223 2683 401 2751 ipsum
427 2698 693 2754 suumque
717 2695 965 2756 patruum
999 2688 1380 2744 llerimannum
1409 2701 1535 2746 tunc
1566 2692 1721 2747 here-

134 2772 472 2840 ilitariojure
500 2786 841 2844 pervenerat.
871 2777 946 2831 Ex
971 2771 1156 2846 paucis
1188 2794 1317 2849 ergo
1357 2794 1494 2847 quos
1549 2781 1719 2835 habe-

136 2862 228 2915 bat
257 2879 470 2929 secum,
501 2866 844 2924 ﬁdelissimos
873 2871 1212 2932 septuaginta
1235 2872 1282 2902 ⁶¹⁰
1311 2871 1427 2927 fere
1447 2873 1648 2928 dimisit
1670 2875 1722 2929 in

138 2954 230 3008 illo
274 2957 526 3020 castello,
561 2959 652 3028 qui
701 2960 865 3015 etiam
919 2962 1092 3032 ipsum
1135 2972 1411 3034 totamque
1450 2965 1723 3034 regionem

137 3049 287 3103 circa
313 3050 704 3121 eompellerent
733 3054 883 3123 regio
933 3070 1125 3123 parere
1163 3056 1432 3112 serviliter
1477 3057 1722 3128 imperio.

144 3139 249 3194 Sed
288 3141 374 3196 his
392 3151 597 3198 temere
628 3143 912 3215 ingressis,
962 3148 1346 3217 Herimannus,
1389 3155 1513 3209 dum
1571 3169 1666 3210 rex
1690 3169 1722 3208 e

139 3227 339 3285 ﬁnibus
371 3231 486 3287 suis
520 3231 710 3288 fuisset
735 3249 1006 3305 egressus,
1045 3250 1299 3309 expectat
1323 3244 1388 3308 τί,
1415 3253 1470 3298 et
1493 3260 1616 3300 mox
1645 3245 1724 3316 ip-

137 3335 256 3374 sum
289 3321 580 3376 castellum
616 3339 742 3379 cum
801 3327 972 3383 multa
1020 3330 1222 3386 virtute
1268 3332 1590 3390 circumdat.
1644 3335 1722 3390 Illi

137 3411 272 3480 quid
299 3410 547 3467 facerent
576 3415 598 3468 ?
625 3412 918 3472 Castellum
949 3420 1164 3488 quidem
1218 3421 1358 3478 forte
1401 3433 1457 3479 et
1509 3427 1724 3482 cunctis

139 3506 242 3560 nisi
262 3505 362 3560 soli
395 3506 528 3561 fami
559 3509 941 3579 insuperabile,
974 3515 1279 3582 sedprmter
1301 3530 1503 3584 paucos
1529 3531 1718 3586 panes,

139 3611 276 3666 quos
303 3596 644 3654 discedentes
686 3602 934 3656 monachi
988 3604 1318 3674 reliquerant
1365 3608 1530 3662 nichil
1580 3608 1720 3678 quod

140 3687 458 3743 rnanducari
482 3700 668 3759 posset
705 3691 956 3759 habebat,
992 3704 1047 3750 et
1078 3695 1254 3752 fames
1298 3711 1393 3753 eos
1441 3683 1723 3754 castellum

140 3777 450 3848 relinquere
473 3778 721 3848 jnbebat,
782 3783 876 3838 sed
899 3784 1057 3840 obvia
1108 3785 1237 3841 ferri
1264 3789 1435 3843 virtus
1461 3804 1553 3844 eos
1575 3791 1724 3844 exire

141 3881 247 3922 non
277 3869 513 3924 sinebat.
543 3869 739 3928 Paucis
765 3884 944 3930 autem
971 3892 1075 3930 non
1105 3885 1222 3932 erat
1240 3887 1411 3933 tutum
1429 3895 1726 3935 cumcxer—

143 3958 252 4011 cita
288 3960 475 4014 venire
507 3960 559 4014 in
581 3962 854 4031 proelium.
889 3966 1224 4022 Deditionem
1249 3984 1379 4041 ergo
1407 3971 1590 4026 comiti
1619 3970 1723 4026 lle-

141 4049 394 4103 rimanno
415 4049 748 4119 oerrebant;
773 4056 866 4110 sed
893 4055 1005 4122 ille,
1042 4058 1144 4113 nisi
1178 4058 1403 4130 Magnus
1426 4062 1556 4126 dux,
1581 4060 1725 4117 filius

142 4135 326 4193 fratris
349 4141 458 4206 sui,
487 4141 712 4209 rediret,
731 4149 1174 4202 nullumistorum
1194 4150 1466 4205 abiturum
1485 4152 1718 4207 dicebat.
1746 4189 1753 4195 -

144 4227 256 4292 Quo
285 4240 588 4299 comperto,
626 4249 732 4294 rex.
775 4235 974 4324 multas
1021 4241 1298 4310 angustias
1333 4241 1537 4306 habuit,
1597 4257 1720 4308 nec,

144 4320 265 4386 quid
289 4320 392 4374 sibi
419 4321 611 4378 fuisset
633 4326 783 4392 utile,
810 4320 969 4382 facile
1007 4331 1317 4400 excogitare
1373 4333 1566 4402 potuit.
1600 4333 1723 4389 Illos

1825 1865 1917 1920 sed
1945 1867 2121 1921 omnis
2141 1866 2361 1921 omnino
2393 1864 2989 1938 populusomnipotenti
3009 1864 3140 1930 Deo,
3165 1863 3255 1934 qui
3284 1876 3406 1917 eum

1827 1958 2144 2014 mirabiliter
2205 1959 2474 2025 liberavit,
2514 1959 2700 2016 laudes
2751 1957 3078 2014 unanimiter
3126 1955 3405 2012 reddebat.

1826 2047 1996 2115 Quem
2038 2049 2183 2104 enim
2223 2059 2450 2120 patruus
2505 2065 2635 2106 suus
2677 2047 3034 2104 inaestimabili
3081 2047 3406 2120 praediorum

1825 2139 1939 2193 sive
1963 2139 2314 2207 pecuniarum
2371 2139 2544 2210 pretio
2578 2139 2844 2194 redimere
2873 2153 2981 2192 non
3041 2136 3228 2200 valuit,
3264 2137 3408 2193 hunc

1825 2230 2006 2286 divina
2028 2231 2202 2301 pietas
2217 2247 2282 2287 eo
2310 2234 2489 2298 modo,
2521 2248 2678 2302 quem
2702 2232 2934 2286 humana
2949 2230 3233 2304 prudentia
3249 2245 3406 2284 num-

1825 2322 1987 2392 quam
2013 2325 2552 2394 possetoexcogitare,
2592 2324 2860 2379 liberavit.
2878 2323 3063 2392 Itaque
3097 2321 3263 2378 nichil
3293 2320 3407 2374 fere

1819 2411 1930 2480 jam
1943 2413 2170 2466 sonabat
2192 2430 2255 2468 ex
2272 2428 2366 2468 ore
2379 2414 2543 2469 totius
2557 2414 2826 2478 Samnite,
2851 2413 2951 2468 nisi
2971 2412 3109 2467 :Deo
3130 2412 3328 2483 gratia:
3344 2411 3408 2466 de

1826 2499 2008 2572 Magni
2041 2502 2188 2556 ducis
2239 2503 2556 2557 amntirabili
2603 2503 2953 2561 liberatione!
2981 2503 3059 2557 llli
3096 2504 3188 2573 qui
3241 2519 3397 2563 nutu-

1826 2608 1986 2664 quam
2013 2609 2134 2649 cum
2168 2597 2430 2661 viderant,
2461 2611 2560 2666 pro
2587 2595 2631 2626 ⁷⁸
2657 2594 2774 2664 ejus
2795 2597 3072 2666 ereptione
3094 2610 3200 2649 non
3229 2595 3404 2663 miuo-

1825 2698 1915 2739 res
1937 2684 2003 2749 ⁷⁸,
2037 2700 2199 2754 quam
2229 2686 2275 2740 si
2306 2686 2370 2741 de
2401 2686 2516 2756 ejus
2555 2699 2751 2757 genere
2790 2685 2874 2742 vel
2933 2685 3139 2744 familia
3171 2683 3407 2744 fuissent

1827 2775 1938 2830 Deo
1960 2778 2159 2847 gratias
2195 2777 2447 2847 agebant.

1893 2867 1984 2921 25.
2023 2867 2226 2922 Deinde
2253 2880 2375 2923 cuin
2398 2869 2700 2938 principum
2725 2868 2989 2927 festivitas
3011 2867 3401 2940 apostolorum,

1828 2954 1976 3012 Petri
2006 2957 2325 3018 videlicctet
2360 2953 2534 3024 Pauli,
2560 2961 2962 3030 propinquaret,
3005 2960 3265 3030 praecepit
3310 2974 3405 3013 rex

1830 3059 1888 3105 ut
1909 3051 2159 3106 universa
2197 3051 2501 3122 principum
2526 3053 2773 3108 Saxoniae
2797 3053 3081 3108 multitudo
3101 3051 3404 3107 Goslariant

1829 3145 2159 3210 conveniret,
2201 3147 2327 3203 utsi
2349 3146 2476 3216 quid
2519 3147 2584 3200 de
2605 3146 2980 3202 communibus
3001 3146 3150 3217 regni
3176 3145 3410 3216 negotiis

1825 3233 1912 3301 agi
1935 3233 2155 3303 dignum
2185 3243 2511 3306 emergeret,
2530 3235 2630 3293 hoc
2660 3235 2774 3306 ipse
2796 3237 3067 3292 communi
3097 3236 3406 3306 principum

1827 3324 2055 3381 consilio
2089 3334 2368 3380 tractaret.
2406 3325 2606 3382 Omnes
2644 3328 2769 3387 illuc
2793 3328 3002 3384 alacres
3053 3327 3404 3392 festinabant,

1826 3414 1952 3482 quia
2003 3413 2370 3472 calamitatum
2426 3432 2562 3486 quas
2591 3416 2830 3474 Saxonia
2873 3417 2986 3488 jam
3015 3418 3104 3473 diu
3141 3418 3405 3472 tolerabat

1825 3510 1893 3573 ⁷⁸,
1914 3508 2157 3578 aliquem
2188 3511 2472 3565 terminum
2507 3510 2622 3568 fore
2659 3515 2972 3584 sperabant.
3007 3513 3176 3582 Igitur
3201 3510 3407 3568 festivi-

1829 3607 1936 3658 tate
1968 3601 2254 3655 celebriter
2273 3601 2570 3668 celebrata,
2618 3619 2741 3659 eum
2768 3605 2882 3660 dies
2904 3603 2973 3658 ad
2994 3617 3187 3658 causas
3239 3617 3402 3672 agen-

1828 3693 1922 3748 das
1949 3702 2148 3747 statuta
2179 3696 2431 3758 venisset,
2452 3696 2708 3765 episcopi,
2741 3697 2927 3762 duces,
2953 3696 3182 3751 comites
3209 3695 3404 3750 ceteri-

1827 3798 1932 3853 que
1971 3782 2037 3836 ad
2064 3783 2322 3852 palatium
2375 3784 2612 3839 diluculo
2651 3785 2694 3816 ⁷⁷
2743 3785 2917 3854 primo
2967 3794 3398 3856 congregantur;

1828 3874 2008 3943 ibique
2030 3876 2300 3941 sedentes,
2331 3876 2504 3932 donec
2519 3879 2584 3931 ad
2615 3891 2672 3932 se
2698 3891 2789 3932 rex
2803 3877 3114 3947 egrediatur
3138 3876 3318 3937 velad
3339 3891 3398 3934 se

1821 3964 2012 4034 jubeat
2040 3981 2132 4021 eos
2157 3967 2377 4035 intrare,
2394 3968 2751 4040 nequicquam
2777 3969 3116 4039 operiuntur.
3158 3967 3292 4022 Nam
3318 3967 3408 4021 ille

1827 4061 2022 4116 cubilis
2045 4061 2130 4116 sui
2161 4060 2368 4119 foribus
2407 4062 2628 4130 clausis,
2654 4063 2803 4118 intus
2848 4079 2970 4118 cum
2993 4062 3107 4118 suis
3146 4060 3404 4132 parasitis

1828 4150 1962 4207 aleis
1985 4153 2067 4207 vel
2095 4154 2296 4210 ceteris
2326 4157 2487 4212 rebus
2520 4155 2820 4227 nugatoriis
2861 4168 3084 4225 operam
3134 4153 3315 4217 dabat,
3351 4163 3406 4206 et

1827 4253 1906 4303 tet
1943 4261 2165 4318 magnos
2221 4249 2468 4305 homines
2521 4251 2606 4306 ad-
2625 4266 2781 4305 suam
2835 4249 3057 4318 ianuam
3109 4248 3400 4308 excubare,

1825 4337 1979 4406 quasi
2011 4340 2277 4409 mancipia
2330 4341 2611 4406 vilissima,
2641 4341 2824 4396 niehili
2869 4340 3136 4410 pendebat
3168 4338 3233 4391 ⁷³.
3269 4337 3405 4392 Tota

144 4407 390 4465 obsessos
416 4426 515 4480 per
539 4415 647 4468 vim
680 4415 912 4471 liberare
942 4434 1045 4472 non
1077 4421 1272 4489 potuit,
1302 4423 1427 4492 quia
1454 4423 1520 4477 de
1548 4422 1721 4478 Saxo-
1756 4443 1804 4502 ι)
1831 4426 1946 4480 dies
1984 4425 2071 4479 illa
2098 4407 2342 4495 transiit;
2378 4445 2476 4484 nec
2505 4431 2618 4498 ipse
2638 4446 2738 4485 nec
2760 4407 2975 4501 .aliquis
3028 4445 3158 4486 vera
3183 4434 3408 4498 portans

145 4499 318 4564 nibus,
352 4517 491 4572 quos
519 4502 754 4562 offensos
787 4507 1040 4575 habebat,
1067 4513 1363 4566 exercitum
1393 4527 1721 4585 congregare

144 4605 242 4644 non
296 4595 560 4662 credidit;
608 4596 676 4652 de
728 4599 979 4666 gentibus
1023 4617 1151 4657 vero
1199 4603 1319 4658 aliis
1370 4619 1479 4660 sua:
1531 4606 1720 4664 ditioui

144 4681 398 4754 subjectis
445 4701 566 4741 eam
624 4687 1045 4755 multitudinem,
1101 4693 1187 4748 cui
1235 4693 1363 4748 illuc
1421 4694 1502 4752 ire
1548 4703 1723 4754 tutum

144 4785 300 4840 esset,
332 4791 439 4832 non
470 4779 682 4833 habuit.
711 4780 912 4836 Ducem
951 4779 1177 4838 reddere
1207 4783 1399 4848 uoluit,
1437 4786 1560 4854 quia
1588 4785 1715 4842 dum

145 4863 282 4923 illum
312 4869 366 4924 in
392 4871 626 4927 vinculis
656 4874 891 4938 tenebat,
943 4889 1170 4930 securus
1221 4893 1250 4930 a
1292 4877 1433 4933 bello
1479 4878 1727 4932 Saxonis:

144 4956 257 5018 fuil.
289 4960 450 5019 Solus
479 4965 640 5020 ειιῖιιι
663 4965 824 5020 timor
863 4981 943 5022 ne.
984 4967 1072 5020 ille
1106 4966 1444 5022 occideretur
1476 4968 1602 5026 fecit
1645 4978 1724 5034 ut,

145 5056 218 5103 tot
236 5050 449 5121 injuriis
471 5055 741 5124 acceptis,
775 5055 977 5111 bellum
1003 5071 1112 5110 nou
1141 5056 1485 5126 inciperetur.
1511 5055 1613 5113 Tot
1635 5073 1728 5113 au-

1829 4518 2051 4575 nuutius
2082 4520 2148 4574 ad
2173 4535 2266 4574 eos
2296 4521 2480 4576 exivit.
2509 4522 2642 4576 Cum
2689 4521 2802 4592 jam
2854 4537 2957 4576 nox
3006 4520 3146 4576 facta
3195 4518 3407 4583 fuisset,

1827 4617 2049 4686 quidam
2083 4618 2148 4670 de
2167 4619 2418 4688 parasitis
2461 4617 2576 4686 ejus
2621 4633 2892 4689 egressus,
2928 4614 3262 4688 principibus
3287 4614 3411 4673 irri-

1831 4706 1978 4762 sorie
2007 4706 2161 4769 dixit,
2195 4707 2451 4775 quamdiu
2482 4707 2552 4762 ibi
2577 4707 2774 4763 vellent
2805 4716 3126 4777 expectare,
3151 4719 3280 4761 cum
3312 4715 3407 4757 rex

1834 4813 1933 4867 per
1954 4796 2115 4850 aliam
2149 4795 2369 4865 januam
2408 4814 2676 4870 egressus,
2717 4799 2783 4856 ad
2831 4800 3018 4854 urbem
3045 4811 3197 4852 suam
3239 4793 3410 4850 veloci

1836 4901 2002 4940 cursu
2033 4888 2400 4954 properaret?
2445 4888 2518 4942 lbi
2545 4896 2672 4942 sunt
2693 4902 2886 4947 omnes
2920 4888 2967 4920 7’
3016 4887 3151 4942 adeo
3184 4883 3408 4947 turbati.

1828 4976 1918 5045 qui
1941 4983 2093 5030 tanto
2119 4974 2332 5030 fuerant
2365 4979 2532 5034 habiti
2557 4993 2589 5032 a-
2611 4979 2752 5047 regis
2774 4979 3026 5050 superbia
3055 4971 3408 5044 contemptui.

1832 5075 1909 5132 ut,
1951 5063 2056 5119 nisi
2089 5065 2220 5120 Dedi
2253 5054 2501 5124 marchio
2523 5085 2712 5132 eorum
2739 5069 2978 5132 furorem
3003 5063 3411 5138 suaprudenlia

1422 5205 1655 5264 VARIE
1694 5209 2096 5270 LECTIONES.

184 5326 292 5354 HM
331 5329 350 5354 Ι
408 5327 500 5354 τοι
533 5324 606 5354 VI
641 5325 660 5354 Ι
719 5323 1040 5354 τιΔυηαηίιιὶ
1101 5321 1150 5352 7,
1173 5336 1224 5354 Ill

1229 5322 1355 5354 InnI:
1386 5322 1406 5354 Ι
1469 5324 1712 5354 τδηηηηιξ
1749 5343 1800 5354 Α-

1809 5343 1862 5354 ..ω-
1910 5337 2122 5354 amur-ul;
