3940 5382
569 408 675 464 503

1512 412 1862 475 BliUNONlS
1897 409 2168 468 CLERlCl
2214 402 2837 467 MAGDEBIJRGENSIS

3730 397 3824 459 τιῢὸ

568 530 955 589 co-ztpcsceret,
983 508 1169 578 eadem
1193 523 1323 579 hora
1349 525 1460 593 rogi
1498 527 1703 594 pariter
1746 538 1957 587 omnes,
1988 523 2134 577 omni
2166 530 2213 586 Α
2240 521 2455 592 quando
2504 536 2566 576 ea
2617 535 2738 590 quae
2787 520 2967 573 futura
3015 525 3137 573 sunt
3174 525 3354 572 mente
3399 515 3660 586 concipio
3684 556 3699 575 ,
3732 514 3822 566 ista

570 609 811 678 p:ojeeto
837 612 1049 678 tinmre,
1080 615 1365 671 manifeste
1389 617 1782 670 renuntiarent.
1832 616 1923 670 llla
1947 616 2060 669 dies
2085 623 2140 667 et

569 696 687 753 haec
714 696 872 757 causa
900 700 1098 755 bellum
1141 703 1393 773 primitus
1420 704 1649 775 incepit;
1686 705 1769 759 illa
1796 705 1912 760 dies
1937 704 2138 774 princi-

567 792 716 864 pium
748 791 987 847 omnium
1011 808 1131 863 quas
1152 803 1451 863 sequuntur
1475 794 1923 850 malarummfuit.
1941 795 2140 850 Eadem

566 892 801 952 namque
826 892 985 938 nocte.
1012 885 1281 955 principes
1330 901 1517 942 omnes
1567 903 1753 956 parum
1785 887 1989 958 pransi,
2016 902 2139 942 cum

567 973 792 1042 s'ngulis
816 974 1012 1043 quibus
1051 975 1252 1044 optime
1299 978 1611 1042 credebant,
1661 978 1713 1031 in
1760 992 1921 1032 unam
1972 975 2147 1030 cet-Ie-

567 1065 731 1129 s'am,
761 1081 883 1119 cum
907 1079 1097 1118 omnes
1125 1066 1292 1120 citari
1311 1065 1420 1135 jam
1451 1067 1768 1129 dormirent,
1792 1080 1859 1120 ex
1892 1065 2143 1119 condicto

565 1162 964 1219 convenerunt;
1008 1154 1190 1223 ibique
1220 1169 1327 1210 non
1357 1156 1547 1226 paucis
1574 1158 1722 1225 prius
1746 1156 1986 1211 lacrimis
2011 1152 2145 1209 οσα-

565 1246 661 1307 sis,
694 1246 887 1300 melius
910 1246 1010 1301 sibi
1039 1244 1159 1301 fore
1204 1256 1432 1301 mortem
1470 1246 1765 1317 quamlibet
1817 1247 1955 1318 pati,
1978 1260 2144 1315 quam

568 1337 729 1391 talem
759 1336 924 1391 vitam
951 1337 1005 1391 in
1038 1336 1202 1392 tantis
1253 1337 1652 1392 calamitatibus
1701 1346 1755 1391 et
1806 1335 2146 1392 contumeliis

568 1427 753 1482 vivere
780 1428 1053 1483 dixerunt.
1092 1427 1607 1501 Constitutoitaqne
1661 1429 1749 1486 die
1772 1439 1827 1484 et
1874 1428 1994 1484 loco
2039 1443 2148 1497 quo

567 1532 758 1574 omnes
784 1533 906 1573 cum
937 1520 1191 1574 omnibus
1230 1515 1538 1576 SaxOnihus
1583 1521 1958 1584 convenirent,
1997 1530 2053 1575 et
2079 1520 2145 1575 de

565 1610 818 1667 libertate
844 1612 1141 1679 communi,
1167 1627 1329 1682 quam
1361 1613 1463 1667 sibi
1491 1612 1745 1669 videbant
1782 1623 2029 1683 ereptum
2057 1611 2146 1680 iri,

568 1704 930 1759 communiter
958 1714 1198 1773 agerent,
1225 1705 1295 1758 ita
1327 1715 1453 1759 sunt
1480 1705 1675 1775 singuli
1699 1705 1764 1759 ad
1790 1721 1886 1761 sua
1920 1704 2144 1769 reversi,

572 1798 725 1867 quasi
770 1810 1060 1867 numquam
1091 1795 1321 1867 amplius
1343 1796 1410 1850 ad
1436 1796 1575 1867 regis
1596 1797 1874 1851 servitium
1905 1797 2144 1856 venturi.

2242 622 2363 683 quae
2427 626 2570 667 nunc
2631 610 2878 666 toleratis
2910 650 2925 675 ,
2980 608 3282 663 tolerabilia
3332 617 3487 678 puto.
3537 606 3823 671 Postquam

2243 705 2387 760 enim
2428 717 2523 758 sua
2571 700 2790 757 castella
2833 716 2933 771 per
2977 709 3145 755 totam
3193 708 3394 753 terram
3442 707 3697 751 nostram
3742 709 3827 763 pm

2244 809 2341 851 sua
2368 794 2646 848 voluntate
2683 790 3084 854 construxerit,
3116 795 3169 843 et
3213 802 3276 842 ea
3304 786 3579 841 militibus
3611 783 3827 837 armatis

2243 893 2301 941 et
2346 885 2506 939 rebus
2553 883 2753 938 ceteris
2808 882 2875 936 ad
2934 882 3035 936 hoc
3090 880 3370 949 negotium
3426 876 3828 946 pertinentibus

2246 974 2566 1045 impleverit,
2613 982 2740 1027 tunc
2785 987 2889 1027 non
2918 968 3148 1039 amplius
3172 970 3285 1039 jam
3314 967 3461 1021 bona
3502 973 3694 1018 vestra
3718 978 3830 1032 px-

2248 1064 2515 1120 ticulatim
2569 1062 2819 1132 diripiet;
2870 1061 2964 1116 sed
3018 1061 3270 1114 universa
3327 1071 3454 1127 qum
3496 1053 3828 1125 possidetis,

2247 1154 2399 1211 vobis
2443 1152 2602 1207 simul
2649 1152 2864 1221 eripiet.
2910 1158 2984 1216 et,
3009 1149 3320 1204 hominibus
3365 1146 3605 1201 advenis
3657 1154 3827 1199 vestra

2245 1246 2388 1301 bona
2414 1244 2669 1314 largiens,
2696 1257 2794 1298 vos
2816 1242 2982 1311 ipsos,
3021 1238 3219 1294 liberos
3262 1246 3317 1292 et
3347 1237 3646 1308 ingenuos,
3692 1236 3833 1304 igno-

2248 1350 2423 1397 torum
2468 1338 2745 1399 hominum
2776 1351 2963 1392 servos
2990 1334 3267 1405 praecipiet
3296 1330 3619 1399 esse..Quas
3658 1328 3831 1383 omnia

2248 1430 2511 1500 numquid
2558 1430 2611 1484 in
2641 1444 2738 1483 vos
2780 1429 2826 1460 ὀ
2875 1428 2989 1483 fieri
3022 1424 3327 1497 patiemini,
3374 1421 3673 1478 fortissimi
3709 1419 3831 1473 viri?

2249 1521 2439 1577 Nonne
2486 1521 2658 1575 emori
2703 1530 2800 1590 per
2843 1520 3099 1575 virtutem
3150 1524 3393 1586 prmstat,
3443 1527 3617 1585 quam
3680 1510 3831 1565 vitam

2249 1613 2505 1668 miseram
2533 1621 2590 1666 et
2617 1612 2955 1666 inhonestam
2980 1650 2995 1675 ,
3032 1611 3122 1665 ubi
3153 1609 3365 1664 illorum
3391 1606 3675 1677 superbia:
3707 1604 3833 1657 ludi-

2249 1704 2370 1759 brio
2395 1703 2621 1768 fueritis,
2667 1717 2768 1772 per
2812 1702 3047 1757 dedecus
3090 1700 3340 1755 amittere
3362 1696 3665 1767 (Sanun.
3710 1693 3829 1763 Jay.

2248 1795 2376 1866 δην
2406 1795 2565 1851 Servi
2607 1809 2716 1850 tere
2759 1794 2933 1864 parati
2976 1793 3173 1863 iujusta
3221 1791 3444 1862 imperia
3485 1790 3833 1845 dominorum

637 1889 733 1944 ει.
767 1866 934 1958 Igitur
964 1905 1066 1945 non
1097 1866 1257 1961 longo
1282 1890 1327 1923 ⁸⁸
1360 1866 1608 1959 tempore
1634 1897 1930 1955 transacto,
1966 1889 2146 1960 magni
2176 1866 2221 1926 Β
2251 1905 2355 1946 non
2382 1890 2700 1960 perferunt,
2731 1899 2783 1944 et
2815 1905 2911 1944 vos
2940 1890 2992 1944 in
3023 1889 3275 1945 libertate
3304 1886 3437 1950 nati,
3469 1899 3631 1955 πη]υο
3657 1883 3833 1939 animo

567 1981 848 2048 parvique,
879 1981 1014 2036 sicut
1053 1981 1403 2035 constitutum
1444 1979 1618 2035 fuerat
1646 2021 1660 2042 .
1703 1979 1768 2034 ad
1795 1979 1977 2034 villam
2027 1995 2149 2049 qua

570 2067 921 2127 Normealovo
950 2071 999 2123 ".’
1024 2071 1136 2141 (‘25)
1166 2079 1392 2125 vocatur
1421 2069 1468 2105 ⁸⁸
1496 2086 1687 2126 omnes
1747 2080 2145 2136 convenerunt;

569 2175 668 2213 cur
712 2170 891 2215 autem
947 2168 1053 2214 tam
1103 2177 1326 2230 magnus
1374 2169 1671 2215 conventus
1714 2159 1768 2214 in
1816 2174 1982 2230 parvo
2030 2158 2148 2215 loco

572 2248 749 2303 factus
782 2249 993 2312 fuisset,
1036 2266 1141 2304 nou
1188 2265 1376 2304 omnes
1426 2257 1779 2319 agnoverunt.
1818 2248 1969 2304 Tunc
1999 2248 2148 2316 Otto,

568 2337 660 2406 qui
692 2336 797 2391 dux
825 2337 952 2392 olim
986 2337 1181 2401 fuerat,
1216 2339 1309 2393 sed
1348 2339 1523 2393 adhuc
1560 2337 1714 2392 ducis
1744 2352 1937 2394 nomen
1984 2339 2149 2393 babe-

569 2428 685 2496 bat,
729 2430 877 2486 omni
913 2438 1236 2502 congregata
1281 2430 1646 2495 multitudine,
1695 2429 1909 2493 collem,
1958 2446 1989 2484 a
2041 2445 2149 2500 quo

571 2518 799 2592 loquens
830 2523 898 2578 ab
931 2523 1183 2579 omnibus
1211 2521 1383 2577 audiri
1428 2530 1650 2592 posset,
1681 2522 1999 2586 ascendens,
2033 2521 2151 2577 fieri

572 2611 846 2668 silentium
873 2612 1195 2684 postulavit;
1221 2628 1330 2684 quo
1365 2613 1527 2679 facto,
1557 2629 1677 2669 cum
1702 2628 1891 2668 omnes
1921 2613 2152 2668 arrectis

573 2713 786 2761 starent
860 2704 1102 2769 auribus,
1159 2702 1469 2774 bujusnzodi
1517 2718 1823 2758 sermonem
1898 2702 2146 2772 incepit:

639 2797 732 2852 25.
777 2816 798 2849 ι
841 2796 1023 2864 Quare
1074 2811 1207 2861 vos,
1258 2811 1291 2851 ο
1343 2794 1543 2850 milites
1599 2794 1832 2863 optimi,
1882 2794 2154 2864 principes

573 2888 736 2943 vestri
794 2896 903 2943 tam
958 2887 1271 2958 frequentes
1328 2888 1381 2942 in
1440 2888 1586 2942 hunc
1633 2886 1812 2942 locum
1862 2887 2154 2943 convenire

576 2989 894 3053 rogassent,
955 2979 1084 3035 licet
1132 2993 1323 3034 omnes
1378 2978 1489 3033 fere
1538 2978 1735 3071 εἰρειηί
1784 2977 2151 3049 cognovistis,

576 3082 753 3128 tamen
812 3081 871 3127 ut
919 3070 1095 3126 nullus
1133 3079 1370 3126 vestrum
1415 3069 1462 3104 “
1508 3069 1590 3125 sit
1627 3071 1719 3140 qui
1780 3083 1837 3125 se
1912 3069 2152 3124 nescium

572 3173 745 3242 possit
773 3186 1042 3238 asserere,
1063 3170 1237 3228 v'sum
1259 3180 1346 3229 est
1374 3170 1551 3235 nobis,
1581 3180 1639 3225 ut
1670 3171 1903 3226 universi
1934 3186 2153 3228 causam

578 3262 785 3332 pariter
811 3262 1137 3332 agnoscatis.
1169 3260 1523 3317 Calamitates
1549 3270 1603 3315 et
1629 3262 1975 3317 contumeliae
2017 3275 2154 3332 quas

580 3352 895 3423 singillatim
926 3352 1080 3408 Vobis
1104 3352 1356 3409 clunibus
1384 3367 1481 3407 rex
1511 3360 1698 3408 noster
1719 3352 1832 3420 jam
1863 3366 1959 3421 per
1987 3352 2153 3407 multa

580 3458 826 3513 tempora
873 3441 1018 3505 fecit,
1070 3458 1278 3511 magna:
1308 3450 1433 3497 sunt
1467 3451 1523 3497 et
1551 3440 1921 3497 intelorabiles
1949 3441 2032 3507 ⁸⁸;
2060 3440 2156 3496 sed

579 3548 717 3604 quas
748 3533 943 3596 adhuc,
991 3534 1036 3587 si
1094 3531 1234 3587 Deus
1267 3534 1613 3603 omnipotens
1654 3533 1702 3565 "
1730 3534 2048 3605 permittet,
2080 3532 2157 3588 l'a-

580 3638 706 3678 cere
753 3623 1025 3693 disponit,
1084 3623 1254 3681 multo
1299 3621 1535 3693 majores
1580 3634 1707 3680 sunt
1751 3634 1808 3680 et
1856 3626 2152 3694 graviores.

580 3715 815 3771 Castella
868 3716 1061 3781 fortia,
1113 3717 1252 3771 sicut
1307 3732 1401 3772 vos
1434 3717 1626 3781 scitis,
1678 3718 1732 3772 in
1781 3716 1916 3773 locis
1965 3725 2157 3772 natura

582 3804 803 3862 munitis
833 3805 1062 3876 plurima
1091 3806 1415 3871 construxit,
1447 3805 1627 3878 ibique
1668 3821 1887 3862 suorum
1921 3805 2156 3861 fidelium

582 3896 980 3953 multitudinem
1036 3912 1142 3952 non
1216 3899 1484 3952 modicam
1547 3898 1813 3953 universis
1881 3892 2156 3952 armorum

582 3987 871 4053 generibus
906 3987 1226 4042 instructam
1257 3987 1561 4043 collocavit.
1597 3987 1725 4055 Quae
1758 3987 2003 4054 castella,
2034 4000 2157 4043 cum

582 4089 687 4128 non
722 4085 909 4131 contra
937 4090 1171 4147 paganos
1202 4118 1217 4143 ,
1266 4077 1358 4147 qui
1392 4086 1633 4132 uestram
1661 4086 1859 4132 terram
1889 4092 2011 4147 quae
2056 4076 2158 4133 sibi

581 4154 831 4224 confinis.
854 4176 938 4222 est
986 4177 1154 4224 totam
1192 4177 1559 4239 vastaverunt,
1604 4170 1713 4223 sint
1749 4167 2033 4233 fabricata,
2066 4169 2159 4224 sed

582 4256 640 4311 in
673 4257 847 4313 medio
879 4266 1039 4313 terrae
1068 4268 1298 4325 nostrae,
1329 4258 1418 4312 ubi
1458 4272 1621 4314 nemo
1653 4259 1700 4313 ei
1740 4272 1994 4327 nunquam
2024 4258 2159 4312 bella

583 4345 858 4415 cogitabat
900 4346 947 4380 ⁸⁷
996 4345 1228 4411 inferre,
1280 4355 1431 4402 tarto
1461 4346 1734 4402 molimine
1774 4348 1883 4402 sint
1932 4347 2159 4413 munita,

583 4438 721 4506 quid:
744 4439 1085 4507 portendant,
1110 4446 1166 4494 et
1194 4455 1261 4494 ex
1291 4448 1445 4508 parte
1459 4439 1506 4473 ⁸⁸
1528 4439 1742 4510 plurimi
1772 4440 1905 4494 estis
1930 4440 2160 4509 experti,

2249 1983 2563 2038 servitutem
2630 1981 2966 2037 tolerabilis?
3034 1979 3288 2036 Fortasse
3348 1976 3478 2047 quia
3534 1972 3832 2031 Christiani

2246 2073 2400 2136 estis,
2428 2081 2768 2126 sacramenta
2800 2072 2911 2141 regi
2936 2069 3078 2124 facta
3111 2068 3317 2124 violare
3339 2066 3567 2121 timetis.
3597 2063 3830 2133 Optime,

2247 2162 2344 2217 sed
2373 2162 2507 2232 regi.
2560 2163 2693 2216 Dum
2724 2161 2856 2216 mihi
2887 2176 2978 2216 rex
3006 2169 3142 2221 erat,
3183 2169 3236 2214 et
3277 2173 3340 2212 ea
3380 2172 3503 2228 qua:
3530 2166 3664 2211 sunt
3702 2156 3834 2224 regis

2246 2253 2507 2317 faciebat,
2555 2252 2867 2309 fidelitatem
2916 2267 3078 2322 quam
3125 2252 3174 2306 ei
3219 2250 3424 2321 juravi,
3468 2248 3744 2317 integram
3785 2251 3833 2297 et

2249 2342 2587 2413 impollutam
2616 2342 2858 2405 servavi;
2888 2353 3172 2414 postquam
3196 2354 3324 2395 vero
3353 2354 3445 2393 rex
3468 2352 3596 2392 esse
3624 2334 3831 2397 desivit,

2248 2436 2334 2490 cui
2388 2433 2545 2488 fidem
2596 2447 2817 2490 servare
2844 2432 3127 2499 deberem,
3155 2446 3260 2484 non
3314 2428 3433 2483 fuit.
3481 2428 3677 2497 itaque
3727 2440 3824 2479 nou

2250 2534 2437 2589 contra
2465 2539 2682 2597 regem,
2712 2525 2805 2580 sed
2850 2535 3039 2580 contra
3084 2523 3343 2594 injttslttm
3389 2536 3528 2577 mea:
3577 2518 3834 2574 libertatis

2248 2625 2589 2685 ereptorem;
2622 2631 2728 2672 nou
2758 2624 2947 2672 contra
2989 2617 3243 2687 patriam,
3287 2616 3381 2671 sed
3420 2629 3521 2685 pro
3565 2614 3746 2684 patria
3786 2619 3833 2666 et

2253 2721 2351 2777 pro
2399 2706 2652 2763 libertate
2701 2722 2817 2763 mea
2849 2748 2866 2775 ,
2909 2722 3073 2778 quam
3125 2722 3282 2761 nemo
3332 2704 3513 2761 bonus
3563 2706 3670 2759 nisi
3720 2717 3833 2758 cum

2252 2801 2430 2857 anima
2481 2801 2641 2857 simul
2691 2802 2936 2868 amittit,
2994 2817 3143 2857 arma
3168 2802 3361 2870 capio,
3409 2807 3468 2855 et
3514 2807 3573 2853 ut
3631 2814 3730 2854 vos
3776 2812 3832 2850 ea

2254 2907 2464 2947 mecum
2499 2891 2729 2963 capiatis
2771 2892 3079 2963 expostulo.
3104 2892 3272 2962 Igitur
3299 2888 3833 2961 cxpergisciminLet

2254 2980 2614 3037 hereditatem
2663 2982 2822 3038 vobis
2869 2997 2900 3037 a
2948 2981 3264 3059 parentibus
3310 2981 3518 3036 vestris
3575 2978 3829 3037 relictam,

2254 3073 2444 3130 liberis
2489 3074 2687 3130 vestris
2735 3074 3054 3145 relinquite;
3098 3090 3197 3130 nee
3238 3083 3423 3129 vestra
3469 3072 3721 3127 socordia
3756 3069 3830 3123 vel

2257 3165 2462 3221 desidia
2494 3182 2590 3222 vos
2615 3175 2673 3222 et
2694 3165 2896 3224 liberos
2924 3176 3135 3224 vestros
3165 3167 3385 3222 exulum
3412 3166 3698 3221 hominum
3725 3178 3829 3219 ser-

2258 3272 2356 3313 vos
2385 3257 2501 3312 ﬁeri
2530 3259 2844 3329 permittite.
2877 3258 2984 3314 Sed
3029 3274 3097 3314 ne
3122 3259 3373 3329 cuiquam
3404 3266 3652 3314 vestrum
3681 3268 3830 3311 causa

2258 3362 2363 3403 non
2390 3349 2524 3403 satis
2549 3348 2840 3405 vehemens
2879 3350 3146 3413 videatur.
3194 3366 3300 3420 qua
3352 3351 3617 3406 adversus
3661 3362 3831 3418 regan

2259 3455 2407 3495 arma
2432 3441 2730 3510 eapiamus,
2756 3441 3027 3513 praecipue
3071 3457 3190 3508 nos,
3219 3442 3310 3511 qui
3346 3443 3416 3497 ab
3448 3441 3679 3496 infantia
3718 3454 3831 3493 eum

2258 3534 2313 3589 in
2346 3544 2486 3587 terra
2520 3535 2711 3590 nostra
2735 3536 2969 3591 maxime
2998 3536 3323 3590 nutrivimus
3350 3543 3406 3590 et
3428 3535 3479 3590 ei
3512 3551 3627 3606 pra:
3652 3532 3834 3588 ceteris

2258 3627 2510 3696 gentibus
2555 3642 2666 3682 suze
2694 3628 2881 3683 ditioni
2913 3628 3168 3699 subjectis
3212 3627 3401 3683 ﬁdeles
3449 3627 3627 3698 magis
3667 3623 3834 3680 extiti-

2259 3732 2402 3782 mus,
2448 3719 2821 3788 unusquisque
2859 3732 3008 3783 suas,
3044 3733 3183 3787 quas
3216 3718 3286 3772 ab
3316 3731 3381 3772 eo
3408 3730 3606 3785 passus
3634 3722 3721 3769 est
3764 3714 3834 3765 in-

2254 3805 2467 3875 jurias,
2512 3823 2692 3862 coram
2741 3808 2994 3863 omnibus
3033 3807 3187 3863 vobis
3236 3814 3513 3877 exponat;
3589 3815 3642 3859 et
3698 3816 3833 3863 tunc,

2260 3909 2439 3953 utrum
2470 3900 2601 3954 satis
2632 3914 2821 3970 magna
2855 3898 3153 3954 necessitas
3195 3912 3293 3953 nos
3319 3897 3385 3951 ad
3415 3896 3649 3967 injurias
3681 3892 3834 3962 repel-

2258 3989 2449 4043 leutlas
2473 3997 2667 4059 cogat,
2712 3987 2971 4056 judicium
3001 3992 3285 4043 commune
3310 3986 3597 4041 decernat.
3646 4004 3666 4036 ι

2329 4080 2420 4135 26.
2480 4080 2621 4149 Ergo
2672 4079 3032 4134 Werinherns
3084 4076 3599 4146 Magedaburgensis
3669 4072 3834 4127 archi-

2258 4172 2566 4242 episcopus,
2622 4171 2893 4227 civitatem
2939 4184 3091 4224 suam
3158 4168 3240 4222 bis
3319 4183 3351 4220 a
3418 4180 3548 4234 rege
3614 4161 3833 4217 aedibus

2260 4272 2315 4320 et
2380 4264 2798 4333 praedationibus
2865 4263 3109 4317 invasam
3163 4258 3416 4323 dicebat;
3477 4267 3531 4313 et
3582 4263 3831 4326 pariet-ra

2261 4367 2578 4408 communes
2634 4353 2856 4422 injurias
2915 4366 2973 4405 se
3031 4365 3137 4405 non
3201 4347 3381 4402 minus
3439 4344 3627 4401 dolere
3684 4356 3830 4412 quam

2263 4458 2390 4499 suas
2435 4444 2733 4508 asserebat,
2780 4450 2835 4497 et
2878 4441 2982 4506 eis,
3028 4438 3180 4509 quasi
3225 4436 3371 4492 solus
3422 4449 3617 4488 omnes
3660 4432 3832 4485 fuisct

583 4537 659 4592 ct,
693 4530 793 4582 nisi
820 4528 1191 4585 misericordia
1226 4531 1317 4585 Dei
1343 4539 1627 4601 vestraque
1656 4531 1828 4585 virtus
1874 4530 2162 4601 prohibue-
2189 4554 2238 4613 ι)
2264 4547 2457 4601 passus
2484 4574 2499 4597 ,
2552 4532 2896 4587 obviaturum
2968 4546 3026 4584 se
3075 4527 3443 4598 promittebat.
3497 4522 3832 4577 Bon-bardus

585 4618 674 4678 rit,
710 4619 818 4671 cito
846 4634 1037 4676 omnes
1065 4620 1442 4691 experietnini.
1472 4620 1618 4677 Bona
1649 4630 1823 4675 vestra
1848 4662 1863 4687 ,
1897 4621 1989 4691 qui
2010 4620 2164 4688 juxta

586 4702 819 4762 manetis
839 4748 854 4773 ,
900 4708 1053 4767 vobis
1085 4710 1267 4765 invitis
1300 4710 1354 4764 in
1385 4710 1495 4779 ipsa
1524 4711 1747 4769 castella
1772 4711 2161 4784 deportantur;

587 4797 801 4854 tilia-bus
851 4804 1047 4857 vestris
1115 4812 1169 4858 et
1242 4802 1503 4857 uxoribus
1574 4816 1673 4872 pro
1730 4816 1826 4857 sua
1900 4802 2161 4868 libidine,

585 4892 803 4957 quando
848 4890 896 4923 ”
943 4891 1165 4958 volunt,
1211 4894 1541 4957 abutuntur;
1591 4900 1805 4948 vestros
1857 4894 2057 4947 servos
2104 4901 2161 4947 et

578 4980 852 5049 jumenta,
891 4983 1145 5053 quicquid
1192 4985 1396 5049 volunt,
1439 4983 1540 5039 sibi
1570 4984 1775 5039 servire
1804 4983 2155 5053 prtecipiunt;

584 5076 751 5106 {nomn
780 5085 829 5106 Α.
869 5090 963 5106 una
1006 5076 1145 5106 ‘nano
1178 5077 1229 5106 :n
1266 5076 1446 5108 ΙῗΙιιιδο
1476 5077 1715 5108 human-:0
1744 5076 1936 5108 ﬁnal-rga
1969 5075 2161 5110 sinuin"—

2264 4620 2459 4691 praesul
2523 4619 2989 4675 llalberstadeusis
3014 4618 3344 4688 querebatur
3392 4614 3523 4684 quia
3572 4607 3828 4681 pnedia"

2263 4713 2543 4783 cujusdam
2596 4712 2789 4768 nobilis
2837 4712 2935 4766 viri
2985 4711 3071 4766 cui
3119 4725 3314 4763 nomen
3344 4707 3515 4769 Bono,
3566 4719 3688 4773 qua:
3721 4701 3828 4768 jure

2265 4817 2377 4859 suae
2429 4803 2687 4858 deberent
2753 4818 2874 4858 esse
2917 4801 3158 4858 ecclesia:
3187 4841 3202 4865 ,
3243 4813 3337 4853 rex
3386 4796 3488 4851 sibi
3534 4792 3829 4849 abstulisset

2268 4892 2482 4962 injuste.
2516 4895 2643 4950 Otto
2682 4895 2787 4949 dux
2836 4895 3231 4964 querimoniam
3278 4889 3407 4943 fecit
3435 4887 3562 4957 quia
3589 4886 3827 4939 ducatum

2264 4985 2550 5052 Bawarize,
2596 4999 2754 5054 quem
2803 4985 2891 5038 diu
2931 4981 3080 5050 justc
3107 4979 3463 5051 possederat,
3513 4991 3607 5030 rex
3653 4972 3749 5025 sibi
3782 4970 3826 5022 in

2264 5073 2414 5110 naalln
2456 5074 2682 5110 n'inainn
2711 5073 2958 5110 nnnvinln
3031 5070 3220 5110 frando
3256 5068 3487 5110 nuis-alam
3519 5062 3826 5110 excogitata.
