3940 5382
226 337 335 394 505

1471 343 1556 398 DE
1595 343 1811 400 BELLO
1849 346 2207 410 SAXONlCO.

3401 348 3506 406 506

219 450 350 526 jure
381 455 779 524 pertinentibus
803 496 818 521 ,
864 454 965 511 sibi
1002 469 1102 527 per
1148 456 1400 527 injuriam
1433 460 1648 525 ablatis,
1681 460 1803 515 fecit

1915 470 2042 525 talia
2079 468 2420 534 retulissent,
2466 467 2697 540 ipsique,
2726 464 2972 536 quamvis
3011 465 3238 521 multum
3274 475 3506 539 tempta-

221 542 531 616 querelam.
609 545 971 601 Herimannus
1019 562 1202 604 comes
1230 589 1244 614 ,
1287 550 1431 619 quod
1484 566 1655 621 nuper
1699 560 1815 607 erat

220 638 434 692 factum
475 639 739 702 narravit,
772 638 899 707 quia
939 639 985 671 “
1017 640 1203 695 urbem
1228 655 1380 695 suam
1408 642 1705 713 Liuniburg
1740 642 1809 708 ",

220 729 541 784 hereditate
594 727 859 792 relictam,
916 728 1106 784 callide
1148 746 1241 785 rex
1290 733 1604 801 occupavit;
1658 742 1735 800 et,
1766 733 1813 788 si

216 834 350 874 eam
379 820 619 876 retinere
646 823 928 890 potuisset,
964 831 1127 878 totam
1157 824 1301 880 illam
1330 827 1619 895 regionem,
1649 842 1810 899 quam

218 910 331 966 sibi
381 923 635 981 parentes
673 913 797 983 jure
826 914 1160 980 dimiserant,
1208 935 1313 973 non
1361 922 1504 991 regia
1549 932 1813 991 potestate

219 1005 323 1057 sed
356 1006 556 1076 injusta
580 1009 856 1080 possidere
879 1010 1065 1066 voluit.
1094 1011 1401 1070 Fridericus
1423 1030 1604 1072 comes
1628 1018 1810 1088 palatii

219 1111 564 1167 conquestus
624 1110 708 1156 est
748 1103 873 1171 quia
912 1103 1232 1160 beneficium
1261 1109 1403 1177 quod
1431 1111 1497 1164 de
1523 1110 1735 1165 abbatia
1766 1112 1813 1145 ”

218 1187 626 1248 Herolfcsfelde
678 1194 724 1226 "
781 1211 1030 1267 magnum
1084 1197 1373 1265 habuerit,
1442 1200 1638 1270 iniusta
1707 1204 1809 1259 sibi

211 1278 467 1350 iussione
514 1287 660 1355 regis
701 1287 957 1357 ablatum,
1006 1302 1220 1346 centum
1266 1295 1470 1349 mansis
1499 1310 1750 1366 agrorum
1779 1314 1809 1353 a

217 1388 358 1443 rege
405 1377 678 1434 redimere
706 1380 938 1447 volebat,
983 1398 1083 1439 nec
1126 1384 1358 1440 valebat.
1405 1385 1714 1444 Fridericus
1746 1391 1811 1446 de

214 1458 450 1529 Monte,
497 1476 551 1521 et
599 1468 1009 1537 Willebelmus,
1060 1489 1152 1529 rex
1204 1476 1527 1546 agnomine,
1579 1494 1807 1548 quorum

214 1558 399 1627 priori
428 1558 750 1629 libertatem,
779 1563 933 1619 alteri
966 1582 1059 1621 rex
1108 1568 1319 1638 eripere
1344 1569 1513 1623 voluit
1543 1571 1810 1625 heredita-

215 1657 359 1714 tem,
387 1661 612 1722 uterque
638 1670 735 1724 pro
764 1670 822 1709 se
849 1657 1125 1726 querelam
1158 1659 1408 1727 faciebat,
1439 1677 1558 1732 qua:
1580 1673 1809 1720 cunctos

212 1740 347 1812 plus
373 1743 497 1798 aliis
536 1745 892 1813 querimoniis
936 1748 1002 1802 ad
1046 1750 1470 1807 misericordiam
1503 1768 1811 1809 commove-

215 1832 336 1899 bat,
377 1835 503 1903 quia
556 1835 607 1890 in
649 1836 752 1893 illis
802 1838 1009 1895 duobus
1038 1842 1167 1911 quid
1207 1843 1472 1900 universis
1497 1844 1678 1902 facere
1706 1862 1801 1903 co-

214 1922 450 1994 gitabat,
473 1926 835 1994 aestimabant;
856 1931 977 1999 quia
1000 1931 1208 1987 scilicet
1226 1934 1497 1999 omnibus,
1522 1937 1565 1991 si
1594 1946 1799 2006 posset,

214 2015 529 2072 libertatem
556 2020 716 2075 simul
740 2032 795 2078 et
818 2025 1186 2094 possessiones
1223 2028 1436 2083 auferre
1464 2030 1799 2099 disponebat.

210 2111 425 2177 Deinde
464 2116 630 2172 ceteri
662 2131 788 2173 suas
838 2119 1067 2189 quisque
1112 2122 1478 2191 proferebant,
1520 2140 1656 2194 quas
1684 2134 1803 2181 erat

208 2216 461 2281 passus,
510 2206 768 2274 iniurias;
826 2210 894 2264 ad
951 2225 1088 2280 quas
1144 2215 1648 2272 commemorandas
1706 2232 1804 2272 nec

207 2292 417 2361 pagina
450 2292 645 2350 sufﬁcit
696 2311 795 2352 nec
824 2301 1109 2355 memoria.
1158 2302 1359 2359 Omnes
1416 2319 1546 2376 ergo
1592 2307 1683 2376 qui
1730 2306 1804 2363 ibi

206 2398 1008 2449 convenerant—convenerat
1026 2382 1214 2451 autem
1240 2398 1508 2452 maximus
1534 2399 1806 2455 exercitus

207 2503 285 2516 ι-
306 2475 621 2547 singillatim
635 2475 976 2549 iuraverunt,
998 2484 1234 2554 episcopi
1266 2486 1503 2555 quidem,
1526 2496 1603 2553 ut,
1628 2504 1791 2558 quan.

210 2573 332 2647 tum
355 2566 506 2622 salvo
519 2570 710 2625 ordine
721 2586 820 2627 suo
839 2582 1081 2642 possent,
1095 2576 1220 2630 totis
1236 2576 1439 2633 viribus
1450 2577 1805 2634 ecclesiarum

209 2670 441 2713 suarum
486 2674 696 2715 necnon
723 2672 777 2718 et
805 2665 969 2720 totius
1008 2664 1259 2723 Saxonis:
1288 2668 1592 2726 libertatem
1614 2681 1805 2727 contra

211 2762 409 2804 omnes
429 2749 678 2809 homines
704 2753 1085 2823 defenderent;
1112 2758 1232 2813 laici
1261 2775 1390 2815 vero
1421 2770 1499 2830 ut,
1546 2764 1806 2834 quamdiu

211 2837 485 2905 viverent,
514 2841 819 2898 libertatem
835 2860 988 2902 suam
1008 2862 1114 2903 non
1142 2850 1475 2917 amitterent,
1499 2863 1808 2926 terramque

211 2942 369 2981 suam
386 2930 591 2985 nullum
608 2932 862 3005 deinceps
876 2937 1138 2994 violenter
1163 2942 1387 3009 priedari
1412 2945 1805 3014 permitterent.

199 3090 205 3093 _
285 3019 379 3074 27.
417 3020 530 3078 Nec
556 3024 726 3081 multo
756 3037 877 3096 post
902 3030 1016 3100 (an.
1056 3031 1210 3096 1075,
1243 3035 1408 3106 Aug.)
1452 3048 1600 3091 recta
1631 3038 1714 3092 via
1743 3041 1808 3094 ad

1916 570 2059 628 rent,
2113 562 2161 617 ei
2191 603 2205 627 ,
2252 577 2359 631 quo
2397 569 2586 634 rogata
2632 559 2868 623 faceret,
2898 559 3227 628 persuadere
3257 573 3364 615 non
3405 575 3502 630 po-

1915 652 2176 718 tuissent;
2226 652 2341 722 ipse
2383 650 2496 720 jam
2546 665 2647 705 nec
2696 648 2888 704 amicis
2922 647 3285 707 familiaribus
3312 686 3330 714 ,
3372 651 3501 719 quia

1915 760 2022 800 non
2044 754 2103 799 ut
2122 745 2333 800 volebat
2360 744 2463 799 sibi
2488 743 2769 799 consilium
2797 742 3073 806 dederant,
3100 740 3259 795 fidem
3288 741 3498 806 habuit,

1914 835 2008 891 sed
2055 836 2305 890 omnibus
2351 834 2572 889 semotis
2602 834 2749 889 solus
2778 847 2961 888 secum
2993 831 3120 900 quid
3152 839 3334 900 ageret
3361 830 3500 885 deli-

1916 928 2142 989 berans,
2190 940 2312 980 cum
2358 939 2459 979 nec
2503 925 2789 978 honestum
2833 930 3051 992 putaret
3110 931 3188 986 ut,
3241 921 3398 990 quasi
3445 920 3500 976 vi

1913 1024 2155 1083 coactus,
2185 1017 2363 1071 subito
2402 1015 2623 1072 castella
2652 1030 2748 1070 sua
2796 1030 2892 1086 per
2935 1013 3134 1069 multos
3155 1027 3329 1069 annos
3362 1027 3497 1067 con-

1915 1115 2121 1161 structa
2153 1107 2477 1170 destrueret,
2529 1120 2627 1160 nec
2652 1113 2824 1159 tutum
2846 1104 3093 1166 crederet
3120 1113 3180 1157 ut
3210 1118 3333 1157 cum
3368 1116 3501 1173 pau-

1913 1202 2013 1265 eis,
2056 1199 2253 1270 quibus
2293 1195 2584 1265 etiamjam
2614 1198 2788 1252 minus
2822 1198 3045 1253 credere
3078 1202 3342 1265 cmperat,
3372 1209 3497 1252 cum

1915 1302 2066 1347 tanto
2108 1292 2350 1347 exercitu
2394 1291 2460 1344 ad
2505 1290 2686 1346 omnia
2736 1298 2927 1358 parato
2976 1289 3230 1358 placitum
3279 1287 3498 1356 aliquod

1913 1385 2090 1440 adiret
2131 1402 2145 1439 :
2195 1384 2384 1454 paucis
2439 1383 2636 1453 quibus
2684 1381 2856 1452 ipsum
2890 1379 3172 1436 castellum
3224 1394 3500 1435 commen-

1912 1476 2078 1530 dabat
2107 1474 2430 1538 scientibus,
2483 1483 2644 1528 noetu
2675 1471 2971 1527 Saxoniam
3002 1470 3255 1535 deseruit,
3305 1477 3359 1525 et
3400 1483 3499 1539 per

1911 1567 2165 1636 confraga
2214 1549 2495 1630 silvarum,
2544 1578 2665 1633 qua:
2710 1577 2851 1631 saepe
2903 1561 3028 1616 dum
3068 1559 3217 1615 locos
3261 1558 3499 1614 castellis

1909 1668 2178 1730 qumreret
2205 1665 2615 1730 peragraverat.
2646 1655 2877 1725 fugiens,
2901 1652 2967 1707 ad
2994 1650 3279 1706 Fraueiam
3309 1649 3496 1705 orien-

1914 1752 2074 1805 talem
2126 1751 2313 1821 paucis
2363 1748 2749 1805 comitantibus
2790 1744 2959 1800 venit.
2999 1741 3164 1811 Cujus
3210 1741 3390 1813 fugam
3438 1748 3500 1795 ιιι

1911 1843 2183 1914 principes
2211 1842 2301 1913 qui
2333 1857 2456 1895 cum
2486 1855 2552 1895 eo
2599 1840 2819 1893 fuerant
2847 1841 3222 1908 agnoverunt,
3274 1829 3413 1885 male
3439 1843 3499 1884 se

1904 1937 2150 1993 desertos
2182 1935 2443 1999 dicentes,
2484 1934 2551 1988 ad
2595 1948 2691 1987 sua
2722 1930 2951 2001 quisque
2978 1926 3141 1983 simili
3169 1925 3291 1998 fuga
3343 1923 3497 1980 festi-

1906 2036 2197 2084 naverunt.
2227 2026 2352 2082 llzec
2384 2034 2565 2081 autem
2604 2022 2727 2095 fuga
2759 2020 2901 2077 facta
2929 2026 3015 2105 est
3041 2031 3183 2074 anno
3211 2016 3280 2072 ab
3306 2016 3491 2072 incar-

1904 2120 2128 2176 natione
2158 2118 2369 2174 Domini
2398 2116 2555 2173 l073.

1975 2212 2065 2267 28.
2104 2210 2403 2280 Postquam
2449 2223 2582 2265 vero
2627 2206 2772 2279 regis
2802 2203 3016 2275 fugam,
3056 2216 3177 2270 qua:
3207 2199 3297 2254 diu
3326 2197 3496 2253 celari

1906 2321 2016 2361 non
2034 2311 2270 2376 poterat,
2298 2300 2544 2357 Saxones
2571 2305 2930 2371 agnoverunt,
2963 2294 3036 2350 nil
3071 2300 3369 2359 morantes,
3398 2304 3494 2345 eos

1906 2397 1996 2467 qui
2027 2397 2131 2450 hoc
2164 2393 2467 2456 castellum,
2496 2390 2640 2462 quod
2669 2387 2829 2445 facile
2872 2385 3081 2442 destrui
3109 2398 3219 2442 non
3256 2392 3491 2454 poterat,

1905 2485 2240 2547 obsiderent,
2279 2484 2351 2539 ibi
2404 2481 2780 2552 reliquerunt;
2827 2478 2993 2535 ceteri
3023 2491 3153 2549 vero
3200 2475 3269 2531 ad
3309 2483 3492 2529 cetera

1906 2573 2256 2642 destruenda,
2287 2589 2407 2645 quin
2444 2588 2550 2627 non
2601 2574 2738 2627 adeo
2785 2577 2943 2625 erant
2993 2567 3182 2631 fortia,
3235 2577 3496 2635 perrexe-

1908 2678 2052 2724 runt.
2084 2666 2312 2734 Quidam
2362 2674 2543 2720 autem
2591 2678 2657 2718 ex
2705 2662 2840 2732 ipsis
2884 2660 2953 2716 ad
2997 2657 3304 2727 Tburingos
3346 2661 3497 2707 tran-

1908 2764 2160 2828 sierunt,
2218 2770 2276 2815 et
2331 2759 2412 2814 eis
2464 2766 2633 2814 totam
2684 2755 2761 2812 rei
2818 2754 3012 2810 seriem
3066 2750 3491 2809 innotescentes,

1909 2857 2057 2926 ipsos
2100 2854 2154 2908 in
2194 2867 2347 2908 suam
2379 2852 2694 2905 societatem
2730 2844 3089 2903 sacramentis
3130 2841 3272 2896 datis
3317 2847 3373 2893 et
3402 2851 3497 2892 ac-

1910 2946 2083 3018 ceptis
2112 2944 2496 3014 adiunxerunt.
2541 2941 2880 3009 Quicumque
2921 2936 3087 2992 etiam
3135 2933 3323 3006 prius,
3363 2931 3490 2986 dum

1911 3050 2007 3094 rex
2038 3046 2156 3094 erat
2182 3038 2235 3092 in
2275 3034 2576 3106 provincia,
2619 3045 2802 3087 secum
2843 3028 3027 3100 iurare
3063 3042 3170 3083 non
3209 3024 3324 3080 ausi
3376 3022 3493 3077 fue-

213 3109 555 3185 llartesburg
582 3116 654 3181 “,
678 3118 769 3173 ubi
819 3136 912 3176 rex
955 3132 1096 3189 erat,
1141 3140 1264 3180 cum
1318 3143 1515 3197 magno
1564 3130 1803 3185 exercitu
1833 3150 1879 3213 ς
1912 3142 2057 3200 rant,
2086 3147 2181 3187 eos
2200 3129 2315 3201 jam
2343 3144 2469 3200 rege
2497 3126 2682 3209 fugato
2712 3128 2806 3179 aut
2845 3139 2875 3179 e
2915 3131 3061 3177 terra
3100 3133 3193 3175 sua
3237 3114 3491 3187 fugiendo

209 3216 598 3274 perrexerunt,
632 3218 687 3265 et
714 3220 903 3266 contra
952 3214 1163 3283 urbem,
1202 3217 1274 3272 ita
1323 3227 1385 3273 ut
1431 3220 1555 3276 inde
1589 3230 1807 3290 possent

218 3294 415 3360 videri,
461 3307 641 3352 castra
686 3311 1003 3369 posuerunt.
1049 3304 1196 3372 Quos
1236 3322 1361 3363 cum
1414 3325 1508 3364 rex
1559 3311 1802 3379 vidisset,

211 3385 398 3442 subito
448 3387 664 3458 quidem
704 3401 930 3462 stupore
968 3395 1248 3463 perculsus
1301 3399 1546 3473 expavit;
1601 3401 1696 3455 sed
1748 3411 1806 3455 ut

212 3487 338 3533 erat
397 3480 816 3548 dissimulator,
863 3485 1235 3554 quasinichil
1291 3488 1533 3557 timens,
1587 3493 1805 3549 nuntios

214 3569 365 3623 misit
390 3571 482 3640 qui
516 3562 759 3628 dicerent
800 3589 860 3630 se
897 3590 1002 3630 non
1033 3592 1225 3646 parum
1256 3579 1442 3635 mirari
1506 3581 1633 3651 quid
1694 3583 1806 3639 vel-

212 3660 287 3714 let
316 3669 469 3715 tanta
493 3664 538 3695 ⁸⁷
570 3667 913 3737 congregatio
943 3670 1153 3740 populi;
1186 3686 1243 3727 sc
1286 3688 1392 3729 non
1427 3685 1622 3744 putare
1660 3678 1804 3749 quod

214 3753 506 3823 quicquam
581 3765 773 3813 contra
844 3774 940 3816 eos
1007 3773 1218 3818 tantum
1284 3766 1575 3823 meruisset
1630 3786 1801 3842 quare

215 3845 415 3900 merito
446 3844 607 3901 civile
636 3846 835 3903 bellum
864 3850 1103 3922 incipere
1145 3853 1478 3912 debuissent.
1517 3859 1803 3918 Discedere

211 3950 309 3989 eos
347 3934 416 3989 ab
444 3938 634 3992 armis.
671 3938 727 3993 Si
754 3941 881 4010 quid
923 3945 1270 4012 quaerendum
1315 3946 1570 4012 habeant.
1602 3966 1661 4007 se
1704 3968 1801 4023 pa-

215 4035 392 4080 ratum
422 4027 605 4083 animo
625 4038 821 4100 pacato
843 4045 1190 4103 cognoscere,
1228 4047 1283 4092 et
1318 4038 1363 4093 si
1391 4039 1522 4109 quid
1566 4041 1638 4096 sit
1680 4056 1801 4096 cor-

214 4118 496 4188 rigcndum
526 4163 541 4187 ,
588 4123 814 4179 consilio
862 4126 1160 4198 principum
1224 4140 1282 4185 et
1332 4132 1629 4188 amicorum
1678 4148 1801 4190 suo-

213 4226 331 4265 rum
360 4214 661 4283 corrigere.
712 4214 896 4270 Nuntii
950 4226 1131 4273 autem
1160 4229 1319 4275 erant
1349 4220 1658 4278 Fridericus
1681 4223 1797 4293 epi-

210 4319 428 4375 scopus,
451 4305 779 4362 Bcrtholdus
805 4307 936 4375 dux,
965 4309 1266 4382 Sigefridus
1300 4314 1440 4384 regis
1468 4315 1797 4385 capellanus.

211 4394 344 4451 Nam
371 4410 624 4452 mortuus
658 4397 769 4468 jam
802 4416 975 4471 nuper
1004 4413 1119 4457 erat
1147 4404 1471 4461 Adalbertus
1494 4406 1800 4464 Bremensis

1910 3236 2092 3293 regem
2123 3222 2300 3291 sequi,
2328 3228 2418 3274 aut
2448 3232 2630 3273 secum
2660 3228 2759 3285 pro
2789 3223 2928 3270 terra
2958 3226 3053 3268 sua
3088 3218 3280 3265 contra
3306 3218 3487 3276 regem

1896 3312 2091 3384 jurare
2115 3311 2161 3345 "
2188 3308 2601 3378 compellebant.

1975 3404 2067 3461 29.
2097 3402 2194 3457 His
2221 3400 2471 3455 omnibus
2494 3398 2597 3453 rite
2618 3395 2877 3466 peractis,
2901 3392 3053 3449 brevi
3085 3398 3330 3461 teinpOre
3357 3401 3481 3443 cum

1906 3496 2241 3565 Hartespurg
2268 3489 2547 3548 castellum
2587 3504 2782 3559 capere
2824 3486 3014 3542 fuisset
3036 3475 3411 3540 difﬁcillimum
3438 3478 3486 3511 ”

1903 3616 1974 3629 --
2002 3601 2125 3640 nam
2162 3584 2207 3638 si
2249 3584 2302 3638 in
2340 3581 2461 3636 loco
2500 3578 2830 3649 competenti
2859 3583 3050 3640 staret,
3081 3572 3246 3643 regali
3278 3569 3485 3642 palatio

1905 3678 2055 3733 locus
2076 3678 2298 3731 idoneus
2323 3660 2547 3729 esset——
2564 3681 2621 3727 et
2650 3669 2779 3727 illud
2813 3668 3088 3724 dimittere
3122 3664 3316 3720 fuisset
3337 3661 3486 3717 omni

1903 3770 2156 3828 Saxon’ie
2211 3766 2597 3837 periculosum,
2654 3761 2779 3833 quia
2825 3760 2873 3816 si
2924 3759 3033 3814 illic
3088 3771 3229 3814 escae
3272 3763 3485 3833 tantum

1904 3868 2241 3933 comportate
2262 3863 2467 3923 essent,
2496 3853 2793 3926 quamlibet
2820 3849 3023 3922 ingenti
3047 3846 3308 3905 e’xercitui
3336 3845 3485 3900 insu-

1901 3951 2143 4023 perabile
2168 3944 2596 4021 maneret,aliud
2623 3940 2903 3998 castellum
2925 3934 3077 4008 aeque
3105 3936 3321 3991 firmum
3346 3948 3487 3990 con-

1902 4022 2219 4098 struxerunt
2242 4038 2336 4104 ιοο,
2362 4039 2414 4093 in
2450 4022 2557 4107 quo
2582 4026 2774 4106 pesitls
2798 4047 2896 4101 per
2923 4031 3070 4086 vices
3092 4026 3359 4099 praesidiis
3380 4025 3483 4079 ιιο-

1884 4132 2073 4189 ηειίδυε
2100 4130 2302 4186 auxilia
2323 4128 2407 4185 vel
2435 4127 2692 4182 alimenta
2721 4123 2906 4180 venire
2930 4120 3345 4192 prohibuerunt.
3375 4114 3481 4170 Sed

1902 4230 1977 4286 illi
2005 4241 2414 4296 nonnunquam,
2446 4224 2571 4279 dum
2606 4220 2919 4279 Saxonibus
2949 4215 3016 4270 ad
3049 4227 3263 4271 novum-
3288 4208 3484 4264 castel-

1900 4326 2012 4381 lum
2036 4323 2378 4380 defcrrentur
2406 4318 2681 4380 alimenta,
2709 4313 2890 4370 subito
2918 4315 3236 4383 eruperunt,
3259 4312 3315 4359 et
3338 4302 3478 4356 intra

1904 4419 1971 4452 ¹⁰²
2010 4433 2138 4474 suos
2182 4429 2368 4471 muros
2395 4428 2457 4469 ea
2505 4410 2777 4482 deportari
2815 4408 3077 4463 fecerunt.
3120 4401 3320 4457 Verum
3365 4398 3485 4452 haec

213 4488 519 4559 Cf'iSCOPUS-
552 4492 761 4575 Quibus
791 4494 1031 4548 οιιιιιίυιη
1060 4495 1336 4552 δθκοηυῐη
1366 4499 1513 4555 dedit
1541 4501 1648 4555 dux
1677 4500 1799 4557 Οιῑο
1826 4494 1878 4553 Ῑ)
1906 4512 2171 4576 faciendo,
2199 4510 2453 4565 damnum
2477 4507 2692 4576 quidem
2721 4488 2935 4572 aliquod
2966 4498 3079 4552 sive
3100 4489 3483 4550 contumeliam

212 4595 532 4651 responsum
564 4601 577 4636 :
606 4597 665 4637 se
696 4598 801 4638 non
841 4585 1024 4640 hostili
1055 4588 1255 4654 animo,
1284 4606 1382 4645 nec
1409 4600 1468 4646 ut
1507 4592 1665 4648 civile
1689 4594 1802 4649 bel-

209 4670 313 4725 lum
346 4673 550 4728 vellent
584 4662 845 4743 incipere,
874 4677 946 4732 ibi
979 4692 1099 4733 esse
1126 4691 1485 4753 congregatos
1511 4700 1525 4751 ;
1552 4699 1613 4739 se
1659 4687 1794 4756 regi,

209 4772 251 4824 si
300 4786 392 4827 rex
440 4785 566 4826 esse
615 4771 823 4837 vellet,
873 4774 1020 4828 omni
1073 4773 1332 4831 fidelitate
1380 4778 1708 4844 servituros;
1742 4795 1801 4835 se

207 4874 388 4935 petere
440 4877 500 4921 ut
532 4865 761 4921 castella
791 4906 805 4932 ,
834 4881 951 4936 quin
1004 4883 1109 4922 non
1147 4870 1212 4923 ad
1264 4873 1615 4939 munitionem
1647 4874 1797 4944 regni

209 4960 296 5012 sed
324 4959 391 5013 ad
427 4958 863 5013 destructionem
890 4957 1270 5025 fabricaverat,
1296 4962 1454 5017 vellet
1478 4964 1791 5029 destruere;

206 5048 247 5103 si
277 5064 405 5105 vero
428 5049 628 5115 nollet,
656 5057 786 5104 tunc
828 5065 886 5105 se
916 5050 1217 5121 intelligere
1263 5070 1433 5124 quare
1480 5065 1793 5113 constructa

204 5141 457 5208 fuissent;
487 5144 587 5197 sed
639 5142 942 5201 libertatein
978 5158 1133 5199 suam
1161 5146 1274 5202 sive
1316 5147 1453 5203 bona
1485 5164 1582 5204 sua
1606 5160 1793 5204 contra

1900 4605 2013 4661 suis
2056 4603 2304 4659 hostibus
2333 4600 2649 4659 intulerunt,
2692 4595 2784 4650 sed
2833 4590 3028 4647 exinde
3073 4586 3244 4657 magis
3291 4589 3489 4637 cautos

1903 4711 1998 4752 eos
2022 4704 2074 4751 et
2102 4693 2397 4763 industrios
2434 4682 2555 4746 esse
2598 4689 2924 4763 docuerunt.
2958 4681 3099 4751 Ergo
3147 4692 3213 4732 ex
3250 4682 3487 4763 utraque

1901 4794 2055 4854 parte
2097 4798 2236 4853 pene
2281 4760 2504 4851 singulis
2543 4760 2731 4834 diebus
2780 4774 2996 4829 fortiter
3035 4772 3337 4859 pugnatur;
3391 4760 3488 4817 sed

1903 4875 2147 4930 Saxones
2170 4873 2294 4928 inde
2316 4872 2570 4926 fortiores
2592 4875 2772 4931 erant,
2799 4866 2923 4936 quia
2953 4872 3008 4919 et
3029 4860 3309 4917 castellum
3332 4867 3486 4910 suum

1870 4950 1875 4953 ⁷
1904 4968 1957 5022 in
1987 4966 2163 5021 altiori
2192 4971 2377 5019 monte
2412 4963 2644 5032 positum
2675 4967 2817 5023 erat,
2850 4958 2925 5012 ita
2953 4963 3013 5008 ut
3052 4954 3105 5008 in
3140 4952 3232 5007 illo
3262 4944 3490 5005 inferius

1903 5058 2201 5113 constituto
2217 5054 2392 5109 nullus
2414 5053 2518 5108 nisi
2542 5050 2644 5107 sub
2676 5051 2837 5105 tectis
2858 5044 3009 5103 tutus
3038 5050 3184 5098 esset
3204 5058 3233 5095 a
3258 5034 3492 5109 iactibus

1904 5145 2161 5216 lapidum,
2189 5153 2246 5201 et
2274 5144 2514 5214 fatigatis
2534 5141 2661 5219 novi
2687 5134 2902 5197 milites;
2924 5133 3310 5226 succedebant.
3341 5119 3488 5226 eiei?
