3940 5382
472 360 571 418 507

1427 348 1772 413 BRUNONIS
1808 350 2084 411 CLERICI
2123 351 2753 413 MAGDEBURGENSIS

3634 354 3737 411 508

472 470 781 535 mittebant,
808 483 983 538 nepte
1034 466 1205 524 fessos
1252 466 1397 537 ipsos
1448 465 1540 521 alii
1596 464 1970 530 sublevabant,
1993 470 2049 517 et
2074 476 2125 534 Α
2150 464 2267 521 suis
2296 463 2437 534 quod
2470 465 2715 522 viderant
2748 464 3047 523 crrtissime
3092 464 3424 520 renuntiant.
3458 463 3591 519 Erat
3640 480 3733 516 an-

470 561 664 626 fames,
697 561 996 617 acerrimus
1042 557 1231 625 hostis,
1255 573 1349 613 eos
1378 574 1482 613 non
1528 572 1720 628 parutn
1763 553 2048 625 afﬂigebat;

470 668 593 724 qum
637 666 733 713 eos
761 652 962 708 dudum
1016 651 1256 705 devictos
1284 648 1351 703 ad
1382 647 1707 703 deditionem
1761 646 2050 715 coegisset,

471 742 579 799 nisi
603 742 684 800 eis
705 742 854 803 cibos
889 740 1107 812 quidam
1134 754 1196 794 ex
1226 739 1536 795 Saxonibus
1564 736 1749 792 furtim
1776 735 2051 790 ministra-

471 843 618 900 rent,
648 832 740 902 qui
772 831 922 901 prius
950 830 1029 884 eis
1058 829 1355 884 familiares
1382 827 1619 883 fuerant.

539 922 864 978 50.1nterea
897 936 991 975 rex
1028 920 1271 992 singulos
1299 918 1621 975 Tbentonici
1657 917 1807 990 regni
1840 914 2050 987 princi-

471 1026 570 1083 pes
602 1010 828 1082 supplex
854 1011 1043 1076 adivit,
1072 1026 1132 1066 se
1160 1010 1227 1066 de
1253 1026 1417 1082 regno
1444 1009 1716 1074 Saxoniaa,
1744 1006 1886 1079 quod
1922 1019 2045 1061 cum

467 1108 694 1169 paterna
739 1101 1060 1167 hereditate,
1110 1111 1221 1155 tum
1266 1116 1453 1156 eorum
1499 1100 1739 1155 omnium
1786 1096 2052 1153 electione

469 1190 824 1262 suscepisset,
850 1174 1385 1262 injuste-depulsum,
1413 1187 1664 1244 ﬂebiliter
1689 1186 1968 1256 indicavit,
1997 1187 2049 1242 in

469 1296 575 1352 qua
606 1296 664 1335 re
691 1296 796 1343 non
826 1287 935 1334 tam
966 1280 1067 1334 sibi
1100 1280 1333 1334 dedecus
1360 1277 1581 1344 factum,
1617 1293 1777 1349 quam
1808 1277 1913 1332 illis
1934 1292 2052 1333 om-

468 1369 629 1426 nibus
657 1368 751 1440 qui
782 1369 837 1424 in
881 1383 942 1424 se
983 1367 1210 1424 fuissent
1242 1366 1500 1438 despecti,
1533 1366 1806 1433 narravit;
1836 1367 1905 1421 ob
1934 1380 2049 1419 om-

474 1462 639 1519 nibus
666 1458 950 1527 auxilium,
978 1474 1086 1529 quo
1114 1468 1168 1514 et
1208 1474 1359 1515 suam
1390 1458 1602 1514 illorum
1634 1457 1934 1513 vindicaret
1961 1457 2049 1511 in-

466 1553 695 1625 juriam,
723 1552 1037 1623 suppliciter
1065 1552 1373 1622 postulavit.
1403 1552 1507 1606 Sed
1538 1566 1644 1606 non
1675 1550 1875 1605 multos
1899 1551 2047 1620 ipso-

470 1658 592 1698 rum
621 1656 901 1697 sermones
927 1642 1043 1712 ejus
1073 1642 1381 1707 movebant,
1409 1641 1534 1712 quia
1560 1652 1793 1711 quantas
1821 1639 2051 1695 calami-

476 1740 618 1787 tates
671 1732 977 1787 Saxonibus
1018 1731 1305 1797 intulisset,
1333 1748 1468 1803 pcne
1512 1747 1702 1788 omnes
1730 1739 1992 1788 noverant
2030 1748 2044 1785 :

2157 564 2262 610 tem
2294 555 2569 623 Saxonum
2600 564 2708 609 tant
2738 570 2963 624 magnus
2999 556 3289 621 exercitus,
3327 565 3385 609 ut
3429 553 3595 624 duplo
3622 570 3737 608 cre-

2153 642 2374 701 deretur
2429 660 2550 701 esse
2607 645 2780 716 major
2832 660 2993 715 quam
3052 646 3194 715 regis
3251 646 3555 701 exercitus.
3596 643 3736 714 Ergo

2154 736 2244 807 ιιιὶ
2291 744 2447 794 erant
2504 751 2570 792 ex
2628 744 2783 807 parte
2840 736 3003 805 regis,
3051 736 3227 790 audita
3282 735 3566 791 Saxonum
3599 732 3733 788 mul-

2156 826 2382 884 titudine
2440 826 2600 882 simul
2650 835 2705 881 et
2749 841 3024 882 armorum
3078 826 3445 882 instructione
3494 855 3571 866 -—
3613 840 3733 880 nam

2155 931 2249 972 rex
2281 918 2391 974 suis
2437 917 2649 972 dixerat
2679 916 2799 973 illos
2848 931 2947 973 nec
2990 930 3157 987 equos
3205 917 3409 972 habere
3448 931 3552 972 nec
3584 931 3733 971 usum

2153 1005 2247 1062 mil
2273 1011 2380 1073 ιω,
2424 1007 2518 1063 sed
2546 1008 2850 1064 rusticanos
2880 1008 3128 1063 homines
3179 1007 3505 1064 bellicarum
3559 1023 3733 1063 rerum

2153 1100 2432 1173 imperitos
2455 1129 2524 1143 --
2548 1116 2670 1156 cum
2701 1101 2854 1171 prius
2884 1100 2953 1156 ad
2980 1100 3321 1171 preliandum
3373 1101 3617 1155 fuissent
3660 1100 3738 1154 im

2151 1192 2287 1251 certi
2316 1194 2441 1264 quia
2473 1193 2692 1264 dignam
2738 1208 2843 1249 non
2886 1193 3138 1248 videbant
3167 1207 3391 1250 causam
3437 1191 3735 1264 pugnandi,

2151 1297 2296 1339 nunc
2326 1284 2392 1338 ad
2440 1298 2547 1338 non
2576 1283 2919 1355 pugnandum
2948 1281 3074 1338 facti
3106 1290 3233 1337 sunt
3284 1283 3423 1338 certi
3455 1281 3589 1351 quia
3621 1294 3738 1334 cum

2152 1389 2317 1429 causa
2345 1374 2571 1429 deerant
2601 1372 2682 1428 eis
2730 1372 2918 1443 copiae,
2973 1371 3167 1442 quibus
3195 1381 3364 1426 tanta:
3402 1368 3738 1424 multitudini

2151 1471 2268 1519 tuto
2293 1472 2512 1533 possent
2539 1461 2781 1518 obviare.
2817 1460 2994 1517 Missis
3021 1461 3204 1531 itaque
3226 1475 3345 1524 rex,
3378 1468 3439 1513 ut
3470 1457 3739 1529 principes

2150 1559 2231 1615 sui
2274 1557 2314 1627 jt
2338 1558 2555 1624 hebant,
2588 1556 2655 1611 ad
2687 1555 2930 1612 Saxones
2976 1553 3360 1628 legationibus,
3385 1550 3645 1622 promisit
3687 1564 3740 1605 se

2151 1649 2419 1706 facturum
2449 1648 2629 1704 o.nnia
2674 1663 2795 1717 quae
2818 1647 3016 1703 vellent
3045 1646 3143 1717 ipsi
3174 1645 3560 1717 przcscribcre.
3591 1645 3742 1697 dum-

2152 1741 2311 1796 modo
2352 1749 2631 1812 paternam
2666 1739 2731 1770 ¹⁶τ
2772 1737 3110 1810 dignitatem,
3143 1748 3305 1806 quam
3345 1732 3611 1804 pueritiae
3638 1745 3743 1787 sne

469 1822 772 1894 Ρτιεεθηῖιη
794 1823 917 1894 (illia
939 1824 1127 1880 eadem
1154 1824 1294 1880 mala
1321 1826 1483 1880 etiam
1510 1825 1703 1881 SueViS
1728 1835 1783 1880 el
1807 1825 2051 1880 orienta-
2081 1814 2123 1874 Β
2152 1830 2529 1902 malorumque
2549 1827 2984 1885 consiliariorum
3015 1825 3172 1896 culpa
3201 1837 3261 1879 se
3288 1823 3575 1877 fatebatur
3607 1820 3741 1874 arni-

468 1915 613 1972 libus
660 1915 882 1971 Francis
921 1915 1125 1972 inferre
1164 1917 1426 1974 voluerat.
1477 1918 1681 1971 Tamen
1730 1930 1829 1972 suo
1878 1916 2049 1986 magis

469 2019 635 2075 quam
660 2003 806 2061 illius
832 2004 1024 2061 honori
1048 2007 1407 2078 prospiciunt,
1437 2007 1595 2077 eique
1617 2022 1676 2062 se
1706 2015 1965 2063 venturos
1993 2007 2047 2062 in

474 2096 743 2153 auxilium
775 2097 877 2153 bac
912 2097 1127 2153 ratione
1168 2100 1516 2169 promittunt,
1544 2106 1624 2166 ut,
1654 2096 1957 2155 Saxonibus
1983 2098 2051 2153 ad

467 2188 724 2259 placitum
748 2188 1076 2257 convocatis,
1106 2190 1389 2260 utriusque
1409 2190 1578 2259 partis
1603 2204 1795 2247 causas
1826 2189 2053 2261 diligen-

474 2289 559 2337 ter
580 2290 967 2353 agnoscerent;
1007 2289 1081 2347 et,
1109 2281 1154 2336 si
1204 2281 1422 2352 quidem
1458 2296 1582 2337 eum
1610 2283 1725 2337 sine
1753 2282 1910 2352 culpa
1934 2284 2053 2338 vio-

470 2372 645 2428 lenter
666 2372 976 2444 ejecissent,
1007 2373 1134 2427 totis
1167 2388 1291 2428 eum
1315 2371 1521 2428 viribus
1557 2373 1612 2427 in
1643 2388 1866 2443 regnum
1894 2386 2050 2427 suum

471 2464 761 2539 restituere
787 2464 1099 2520 laborarent
1122 2481 1137 2532 ;
1164 2463 1208 2520 si
1237 2479 1364 2520 vero
1386 2464 1544 2535 culpa
1581 2481 1675 2520 sua
1709 2473 1908 2521 terram
1935 2482 1969 2522 ο
1992 2483 2055 2519 r-

470 2555 633 2612 nibus
666 2556 957 2626 opulentiis
982 2555 1195 2626 plenam
1220 2555 1509 2613 stultorum
1538 2557 1778 2613 consiliis
1801 2557 2054 2615 credulus

472 2646 764 2713 amisisset,
786 2647 857 2713 ei,
879 2647 927 2705 si
943 2661 1001 2703 se
1016 2648 1178 2703 vellet
1199 2649 1406 2717 audire,
1436 2648 1726 2704 suaderent
1754 2658 2047 2720 quatenus,

469 2737 654 2793 furore
677 2736 945 2809 deposito,
974 2739 1229 2809 subjectis
1252 2739 1356 2796 sibi
1408 2740 1717 2798 nationibus
1767 2741 1949 2810 justus
1999 2749 2055 2797 et

468 2833 612 2903 pius,
638 2835 781 2903 quod
826 2842 971 2889 esset
1022 2834 1299 2905 prop'iuzn
1329 2834 1493 2905 regis,
1526 2834 1809 2900 existeret,
1837 2851 1936 2891 nec
1961 2849 2054 2890 eos

469 2938 701 2994 quorum
723 2922 862 2981 male
891 2923 1121 2980 consilio
1146 2924 1401 2997 deceptus
1419 2934 1539 2981 erat
1568 2925 1797 2995 amplius
1822 2927 2053 2982 audiret.

470 3014 545 3071 Se
579 3023 769 3071 contra
800 3015 1047 3071 homines
1089 3016 1437 3082 christianos,
1472 3016 1811 3082 innocentes,
1842 3017 2055 3086 sibique

464 3107 795 3175 cognatione
824 3108 1174 3177 prepinquos,
1199 3109 1370 3179 gratis
1409 3109 1632 3165 omnino
1675 3124 1918 3181 pugnare
1963 3113 2056 3165 tle-

468 3205 691 3268 xegant.
706 3196 854 3264 Quos
874 3212 1154 3254 sermones
1175 3212 1270 3254 rex
1297 3198 1419 3255 ideo
1440 3199 1591 3266 quasi
1615 3210 1800 3270 gratos
1826 3199 2055 3269 accepit,

470 3285 600 3357 quia
630 3285 775 3356 quod
798 3287 1113 3342 intendebat
1140 3285 1256 3342 ﬁeri
1283 3303 1390 3343 non
1417 3302 1580 3358 posse
1608 3289 1882 3358 cognovit,
1912 3288 2061 3344 scili-

472 3386 565 3435 cet
591 3384 652 3432 ut
677 3376 795 3431 sine
823 3376 1018 3447 placito
1046 3375 1338 3433 Saxoniam
1368 3393 1494 3435 cum
1525 3379 1767 3435 exercitu
1795 3379 2060 3439 violentus

473 3468 545 3502 ³⁸⁸
569 3469 818 3536 intraret,
846 3479 900 3526 et
920 3484 1015 3525 eos
1036 3471 1235 3526 invitos
1250 3471 1319 3503 ¹⁰³
1341 3486 1452 3527 suae
1477 3470 1669 3527 ditioni
1692 3470 1964 3543 subjectos
1991 3488 2057 3529 ex

473 3561 662 3618 liberis
687 3577 878 3618 omnes
904 3577 1091 3619 servos
1121 3563 1341 3620 faceret.
1365 3563 1512 3620 Misit
1535 3565 1721 3636 itaque
1747 3568 1967 3622 nuntios
1991 3565 2062 3622 ad

466 3653 754 3726 principes
803 3653 1075 3721 Saxoniae,
1105 3656 1288 3710 omnia
1335 3658 1477 3712 bona
1533 3658 1878 3727 promittens,
1925 3658 2062 3714 sise

476 3747 853 3815 permitterent
879 3746 934 3799 in
963 3761 1184 3817 regnun
1202 3734 1367 3802 slum
1403 3763 1528 3803 cum
1554 3760 1690 3817 pace
1719 3747 1924 3814 redire;
1953 3745 2054 3803 Ot-

475 3834 590 3893 toni
626 3835 772 3903 duci,
798 3837 867 3891 de
899 3851 1007 3908 quo
1028 3838 1233 3893 sciebat
1252 3838 1496 3901 omnium
1529 3838 1760 3895 consilia
1794 3840 2057 3910 pendere,

476 3927 740 3982 honorem
795 3926 992 3996 injuste
1049 3929 1292 3984 ablatum
1347 3930 1639 4000 pollicetur
1685 3946 1811 3987 cum
1864 3944 2062 4001 magno

476 4029 767 4089 augmento
804 4020 1117 4087 restituere,
1165 4021 1212 4077 si
1258 4035 1319 4077 se
1368 4020 1438 4053 ¹⁹δ
1480 4021 1640 4078 vellet
1697 4022 1751 4077 in
1796 4020 2063 4077 honorem

474 4110 765 4182 pristinum
796 4111 1078 4169 reducere.

545 4203 835 4276 31.1gitur
863 4204 1110 4262 exercitu
1153 4205 1370 4276 quidem
1427 4220 1647 4277 magno,
1686 4205 1783 4263 sed
1833 4221 1941 4262 non
1994 4207 2061 4262 ad

480 4294 837 4366 prmliandum
883 4304 1079 4367 parato
1123 4295 1227 4352 nisi
1274 4311 1468 4367 magna
1497 4297 1795 4353 necessitas
1823 4306 2061 4368 cogeret,

478 4398 830 4459 congregato,
857 4387 979 4443 Kal.
1008 4387 1272 4444 Februar.
1301 4404 1424 4445 cum
1474 4389 1759 4445 dominicae
1812 4383 2062 4445 incarna-

2151 1922 2311 1988 sisse,
2343 1920 2548 1977 nollent
2577 1918 2679 1975 sibi
2706 1918 2993 1989 denegare.
3023 1914 3175 1971 Tunc
3199 1913 3326 1971 Otto
3351 1913 3462 1968 dux
3491 1920 3551 1967 et
3578 1910 3741 1967 ceteri

2149 2013 2348 2083 quibus
2397 2023 2589 2080 magna
2636 2008 2877 2081 fuerant
2894 2007 3180 2078 promissa,
3243 2002 3583 2076 persuadent
3625 2000 3740 2057 aliis

2151 2115 2419 2178 quatenus
2449 2103 2553 2159 bac
2577 2116 2701 2158 eum
2729 2099 3038 2156 conditione
3066 2094 3490 2169 reciperent”:
3509 2091 3743 2149 Castella

2151 2211 2248 2253 sua
2275 2196 2603 2263 destrueret,
2634 2206 2735 2249 nec
2766 2192 2995 2248 ulterius
3035 2205 3098 2246 ea
3126 2194 3502 2253 restauraret;
3535 2186 3743 2256 deprae-

2152 2286 2399 2344 dationes
2425 2284 2657 2356 amplius
2686 2283 2740 2338 in
2772 2297 2868 2340 sua
2917 2290 3061 2338 terra
3103 2279 3282 2336 nullas
3321 2284 3648 2343 exerceret;
3691 2275 3745 2328 in

2155 2377 2395 2434 Saxonia
2418 2375 2696 2431 Saxonum
2722 2373 2950 2431 consilio
2976 2381 3179 2428 cuncta
3200 2369 3543 2441 disponenda
3565 2367 3746 2437 dispo-

2153 2477 2331 2536 neret,
2354 2467 2670 2538 nullumque
2702 2474 2976 2523 extraneae
3002 2464 3178 2537 gentis
3218 2463 3502 2519 hominem
3533 2462 3648 2517 suis
3676 2458 3743 2491 ¹⁶⁹

2155 2575 2199 2615 r.
2216 2560 2317 2616 bus
2352 2559 2576 2629 agendis
2599 2558 3005 2615 consiliatorem
3034 2555 3379 2619 admitteret;
3407 2563 3466 2608 et
3491 2553 3639 2607 hanc
3660 2550 3741 2605 sui

2152 2651 2528 2723 expulsioncm
2560 2664 2855 2722 numquam
2897 2648 2954 2704 in
2982 2647 3164 2718 aliquo
3198 2659 3390 2701 eorum
3418 2643 3741 2699 vindicaret.

2154 2742 2396 2813 Cumque
2441 2758 2535 2798 rex
2565 2742 2744 2796 omnia
2771 2741 2889 2796 haec
2910 2748 2966 2796 et
2992 2737 3078 2794 his
3127 2734 3335 2804 majora
3364 2749 3431 2790 se.
3472 2733 3742 2789 facturum

2155 2831 2470 2888 ﬁdelissime
2499 2831 2862 2907 promitteret,
2896 2828 3142 2884 exercitu
3192 2840 3292 2881 suo
3342 2824 3598 2887 dimisso,
3621 2835 3741 2878 cum

2155 2926 2344 2997 paucis
2392 2926 2460 2980 ad
2516 2924 2761 2980 Saxones
2791 2922 3064 2990 transivit,
3119 2933 3178 2976 et
3224 2934 3351 2975 cum
3387 2918 3641 2972 laudibus
3689 2925 3745 2972 et

2157 3018 2355 3088 gaudio
2409 3014 2728 3087 triumphali
2757 3015 3045 3081 deductus,
3073 3011 3374 3069 Goslariam
3420 3024 3599 3080 usque
3626 3022 3742 3079 per-

2160 3110 2325 3166 venit.
2366 3107 2536 3178 llnjus
2561 3107 2783 3165 foederis
2822 3106 3126 3163 inconsulta
3154 3102 3475 3175 compositio
3518 3097 3745 3157 Saxoni-

2159 3200 2260 3257 bus
2291 3201 2654 3256 maximorum
2681 3198 2948 3254 malorum
2983 3197 3092 3252 luit
3138 3196 3312 3268 origo.
3355 3193 3494 3249 Nam
3541 3192 3743 3248 Suevo-

2160 3307 2306 3359 rum,
2335 3291 2431 3363 qui
2462 3289 2681 3348 fmdcris
2728 3288 2841 3359 jam
2872 3288 3078 3359 pridem
3109 3302 3230 3343 cum
3261 3285 3577 3342 Saxonibus
3619 3281 3744 3338 facti

2162 3398 2269 3439 non
2328 3383 2675 3448 inmemores,
2707 3396 2829 3437 cum
2878 3393 3007 3451 rege
3042 3385 3233 3435 contra
3282 3376 3534 3432 Saxones
3562 3372 3745 3430 venire

2161 3476 2450 3533 noluerant
2490 3475 2580 3539 ιη,
2606 3473 2708 3545 ip:i
2755 3472 3019 3541 Saxones,
3049 3470 3179 3528 dum
3229 3468 3407 3525 fmdus
3458 3481 3587 3523 cum
3627 3478 3746 3536 rege

2162 3568 2422 3632 facerent,
2455 3565 2676 3622 fuerunt
2726 3564 2913 3631 obliti;
2957 3570 3014 3619 et
3039 3563 3110 3618 ob
3137 3562 3242 3616 hoc
3288 3559 3397 3615 illis
3420 3557 3590 3613 Suevi
3620 3554 3743 3610 facti

2163 3668 2292 3716 sunt
2318 3674 2385 3716 ex
2414 3658 2604 3714 nutricis
2634 3656 2883 3713 fidelibus
2910 3657 3096 3711 hostes
3124 3650 3478 3708 atrocissimi.
3514 3649 3671 3718 Quod
3700 3648 3743 3703 si

2162 3759 2257 3806 aut
2284 3749 2411 3805 illud
2441 3764 2547 3805 non
2593 3747 2868 3813 fecissent,
2903 3761 2971 3801 au
3027 3746 3081 3801 in
3126 3745 3219 3801 illo
3245 3742 3497 3798 faciendo
3544 3740 3744 3797 Suevos

2162 3841 2266 3900 sibi
2291 3841 2671 3906 associassent,
2700 3848 2757 3894 et
2803 3838 3044 3908 perfidia:
3070 3846 3197 3890 nota
3226 3842 3504 3900 carerent,
3547 3842 3605 3887 et
3642 3844 3743 3885 non

2163 3939 2277 3988 tam
2311 3930 2512 3985 multos
2541 3931 2725 3986 hostes
2759 3928 3089 3984 saevissimos
3120 3925 3401 3982 haberent.

2233 4021 2324 4076 52.
2363 4020 2562 4076 Eodem
2604 4027 2782 4074 tamen
2832 4028 3078 4088 tempore
3124 4015 3418 4071 maximam
3448 4013 3604 4069 circa
3651 4023 3743 4067 nos

2163 4111 2507 4169 clementiam
2545 4109 2642 4165 Dei
2689 4108 3062 4179 eugnovimus,
3093 4119 3255 4176 quam
3304 4118 3608 4173 numquam
3636 4110 3742 4156 tra-

2163 4204 2294 4261 dere
2319 4201 2581 4261 oblivioni
2630 4200 2908 4257 debemus.
2938 4198 3073 4253 Nam
3100 4213 3223 4254 eum
3265 4206 3415 4252 tanta
3441 4204 3593 4251 esset
3639 4194 3747 4251 bie-

2162 4293 2268 4350 mis
2318 4291 2585 4363 asperitas
2635 4301 2691 4346 ut
2718 4305 2905 4347 omnes
2933 4289 3080 4344 fluvii
3124 4287 3209 4344 vel
3246 4286 3475 4358 palu’es
3518 4285 3750 4339 trans're

2162 4384 2468 4440 volentibus
2516 4382 2622 4437 iter
2680 4388 2939 4436 terrestre
2989 4377 3319 4451 prmberen',
3356 4383 3590 4442 etcum,
3625 4372 3751 4428 viris

479 4480 646 4536 tionis
670 4496 849 4537 annus
900 4481 1038 4536 1074
1072 4481 1142 4514 ⁸³⁸
1169 4497 1341 4553 nuper
1369 4482 1619 4555 inceptus
1646 4493 1925 4554 ageretur,
1963 4483 2060 4538 Sa-
2086 4492 2139 4554 υ
2160 4476 2414 4535 omnibus
2458 4481 2647 4530 contra
2698 4488 2881 4545 regem
2930 4468 3292 4542 congregatis,
3319 4466 3452 4524 solae
3493 4464 3751 4521 mulieres

479 4570 700 4625 xoniam
733 4571 943 4643 ingredi
977 4571 1261 4643 disposuit.
1287 4575 1360 4628 At
1394 4572 1639 4629 Saxones
1664 4573 1898 4630 adventu
1926 4590 2065 4644 piae-

2167 4584 2292 4625 cum
2321 4564 2559 4638 parvulis
2588 4565 2735 4621 domi
2784 4558 2990 4619 relicta:
3030 4560 3288 4625 fuissent,
3315 4556 3515 4629 pagani
3540 4566 3750 4625 semper

481 4661 723 4733 cognito,
753 4669 956 4719 terram
983 4679 1137 4720 suam
1164 4663 1439 4721 defensuri
1471 4680 1592 4721 cum
1631 4666 1868 4721 maximo
1911 4680 2066 4722 exer.
2166 4658 2325 4715 nobis
2346 4655 2549 4724 infesti,
2582 4665 2752 4712 totam
2782 4654 3106 4719 Saxoniam,
3126 4651 3453 4708 mulieribus
3480 4660 3540 4705 et
3562 4661 3750 4719 parvu-

481 4751 592 4807 citu
628 4751 697 4809 ad
743 4755 997 4827 oppidum
1053 4757 1199 4828 quod
1253 4755 1477 4813 Nacban
1504 4755 1709 4829 '“(26)
1741 4757 2060 4830 appellatur,

479 4858 796 4918 occurrunt,
826 4858 885 4907 et
903 4865 934 4906 a
966 4866 1091 4922 rege
1119 4866 1229 4909 non
1278 4849 1511 4924 longius,
1540 4867 1703 4924 quam
1731 4860 1793 4907 ut
1838 4861 2067 4922 uterque

2173 4750 2242 4805 lis
2288 4747 2558 4813 abductis,
2586 4753 2840 4817 poterant
2896 4746 2951 4801 in
2987 4746 3227 4802 cinerem
3276 4749 3623 4805 convertere,
3654 4734 3747 4793 nisi

2174 4850 2315 4906 Deus
2335 4864 2431 4906 eos
2451 4847 2686 4905 mirabili
2711 4860 2808 4904 sua
2835 4846 3058 4919 pietate,
3087 4842 3237 4898 Velut
3260 4840 3510 4913 genuina:
3538 4838 3607 4869 ω
3635 4849 3750 4891 cm-

478 4939 751 5003 exercitus
793 4940 1020 4998 alterum
1073 4944 1261 5001 videre
1308 4946 1600 5012 potuisset,
1630 4952 1815 5000 castra
1861 4944 2067 4999 consti-
2172 4939 2241 4996 de
2265 4940 2417 4996 iratis
2461 4938 2679 5004 oblitos,
2707 4936 2854 4992 intra
2901 4935 3149 5008 proprios
3177 4933 3314 4988 ﬁnes
3355 4928 3517 5021 quasi
3541 4926 3749 4984 clausos
