3940 5382
207 378 318 442 $09

1476 379 1564 438 DE
1602 381 1824 442 θειιο
1862 385 1942 441 SA
1952 385 2206 443 XONICO

3380 384 3486 442 510

208 496 518 553 Goslarism
546 493 898 556 vetuissei,sui
926 507 1029 548 non
1056 490 1790 561 oblitus,lc<epitoccasiones
1818 504 1866 563 Α
1894 499 1981 565 ηδ,
2010 500 2167 556 valde
2199 500 2489 563 turbatum,
2530 498 2782 554 omnibus
2833 498 3006 556 modis
3048 516 3175 556 eum
3223 503 3476 572 mitigare

183 602 481 672 Jquanere,
496 602 583 652 ne,
599 587 735 642 sicut
751 586 1094 656 promiserat,
1116 584 1335 640 deberet
1360 584 1411 639 in
1434 585 1687 656 praesenti
1702 602 1796 642 ca-

190 676 359 734 ~stella
374 693 474 734 sua
497 678 794 733 destruere.
811 676 983 743 Quem
1001 690 1123 731 cum
1143 689 1321 731 moras
1343 686 1557 731 nectere
1576 676 1795 747 quidam

175 768 485 840 ‘priucipes
525 769 694 825 nostri
721 769 985 834 viderent,
1008 767 1254 822 volentes
1285 768 1334 823 ei
1356 767 1587 837 placere,
1613 784 1800 826 suase-

202 872 334 916 runt
361 872 417 916 ut
454 861 585 915 illud
635 860 917 915 castellum
945 860 1118 931 majus
1140 859 1206 891 "'
1235 860 1367 929 (27),
1397 862 1538 930 quod
1575 876 1797 918 manere

202 953 445 1016 volebat,
475 951 633 1007 alicui
668 952 734 1007 de
757 950 1088 1021 principibus
1118 949 1368 1004 Saxonize
1390 950 1543 1019 quasi
1567 952 1619 1005 in
1640 952 1709 1006 de
1730 952 1794 1007 ης

201 1043 411 1097 tionem
442 1043 705 1106 traderet,
734 1043 903 1097 donec
949 1042 1127 1112 populi
1156 1041 1333 1105 furor,
1356 1040 1444 1111 qui
1474 1049 1604 1097 tunc
1632 1042 1796 1097 vehe-

198 1143 419 1188 menter
450 1134 697 1199 ardebat,
731 1133 1069 1202 aliquantttm
1110 1140 1429 1202 tepesceret,
1456 1140 1509 1185 et
1539 1142 1665 1188 tunc
1701 1149 1794 1188 ca—

199 1224 447 1288 stellum,
487 1225 629 1279 sicut
675 1222 907 1289 volebat,
946 1222 1216 1291 integrum
1255 1232 1624 1293 permaneret.
1658 1222 1792 1278 Nam

146 1299 155 1305 “
198 1320 461 1388 populus,
502 1327 560 1370 ut
601 1316 931 1380 dirueretur,
958 1316 1313 1370 vehementer
1341 1315 1612 1381 instabat;
1647 1318 1792 1387 quod

198 1408 305 1461 nisi
339 1407 522 1474 fieret,
553 1420 613 1463 se
639 1407 823 1462 statim
868 1406 937 1461 ab
974 1406 1189 1478 integro
1244 1405 1500 1462 rebellem
1531 1405 1648 1462 fore
1682 1407 1795 1462 cla-

200 1503 411 1557 mabat.
461 1503 577 1558 Rex
616 1517 746 1557 vero
796 1501 850 1556 in
893 1501 1078 1556 multis
1114 1501 1381 1573 angustiis
1407 1501 1640 1571 positus,
1664 1500 1792 1571 quid

198 1593 411 1650 faceret
443 1595 751 1661 nesciebat;
778 1594 903 1664 quia
926 1606 1024 1649 nec
1046 1593 1328 1649 castellum
1356 1592 1482 1648 illud
1516 1593 1795 1649 destruere

199 1684 439 1751 volebat,
467 1699 568 1739 nec
590 1670 750 1739 alicui
778 1684 1105 1755 principum,
1128 1684 1233 1754 qui-
1254 1684 1405 1749 illud,
1426 1684 1472 1739 si
1504 1684 1606 1740 sibi
1633 1682 1791 1753 quasi

199 1758 534 1842 traderetur,
564 1785 832 1831 staturum
871 1774 1281 1847 promittebant,
1323 1775 1482 1831 [idem
1517 1775 1785 1840 habebat;

197 1876 255 1921 et
287 1867 571 1938 populum,
602 1883 669 1923 ne
697 1868 932 1923 recidiva
958 1865 1095 1921 bella
1125 1875 1443 1932 resumeret,
1475 1865 1631 1923 valde
1670 1882 1786 1921 me-
1819 1841 1867 1902 Β

201 1956 417 2014 tuebat.
445 1958 561 2027 Qua
592 1960 736 2015 enim
770 1960 971 2015 virtute
1000 1974 1136 2030 pene
1162 1959 1306 2015 solus
1337 1960 1389 2014 in
1419 1960 1596 2016 medio
1626 1974 1786 2015 excr-

198 2050 310 2104 citu
366 2050 737 2122 deprehensus
788 2067 847 2109 se
885 2052 1222 2118 defenderet,
1258 2052 1343 2108 vel
1394 2068 1499 2123 qua
1552 2052 1677 2124 fuga
1706 2068 1787 2118 se,

197 2150 389 2209 sepius
434 2142 671 2212 undique
718 2143 877 2199 szevis
919 2145 1191 2210 hostibus,
1216 2143 1795 2216 absconderetllgitnr

197 2231 265 2283 ad
304 2231 582 2299 ingenium
614 2246 771 2287 suum
803 2247 1077 2299 reversus,
1099 2233 1430 2305 excogitavit
1459 2233 1674 2301 dolum;
1699 2234 1792 2304 qui

210 2330 400 2376 tamen
439 2338 548 2387 non
598 2337 725 2378 eum
776 2338 938 2395 quem
993 2326 1251 2395 Sperabat
1306 2326 1477 2381 tenuit
1514 2327 1790 2382 effectum.

198 2410 341 2467 Nam
372 2413 699 2483 quibusdam
756 2414 826 2470 de
874 2414 988 2471 suis
1037 2415 1276 2485 antiquis
1312 2414 1668 2471 familiaribus
1700 2431 1794 2472 oc-

200 2503 352 2557 culte
378 2503 636 2574 praecepit
674 2515 733 2560 ut
765 2505 882 2575 ejus
916 2513 1121 2561 tantum
1150 2507 1614 2577 propugnaculum
1644 2522 1794 2562 sum-

200 2594 399 2649 matim
445 2597 799 2666 deponerent,
832 2604 888 2652 et
928 2612 1052 2652 cum
1083 2597 1313 2667 populus
1345 2599 1447 2653 hoc
1475 2598 1590 2653 viso
1622 2605 1792 2653 totum

201 2699 433 2754 sperans
464 2701 720 2741 casurum
765 2686 1092 2755 discederet,
1125 2687 1201 2743 illi
1247 2704 1278 2743 a
1323 2690 1588 2745 diruendo
1614 2704 1793 2746 cessa-

200 2785 351 2840 rent,
384 2786 439 2830 et
486 2776 566 2832 sic
599 2777 688 2842 m,
719 2778 907 2846 paucis
927 2777 1100 2833 ruinis
1130 2780 1475 2843 restauratis,
1517 2780 1788 2851 integrum

201 2865 354 2920 sicut
381 2865 598 2921 volebat
622 2875 983 2937 permaneret.
1017 2866 1124 2922 Sed
1176 2866 1274 2934 illi,
1315 2883 1413 2923 suo
1442 2867 1615 2923 labori
1666 2883 1793 2938 par-

202 2963 424 3020 centes,
450 2955 659 3010 vi‘cinos
681 2956 957 3011 adduxere
988 2956 1244 3023 rusticos,
1272 2970 1430 3027 quos,
1466 2956 1607 3012 sicut
1635 2965 1793 3012 erant

194 3044 658 3118 jussi,jusserunt
682 3060 921 3102 summos
945 3055 1153 3102 tantum
1177 3056 1363 3102 muros
1384 3047 1581 3102 demoli
1616 3047 1651 3100 i.
1682 3046 1793 3101 Ru-

199 3135 331 3190 stici
354 3146 486 3192 vero
507 3152 630 3192 cum
658 3136 779 3207 ejus
802 3137 904 3193 loci
929 3145 1253 3206 potestatem
1277 3152 1419 3192 nunc
1436 3138 1791 3207 accepissent,

201 3243 315 3298 quo
344 3228 511 3284 multa
534 3227 645 3297 jam
671 3228 879 3300 pridem
898 3229 1048 3284 ‘mala
1073 3230 1219 3299 passi
1245 3228 1496 3293 fuissent,
1528 3244 1634 3284 non
1663 3228 1792 3298 quid

194 3314 631 3388 jube:entursed
642 3317 891 3389 quidjam
905 3317 1793 3384 diudesiderassentintendebant,

203 3427 236 3465 a
249 3411 517 3467 diruendo
531 3426 635 3467 non
653 3412 1018 3482 quiescentes,
1034 3411 1206 3465 donec
1224 3410 1457 3479 lapidem
1471 3424 1632 3480 super
1660 3408 1796 3477 lapi-

204 3500 334 3555 dem
380 3516 489 3555 non
539 3514 819 3556 remanere
839 3500 1113 3556 videbant.
1151 3499 1292 3570 Ergo
1316 3499 1515 3571 regalia
1543 3496 1791 3563 adificia,

203 3591 378 3663 regali
403 3603 620 3664 sumptu
632 3607 732 3664 per
745 3592 945 3648 multos
960 3607 1134 3648 annos
1144 3600 1478 3658 constructa,
1494 3592 1642 3646 brevi
1660 3599 1797 3645 tem-

201 3695 338 3750 pore
365 3681 741 3748 destruunt,et
763 3683 999 3738 intantis
1022 3682 1294 3737 mmnibus
1328 3696 1427 3737 nec
1443 3680 1792 3736 funlamcnta

204 3788 314 3827 non
336 3781 494 3828 eruta
511 3774 841 3844 relinquunt.
858 3774 1041 3845 Legati
1078 3775 1334 3846 regisnon
1356 3772 1791 3828 audentverbum

202 3864 413 3929 facere,
440 3867 565 3936 quia
592 3875 647 3921 et
668 3867 836 3936 ipsos,
858 3867 905 3920 si
931 3866 1059 3937 quid
1092 3864 1551 3930 contradicercnt,
1581 3865 1793 3918 minan-

204 3965 297 4012 tur
334 3958 664 4014 iuteriicere.
695 3957 881 4029 itaque
910 3957 1301 4013 monasterium
1330 3955 1604 4011 laborioso
1629 3969 1795 4024 opere

202 4048 510 4119 perfectum
542 4048 807 4119 dejiciunt
837 4062 1007 4120 usque
1034 4050 1103 4102 ad
1152 4047 1588 4110 fundamentum,
1620 4053 1791 4100 totum

207 4141 525 4196 thesaurum
550 4141 625 4196 ibi
651 4151 989 4211 congestum,
1016 4141 1132 4196 sive
1186 4140 1332 4211 regis
1374 4147 1521 4194 esset
1550 4139 1665 4194 sive
1699 4151 1790 4193 ec-

204 4233 409 4300 clesiae,
439 4233 723 4304 diripiunt,
752 4248 1048 4303 campanas
1083 4233 1393 4289 dulcisonas
1422 4230 1792 4304 confringant,

206 4324 378 4380 filium
429 4327 570 4396 regis
627 4334 685 4382 et
732 4325 982 4393 fratrem,
1025 4341 1163 4396 quos
1220 4324 1294 4381 ibi
1344 4331 1619 4394 posuerat,
1663 4322 1794 4378 effo-

204 4418 383 4483 diunt,
415 4432 648 4488 o:saque
695 4432 884 4474 eorum
930 4416 1072 4473 Velut
1105 4415 1378 4486 quaslibet
1420 4414 1794 4470 immunditlas

1897 592 2232 661 quaerebant,
2253 606 2312 647 se
2335 591 2483 661 ipsos
2515 606 2543 644 a
2573 591 2786 646 considi
2811 592 2927 648 sive
2948 592 3237 648 voluntatis
3257 594 3487 651 crimine

1896 695 2241 753 quocumque
2283 681 2444 736 modo
2480 679 2700 748 juberet
2740 682 2879 753 ipse,
2930 685 3242 754 purgando;
3272 692 3327 739 et
3363 699 3481 748 eos,

1896 771 1988 841 qui
2023 771 2254 827 crimine
2281 778 2437 825 erant
2470 770 2717 832 involuti.
2751 786 3095 842 quacumque
3119 774 3281 827 vellit
3323 788 3485 844 pmna

1896 862 2223 927 cruciando;
2249 862 2342 917 sed
2380 863 2454 918 nil
2488 862 2865 931 proficiebant.
2907 863 3043 917 Nam
3075 879 3169 918 rex
3211 879 3318 919 non
3366 873 3485 918 tan-

1901 962 2010 1007 tum
2044 952 2150 1009 illis
2192 954 2284 1024 qui
2326 954 2506 1008 scelus
2552 953 2785 1009 confessi
2820 954 2889 991 ⁸⁸⁸
2915 954 3178 1015 fecerant,
3220 963 3483 1025 quantum

1898 1042 2016 1096 istis
2046 1042 2138 1111 qui
2170 1057 2229 1097 se
2257 1057 2287 1096 a
2325 1057 2385 1097 se
2430 1051 2741 1112 perpetrato
2768 1042 2975 1099 scelere
3017 1043 3342 1115 purgabant,
3376 1043 3484 1097 ira-

1897 1132 2094 1197 scitur;
2120 1144 2173 1186 et
2202 1132 2498 1202 dedignans
2526 1133 2682 1189 irasci
2729 1132 2782 1187 in
2827 1135 3082 1199 rusticos,
3116 1132 3170 1187 in
3214 1133 3484 1190 maximos

1897 1222 2056 1292 hujus
2090 1221 2327 1293 regionis
2375 1223 2622 1279 homines
2665 1223 2906 1279 furorem
2936 1238 3116 1289 suum,
3164 1239 3211 1279 st
3254 1222 3476 1294 quando

1896 1321 2109 1382 tempus
2140 1313 2385 1381 haberet,
2415 1316 2710 1369 accendere
2734 1312 3043 1369 meditatur.
3068 1312 3276 1369 interea
3302 1321 3484 1370 tamen

1894 1419 2003 1460 non
2032 1414 2298 1476 quantum
2331 1404 2564 1472 volebat,
2598 1405 2689 1460 sed
2733 1414 2993 1477 quantum
3028 1406 3080 1460 in
3111 1404 3363 1475 praesenti
3391 1396 3489 1459 va-'

1896 1495 2062 1559 lebat,
2091 1509 2251 1552 suum
2281 1495 2562 1551 castellum
2593 1496 2853 1561 vindicat,
2878 1504 2934 1549 rt
2952 1496 3132 1550 omnia
3154 1495 3373 1551 castella
3396 1491 3484 1548 vel

1895 1586 2165 1657 quaslibet
2215 1584 2373 1654 hujus
2406 1592 2567 1641 terrae
2602 1586 2952 1649 munitiones,
2984 1595 3181 1655 praeter
3228 1577 3493 1656 antiquas

1895 1679 2058 1734 urbes
2088 1676 2155 1732 ad
2186 1675 2447 1731 honorem
2478 1676 2631 1747 regni
2659 1685 3028 1741 constructas,
3055 1675 3197 1731 dirui
3229 1683 3481 1745 imperat.

1894 1767 2048 1836 Quod
2076 1766 2364 1837 imperium
2388 1782 2491 1822 non
2519 1781 2586 1821 ex
2614 1766 2905 1837 tranquillo
2927 1766 3105 1837 rigore
3118 1763 3363 1834 justit'ae,
3387 1767 3485 1820 sed

1895 1873 1960 1913 ex
1990 1858 2234 1913 iracundi
2252 1858 2492 1929 pectoris
2506 1860 2870 1913 commotione
2894 1857 3105 1912 turbida
3122 1856 3481 1926 processisse,

1893 1949 2018 2006 hinc
2062 1949 2330 2020 przecipue
2375 1949 2628 2020 ceguosci
2667 1948 2863 2020 potuit,
2894 1949 3020 2016 quia
3060 1962 3130 2002 ca
3165 1945 3287 2001 tella
3337 1938 3487 2023 quat-7

1894 2040 2018 2095 dam
2050 2040 2117 2095 de
2147 2038 2293 2095 nullo
2337 2038 2479 2096 malo
2519 2038 2777 2094 infatttata
2822 2037 3054 2104 destrui,
3082 2036 3314 2107 plurima
3358 2022 3489 2092 vero

1894 2130 1960 2185 de
1986 2130 2180 2199 praedis
2228 2137 2285 2184 et
2330 2128 2632 2185 latrociniis
2678 2128 2949 2195 convicta,
2993 2128 3037 2182 si
3088 2127 3315 2199 pecunia
3354 2127 3483 2184 data

1894 2219 2113 2287 fuisset,
2146 2220 2352 2275 intacta
2393 2234 2615 2275 manere
2658 2218 2934 2291 pitecepit.
2975 2216 3071 2275 His
3118 2219 3193 2299 ita
3235 2218 3488 2288 patratis,

1893 2326 2000 2366 non
2027 2311 2184 2381 quasi
2223 2311 2333 2367 ullo
2364 2311 2553 2367 dolore
2578 2320 2887 2367 commotus
2917 2310 3003 2367 vel
3030 2310 3321 2380 quicquam
3355 2307 3487 2365 mali

1895 2401 2148 2457 Saxonis:
2190 2402 2454 2474 cogizaus,
2497 2402 2695 2457 martio
2747 2415 2933 2457 mense
2981 2401 3221 2456 nondum
3256 2407 3484 2470 peracto

1895 2492 2201 2563 ((113.1074)
2242 2492 2536 2548 Saxoniam
2599 2491 2841 2564 reliquit,
2893 2499 2971 2547 et‘
3011 2484 3090 2546 ad
3144 2488 3482 2545 habitatores

1894 2581 2071 2637 Rheni
2126 2589 2546 2653 ceterarumque
2580 2582 2824 2637 Francite
2877 2582 3110 2651 partium
3168 2579 3310 2634 male
3359 2579 3485 2635 laeta

1894 2682 2078 2730 mente
2108 2674 2180 2711 ¹⁸⁴
2208 2664 2481 2729 transivit.
2530 2672 2728 2728 Fertur
2755 2685 2910 2737 vero,
2948 2686 2981 2725 a
3030 2670 3228 2727 ﬁnibus
3283 2671 3487 2729 nostris

1895 2765 2199 2831 discedens,
2231 2780 2353 2820 eum
2393 2762 2712 2833 iuramento
2761 2764 2988 2830 dixisse,
3013 2765 3157 2834 quod
3185 2774 3486 2834 numquam

1893 2856 2054 2913 vellet
2100 2858 2331 2929 amplius
2373 2858 2426 2913 in
2459 2858 2753 2914 Saxoniam
2800 2857 2979 2913 redire
3023 2857 3127 2912 nisi
3170 2856 3324 2927 prius
3359 2869 3483 2911 eam

1893 2946 2150 3002 virtutem
2180 2949 2569 3015 contraxisset,
2597 2963 2702 3019 qua
2726 2957 2910 3020 posset
2936 2948 2990 3004 in
3013 2947 3252 3004 Saxonis
3298 2947 3483 3003 factre

1895 3037 2152 3106 quicquid
2178 3038 2280 3093 sibi
2304 3038 2570 3094 libuisset.
2926 3082 2927 3085 η
3274 3064 3277 3069 .
3344 3070 3351 3075 .
3440 3050 3450 3063 ο

1965 3135 2053 3191 ‘55.
2093 3136 2449 3209 Congregatis
2479 3136 2664 3208 itaque
2693 3135 2907 3192 illarum
2946 3135 3183 3206 partium
3213 3133 3474 3205 principi-

1899 3228 1999 3284 bus
2022 3268 2038 3295 ,
2077 3242 2220 3285 nunc
2247 3228 2477 3300 singulis
2506 3244 2652 3285 nunc
2673 3228 2940 3285 universis
2963 3227 3244 3283 humiliter
3294 3226 3364 3260 υτ
3416 3236 3480 3283 se

1898 3329 2270 3392 prosternens,
2291 3320 2688 3392 querimoniam
2717 3319 2844 3375 fecit
2867 3320 3072 3385 dicens,
3100 3319 3243 3389 quod
3269 3316 3481 3390 priores

1897 3425 2010 3466 sure
2030 3410 2362 3483 expulsionis
2387 3410 2599 3482 injuriae
2630 3411 2731 3467 sibi
2761 3426 2906 3465 nunc
2929 3410 3074 3465 leves
3102 3418 3284 3465 essent
3304 3449 3317 3473 ,
3349 3408 3479 3467 ista:

1896 3503 1999 3558 sibi
2034 3519 2257 3574 magnas
2303 3511 2359 3559 et
2395 3502 2729 3559 insanabiles
2759 3502 2972 3567 videri;
3030 3501 3085 3556 in
3117 3499 3390 3571 prioribus
3424 3511 3476 3555 ss

1896 3610 2019 3651 cum
2051 3597 2166 3652 suis
2189 3595 2522 3667 principibus
2546 3595 2715 3650 fuisse
2739 3596 3082 3664 despectum,
3131 3593 3183 3647 in
3216 3591 3336 3647 istis
3356 3600 3479 3648 vere

1896 3700 1994 3741 suo
2025 3702 2355 3756 suorumque
2381 3688 2659 3756 chpectui
2703 3685 3051 3755 conjttuctum
3091 3700 3213 3741 esse
3242 3676 3482 3741 caelestis

1897 3777 2132 3843 ntililize,
2161 3788 2212 3833 et
2240 3779 2381 3849 quod
2408 3787 2553 3833 esset
2584 3778 2668 3833 his
2704 3777 2913 3846 majus,
2956 3776 3258 3845 maiestatis
3282 3776 3480 3831 divinae

1895 3877 2285 3939 contemptum.
2314 3868 2448 3923 Nam
2481 3868 2726 3923 narravit
2749 3869 2829 3923 eis
2849 3868 3170 3933 lacrimans,
3197 3868 3321 3938 quia
3346 3869 3477 3922 dum

1896 3959 2135 4030 ipsorum
2178 3959 2418 4015 consiliis
2447 3970 2636 4015 contra
2676 3975 2830 4014 suam
2870 3960 3204 4015 voluntatem
3235 3960 3437 4015 cedens
3462 3999 3480 4026 ,

1895 4050 2201 4108 Saxonibus
2238 4067 2393 4107 suum
2424 4052 2706 4108 castellum
2749 4051 2916 4121 regali
2954 4061 3169 4121 sumptu
3224 4058 3479 4105 constru-

1894 4151 2039 4201 ctum
2069 4145 2311 4200 traderet
2338 4142 2770 4208 demoliendum,
2824 4141 2897 4195 illi
2930 4156 3035 4196 non
3084 4139 3257 4195 solum
3278 4180 3293 4204 ,
3334 4141 3479 4210 quod

1895 4238 1973 4295 eis
1998 4235 2326 4309 permissum
2351 4241 2501 4299 erat,
2552 4233 2682 4288 illud
2725 4232 3020 4287 inhumano
3052 4244 3201 4287 more
3229 4231 3482 4287 destrue-

1894 4340 2017 4387 rcut
2042 4370 2056 4391 ,
2087 4327 2181 4384 sed
2210 4326 2429 4396 insuper
2453 4324 2841 4380 monasterium
2872 4323 2983 4377 Deo
3005 4322 3317 4392 sanctisque
3339 4334 3478 4376 con-

1895 4435 2165 4483 secratum
2195 4465 2209 4490 ,
2271 4421 2496 4493 paganis
2524 4419 2774 4474 omnibus
2818 4415 3149 4473 crudeliores
3171 4456 3187 4481 ,
3238 4415 3483 4471 funditus

206 4510 634 4589 d_ispergunt,et
688 4510 855 4565 nichil
904 4511 1119 4582 penitus
1148 4509 1265 4580 ejus
1311 4506 1414 4564 loci
1472 4521 1792 4579 permanere
1893 4517 2171 4572 diruerent
2196 4487 2301 4580 im,
2345 4487 2675 4583 campanas,
2716 4510 2914 4567 calices
2939 4518 2995 4564 et
3015 4519 3196 4565 cetera
3225 4508 3292 4564 ad
3313 4509 3485 4563 bono-

204 4603 550 4672 permittunt.

276 4695 367 4749 54.
403 4694 510 4752 Sed
553 4712 649 4751 rex
681 4710 805 4752 cum
847 4696 1127 4753 castellum
1159 4709 1316 4751 suum
1360 4694 1441 4751 sic
1484 4693 1795 4764 agnovisset

205 4785 618 4854 adnichilatum,
647 4804 843 4860 magno
867 4789 1085 4860 quidem
1118 4786 1308 4843 dolore
1335 4784 1516 4842 cordis
1540 4783 1796 4839 intrinse-

206 4893 303 4934 cus
323 4880 703 4946 couturbatus,
733 4881 826 4936 sed
851 4896 975 4937 eum
998 4878 1149 4934 nullo
1170 4878 1473 4934 forinsecus
1493 4874 1650 4946 signo
1668 4888 1793 4945 pro-

209 4973 455 5034 testatur,
488 4970 617 5040 quia
660 4970 990 5040 surerlluum
1019 4969 1263 5040 putabat,
1288 4969 1373 5024 his
1394 4980 1533 5039 quos
1552 4965 1791 5019 habebat

207 5057 334 5114 odio
359 5060 597 5116 dolorem
643 5075 800 5117 suum
829 5069 1158 5127 monstrare,
1190 5074 1312 5116 cum
1344 5072 1449 5115 non
1498 5062 1687 5127 pesset
1735 5053 1789 5108 in

209 5154 395 5184 Δηηιιη
444 5150 724 5184 οηηηῗῖηἷῖο
768 5151 828 5184 ml
858 5163 1102 5184 numnunc
1132 5150 1312 5184 Arnum
1337 5161 1495 5184 austum
1524 5160 1626 5184 nrn
1650 5148 1788 5184 unua

1894 4616 2012 4665 rem
2060 4608 2153 4664 Dei
2198 4606 2421 4662 collecta
2455 4604 2600 4660 velut
2640 4601 2867 4673 profana
2898 4601 3347 4671 confringerent,
3395 4597 3484 4654 vel

1899 4701 2080 4756 hostili
2137 4698 2469 4769 prtedatione
2537 4695 2871 4765 diriperent,
2923 4693 3147 4748 fratrem
3206 4692 3485 4760 ﬁliumque

1897 4809 2086 4859 suum,
2137 4800 2426 4862 utrumque
2475 4788 2678 4860 prolem
2734 4789 2984 4859 regiam,
3042 4787 3482 4842 iniserabiiit‘era

1896 4881 2160 4953 sepulcris
2179 4880 2380 4949 eiectos
2399 4880 2451 4933 in
2473 4887 2691 4934 ventum
2718 4878 3068 4940 membratim,
3084 4879 3483 4950 disperge‘reut,

1895 4980 1949 5028 et
1975 4971 2116 5043 quod
2142 4970 2227 5026 his
2251 4969 2504 5026 omnibus
2534 4967 2705 5037 magis
2735 4976 2882 5025 esset
2910 4965 3234 5034 nefandum,
3266 4972 3487 5022 sancto-

1897 5077 2015 5117 rum
2053 5059 2310 5130 reliquias
2337 5058 2405 5113 ab
2455 5057 2723 5113 altaribus
2750 5058 2924 5114 sacris
2956 5057 3283 5113 execrandis
3311 5052 3486 5107 maui-

1894 5145 1993 5184 Iu..;
2021 5161 2201 5184 λυρίσαι-ν
2267 5153 2407 5184 ..ΑΙ-ιι
2438 5151 2809 5184 ἶωωηηδῖιῗηιι
2837 5151 3100 5184 n-Inat‘nm
3141 5165 3244 5184 nna-
3267 5145 3488 5184 ηνηΐειηί
