3940 5382
460 379 558 438 5H

1432 371 1776 431 BRUNONiS
1810 369 2011 429 CLERI
2058 366 2076 422 ι
2117 361 2743 423 MAGDEISURGENSIS

3627 357 3727 417 SH

461 510 567 551 non
600 507 752 548 suam
775 498 1030 546 curarem
1057 488 1332 543 vindicare
1366 486 1616 557 injuriam
1642 525 1659 554 ,
1685 485 1878 540 saltem
1900 498 2029 537 cou-
2063 485 2105 541 A‘
2135 477 2384 533 violentia
2414 477 2744 549 pervasisse,
2780 484 2833 530 et
2862 474 3014 540 ideo,
3048 474 3090 530 si
3124 473 3405 546 reliquerit
3440 486 3567 532 eam
3592 517 3609 544 ,
3660 492 3729 533 ne

463 581 753 639 tumeliam
773 581 884 636 Deo
911 580 1114 649 Deique
1142 579 1348 633 sanctis
1387 576 1588 632 illatam
1629 590 1909 631 remanere
1934 588 2040 627 non

460 681 782 747 paterentur
833 672 1077 727 inultam.
1109 659 1202 725 Ait
1234 670 1477 725 Saxones
1507 685 1610 724 non
1641 668 1900 724 dicendos
1923 681 2042 721 esse

462 767 819 829 christianos,
871 764 1133 833 qui,eum
1167 763 1472 831 supradicta
1520 761 1730 815 scelera
1782 760 1835 814 in
1882 758 2044 812 domo

463 854 666 909 Christi
712 852 991 918 facerent,
1053 865 1112 907 se
1134 850 1410 907 Christum
1451 864 1551 905 nec
1606 850 1674 881 “’
1729 863 1914 903 amare
1943 862 2044 901 nec

463 943 659 1001 timere
701 952 1086 998 monstrarent.
1126 943 1250 999 Illos
1276 958 1405 998 vero
1440 943 1636 999 debere
1664 934 1762 1012 per
1791 940 1895 995 hoc
1922 954 2044 994 esse

461 1042 522 1091 'se
548 1035 743 1090 Christi
763 1035 949 1091 ﬁdeles
974 1035 1279 1101 ostendere,
1300 1036 1369 1101 si,
1384 1036 1499 1091 zelo
1520 1034 1722 1091 Christi
1748 1033 2041 1099 ferventes,

461 1127 580 1196 ejus
607 1124 833 1192 injurias
850 1140 954 1180 non
972 1126 1282 1180 dubitarent
1305 1128 1419 1197 ipso
1432 1125 1720 1195 adjuvaute
1741 1126 2040 1181 vindicare.

464 1212 575 1268 llas
602 1215 973 1285 querimonias
1016 1223 1071 1269 et
1113 1215 1534 1286 supplicationes
1582 1216 1741 1280 dum,
1792 1215 2044 1285 quotiens

464 1304 622 1361 ﬁeret
647 1306 949 1376 principum
976 1317 1297 1373 coriveutus,
1324 1316 1614 1377 repeteret,
1645 1324 1818 1362 annus
1837 1308 2046 1379 integer

468 1398 773 1465 evolvitur,
807 1408 1100 1471 antequam
1132 1416 1229 1456 sua
1259 1401 1538 1469 voluntas,
1567 1411 1626 1457 ut
1666 1402 1720 1457 in
1753 1402 2045 1457 Saxoniam

462 1489 659 1545 ducere
719 1500 903 1560 posset
948 1492 1282 1560 exercitum,
1351 1493 1735 1564 compleretur.
1804 1493 2046 1565 Namque

461 1592 654 1636 Omnes
677 1581 768 1650 qui
793 1583 1040 1640 miserias
1060 1585 1416 1650 miserabiles,
1437 1601 1574 1657 quas
1594 1586 1852 1642 intulerat
1875 1586 2048 1643 Saxo-

459 1670 595 1735 niae,
628 1672 898 1739 sciebant,
927 1690 1049 1731 cum
1079 1691 1237 1732 omne
1265 1676 1465 1733 bellum
1492 1692 1578 1733 res
1605 1678 1675 1733 sit
1712 1693 1903 1749 aspera
1947 1692 2048 1734 nec

459 1758 623 1833 hujus
650 1763 775 1818 belli
806 1764 941 1820 satis
980 1775 1194 1836 pateret
1228 1768 1423 1823 idonea
1456 1783 1651 1836 causa,
1693 1768 1759 1824 ad
1790 1767 2046 1824 diﬂ‘eren-

470 1854 599 1910 dum
650 1856 755 1912 hoc
796 1858 993 1913 bellum
1043 1859 1312 1930 quaslibet
1354 1862 1668 1918 occasiones
1710 1862 2044 1932 quazrebant.

460 1943 624 2025 Quod
654 1949 758 2031 nisi
793 1948 1295 2020 Rodolfumducem
1324 1951 1643 2018 Suevornm,
1677 1954 1893 2025 quando
1919 1967 2043 2009 cum

460 2052 591 2109 rege
633 2040 807 2098 fuedus
845 2042 1052 2098 inibant
1075 2085 1089 2109 ,
1131 2053 1192 2099 ut
1228 2060 1390 2117 supra
1418 2042 1620 2102 dictum
1651 2058 1735 2102 est
1759 2088 1773 2112 ,
1806 2046 2049 2104 Saxones

461 2122 811 2186 'olfeudissent
837 2173 852 2199 ,
880 2133 1060 2191 adhuc
1087 2134 1312 2191 forsitan
1336 2151 1431 2192 rex
1458 2137 1643 2208 copias
1664 2146 1852 2194 contra
1877 2137 2047 2195 Saxo-

467 2221 614 2276 niam
649 2238 753 2278 non
783 2223 1027 2282 haberet.
1064 2227 1158 2283 llle
1192 2231 1335 2283 enim
1372 2245 1401 2283 a
1432 2228 1772 2298 Saxonibus,
1817 2245 2049 2301 quorum

463 2315 774 2372 confidebat
807 2320 1038 2387 auxilio,
1080 2321 1368 2391 deceptus,
1397 2324 1510 2395 regi
1537 2327 1808 2395 quomodo
1832 2335 2050 2396 poterat

463 2409 876 2478 reconciliatur,
920 2422 975 2469 et
1014 2415 1062 2469 ei
1112 2415 1322 2485 primus
1361 2430 1421 2473 se
1465 2412 1588 2473 cum
1640 2419 1755 2475 suis
1787 2408 2052 2479 omnibus

465 2498 711 2556 Saxones
742 2500 1013 2558 hostiliter
1053 2503 1367 2561 invasurum
1416 2504 1719 2576 pollicetur.
1772 2508 1879 2565 Sed
1906 2510 2047 2579 hoc,

453 2584 526 2645 ἰιι
552 2590 662 2671 dixi
690 2632 705 2658 ,
731 2602 851 2664 post
880 2609 1080 2649 annum
1112 2594 1206 2651 fiet
1235 2596 1529 2669 integrum.

452 2774 457 2783 ν
535 2704 627 2760 '56.
666 2704 877 2762 Interea
918 2707 1100 2765 missis
1144 2724 1274 2766 vero
1319 2709 1373 2766 in
1404 2726 1595 2769 omnes
1623 2718 2051 2784 circumquaque

449 2805 678 2877 igeutes‘
708 2797 900 2870 legatis
930 2840 953 2867 ,
1018 2803 1270 2877 donando
1301 2842 1316 2869 ,
1380 2802 1585 2870 majora
1649 2805 2049 2875 promittendo,

448 2896 691 2951 ,cunctos
726 2889 771 2944 si
810 2899 994 2960 posset
1026 2892 1273 2948 homines
1305 2892 1611 2950 Saxonibus
1648 2894 1818 2949 voluit
1867 2895 2053 2951 hostes

465 2978 701 3045 ellicere,
726 2982 852 3050 quia
876 2998 981 3036 non
1009 2991 1117 3038 tam
1137 2999 1230 3040 eos
1257 3001 1368 3040 suae
1387 2986 1662 3054 potestati,
1688 2986 1831 3056 quod
1861 2987 2054 3042 leviter

464 3068 623 3125 fieret
642 3071 759 3126 sine
788 3072 956 3138 bello,
988 3075 1265 3140 subicere,
1314 3061 1473 3144 quam
1518 3076 1757 3131 funditus
1790 3078 1855 3131 ab
1881 3078 2053 3132 homi‘

474 3177 605 3225 num
658 3179 884 3219 numero
930 3161 1209 3234 quierebat
1253 3167 1507 3223 adimere.
1571 3168 1700 3222 Duci
1730 3167 2051 3225 Boemorum
2081 3159 2126 3222 C

452 3246 776 3319 ‘Wrotiziao
822 3255 888 3285 ¹¹⁰
934 3254 1165 3311 Misnam
1221 3256 1494 3313 civitatem
1532 3275 1655 3313 cum
1685 3259 1935 3315 erunibus
1984 3261 2052 3293 ¹¹¹

468 3345 535 3399 ad
563 3361 683 3400 eam
716 3346 1113 3416 pertinentibus
1148 3350 1426 3419 promisit,
1458 3358 1513 3406 et
1542 3351 1621 3405 sic
1646 3367 1803 3418 eum,
1853 3362 1909 3406 ut
1939 3352 2053 3408 suis

456 3504 457 3507 η
468 3438 718 3510 partibus
748 3430 1168 3507 adjutor'esset,
1217 3443 1428 3498 ascivit.
1462 3442 1860 3499 Liuticrnsihus
1885 3459 2053 3516 paga-

468 3531 558 3589 nis
584 3533 917 3590 crudelitatis
945 3520 1110 3606 quam
1138 3550 1351 3607 semper
1377 3536 1431 3591 in
1469 3528 1715 3593 Saxones
1757 3536 2055 3592 habuerant

444 3618 624 3691 ,frena
658 3622 891 3694 laxavit,
915 3635 1247 3697 etquantum
1282 3627 1680 3684 Saxonite'suis
1710 3628 1907 3685 finibus
1930 3645 2057 3702 pos-

470 3721 595 3767 sent
650 3713 942 3786 adjungere
1001 3718 1289 3774 concessit.
1348 3717 1428 3773 liii
1487 3735 1618 3776 vero
1670 3720 1930 3775 dixerunt
1995 3735 2055 3777 se

476 3800 722 3860 Saxones
767 3804 951 3861 multis
1002 3806 1268 3863 bellorum
1332 3810 1741 3881 tempestatibus
1798 3819 2055 3882 expertos

474 3895 789 3965 agnovisse,
831 3908 886 3953 et
919 3913 979 3954 se
1010 3914 1133 3953 raro
1160 3896 1242 3955 vel
1270 3916 1544 3973 nunquam
1577 3903 1644 3957 de
1685 3903 1840 3957 bellis
1864 3919 2056 3960 eorum

442 3978 447 3983 ’
477 3986 692 4055 gavisos
732 3985 927 4054 fuisse;
978 3988 1079 4044 sibi
1115 4004 1273 4045 suam
1299 3999 1494 4046 terram
1528 3988 1808 4060 sulliCere,
1846 4010 2013 4065 seque
2039 4036 2054 4062 ,

481 4077 525 4131 si
549 4094 673 4134 suos
703 4084 965 4139 terminos
994 4082 1283 4140 defendere
1305 4085 1550 4152 valeant,
1583 4097 1871 4143 contentos
1908 4104 2053 4144 esse.

438 4234 444 4239 ο
479 4168 679 4241 Regem
708 4172 976 4228 Danorum
1002 4176 1374 4246 promissionis
1398 4178 1705 4245 juramento
1725 4180 2058 4237 confirmatae

437 4277 906 4334 ,commemorat,
959 4285 1124 4339 seque
1171 4269 1247 4325 illi
1294 4271 1541 4328 daturum
1593 4268 1785 4328 cuncta
1830 4290 1948 4343 qua:
1990 4274 2060 4329 sit
2128 4268 2131 4269 ⁷

480 4354 750 4423 pollicitus
773 4356 1020 4427 alIirmat.
1050 4358 1377 4441 Philippum,
1399 4360 1604 4416 Latina:
1624 4361 1869 4418 Francia:
1893 4373 2059 4418 recto-

2142 570 2369 639 posthac
2399 570 2691 639 recipiatur
2718 568 2771 622 iu
2802 582 2863 622 ea
2887 608 2902 632 ,
2948 565 3262 622 formidare.
3315 560 3726 622 Willehalmnrn

2143 655 2333 711 ducem
2367 655 2708 709 Pictavorum
2726 694 2741 720 ,
2774 652 2967 707 matris
2988 668 3099 724 suae
3123 666 3446 721 germanum
3470 692 3491 718 ,
3520 653 3725 708 sororis

2144 762 2255 803 suae
2282 746 2392 802 lilio
2424 747 2629 818 rogavit
2663 744 2907 800 misereri
2933 784 2950 809 ,
2984 743 3196 812 sibique
3233 741 3379 798 ferre
3410 742 3714 810 auxilium,

2144 853 2252 906 quo
2273 845 2455 906 posset
2478 836 2533 891 in
2560 849 2782 906 regnum
2807 834 2981 905 patris
3004 833 3107 897 sui,
3135 848 3243 903 quo
3263 826 3729 911 careretinjnste,

2145 927 2379 982 restitui.
2407 926 2477 980 At
2506 925 2593 981 ille
2625 933 2802 981 tantas
2828 924 3288 995 Francigenarum
3313 963 3330 987 ,
3362 921 3729 979 Nortmanno-

2145 1032 2264 1072 rum
2296 1017 2361 1049 η’
2400 1056 2415 1080 ,
2459 1015 2543 1070 vel
2582 1014 2972 1084 Aquitanorum
2998 1013 3227 1068 virtutes
3255 1011 3400 1067 inter
3423 1026 3486 1067 se
3507 1019 3567 1066 et
3586 1010 3728 1066 illum

2145 1124 2264 1166 esse
2286 1108 2591 1179 respondit,
2622 1116 2683 1163 ut
2708 1107 2854 1162 nullo
2878 1107 3095 1177 ingenio
3124 1121 3221 1175 per
3252 1114 3466 1161 tantam
3512 1104 3732 1161 fortitu-

2136 1199 2328 1257 dinem
2360 1214 2482 1254 cum
2509 1198 2751 1253 exercitu
2783 1196 3016 1252 transire
3039 1196 3324 1269 potuisset.

2214 1292 2304 1349 57.
2325 1291 2439 1344 ‘llis
2463 1289 2714 1344 omnibus
2759 1297 2956 1358 praeter
2981 1286 3232 1342 Boemios
3260 1285 3578 1349 fraudatus,
3616 1300 3732 1340 cum

2147 1380 2213 1435 de
2229 1382 2478 1450 gentibus
2499 1379 2702 1434 exteris
2715 1379 2858 1434 vires
2878 1377 3011 1433 satis
3031 1391 3255 1446 magnas
3276 1384 3471 1430 contra
3493 1373 3734 1431 Saxones

2150 1487 2255 1526 non
2284 1472 2540 1537 haberet,
2567 1470 2889 1542 pessimum,
2920 1469 3064 1540 quod
3094 1467 3297 1537 optime
3326 1466 3579 1531 sciebat,
3610 1481 3735 1521 eou-

2147 1561 2326 1617 siiium
2352 1562 2589 1626 invenit,
2612 1569 2671 1616 ut
2700 1559 2991 1625 Saxoniam
3019 1558 3311 1622 divideret,
3338 1565 3394 1612 et
3420 1556 3730 1612 Saxonibus

2148 1660 2341 1707 contra
2360 1649 2604 1707 Saxones
2625 1657 2909 1722 pugnaret,
2934 1657 2993 1704 ut
3012 1647 3403 1719 quaelibetpars
3425 1648 3572 1702 victa
3585 1646 3731 1716 jaces

2149 1750 2254 1806 ret,
2276 1740 2391 1812 ipse
2407 1740 2839 1797 victorexultans
2862 1738 3239 1809 triumpharet.
3264 1737 3555 1808 Principes
3571 1737 3729 1810 igitur

2080 1820 2122 1881 Β
2152 1831 2402 1887 Saxoniae
2417 1830 2725 1904 singillatim
2741 1830 2896 1903 jubet
2906 1829 2973 1885 ad
2990 1844 3048 1885 se
3064 1828 3270 1892 venire,
3285 1843 3514 1885 causam
3530 1830 3734 1900 [ingens

2147 1921 2381 1993 aliquam
2412 1922 2670 1994 grandem
2694 1962 2709 1988 ,
2762 1936 2926 1992 quam
2961 1920 3176 1976 dicebat
3204 1935 3394 1976 eorum
3421 1920 3658 1975 consilio
3677 1935 3731 1976 se

2147 2014 2285 2069 velle
2315 2013 2630 2071 terminare.
2660 2013 2762 2080 Illi,
2800 2013 2874 2068 nil
2903 2011 3234 2075 dubitantes,
3261 2026 3368 2081 quo
3395 2020 3530 2067 sunt
3561 2010 3731 2066 vocati

2148 2112 2452 2170 venerunt,
2506 2120 2614 2175 quo
2661 2119 2760 2161 nec
2810 2103 2998 2159 venire
3051 2111 3370 2167 cessarent,
3426 2102 3473 2158 si
3538 2102 3731 2157 nullius

2147 2210 2325 2252 causan
2354 2194 2761 2265 interpositione
2797 2192 3028 2264 simplici
3057 2200 3328 2264 praecepto
3361 2207 3553 2265 regem
3589 2190 3734 2247 adire

2142 2284 2281 2365 jussi
2306 2285 2547 2341 fuissent.
2592 2284 2698 2341 Sed
2732 2284 3011 2344 venientes
3032 2283 3271 2356 singulos
3293 2285 3473 2354 primo
3503 2282 3733 2338 blandus

2072 2400 2076 2403 ν
2142 2376 2490 2447 accipiebat,
2522 2374 2883 2447 cumquejam
2910 2389 3096 2431 secum
3127 2373 3461 2444 aliquamdiu:
3499 2365 3727 2437 starem,

2140 2467 2393 2531 animum
2422 2482 2580 2523 suum
2609 2467 2691 2522 eis
2717 2465 2956 2537 aperuit,
2986 2473 3042 2521 et
3059 2479 3155 2521 eos
3177 2506 3192 2531 ,
3247 2473 3308 2519 ut
3346 2479 3407 2519 se
3442 2463 3512 2518 ad
3552 2463 3733 2534 oppri-

2152 2556 2401 2612 mendam
2432 2541 2742 2613 CSa'xoniam
2766 2562 2878 2628 pro
2902 2556 3110 2612 viribus
3139 2556 3252 2611 suis
3283 2556 3643 2624 adjuvareut,
3679 2561 3731 2607 et

2151 2645 2255 2702 hoc
2285 2646 2461 2718 ipsum
2502 2646 2633 2701 nulli
2679 2647 3007 2715 proderent,
3055 2644 3245 2715 jurare
3281 2644 3547 2716 cogebat;
3597 2642 3735 2713 quod

2153 2737 2257 2793 nisi
2296 2740 2477 2793 statim
2506 2736 2779 2804 facerent,
2827 2740 2893 2792 ab
2933 2752 2999 2793 eo
3034 2737 3289 2793 recedere
3327 2752 3434 2792 non
3464 2736 3729 2791 valebant.

2151 2829 2280 2885 Inde
2302 2830 2503 2885 factum
2532 2838 2652 2897 est,
2701 2839 2762 2885 ut
2803 2830 2857 2885 in
2884 2838 3069 2884 nostra
3106 2840 3265 2900 parte
3325 2837 3482 2899 pater
3513 2867 3531 2892 ,
3584 2828 3638 2882 in
3670 2826 3730 2857 ⁸³³

2156 2918 2380 2975 adversa
2428 2919 2570 2976 filius
2598 2928 2777 2984 esset;
2830 2918 2957 2975 hinc
2984 2918 3153 2974 frater
3178 2933 3348 2983 unus,
3385 2917 3537 2972 illinc
3572 2924 3733 2972 staret

2156 3009 2316 3065 alius.
2347 3010 2495 3065 Multi
2524 3012 2690 3067 etiam
2715 3012 2782 3067 de
2804 3009 3103 3079 majoribus
3126 3010 3217 3080 qui
3240 3010 3382 3065 bona
3406 3010 3464 3064 in
3488 3002 3729 3076 utrisQue

2159 3100 2472 3173 regionibus
2501 3101 2809 3168 habebant,
2842 3113 2902 3156 ut
2934 3111 3163 3171 utraque
3197 3111 3516 3166 servarent,
3550 3094 3729 3168 sponte

2157 3210 2252 3248 sua
2279 3193 2368 3248 hic
2399 3192 2586 3248 relicto
2624 3191 2733 3247 lilio
2758 3193 2870 3248 sive
2899 3193 3070 3249 fratre
3097 3193 3163 3248 ad
3195 3207 3376 3263 regem
3402 3192 3723 3251 transibant.

2155 3282 2240 3336 vel
2272 3283 2372 3353 ipsi
2403 3283 2491 3337 hic
2532 3291 2876 3339 remanentes
2900 3323 2915 3349 ,
2944 3281 3142 3338 fratres
3169 3281 3252 3337 vel
3293 3282 3432 3337 filios
3462 3282 3531 3335 ad
3560 3296 3728 3351 regem

2156 3373 2618 3430 transmittebant.
2671 3372 2959 3442 Plerosque
3010 3371 3260 3426 militaris
3292 3369 3504 3425 ordinis
3558 3370 3626 3425 ad
3671 3385 3725 3425 se

2155 3468 2344 3524 eodem
2378 3466 2534 3520 modo
2562 3466 2819 3528 vocabat,
2891 3471 2944 3518 et
2985 3472 3145 3534 prout
3188 3461 3451 3533 cujusque
3496 3463 3730 3517 animum

2156 3557 2550 3631 cognoscebat,
2602 3556 2762 3611 minis
2789 3556 2903 3611 sive
2932 3555 3383 3627 promissionibus
3431 3554 3499 3609 ad
3543 3553 3727 3609 bellum

2155 3647 2314 3707 civile
2344 3649 2692 3705 sollicitabat.
2743 3649 2918 3704 Etiam
2945 3648 3265 3728 famuloslad
3292 3661 3353 3702 se
3380 3656 3609 3728 vocatos
3633 3660 3727 3698 non

2157 3743 2477 3812 dedignatur
2500 3755 2661 3797 orare
2684 3781 2699 3806 ,
2729 3749 2788 3795 ut
2816 3739 2899 3795 vel
2934 3725 3307 3794 interﬁciendo
3330 3725 3423 3792 vel
3443 3728 3731 3793 deserendo

2157 3835 2429 3899 dominos,
2492 3841 2833 3887 mererentur
2886 3830 3135 3886 libertate
3194 3828 3384 3884 donari
3442 3829 3526 3884 vel
3579 3830 3733 3884 etiam

2158 3927 2360 3984 domini
2402 3926 2746 3982 dominorum
2786 3939 3009 3979 suorum
3055 3922 3217 3978 ﬁeri.
3258 3922 3363 3978 Sed
3411 3922 3532 3977 [iace
3564 3921 3731 3975 omnia

2156 4017 2367 4074 nccuita
2394 4025 2551 4073 erant
2582 4017 2791 4082 adhuc;
2832 4016 2959 4086 quia
3007 4015 3053 4070 si
3085 4000 3211 4084 quis
3236 4014 3284 4069 ei
3324 4029 3484 4067 suum
3524 4010 3732 4081 jurabat

2159 4107 2481 4177 adiutorium
2498 4103 3249 4179 jurarecogebaturejusdem
3271 4104 3429 4160 liche
3448 4105 3729 4160 silentium.

2228 4201 2316 4256 58.
2352 4200 2491 4269 Quid
2536 4199 2711 4256 dicam
2762 4200 2908 4273 quod
2951 4197 3257 4268 episcopis,
3317 4212 3456 4266 quos
3508 4197 3561 4250 in
3618 4209 3732 4248 suas

2159 4299 2342 4363 partes
2362 4291 2576 4363 trahere
2597 4305 2700 4365 non
2721 4298 2954 4360 poterat,
2978 4288 3286 4359 hujusmodi
3308 4288 3449 4343 dona
3471 4287 3727 4348 mittebat,

2160 4382 2358 4453 quibus
2388 4380 2496 4439 illis
2523 4381 2891 4452 episcopatum
2920 4380 3125 4461 pariter
3152 4387 3208 4434 et
3234 4378 3404 4432 vitam
3436 4377 3727 4435 adimeret.

483 4458 628 4510 rem,
660 4445 841 4548 multis
862 4446 1347 4555 pollicitationi-bus.
1374 4450 1668 4539 sollicitat,
1725 4462 1782 4507 ut
1824 4454 2060 4524 antiquae
2090 4497 2135 4555 Β
2161 4445 2427 4543 dualem”
2454 4445 2814 4541 his-personis
2857 4445 3011 4528 daret
3041 4471 3445 4541 episcopatum.
3512 4468 3604 4538 qui
3633 4479 3730 4520 sua

484 4550 691 4589 memor
716 4537 968 4592 amicitiae
992 4578 1006 4602 ,
1038 4537 1139 4593 sibi
1170 4531 1620 4612 quandocumque
1648 4553 1870 4598 vocatus
1896 4542 2061 4600 fuerit

438 4691 442 4695 θ
482 4623 539 4687 in
568 4622 836 4711 auxilium
873 4628 1071 4683 veniat.
1115 4627 1221 4684 Sed
1274 4628 1362 4686 ille
1402 4630 1652 4687 similiter
1695 4649 1724 4687 a
1755 4635 1866 4689 suis
1902 4651 2062 4691 accu-

434 4782 439 4803 ἑ
484 4724 662 4781 satus,
716 4724 771 4770 et
817 4732 953 4787 pene
994 4729 1219 4789 paterno
1264 4719 1397 4775 solio
1426 4723 1740 4792 depositus,
1778 4725 1867 4778 vix
1903 4740 2058 4779 suum

486 4808 783 4873 honorem,
834 4808 1132 4866 rui'adhne
1181 4813 1449 4877 haerebat,
1501 4828 1560 4868 se
1597 4814 1732 4870 dixit
1787 4817 2056 4877 retinere;

433 4894 462 4975 “
484 4902 681 4954 uelum
703 4901 787 4957 isti
812 4917 966 4959 suum
984 4943 1000 4972 ,
1033 4919 1062 4958 a
1090 4903 1195 4976 quo
1215 4907 1429 4978 penitus
1455 4907 1743 4975 ceciderat,
1773 4918 2060 4980 temptaret

486 4986 768 5067 reponere.
818 4990 1215 5049 Willehalmum
1250 4997 1427 5065 gentis
1462 4995 1701 5068 Anglicze
1750 5012 1927 5068 regem
1958 5000 2059 5055 hac

484 5082 792 5128 cmiilitimm
816 5101 970 5128 situm
1004 5087 1207 5128 vm-nvit
1243 5087 1293 5128 in

1326 5087 1583 5128 allviliinn
1671 5096 1727 5128 nl
1781 5088 1828 5128 ρί
1883 5088 2057 5128 νῖρρηι

2164 4562 2427 4616 voluntati
2487 4562 2791 4632 praeberent
2853 4562 2923 4616 ad
2984 4560 3165 4616 omnia
3231 4573 3585 4614 consensum.
3636 4554 3724 4609 Per

2163 4655 2435 4723 quendam
2496 4652 2743 4709 fallacem
2794 4653 2862 4685 ¹¹⁸
2916 4652 3241 4707 monachum
3299 4644 3630 4706 Werinhero
3670 4645 3727 4678 "'

2162 4745 2637 4817 Magcdahurgensi
2678 4745 3086 4816 archiepiscopo
3122 4742 3399 4814 pulverem
3440 4740 3725 4811 pigmenta-

2164 4837 2304 4891 rium
2332 4818 2524 4905 munus
2561 4836 2837 4908 egregium
2888 4835 3070 4897 misit,
3120 4848 3281 4904 quem
3316 4840 3509 4886 contra
3546 4829 3725 4883 multas

2165 4927 2511 4998 mgritudines
2552 4927 2824 4983 salubrem
2876 4925 2977 4981 sibi
3034 4924 3101 4980 ab
3145 4923 3297 4978 Italia
3339 4937 3370 4976 a
3397 4919 3593 4975 matre
3641 4931 3721 4972 sna

2120 5072 2123 5075 γ
2170 5020 2544 5074 transmissum
2588 5034 2710 5075 esse
2756 5018 3053 5074 mandavit.
3110 5015 3275 5084 Cujus
3309 5023 3519 5085 partem
3548 5017 3722 5066 crusta:

3056 5106 3307 5128 _._....-x--!a
3329 5121 3341 5128 .
3402 5118 3623 5128 gum—nn
3665 5095 3721 5128 ίίδ
