3940 5382
257 264 371 320 513

1525 258 1610 316 DE
1650 258 1873 316 BELLO
1912 257 2275 316 SAXONlCO.

3415 264 3545 323 5N.

326 373 423 430 39.
456 372 574 429 Sed
620 382 903 444 postquam
952 372 1068 429 lucc
1120 371 1302 429 omnia
1352 371 1512 428 fama:
1540 372 1836 444 loquacitas
1867 382 1913 438 Α
1942 373 2137 427 timore
2163 373 2417 442 portavit.
2465 372 2598 440 Qum
2619 372 2803 429 omnia
2832 372 2961 445 quid
2990 373 3327 445 significasse
3360 389 3524 449 pute-

256 481 361 535 per
421 464 720 520 Saxoniam
750 465 920 534 ccepit
974 464 1302 535 pmdicare,
1355 472 1411 518 et
1470 462 1609 518 mala
1656 461 1836 516 futura

255 557 457 612 eodem
507 571 613 625 quo
671 567 856 626 postea
915 556 1203 613 veniebant
1259 556 1448 610 ordine
1497 555 1792 625 praedicere
1821 596 1834 616 .

253 648 418 717 plebs
439 647 659 718 quidem
676 687 690 712 ,
714 664 836 719 quas
859 663 1053 703 causas
1083 646 1259 702 nescit
1292 660 1551 717 pensare,
1588 645 1801 700 laetatur
1824 687 1840 711 ,

254 747 314 793 et
344 752 541 793 omnes
568 739 658 809 qui
689 754 815 795 suas
844 747 1016 793 terras
1047 737 1374 801 invaserint,
1417 736 1615 805 impetu
1655 737 1834 807 primo

252 845 614 906 prosternere
645 834 906 897 minatur;
951 839 1007 884 at
1045 829 1297 884 nobilitas
1327 829 1539 897 magnis
1569 828 1837 898 angustiis

253 923 531 989 aﬂicitur,
594 923 719 977 dum
771 922 933 977 robur
981 919 1122 990 regis
1171 916 1515 989 pnevalidutn
1574 931 1840 986 suumque

253 1016 614 1086 perexiguum
647 1011 830 1068 subtili
870 1010 1091 1065 rationis
1131 1009 1377 1064 examine
1419 1007 1657 1061 metitur.
1696 1006 1844 1061 Illinc

254 1124 498 1176 namque
552 1114 804 1160 venturos
851 1103 920 1159 ad
972 1117 1204 1173 pugnam
1261 1101 1504 1156 Francos
1552 1109 1842 1170 utrumque

254 1198 412 1253 littus
442 1198 619 1253 Rheni
662 1206 943 1261 tenentes,
986 1194 1195 1250 Suevos
1221 1235 1236 1259 ,
1279 1194 1585 1258 Bawarios,
1644 1191 1849 1248 Lotha-

256 1289 450 1358 ringus
476 1327 491 1352 ,
537 1295 593 1342 et
640 1285 886 1341 Boemios
912 1285 1172 1354 aspiciunt
1204 1300 1219 1350 ;
1280 1285 1405 1338 hinc
1435 1299 1562 1338 vero
1598 1300 1702 1337 nun
1742 1283 1846 1338 nisi

256 1378 519 1433 Saxonias
549 1378 636 1431 vix
668 1377 883 1431 tertiam
918 1386 1124 1445 partem
1149 1376 1427 1429 inveniunt
1450 1416 1464 1437 ,
1510 1375 1634 1443 quia
1660 1387 1849 1429 omnes

258 1467 513 1522 Westlali
552 1474 607 1523 et
639 1482 829 1522 omnes
858 1467 1000 1522 circa
1030 1466 1260 1521 Misnam
1319 1466 1654 1531 habitantes,
1709 1468 1849 1535 regis

255 1570 395 1613 auro
423 1555 664 1629 corrupti
690 1599 705 1621 ,
738 1573 767 1611 a
796 1559 954 1613 nobis
975 1558 1291 1613 deiecerunt
1323 1557 1410 1611 ¹²’.
1466 1557 1580 1627 Ipsa
1635 1572 1851 1626 quoque

254 1667 388 1722 pars
416 1651 579 1705 tertia
626 1651 710 1704 vix
743 1665 924 1705 secum
976 1650 1079 1705 lida
1135 1650 1426 1715 manebat,
1465 1650 1588 1719 quia
1623 1651 1689 1684 ⁸³⁸
1741 1650 1853 1705 sin-

1944 478 2095 527 mus,
2122 463 2223 516 nisi
2252 462 2492 517 latorem
2520 478 2680 533 quem
2712 471 2832 533 post
2856 465 3066 535 experti
3090 464 3157 497 m
3186 481 3376 521 sumus
3401 468 3424 521 ?

2009 553 2100 608 4t.
2133 554 2270 624 Ergo
2290 570 2411 609 cum
2435 557 2577 626 regis
2602 557 2682 611 ira
2705 556 3037 627 longitudine
3058 558 3317 627 temporis
3342 559 3396 614 in
3423 575 3525 615 nos

1942 643 2110 698 nimis
2140 659 2369 699 accensa
2391 684 2406 709 ,
2435 647 2638 701 diutius
2667 647 2834 703 latere
2871 663 2976 705 non
3004 659 3218 719 posset,
3253 652 3527 723 certisque

1951 734 2156 805 signis,
2193 751 2313 804 quat
2350 736 2488 791 mala
2526 738 2682 794 nobis
2714 740 2988 810 cogitabat
3024 742 3237 805 facere,
3273 754 3485 812 pateret
3508 761 3538 810 ;.

1944 832 2071 879 tunc
2102 826 2372 895 principes
2402 828 2572 883 nostri
2602 829 2796 900 singuli
2829 838 2884 884 et
2914 831 3153 887 universi
3195 832 3405 899 pariter
3436 833 3519 888 le-

1944 918 2187 987 gationes
2208 918 2458 974 assiduas
2481 936 2624 977 nunc
2642 935 2763 976 cum
2794 921 2988 977 litteris
3014 940 3156 980 nunc
3182 927 3301 982 sine
3324 926 3539 982 litteris.

1946 1008 2045 1077 ipsi
2071 1008 2181 1078 regi
2207 1008 2476 1075 fecerunt,
2513 1010 2709 1080 quibus
2733 1012 2837 1068 hoc
2861 1013 3032 1067 solum
3050 1015 3119 1069 ab
3132 1031 3197 1070 eo
3217 1016 3383 1071 multa
3405 1033 3542 1087 supv

1948 1100 2236 1171 plicatione
2256 1104 2558 1173 petierunt,
2578 1113 2658 1170 ιιι,
2684 1112 2828 1160 ctetu
2852 1105 3155 1175 principum
3178 1123 3402 1163 suorum
3424 1109 3535 1166 col-

1948 1189 2109 1253 lecto,
2135 1205 2194 1245 se
2215 1207 2399 1248 coram
2419 1194 2501 1247 eis
2520 1201 2613 1247 aut
2635 1193 2933 1264 culpabiles
2953 1197 3292 1261 ostenderet,
3323 1207 3380 1253 et
3404 1215 3535 1254 con-

1950 1282 2119 1336 victos
2138 1298 2327 1337 eorum
2346 1282 2552 1352 judicio
2579 1286 2827 1354 puniret,
2856 1294 2949 1338 aut
2972 1285 3071 1355 ipsi
3094 1302 3248 1342 suam
3273 1287 3535 1343 innocen-

1953 1373 2081 1429 tiam
2105 1374 2311 1443 judicio
2336 1375 2578 1445 quolibet
2608 1376 2992 1442 ostenderent,
3019 1387 3075 1433 et
3099 1378 3152 1433 in
3184 1378 3300 1447 ejus
3327 1380 3500 1450 gratia
3518 1419 3534 1442 ,

1952 1465 2095 1520 sicut
2120 1469 2387 1523 hactenus
2416 1478 2603 1533 erant,
2634 1477 3042 1538 permanerent.
3076 1468 3276 1524 Verum
3303 1484 3424 1525 cum
3458 1470 3531 1525 ab

1952 1571 2018 1612 eo
2058 1557 2263 1613 nullum
2304 1559 2520 1629 pietatis
2559 1574 2880 1630 responsum
2910 1560 3290 1629 accepissent,
3325 1569 3380 1615 et
3407 1576 3534 1616 eum

1953 1649 2021 1704 de
2058 1667 2152 1705 sua
2194 1661 2404 1706 tantum
2444 1651 2751 1722 perditione
2790 1651 2967 1705 modis
3004 1649 3257 1706 omnibus
3298 1659 3537 1705 tractare

255 1742 413 1810 gulos
436 1741 487 1794 in
513 1755 578 1796 ea
616 1740 765 1811 regia
806 1741 872 1772 "’
922 1741 1185 1811 promissa
1211 1740 1424 1795 assidue
1465 1740 1846 1798 sollicitabant.
1884 1731 1927 1791 Β
1955 1742 2365 1811 cognovissent,
2397 1742 2464 1795 ad
2490 1756 2585 1796 cos
2609 1740 2699 1810 qui
2729 1756 2850 1794 cum
2876 1754 2943 1794 eo
2966 1739 3242 1811 principes
3263 1749 3420 1794 erant
3446 1739 3534 1793 le-

256 1832 464 1887 Omnes
487 1832 653 1885 etiam
683 1832 919 1901 episcopi
957 1841 1154 1901 praeter
1189 1842 1457 1900 quatuor,
1488 1830 1842 1903 Magedabur-

256 1936 514 1991 gensem,
569 1921 1117 1988 Halberstadenscnt,
1159 1922 1689 1995 lllerseburgensem,
1742 1923 1846 1979 Pa-

262 2013 720 2068 tharhrunensctn
774 2012 882 2078 ⁸³⁸,
935 2021 1029 2067 aut
1078 2022 1264 2083 aperte
1304 2016 1371 2068 ad
1407 2029 1590 2083 regem
1654 2015 1851 2070 transi-

257 2113 451 2167 erunt,
481 2115 578 2159 aut
600 2105 785 2160 animo
813 2105 1026 2161 nutanti
1057 2107 1338 2162 nobiscum
1366 2115 1677 2172 steterunt,
1713 2108 1848 2162 utin

257 2211 664 2267 quamcumque
710 2206 920 2267 partem
978 2213 1064 2253 res
1117 2213 1376 2269 prospere
1422 2200 1707 2265 cederent,
1742 2198 1852 2255 illic

258 2287 442 2342 securi
472 2288 753 2343 declinare
780 2287 1106 2359 potuissent.

334 2377 426 2431 40.
470 2376 671 2433 Eodem
727 2388 968 2450 tempore
1009 2379 1177 2435 multa
1216 2395 1314 2452 per
1358 2379 1651 2437 Saxoniam
1698 2382 1851 2454 signa

258 2469 387 2524 ﬁeri
418 2470 688 2535 vidimus,
734 2486 801 2527 ex
849 2471 1044 2543 quibus
1093 2472 1234 2527 mala
1279 2489 1402 2544 quae
1428 2484 1551 2545 post
1590 2486 1852 2531 venerunt

256 2562 521 2633 praescire
550 2563 844 2631 potuimus.
908 2564 1061 2632 Quod
1087 2564 1234 2621 enim
1281 2565 1333 2619 in
1372 2565 1851 2639 Magedaburgensi

257 2663 423 2725 prato
437 2653 668 2708 vidimus
683 2670 875 2711 corvos
892 2657 956 2688 ¹³¹
973 2667 1081 2711 tam
1094 2658 1296 2713 acriter
1308 2658 1448 2713 inter
1461 2675 1520 2714 se
1531 2672 1851 2732 pugnantes,

262 2757 329 2799 ut
358 2748 446 2801 alii
476 2749 614 2804 alios
654 2749 840 2821 jacere
894 2748 1231 2803 dimitterent
1267 2749 1582 2816 exanimes,
1622 2768 1852 2808 narrare

261 2842 599 2910 supersedeo
625 2882 643 2909 ,
674 2843 801 2913 quia
831 2841 1127 2897 sacratiora
1154 2880 1171 2907 ,
1203 2855 1309 2896 non
1337 2843 1519 2899 minus
1546 2843 1854 2901 futurorum

241 2988 251 2997 .
260 2953 510 3011 praesaga
530 2983 545 3007 ,
573 2941 847 2996 narranda
872 2940 1065 2996 habeo.
1120 2941 1516 3015 Episcoporum
1542 2952 1853 2999 nostrorum

263 3033 441 3103 virgae
487 3032 827 3105 pastorales,
861 3047 989 3090 aere
1033 3048 1226 3089 sereno
1255 3075 1270 3099 ,
1324 3035 1489 3090 immo
1545 3035 1615 3068 ω
1670 3037 1856 3092 arstivo

264 3125 457 3180 calore
498 3134 722 3194 perusto
743 3164 759 3189 ,
808 3134 1013 3181 stantes
1043 3125 1098 3180 in
1125 3126 1348 3197 capellis
1375 3126 1449 3182 ita
1480 3125 1861 3183 madescebant

264 3227 331 3271 ut
370 3234 512 3287 aqua
567 3233 664 3273 sua
714 3232 935 3274 manum
968 3231 1122 3273 suam
1154 3218 1470 3289 implerent,
1516 3219 1562 3276 si
1613 3221 1737 3291 quis
1763 3235 1858 3277 eas

267 3308 579 3380 accipiebat
605 3309 694 3364 ¹³³.
738 3309 793 3364 ιιι
840 3309 1200 3382 Stidarahurg
1222 3320 1341 3366 erat
1374 3310 1549 3383 lignea
1577 3311 1778 3368 Christi
1804 3314 1858 3368 in

268 3414 441 3454 cruce
472 3399 757 3471 pendentis
787 3400 998 3471 imago,
1047 3415 1167 3470 qua:
1207 3401 1397 3456 eodem
1440 3410 1681 3472 tempore
1713 3411 1860 3461 tanto

268 3493 489 3547 sudoris
538 3491 591 3546 in
635 3492 840 3548 aestivis
878 3492 1070 3549 diebus
1117 3495 1373 3550 manabat
1416 3493 1613 3560 ﬂuvio,
1670 3505 1859 3553 utnec

270 3582 543 3652 tnappulis
569 3580 639 3613 ‘“
670 3591 813 3637 tersa
833 3582 1030 3638 sudare
1059 3586 1394 3653 quiesceret,
1432 3591 1489 3639 et
1522 3583 1592 3616 ³⁸⁸
1639 3584 1860 3641 vascula

270 3676 536 3730 nonnulla
603 3685 858 3747 suscepto
920 3676 1117 3732 sudore
1173 3676 1443 3747 impleret.
1500 3675 1859 3734 Werinherus

272 3767 744 3840 hlerseburgensis
798 3767 1084 3838 episcopus
1116 3808 1131 3833 ,
1181 3770 1307 3821 dum
1360 3782 1515 3823 sacra
1571 3762 1862 3824 missarum

271 3859 538 3915 solemnia
571 3860 871 3916 celebraret
893 3899 907 3922 ,
956 3868 1012 3915 et
1039 3873 1188 3915 more
1215 3859 1376 3914 solito
1405 3860 1651 3930 sanguini
1684 3860 1859 3914 domi-

274 3952 400 4007 nico
450 3961 663 4023 partem
716 3953 961 4021 corporis
1001 3949 1202 4005 Christi
1254 3951 1596 4020 imponeret,
1635 3950 1859 4006 fundunt

276 4044 465 4100 calicis
493 4058 620 4115 pars
650 4043 739 4098 illa
772 4045 1017 4114 petebat,
1060 4058 1124 4097 ac
1154 4043 1198 4096 si
1228 4058 1357 4124 caro
1382 4042 1581 4097 Christi
1609 4043 1660 4096 in
1690 4041 1865 4112 plum-

276 4139 401 4192 bum
429 4153 587 4193 versa
622 4135 832 4192 fuisset.
878 4136 1107 4203 Quidam
1140 4137 1425 4207 presbyter
1470 4137 1522 4190 in
1549 4137 1861 4207 cpisc0patu

274 4228 760 4300 Magedaburgens:
794 4228 844 4281 in
871 4228 993 4280 villa
1010 4224 1309 4297 \Veddinge
1334 4227 1401 4257 ²³⁶
1433 4227 1566 4299 (28),
1592 4228 1646 4282 in
1670 4239 1862 4282 neutra

275 4335 431 4394 parte
459 4321 895 4379 conversationis
914 4320 1193 4392 egregius,
1224 4320 1312 4390 qui
1340 4335 1437 4375 nec
1461 4321 1714 4374 vitiorum
1742 4319 1863 4375 labe

276 4434 375 4473 nec
404 4418 665 4471 virtutum
695 4416 854 4469 laude
884 4414 1115 4469 clarerct
1143 4412 1369 4468 eximius
1392 4454 1406 4477 ,
1436 4413 1562 4467 dum
1589 4412 1643 4466 in
1673 4428 1855 4468 saera.

277 4518 581 4564 mentorum
633 4506 973 4562 confectione
1011 4504 1247 4559 venisset
1273 4502 1339 4557 ad
1382 4501 1817 4558 communionem
1846 4544 1862 4569 ,

277 4598 445 4654 calice
495 4597 676 4654 levato
732 4595 868 4649 vidit
908 4594 1087 4647 vinum
1129 4608 1234 4647 non
1267 4591 1439 4646 solum
1470 4591 1864 4661 spiritualiter,

278 4692 367 4746 sed
390 4700 444 4747 et
471 4690 538 4723 “7
567 4685 888 4750 visibiliter,
920 4686 972 4739 in
995 4685 1311 4755 sanguinem
1339 4698 1688 4748 conversum;
1713 4685 1866 4754 cujus

279 4785 471 4839 rubore
507 4783 579 4816 ¹³⁸
605 4781 818 4853 pariter
841 4788 896 4832 et
921 4780 1184 4834 densitate
1226 4778 1547 4848 perterritus
1580 4777 1713 4831 nihil
1743 4776 1866 4833 inde

281 4890 489 4930 sumere
515 4870 900 4946 praesumpsit,
943 4871 1036 4925 sed
1088 4869 1141 4923 in
1171 4869 1530 4939 Magcdahurg
1553 4868 1830 4924 civitatem
1849 4909 1865 4935 ,

284 4967 364 5021 ubi
394 4967 572 5023 adhuc
626 4966 694 4998 ²³⁹
724 4961 1114 5020 venerabiliter
1154 4970 1403 5016 servatur
1433 5002 1448 5020 .
1504 4974 1628 5015 cum
1673 4972 1867 5031 magno

1949 1833 2194 1904 gatiunes
2219 1833 2491 1904 dirigunt,
2520 1841 2575 1887 et
2597 1847 2721 1896 eos,
2750 1840 2810 1886 ut
2835 1831 3076 1886 animum
3101 1832 3249 1902 regis
3276 1831 3379 1887 sibi
3408 1830 3527 1901 pla-

1950 1938 2077 1979 care
2099 1923 2281 1987 velint,
2305 1923 2580 1979 humiliter
2598 1932 2807 1993 petunt.
2832 1923 2909 1977 Ex
2931 1922 3129 1992 quibus
3154 1938 3342 1989 unam,
3365 1938 3534 1992 quam

1948 2012 2461 2086 Magcdahurgensis
2485 2013 2923 2084 archiepiscopus
2945 2012 3258 2081 Magontino
3280 2014 3431 2069 misit
3453 2030 3543 2070 ar-

1952 2105 2560 2177 chiepiscopo,placuit
2584 2104 2866 2177 epistolam
2898 2118 3235 2175 supponere,
3263 2115 3321 2159 ut
3345 2120 3411 2161 ex
3443 2107 3543 2162 hac

1951 2213 2146 2254 omnes
2174 2198 2337 2263 alias,
2358 2199 2483 2268 quia
2514 2214 2704 2255 omnes
2734 2198 2896 2254 unius
2918 2197 3072 2253 modi
3100 2205 3277 2264 erant,
3307 2197 3535 2267 quilibet

1951 2290 2127 2361 possit
2156 2305 2477 2360 agnoscere.

2029 2383 2121 2437 42.
2155 2402 2174 2435 ι
2213 2383 2419 2438 Donmo
2449 2380 2719 2453 Sigel'rido
2750 2381 2815 2413 “‘
2848 2379 3050 2437 Christi
3079 2379 3428 2436 sanctissimo
3454 2394 3545 2433 sa-

1956 2476 2197 2540 cerdoti,
2232 2469 2597 2530 Werinherus
2630 2473 2698 2505 ιδ’
2738 2472 2868 2528 licet
2902 2473 3156 2541 indignus
3192 2481 3397 2527 sancta:
3427 2469 3547 2524 Ma-

1956 2564 2385 2637 gedahurgensis
2419 2564 2666 2619 ecclesiae
2704 2561 3181 2633 archiepiscopus,
3221 2571 3278 2618 et
3314 2577 3435 2617 cum
3477 2576 3545 2614 eo

1957 2658 2148 2711 omnes
2173 2655 2425 2711 Samnite
2444 2654 2720 2726 praesules,
2744 2655 2930 2719 duces,
2958 2649 3281 2719 comites,et
3302 2653 3544 2708 universi

1956 2749 2116 2805 simul
2159 2748 2345 2804 clerici
2384 2755 2439 2803 et
2474 2746 2630 2810 Μαί,
2671 2745 2853 2815 magni
2890 2744 2973 2800 vel
3011 2744 3199 2815 parvi,
3238 2743 3545 2800 orationem

1958 2844 2209 2899 devotam
2241 2841 2450 2912 pariter
2478 2849 2535 2896 et
2568 2841 2886 2896 servitutem
2931 2838 3252 2909 subiectam.
3283 2836 3545 2909 Multipli-

1958 2949 2052 2990 ces
2091 2943 2149 2989 et
2178 2947 2392 3005 magna:
2431 2931 2842 2995 tribulationes,
2884 2943 3004 3000 quae
3041 2924 3142 2985 nos
3180 2929 3383 2985 nostris
3414 2943 3547 3001 pec-

1960 3024 2101 3080 catis
2137 3023 2483 3095 exigentibus
2522 3019 3008 3077 inremediabiliter
3033 3018 3137 3074 nisi
3166 3018 3340 3090 pietas
3366 3019 3552 3073 divina

1886 3093 1930 3153 (ἶ
1962 3093 2276 3172 subvenerit
2306 3112 2578 3185 aﬂligunt,
2609 3112 2852 3169 omnium
2885 3111 2977 3182 qui
3005 3110 3090 3167 vel
3118 3109 3289 3166 Deum
3319 3110 3546 3171 timent,

1962 3208 2045 3263 vel
2071 3223 2132 3264 se
2158 3207 2409 3263 homines
2431 3220 2551 3261 csse
2576 3212 2938 3275 cognoscunt,
2967 3200 3394 3258 misericordiam
3422 3210 3553 3273 sup.

1961 3298 2178 3369 pliciter
2205 3311 2451 3369 quaerere
2477 3311 2577 3351 nos
2597 3293 2947 3366 compellunt.
2979 3292 3133 3349 Unde
3156 3293 3280 3363 quia
3311 3302 3551 3347 vestram

1962 3389 2342 3447 excellentiam
2370 3388 2539 3443 Deum
2569 3387 2763 3442 timere
2790 3385 2998 3458 pariter
3032 3393 3091 3439 et
3125 3398 3314 3440 amare
3349 3397 3552 3454 cogno-

1963 3483 2204 3548 scimus,
2235 3479 2546 3551 specialiter
2584 3480 2653 3534 ad
2690 3479 2951 3534 almitatis
2993 3490 3190 3534 vestra:
3226 3477 3546 3533 misericor-

1964 3572 2109 3627 diam
2158 3571 2534 3643 confugimus,
2579 3571 2860 3627 humiliter
2911 3580 3135 3626 orantes
3178 3578 3240 3624 ut
3288 3583 3387 3639 pro
3434 3569 3557 3639 ipso

1960 3662 2058 3719 Del
2106 3664 2299 3720 timore
2339 3678 2560 3719 causam
2610 3672 2853 3719 nostram
2891 3661 3037 3732 juste
3084 3661 3349 3733 pensetis,
3384 3670 3461 3726 et,
3498 3662 3546 3717 si

1956 3751 2103 3826 iusta
2144 3756 2315 3812 l‘uerit
2343 3757 2591 3820 inventa,
2626 3755 3016 3810 misericordiae
3044 3766 3240 3811 vestrm
3268 3753 3426 3809 nobis
3456 3768 3551 3807 au-

1962 3850 2152 3906 xilium
2205 3848 2375 3919 ipsius
2422 3863 2610 3903 amore
2655 3846 2912 3917 iustitiae,
2964 3862 3084 3916 qum
3130 3844 3385 3901 Christus
3431 3854 3548 3907 cst,

1967 3942 2243 3998 tribuatis.
2292 3940 2555 3996 Dominus
2605 3948 2791 3994 noster
2840 3953 2937 3994 rex
2968 3977 2985 4005 ,
3037 3945 3324 4006 postquam
3377 3934 3551 3990 factus

1964 4031 2531 4102 adolescens,abjccto
2567 4031 2872 4103 principum
2913 4044 3134 4086 suorum
3173 4026 3432 4091 consilio,
3465 4028 3550 4081 sui

1958 4128 2105 4198 juris
2151 4143 2274 4184 esse
2324 4127 2528 4197 carpit,
2581 4132 2638 4181 et
2681 4138 2868 4180 eorum
2916 4123 3008 4193 qui
3048 4136 3148 4177 nec
3181 4135 3397 4191 :nquum
3453 4132 3552 4173 nec

1962 4222 2163 4277 bonum
2193 4220 2572 4283 considerant,
2606 4215 2923 4284 magisterio
2951 4229 3011 4270 ee
3034 4212 3308 4279 subdidit,
3338 4222 3551 4281 semper

1964 4320 2065 4368 nos
2092 4309 2314 4365 insolito
2339 4293 2489 4364 more
2519 4309 2796 4379 qurcrebat
2827 4305 3163 4375 opprimere,
3194 4302 3336 4357 bona
3367 4307 3553 4355 nostra

1964 4405 2130 4461 nobis
2167 4405 2414 4474 eripere,
2447 4403 2668 4472 suisque
2706 4399 3069 4455 familiaribus
3098 4412 3160 4453 ea
3193 4395 3559 4457 contradere,

1972 4508 2087 4550 non
2122 4494 2194 4550 ob
2232 4473 2395 4548 aliam
2436 4491 2682 4561 culpam,
2724 4489 2826 4544 nisi
2864 4478 2990 4558 quia
3043 4485 3129 4541 illi
3170 4483 3314 4539 do’mi
3362 4473 3561 4553 parum

1969 4585 2054 4642 vel
2086 4584 2256 4640 nichil
2286 4582 2560 4639 habebant
2599 4591 2654 4636 et
2696 4590 2898 4634 terram
2938 4585 3179 4632 nostram
3220 4575 3564 4629 fructuosam

1974 4680 2254 4735 videbant.
2288 4677 2477 4747 Itaque
2529 4674 2823 4728 munitiora
2884 4680 3082 4724 nostra:
3135 4669 3377 4738 regionis
3437 4666 3556 4717 loca

1973 4768 2291 4829 fortissimis
2314 4749 2552 4825 castellis
2579 4765 2864 4834 occupavit
2892 4763 2979 4827 “3,
3010 4765 3061 4815 in
3089 4762 3289 4831 quibus
3314 4767 3556 4814 armatos

1974 4878 2083 4918 non
2117 4875 2322 4932 paucos
2356 4856 2673 4920 constituit,
2710 4855 2801 4923 qui
2845 4868 2957 4933 nos
2991 4864 3085 4907 aut
3134 4854 3408 4907 serviliter
3453 4850 3555 4904 sibi

1968 4954 2180 5009 servire
2218 4948 2609 5021 compellerent
2653 4953 2747 4999 aut
2782 4943 3089 5000 libertatem
3129 4944 3423 5001 defendere
3460 4953 3561 4993 vo»

1602 5091 1839 5147 νΑιιιίΕ

1959 5083 2281 5145 :crtoa‘ss.
2343 5160 2347 5169 Α
3540 5150 3543 5155 _

343 5219 407 5251 “'
435 5215 685 5273 defecert
713 5214 766 5266 1.
854 5206 920 5239 ¹²⁸
946 5205 1037 5294 ιιρί
1065 5204 1263 5294 Lm’"
1298 5202 1437 5274 regis
1463 5199 1665 5294 2.m”°
1698 5200 1852 5294 patha1

1959 5211 2193 5252 mensem
2223 5194 2248 5249 l
2274 5194 2298 5249 ?
2340 5166 2404 5225 ί³¹
2440 5190 2516 5245 ita
2535 5183 2896 5249 scribendum,
2963 5199 3045 5237 res
3071 5184 3183 5253 ipsa
3209 5192 3258 5236 et
3281 5178 3570 5255 Annallsta

1959 5268 1974 5294 ι
2033 5267 2283 5294 .-.ανδ-..α
2333 5264 2366 5294 0
2454 5258 2522 5293 ut
2553 5254 2781 5294 "annuli:
2839 5255 2887 5294 Ι-
2972 5253 3038 5283 ηδ
3067 5255 3208 5294 dum!
3246 5257 3297 5294 ί-
3377 5248 3445 5279 ﬂ“
3508 5264 3562 5294 Ill

286 5288 314 5294 -
443 5269 615 5294 Ϊ””.Ϊ“⁷
964 5269 1010 5294 ἰ
1123 5271 1190 5294 ην»
1253 5269 1437 5294 "WHT-..
1516 5269 1589 5294 131
1640 5274 1805 5294 ---ε..ε

2333 5264 2366 5294 0
2454 5258 2522 5293 ιιι
2553 5254 2781 5294 ιηειηιιιίς
2839 5255 2887 5294 Ι-
2972 5253 3038 5283 ⁸³³
3067 5248 3208 5294 Ᾱρρςι
3246 5257 3297 5294 1-
3377 5248 3445 5279 ³³⁸
3508 5249 3562 5294 ill

2033 5267 2283 5294 Ia-snn.‘nl
