3940 5382
457 263 558 322 515

1408 254 1754 314 BRUNO‘NIS
1792 249 2062 310 CLERlCl
2101 249 2240 310 MAG
2253 255 2520 313 DEBURG
2533 253 2726 312 ENSIS
3601 253 3700 309 :‘il6

458 381 628 430 lentes
651 374 978 431 occiderent.
1008 372 1084 429 lbi
1111 379 1306 442 quanta
1337 368 1572 440 pericula
1593 407 1608 431 ,
1635 373 1866 435 quantas
1892 377 2023 419 con-
2050 360 2100 421 A
2129 364 2290 420 mitas
2318 368 2466 438 pigra
2499 368 2581 421 vel
2610 367 2786 422 minus
2819 366 2905 436 pia
2934 367 2986 422 in
3015 367 3099 422 his
3130 368 3354 439 agendis
3393 371 3598 434 fuerit,
3627 371 3706 426 di-

459 468 714 524 tumelias
737 509 750 533 ,
790 478 989 538 quanta
1017 469 1244 536 dampna
1278 464 1331 518 in
1362 461 1575 517 nostris
1595 458 1944 528 corporibus,
1972 456 2028 512 in

457 558 657 612 nostris
708 560 997 622 uxoribus,
1050 558 1104 612 in
1154 555 1357 611 nostris
1409 549 1840 624 possessionibus
1886 547 2027 617 passi

455 661 643 703 sumus
675 648 758 713 '“,
783 658 837 704 et
866 648 1099 719 qualiter
1124 646 1248 703 inde
1274 661 1372 701 nos
1395 645 1462 698 ad
1492 653 1702 712 tempus
1726 641 2028 696 misericor-

457 741 543 795 dia
585 740 676 795 Dei
714 740 962 796 liberavit
989 739 1080 806 ⁸⁸⁸,
1109 739 1236 810 quia
1274 737 1426 792 vobis
1463 745 1650 791 notum
1688 750 1809 791 esse
1846 735 2025 789 credi-

458 844 626 894 mus,
700 829 1064 898 praeterimus.
1121 829 1412 899 Postquam
1465 843 1635 892 vero,
1709 833 2027 895 tempestate

459 926 608 972 tanta
657 917 1030 973 misericordia
1069 919 1162 973 Dei
1207 919 1396 974 sedata
1423 960 1437 985 ,
1477 931 1664 989 pacem
1703 925 1759 970 et
1795 915 2024 987 gratiam

453 1024 607 1064 suam
637 1009 797 1063 nobis
827 1009 1091 1072 reddidit,
1126 1009 1291 1065 nichil
1323 1026 1418 1064 nos
1448 1012 1646 1066 scimus
1673 1020 1860 1067 contra
1901 1023 2024 1064 eum

451 1097 644 1153 fecisse
675 1099 763 1163 ⁸³⁸,
793 1099 936 1154 unde
966 1101 1164 1156 merito
1192 1100 1384 1156 debeat
1413 1101 1468 1156 in
1499 1116 1596 1156 nos
1629 1099 1863 1155 recidiva
1888 1098 2026 1157 bella

452 1202 691 1242 movere.
748 1174 954 1244 Praedia
1010 1203 1132 1258 qua?
1183 1191 1518 1260 querebatur
1564 1189 1776 1253 ablata,
1831 1189 2026 1259 legatis

451 1275 620 1346 ipsius
650 1277 1206 1342 reddidimus,'donec
1236 1279 1336 1349 ipsi
1368 1279 1527 1350 legati
1552 1278 1833 1344 dixerunt,
1861 1277 2026 1332 nichil

449 1382 575 1422 esse
608 1368 878 1438 reliquum
907 1372 1048 1440 quod
1074 1371 1298 1426 reddere
1323 1371 1659 1426 deberemus.
1684 1370 1910 1424 Castella
1943 1371 2022 1425 vel

449 1467 660 1512 ceteras
695 1461 1026 1516 munitiones
1063 1477 1199 1530 quas
1239 1462 1292 1515 in
1323 1463 1526 1517 nostris
1551 1465 1796 1533 partibus
1820 1464 2023 1520 destrui

449 1544 705 1616 praecepit
725 1588 740 1613 ,
769 1565 958 1604 onmes
986 1549 1351 1621 confregimus
1379 1551 1463 1616 “’7,
1493 1553 1594 1606 nisi
1621 1569 1755 1623 quas
1785 1555 1899 1624 ipse
1929 1570 2023 1610 no-

448 1636 532 1690 bis
559 1639 862 1694 nolentibus
889 1641 956 1672 ¹⁸³
982 1651 1126 1696 stare
1154 1642 1417 1712 permisit.
1468 1643 1540 1697 De
1569 1645 1899 1699 monasterio
1925 1661 2022 1700 suo

448 1726 726 1784 destructo
753 1731 837 1786 vel
869 1732 934 1786 de
962 1733 1226 1802 sepulcris
1255 1734 1348 1788 lilii
1376 1734 1459 1788 vel
1489 1734 1675 1790 fratris
1698 1736 1780 1790 sui
1808 1736 2022 1790 violatis

447 1831 503 1876 ct
528 1825 738 1880 ossibus
767 1841 955 1881 eorum
997 1828 1242 1896 disjectis
1279 1846 1400 1884 cum
1441 1829 1675 1899 qualiter
1713 1830 1912 1886 factum
1953 1833 2025 1888 sit

447 1915 731 1972 audieritis
755 1957 769 1982 ,
807 1919 934 1988 quia
971 1935 1069 1975 nos
1116 1937 1301 1976 sumus
1331 1921 1644 1976 innocentes
1691 1923 2020 1991 agnoscetis.

444 2003 618 2076 Ipsius
641 2009 847 2065 castelli
876 2013 964 2067 ubi
999 2013 1112 2068 ha-c
1138 2023 1257 2069 acta
1291 2025 1415 2068 sunt
1443 2015 1862 2070 destructionem
1893 2015 2021 2070 nulli

447 2107 694 2153 nostrum
727 2101 950 2158 credere
982 2103 1180 2168 voluit,
1222 2105 1315 2160 sed
1354 2105 1492 2160 hanc
1531 2122 1750 2179 Operam
1795 2106 1906 2160 suis
1942 2105 2021 2159 fa-

446 2189 607 2244 mulis
636 2189 698 2222 “'
731 2200 786 2246 et
810 2191 1168 2251 familiaribus
1196 2194 1428 2265 iniunxit
1455 2214 1469 2263 ;
1499 2202 1588 2269 qui
1615 2198 1945 2270 negligentes
1968 2207 2023 2254 et

445 2279 616 2348 pigri,
641 2297 747 2351 quo
775 2282 935 2340 citius
957 2287 1101 2354 quod
1125 2287 1430 2358 erantjussi
1454 2299 1809 2362 peragerent,
1833 2305 2023 2346 omnes

447 2370 682 2427 rusticos
703 2373 795 2444 qui
827 2374 880 2430 in
909 2375 1000 2430 illa
1026 2377 1221 2433 vicinia
1246 2388 1405 2433 erant
1431 2381 1720 2437 convenire
1745 2381 2018 2448 fecerunt,

445 2467 500 2511 et
529 2457 608 2512 eis
637 2459 962 2520 demoliendi
994 2466 1198 2522 castelli
1240 2478 1564 2537 potestatem
1593 2471 1876 2526 dederunt.
1912 2471 2021 2525 Ru-

446 2549 568 2603 stici
620 2565 747 2607 vero
771 2594 786 2618 ,
825 2555 972 2613 sicut
1015 2559 1204 2614 rustici
1240 2560 1473 2630 imperiti
1514 2570 1569 2618 et
1607 2562 1677 2618 ab
1717 2565 1904 2618 eodem
1931 2578 2023 2618 ca-

447 2637 607 2694 stello
645 2641 811 2696 multa
849 2645 990 2700 mala
1023 2649 1291 2717 perpessi,
1329 2665 1450 2704 cum
1483 2651 1660 2706 nullus
1688 2652 1901 2707 adesset
1930 2651 2020 2722 qui

441 2729 767 2800 castigaret,
809 2734 944 2788 nihil
983 2737 1035 2791 iu
1077 2737 1193 2807 ipso
1233 2739 1450 2794 voluere
1496 2742 1758 2812 relinqui,
1797 2757 1906 2812 quo
1953 2743 2021 2776 ¹¹⁶

441 2815 638 2874 iterum
671 2820 890 2877 deberet
926 2826 1194 2880 renovari.
1228 2826 1422 2886 Postea
1455 2831 1650 2902 saepius
1679 2832 1897 2888 domino
1925 2848 2022 2888 no-

442 2918 561 2964 stro
590 2913 702 2983 regi
733 2913 1056 2985 legationem
1087 2918 1228 2974 sicut
1258 2921 1492 2977 humiles
1523 2925 1668 2977 servi
1698 2939 1820 2978 cum
1849 2925 2019 2980 multa

444 3001 840 3099 supplicatione
877 3009 1154 3075 misimus,
1197 3019 1285 3076 ut,
1320 3014 1364 3068 si
1397 3015 1528 3083 quid
1559 3015 1613 3068 in
1644 3013 1736 3069 illa
1772 3015 1854 3069 vel
1886 3030 2020 3084 qua—
2049 3037 2093 3099 ρ

447 3092 580 3150 libet
630 3110 797 3151 causa
832 3108 1022 3154 contra
1056 3114 1178 3155 eum
1219 3100 1413 3158 fecisse
1451 3105 1780 3170 videremur,
1813 3105 2016 3174 princi-

443 3199 573 3253 pum
625 3201 846 3242 suorum
890 3188 1096 3258 judicio
1143 3191 1225 3248 vel
1274 3197 1517 3264 negando
1561 3197 1642 3251 vel
1688 3198 2024 3253 emendando

445 3276 910 3336 satisfaceremus.
965 3281 1140 3349 Quam
1192 3283 1518 3354 legationem
1569 3289 1696 3358 quia
1745 3288 1923 3345 adhuc
1964 3298 2024 3344 ut

445 3370 696 3440 accipere
745 3370 909 3428 vellet
952 3373 1155 3431 nullius
1195 3377 1396 3432 auxilio
1428 3379 1679 3434 obtinere
1711 3381 2020 3449 potuimus,

437 3469 638 3515 vestra:
663 3460 939 3518 sanctitati
971 3464 1131 3520 simul
1159 3480 1369 3534 omnes,
1387 3469 1613 3538 pedibus
1641 3471 1838 3526 vestris
1860 3471 2022 3526 advo-

439 3548 581 3616 luti,
631 3552 1043 3622 supplicamus,
1096 3565 1154 3611 ut
1204 3557 1360 3614 nobis
1411 3560 1547 3614 iram
1600 3561 1801 3616 domini
1851 3563 2021 3620 nostri

441 3642 588 3711 regis
615 3643 866 3714 mitigare
899 3647 1102 3712 velitis,
1137 3647 1297 3720 eique
1339 3651 1572 3708 suadere
1613 3663 1702 3715 ut,
1744 3655 1886 3723 quod
1929 3656 2020 3711 uni

441 3730 651 3788 faceret
705 3734 944 3801 homini,
999 3736 1176 3793 facere
1229 3739 1482 3808 dignetur
1531 3741 1799 3797 universa:
1845 3745 2019 3812 genti,

443 3822 653 3879 scilicet
682 3840 750 3879 ne
779 3826 931 3895 prius
971 3842 1070 3882 nos
1103 3829 1285 3883 furore
1325 3829 1516 3885 bellico
1551 3831 1838 3889 devastare
1875 3850 2020 3904 quze-

440 3926 723 3988 rat,quam
753 3934 851 3974 nos
889 3935 1069 3974 coram
1099 3921 1438 3990 principibus
1467 3924 1582 3980 suis
1612 3925 1940 3984 criminosas
1967 3937 2021 3983 et

437 4007 644 4063 crimen
689 4011 983 4066 emendare
1029 4012 1275 4066 nolentes
1325 4015 1600 4090 ostendat.
1653 4016 2018 4076 Securitatem

436 4112 599 4166 quam
633 4115 732 4156 vos
756 4110 811 4155 et
847 4100 936 4154 alii
977 4102 1254 4172 principes
1290 4101 1406 4170 ejus
1439 4103 1748 4173 jusseritis,
1787 4121 1818 4160 a
1860 4109 2019 4164 nobis

439 4188 708 4258 accipiat,
737 4198 794 4244 ut
835 4190 902 4245 ad
938 4206 1037 4246 nos
1066 4192 1356 4248 sinebello
1386 4195 1596 4260 veniat,
1625 4204 1682 4249 et
1711 4206 1891 4253 vestro
1919 4216 2019 4256 nos

431 4279 638 4350 judicio
670 4282 753 4337 vel
783 4284 999 4353 puniat,
1032 4284 1077 4337 si
1121 4286 1454 4352 meruimus,
1501 4287 1585 4342 vel
1635 4287 1688 4341 in
1725 4305 1856 4358 pace
1892 4305 2016 4346 cum

2133 457 2383 512 strictum
2416 459 2508 513 Dei
2531 458 2795 526 judicium
2833 466 3046 513 nostras
3080 459 3292 516 animas
3330 477 3361 515 a
3400 461 3559 516 vobis
3597 462 3708 514 esi-

2131 557 2261 612 gere
2295 545 2534 600 habebit.
2572 546 2725 613 Qtn-d
2757 548 2799 600 si
2829 556 3067 602 vestrum
3110 549 3254 618 pium
3296 551 3588 604 consilium
3619 565 3708 604 rex

2131 635 2377 692 forsitam
2409 639 2598 693 audire
2630 637 2892 703 noluerit,
2926 655 3178 710 rogamus
3221 655 3316 695 vos
3357 650 3413 696 et
3455 643 3710 695 obsecra.

2129 741 2272 789 mus,
2303 735 2362 780 ut
2391 729 2508 781 salu
2529 743 2579 780 m
2612 742 2706 782 vos
2735 737 2791 781 et-
2819 737 3030 782 vestros
3060 729 3483 784 instrumentum
3516 730 3602 782 sui
3635 729 3707 783 fu-

2129 816 2271 869 roris
2303 815 2504 870 habere
2532 831 2635 868 non
2671 817 2877 884 possit;
2911 831 3003 878 ne,
3035 819 3160 870 dum
3194 817 3364 872 furori
3397 818 3521 888 ejus
3554 817 3712 871 mini-

2131 906 2350 973 stratis,
2387 906 2508 960 vitae
2549 915 2742 960 vestrae
2770 905 2838 938 "5
2864 917 2917 962 et
2955 907 3148 962 anima:
3182 909 3486 978 periculum
3529 909 3711 962 incur-

2128 997 2280 1051 ratis.
2319 995 2526 1051 Valete.
2563 1016 2582 1051 ι

2197 1087 2288 1142 45.
2344 1088 2586 1143 Eundem
2625 1103 2845 1144 sensum
2883 1089 3223 1144 continentes
3263 1089 3348 1145 vel
3391 1091 3599 1146 litteris
3631 1093 3710 1148 vel

2126 1179 2310 1235 verbis
2344 1179 2641 1249 legationes
2677 1183 2888 1237 cunctis
2924 1196 2988 1236 ex
3032 1181 3119 1236 illa
3171 1197 3324 1254 parte
3372 1186 3712 1255 principibus

2125 1267 2324 1338 singuli
2351 1269 2624 1338 principes
2653 1270 2821 1324 nostri
2857 1271 3153 1336 miserunt,
3183 1281 3239 1327 et
3271 1275 3496 1328 tandem
3527 1290 3559 1327 a
3591 1289 3710 1345 rege

2125 1360 2216 1413 vix
2235 1400 2250 1426 ,
2279 1361 2448 1428 magis
2475 1361 2885 1430 importunitate
2917 1363 3128 1419 devicto
3151 1379 3311 1433 quam
3339 1367 3553 1434 pietate
3585 1366 3711 1420 mol-

2127 1453 2250 1515 lito,
2307 1465 2624 1522 responsum
2673 1453 2776 1510 hoc
2827 1464 3185 1524 acceperunt,
3233 1457 3378 1525 quod
3431 1457 3544 1511 hoc
3595 1457 3706 1511 solo

2127 1541 2288 1595 modo
2318 1557 2469 1597 suam
2495 1543 2724 1612 gratiam
2757 1545 2961 1599 habere
2989 1556 3244 1614 possent,
3273 1547 3316 1600 si
3348 1561 3411 1602 se
3440 1561 3708 1617 suamque

2125 1631 2432 1687 libertatem
2481 1641 2537 1688 et
2585 1635 2767 1690 omnia
2815 1651 2936 1705 quae
2983 1636 3364 1705 possidebant,
3423 1638 3708 1708 potestatis

2125 1725 2286 1794 regiae
2311 1724 2430 1779 sine
2456 1725 2602 1780 omni
2628 1726 2939 1781 conditione
2966 1727 3179 1783 tradere
3201 1727 3527 1784 voluissent.
3557 1729 3707 1796 Quod

2126 1815 2306 1872 facere
2346 1820 2721 1886 rennuebant,
2762 1820 2890 1891 quia
2923 1820 3122 1877 nullius
3149 1835 3272 1876 eum
3312 1822 3546 1892 pietatis
3584 1835 3702 1877 esse

2124 1924 2264 1978 saepe
2293 1911 2501 1979 experti
2532 1910 2766 1967 fuerant.

2195 1999 2284 2053 44.
2324 2000 2479 2055 Anno
2509 2002 2670 2072 igitur
2704 2012 2759 2056 et
2793 2003 3058 2073 amplius,
3093 2012 3380 2074 postquam
3419 2004 3489 2058 de
3529 2002 3703 2058 Saxo-

2123 2093 2212 2148 nia
2246 2108 2341 2148 rex
2373 2094 2542 2160 abiit,
2571 2094 2785 2151 evoluto
2807 2137 2822 2160 ,
2863 2111 3029 2165 quum
3063 2113 3154 2152 rex
3191 2105 3337 2152 esset
3371 2097 3699 2168 Magnntize,

2125 2183 2178 2237 in
2203 2183 2486 2240 dominicae
2511 2186 2926 2242 resurrectionis
2952 2186 3090 2242 festo
3122 2188 3231 2254 (an.
3263 2186 3425 2251 {075,
3458 2189 3590 2256 Apr.
3621 2186 3694 2255 5),

2124 2275 2398 2332 Saxonum
2447 2279 2668 2332 nuntius
2719 2277 2843 2341 illuc
2892 2294 3016 2334 cum
3065 2279 3264 2334 litteris
3315 2277 3508 2343 venit,
3567 2293 3701 2347 quas

2125 2367 2298 2423 Udoni
2333 2367 2655 2424 Treverensi
2688 2369 3096 2436 archiepiscopo
3116 2408 3129 2432 ,
3160 2368 3252 2438 qui
3288 2367 3486 2423 missas
3519 2382 3586 2422 eo
3613 2369 3697 2421 die

2123 2460 2470 2525 celebrabat,
2521 2476 2644 2516 cum
2698 2469 2846 2515 stans
2898 2461 2950 2514 in
3001 2460 3208 2528 pulpito
3253 2459 3462 2515 faceret
3509 2459 3701 2530 popqu

2123 2567 2459 2617 sermonem,
2497 2553 2772 2622 porrexit,
2805 2562 2859 2608 et
2890 2559 2947 2604 ut
2975 2565 3069 2604 eas
3094 2551 3241 2605 omni
3281 2550 3481 2620 populo
3516 2551 3704 2604 recita-

2125 2653 2210 2699 ret
2232 2652 2287 2697 et
2311 2651 2642 2713 exponeret,
2671 2658 2736 2698 ex
2768 2643 3010 2697 omnium
3042 2657 3268 2713 persona
3301 2641 3581 2696 Saxonum
3611 2656 3704 2712 pro

2123 2734 2220 2790 Dei
2255 2749 2439 2790 amore
2480 2735 2710 2802 rogavit.
2757 2733 2909 2800 Quod
2949 2749 3070 2788 CIIII]
3109 2748 3198 2786 rex
3240 2732 3360 2787 fieri
3396 2733 3703 2802 prohiberet

2123 2826 2342 2880 nuntius
2370 2826 2484 2895 ipse
2513 2825 2812 2880 litterarum
2843 2840 3061 2879 sensum
3091 2833 3289 2880 cuncto
3320 2823 3523 2894 populo
3556 2823 3699 2878 brevi

2123 2929 2375 2971 sermone
2424 2915 2654 2971 fidenter
2701 2915 2980 2983 exposuit,
3037 2923 3095 2967 et
3152 2929 3346 2968 omnes
3386 2912 3480 2982 qui
3538 2913 3699 2967 Deum

2125 3009 2410 3074 timerent,
2472 3022 2540 3062 ue
2598 3006 2928 3072 Saxoniam,
2984 3007 3136 3076 prius
3181 3021 3347 3076 quam
3403 3007 3471 3061 de
3531 3006 3700 3075 aliquo

2125 3099 2353 3155 crimine
2395 3100 2642 3154 convicta
2690 3097 2910 3162 fuisset,
2956 3099 3124 3153 armis
3166 3098 3423 3152 invadere
3473 3097 3696 3159 vellent,

2124 3186 2311 3245 verbis
2343 3189 2586 3244 omuimn
2629 3188 2903 3244 Saxonum
2945 3187 3255 3258 postulavit.
3289 3185 3396 3241 Sed
3429 3185 3542 3240 dua;
3576 3187 3700 3240 Sue-

2122 3299 2311 3338 vorum
2369 3282 2635 3339 Rodulfus
2686 3281 2909 3338 fin-ieris
2963 3296 2992 3334 a
3051 3279 3358 3336 Saxonibus
3417 3294 3544 3333 cum
3587 3292 3701 3347 rege

2122 3375 2301 3430 subito
2333 3374 2620 3445 compositi
2657 3389 2760 3427 non
2802 3372 3030 3436 oblitus,
3074 3386 3285 3442 regem,
3317 3378 3590 3440 quatenus
3623 3369 3698 3423 in-

2117 3467 2318 3538 juriam
2373 3482 2495 3520 cum
2533 3466 2640 3520 Deo
2671 3476 2782 3520 tum
2821 3465 2922 3521 sibi
2962 3465 3181 3534 suisque
3220 3463 3560 3533 principibus
3593 3463 3702 3515 uni-

2121 3558 2295 3612 versis
2327 3554 2714 3611 contumeliose
2746 3553 2943 3609 factam
2994 3569 3100 3608 non
3153 3554 3269 3607 sine
3325 3553 3568 3607 vindicta
3627 3551 3700 3606 di-

2123 3648 2399 3709 mitteret,
2430 3647 2735 3719 instigavit,
2763 3656 2815 3700 et
2845 3646 2892 3701 ei
2923 3661 2981 3700 se
3010 3660 3132 3700 cum
3164 3655 3274 3699 tota
3303 3645 3510 3700 virtute
3541 3658 3694 3714 qua

2123 3744 2304 3810 posset
2343 3737 2544 3794 habere
2579 3737 2850 3808 promisit.
2897 3735 3040 3790 ldem
3068 3734 3236 3790 ceteri
3266 3732 3548 3804 principes
3579 3733 3692 3788 uni-

2120 3830 2263 3885 versi
2288 3829 2566 3893 feeerunt,
2596 3829 2761 3898 aliqui
2794 3827 3008 3898 quidem
3041 3824 3226 3880 multis
3248 3825 3699 3895 promissianibus

2119 3922 2332 3988 allecti,
2390 3922 2570 3991 plures
2605 3931 2784 3975 autem
2836 3919 3026 3975 vicinzr.
3086 3917 3277 3972 mortis
3336 3917 3697 3978 necessitate,

2120 4029 2284 4084 quam
2314 4014 2485 4068 vitare
2514 4027 2620 4068 non
2653 4021 2904 4083 poterant
2934 4009 3172 4066 adducti.

2134 4157 2136 4159 ,
2191 4105 2282 4162 45.
2323 4105 2475 4173 Quod
2511 4105 2599 4160 ubi
2641 4102 2946 4159 Saxonibus
2984 4111 3070 4157 est
3105 4099 3383 4166 auditum,
3420 4109 3552 4155 tunc
3591 4099 3696 4162 fre,-

2121 4205 2352 4268 quentes
2389 4196 2502 4266 regi
2537 4195 2860 4264 cunctisque
2909 4191 3228 4263 primatibus
3265 4189 3570 4260 legationes
3610 4189 3703 4244 mi-

2122 4297 2339 4355 serunt,
2389 4289 2771 4352 obsecrantes,
2823 4298 2882 4342 ut
2927 4301 2987 4340 se
3032 4299 3154 4340 eum
3195 4283 3341 4338 ferro
3381 4283 3590 4337 nollent
3623 4282 3702 4335 in-

439 4370 617 4440 gratia
648 4386 747 4425 sua
773 4372 1040 4438 dimittat,
1072 4376 1117 4428 si
1144 4375 1464 4430 innocentes
1498 4377 1699 4432 inventi
1734 4379 2014 4436 fuerimus.
2045 4385 2097 4444 D
2125 4388 2386 4434 nocentes
2415 4379 2706 4443 invadere;
2739 4376 2863 4445 quia
2899 4374 2947 4429 si
2986 4374 3040 4429 in
3069 4373 3250 4443 aliquo
3287 4373 3364 4426 rei
3407 4371 3702 4442 majestatis

440 4460 537 4516 Sin
590 4463 693 4518 hoc
739 4463 980 4518 noluerit
1023 4465 1088 4497 ¹⁸¹
1115 4506 1131 4530 ,
1173 4467 1228 4520 in
1266 4467 1507 4536 qualibet
1543 4471 1692 4540 regni
1728 4471 1811 4526 sui
1861 4482 2016 4541 parte

435 4550 712 4621 principes
758 4567 886 4608 suos
941 4557 1235 4611 convenire
1279 4556 1512 4626 jubeat,
1553 4569 1608 4614 et
1644 4576 2017 4634 quoscmnque

436 4658 506 4698 ex
537 4645 691 4701 nobis
713 4648 904 4704 adesse
932 4649 1196 4718 voluerit,
1227 4652 1307 4706 eis
1332 4653 1514 4718 eundi,
1534 4653 1790 4709 redeundi
1823 4657 2016 4723 "',se-

439 4734 734 4790 curitatem
776 4739 1002 4806 tribuat,
1039 4751 1094 4796 et
1133 4742 1394 4812 quidquid
1427 4757 1522 4797 vos
1544 4740 1922 4810 judicaveritis
1949 4747 2014 4802 de

437 4826 601 4881 nobis
632 4824 967 4896 faciendum,
996 4829 1179 4888 faciat.
1213 4831 1323 4889 Hoc
1360 4834 1427 4864 ³³³
1463 4835 1623 4904 igitur
1661 4837 1879 4893 domino
1918 4855 2014 4893 no-

438 4929 554 4974 stro
583 4923 884 4992 suggeritc,
912 4934 968 4979 et
992 4926 1039 4980 ei
1067 4941 1164 4996 pro
1193 4926 1283 4982 Dei
1317 4928 1511 4984 timore
1539 4932 1762 4986 suadete
1807 4940 1866 4984 ut
1917 4947 2016 4987 nos

439 5013 692 5069 homines
717 5032 838 5072 esse
866 5017 1095 5087 cogitet,
1130 5033 1198 5073 ne
1232 5021 1298 5074 ad
1339 5022 1636 5089 perieulum
1674 5024 1868 5077 animae
1903 5039 2015 5080 suae

439 5123 539 5162 nos
579 5109 893 5166 innocentes
931 5111 1159 5180 perdere
1198 5112 1488 5168 desideret.
1531 5115 1587 5170 Si
1627 5126 1806 5172 vestra
1848 5119 2017 5174 subli-

2127 4475 2289 4546 regia:
2337 4473 2776 4534 ostenderentur,
2811 4470 2878 4524 ad
2920 4469 3156 4540 ipsorum
3205 4465 3497 4520 arbitrium
3535 4463 3700 4535 parati

2123 4576 2310 4622 essent
2345 4580 2538 4635 pcenas
2569 4565 2719 4619 dare.
2754 4563 2908 4617 Tunc
2945 4577 3039 4615 rex
3078 4557 3491 4626 archiepisc0po
3531 4555 3703 4624 Mage-

2123 4657 2448 4726 dahurgeusi
2504 4671 2624 4710 cum
2682 4653 3010 4724 quibusdam
3079 4651 3202 4705 aliis
3261 4663 3418 4703 suam
3474 4646 3701 4714 gratiam

2122 4747 2402 4804 mandavit
2434 4765 2448 4811 ;
2519 4746 2728 4814 sibique
2766 4758 2794 4796 a
2838 4743 2951 4796 suis
2989 4739 3180 4794 amicis
3216 4752 3336 4793 esse
3375 4734 3697 4797 consultum,

2121 4853 2190 4894 ne
2220 4847 2384 4894 totam
2415 4845 2631 4906 gentem
2663 4836 2780 4890 sine
2810 4833 2966 4901 culpa
2997 4831 3232 4895 deleret,
3268 4827 3503 4884 innotuit
3530 4842 3545 4891 ;
3577 4839 3697 4894 quo-

2121 4947 2240 4988 rum
2270 4931 2554 4987 consilium
2584 4942 2644 4982 se
2673 4927 2836 4990 \elle,
2868 4923 3033 4988 dixit,
3066 4922 3255 4976 audire
3275 4962 3289 4985 ,
3317 4920 3361 4974 si
3389 4919 3480 4972 isti
3510 4916 3699 4972 vellent

2125 5043 2153 5080 a
2188 5025 2303 5081 suis
2333 5024 2566 5079 inimicis
2614 5020 2930 5083 discedere,
2980 5016 3194 5085 sibique
3225 5014 3292 5047 ¹⁵³
3321 5010 3688 5066 Burcbardum

2129 5115 2639 5170 llalberstadensem
2671 5111 2985 5183 episcopum
3005 5147 3018 5171 ,
3050 5107 3301 5162 Ottonem
3329 5101 3521 5158 ducem
3541 5139 3555 5164 ,
3588 5095 3694 5152 Fri-

1767 5314 1996 5369 VARIA‘I
2034 5313 2437 5371 LECTlONES.
