3940 5382
195 269 301 335 617

1480 264 1568 329 DE
1606 267 1831 328 BELLO
1868 269 2251 331 SAXONICO..

3355 276 3460 342 5|!

195 390 443 449 dericutn
472 387 788 460 prmfectum
830 383 1014 455 palatii
1056 379 1171 456 (i9)
1198 425 1211 449 ,
1242 398 1365 440 cum
1408 393 1529 441 cete
1562 385 1607 440 is
1640 400 1778 455 quos
1805 387 1851 448 Λ
1884 386 2116 443 fideliter
2157 386 2496 456 defenderet,
2546 398 2757 460 partem
2797 390 2991 463 capitis
3037 391 3086 449 ei
3127 392 3465 463 superiorem

192 476 379 534 adhuc
416 484 719 548 quaereret,
760 474 1040 529 traderent
1076 472 1166 528 ¹⁵⁸.
1224 471 1322 529 Cui
1360 472 1613 544 legationi
1652 490 1778 531 cutn

195 583 476 625 consensu
516 569 759 637 ipsorum
801 564 893 635 qui
926 564 1290 636 poscebantur
1317 573 1401 620 est
1428 578 1780 635 responsum,

194 660 393 731 ut'ipsi
423 660 473 715 ei
501 659 603 715 hac
630 658 941 715 conditione
975 666 1439 730 prtesentarentur
1462 697 1478 723 ,
1517 666 1785 729 quatenus

193 754 301 809 sub
328 763 682 823 utrorumque
719 754 1024 824 principum
1059 753 1268 825 judicio
1302 761 1545 819 starent,
1604 761 1663 808 ut
1691 768 1787 810 eos

194 843 419 898 illorum
457 845 726 900 sententia
755 842 841 900 vel
869 844 1151 901 convictos
1187 844 1539 914 dampnaret,
1574 844 1659 900 vel
1699 845 1786 900 in-

193 935 399 992 noxios
426 936 569 1007 regis
596 936 786 1006 gratiae
811 951 931 992 eum
961 944 1071 991 tota
1101 935 1377 991 Saxonum
1409 945 1569 1006 gente
1599 950 1790 991 recon-

193 1024 435 1080 ciliaret.
474 1024 579 1081 Sed
606 1024 990 1083 Willehalmus
1021 1026 1133 1082 Rex
1167 1025 1484 1097 agnomine,
1519 1034 1569 1081 et
1602 1024 1790 1081 Fride-

195 1115 346 1169 ricus
374 1115 443 1148 ¹⁸⁷
471 1116 540 1170 de
567 1114 746 1172 Monte
764 1157 780 1183 ,
811 1132 934 1172 cum
961 1118 1212 1172 viderent
1239 1126 1424 1188 aperte
1445 1115 1559 1187 jam
1589 1116 1788 1172 bellum

194 1210 470 1279 erupisse,
508 1209 839 1264 sacramenti
895 1209 1037 1278 quod
1074 1223 1196 1264 cum
1236 1207 1435 1263 ceteris
1474 1205 1782 1263 Saxonibus

197 1301 447 1356 fecerant
476 1300 660 1367 obliti,
694 1300 1097 1371 multarumque
1125 1299 1494 1355 calamitatum
1520 1314 1657 1370 quas
1688 1298 1789 1371 ipsi

197 1387 423 1444 fuerant
462 1391 646 1460 passi,
688 1405 897 1445 necnon
936 1391 1080 1461 quod
1121 1389 1224 1460 ipsi
1262 1404 1427 1446 causa
1472 1389 1792 1460 principalis

196 1492 361 1538 erant
416 1482 707 1552 incipiendi
761 1482 917 1548 belli,
969 1484 1198 1554 patriam
1248 1481 1491 1539 infideles
1538 1483 1793 1539 deserue-

197 1583 366 1640 runt,
396 1583 453 1629 et
485 1574 816 1631 infideliores
847 1575 915 1631 ad
945 1556 1167 1632 hostem.
1194 1576 1385 1646 patriae
1416 1590 1599 1648 regem
1629 1585 1791 1633 noctu

198 1668 645 1739 transfugerunt.
698 1669 834 1725 Nam
884 1679 1073 1741 postea
1123 1685 1225 1727 nec
1271 1671 1418 1727 cives
1457 1684 1559 1727 nec
1608 1672 1793 1730 hostes

1886 480 2103 551 penitus
2155 480 2495 539 abscidisset.
2541 482 2767 541 Fratres
2821 484 2876 540 in
2930 484 3022 540 illo
3067 484 3261 556 proelio
3316 484 3470 542 fuere

1887 572 2109 639 diversi,
2133 584 2318 645 patres
2345 585 2537 632 contra
2584 576 2742 642 filios,
2787 592 3000 634 necnon
3037 586 3093 634 et
3121 578 3212 634 alii
3245 576 3471 634 affectus

1890 666 1959 700 “‘
1980 678 2140 725 erant
2176 678 2367 725 contra
2390 684 2449 727 se
2490 670 2672 728 divisi.
2706 670 2813 729 Sed
2843 673 2888 730 si
2923 672 3047 744 quis
3082 673 3259 731 scelus
3289 672 3343 728 in
3370 685 3471 728 suo

1888 760 2192 831 propinquo
2221 760 2452 828 faceret,
2484 777 2515 817 a
2546 764 2763 820 nemine
2782 773 3001 835 poterat
3030 764 3182 821 sciri.
3216 764 3477 820 'Saevissi-‘

1891 868 2038 908 mum
2070 853 2291 925 quidem
2338 854 2442 911 fuit
2490 855 2621 911 il'ud
2665 856 2945 927 praelium,
2990 856 3089 913 sed
3144 854 3472 912 brevissimo

1892 951 2137 1014 tempore
2162 954 2466 1015 peractum.
2496 945 2633 1002 Nam
2666 949 2837 1003 nostri
2866 962 3095 1004 numero
3114 962 3278 1019 quam
3309 948 3470 1018 pauci

1892 1035 1988 1091 sed
2048 1036 2251 1094 virtute
2306 1038 2461 1094 multi
2509 1068 2581 1079 -—
2624 1038 2726 1110 ipsi
2766 1039 2913 1094 enim
2947 1039 3137 1095 hostes
3175 1050 3470 1109 numquam

1896 1134 2073 1182 tantos
2128 1128 2266 1183 ictus
2312 1129 2613 1199 gladiorum
2684 1146 2744 1187 se
2790 1129 3101 1186 fatebantur
3148 1129 3364 1186 audisse
3401 1160 3473 1171 -—

1895 1228 2180 1292 postquam
2204 1235 2264 1275 se
2295 1236 2325 1275 a
2365 1222 2481 1276 suis
2509 1222 2755 1278 desertos
2783 1236 2908 1277 esse
2949 1220 3224 1287 viderunt,
3270 1229 3327 1277 et
3369 1221 3471 1293 ipsi

1895 1313 2098 1369 multos
2116 1314 2416 1371 occidendo
2444 1314 2658 1386 fatigati
2681 1314 2920 1380 fuerunt,
2950 1329 3017 1369 ex
3039 1315 3226 1385 paucis
3255 1315 3475 1387 paucio-

1896 1417 2003 1471 res,
2044 1405 2305 1474 paulatim
2335 1419 2394 1461 se
2432 1420 2462 1460 a
2504 1405 2746 1476 periculo
2798 1405 3214 1472 subtraxerunt,
3251 1405 3476 1477 regique

1897 1494 2141 1551 victoriae
2166 1496 2381 1565 qttidem
2424 1496 2675 1569 gloriam,
2725 1495 2819 1553 sed
2867 1510 2988 1551 cum
3034 1496 3206 1551 multa
3251 1511 3474 1553 suorum

1898 1587 2055 1642 ruina
2087 1587 2447 1657 reliquerunt.
2480 1587 2614 1643 Nam
2643 1604 2764 1645 cum
2788 1588 2988 1645 nostris
3017 1603 3082 1643 ex
3114 1588 3378 1657 partibus,
3406 1604 3473 1645 ex

1899 1680 2124 1735 summis
2153 1680 2488 1752 principibus
2516 1681 2869 1737 Gevehardus
2921 1696 3126 1746 eomes,
3177 1696 3243 1737 ex
3280 1681 3478 1737 mediis

197 1762 281 1817 eis
316 1762 476 1817 fidem
507 1763 816 1830 habebant,
849 1772 905 1818 et
937 1764 1078 1834 apud
1118 1772 1381 1835 utrosque
1408 1762 1549 1820 viles
1578 1773 1632 1820 et
1662 1766 1784 1821 infl-
1822 1758 1865 1821 Β
1897 1787 2025 1827 vero
2052 1771 2371 1828 Folcmarus
2399 1771 2464 1804 “7
2498 1783 2554 1828 ct
2585 1772 2885 1844 Suidgcrus
2910 1771 3256 1839 cecidissent,
3286 1787 3351 1827 ex
3389 1770 3479 1827 illa

197 1852 384 1920 deles,
417 1854 661 1924 despecti
691 1863 747 1910 et
775 1855 961 1911 miseri
992 1865 1169 1911 erant.

270 1946 364 2000 46.
391 1946 534 2019 Ergo
564 1963 660 2001 rex
691 1963 811 2002 cum
838 1956 951 2002 toto
980 1961 1140 2018 quem
1172 1958 1383 2019 poterat
1408 1951 1607 2006 habere
1631 1964 1792 2006 exer-

198 2037 316 2093 citu
341 2037 497 2108 juxta
519 2035 752 2109 Beringa
782 2038 851 2071 ¹⁸⁸
878 2037 992 2109 (50)
1039 2040 1208 2106 venit,
1257 2040 1441 2112 ibique
1478 2041 1669 2111 positis
1697 2057 1790 2096 ea«

198 2130 334 2185 stris
372 2130 646 2186 consedit.
696 2128 769 2185 At
820 2144 885 2187 ex
916 2130 1020 2185 alia
1059 2142 1214 2202 parte
1260 2133 1506 2189 Saxones
1540 2134 1687 2190 circa
1726 2135 1793 2166 "’

200 2222 537 2279 Nechilstedi
570 2221 639 2254 “°
687 2221 799 2294 (5i)
848 2237 945 2278 sua
975 2232 1154 2280 castra
1202 2224 1406 2287 locant,
1437 2234 1492 2280 et
1518 2224 1647 2280 dum
1699 2239 1794 2282 rex

198 2330 299 2370 eos
330 2315 401 2370 ad
421 2314 719 2371 concilium
770 2324 944 2379 vocet,
993 2326 1311 2389 expectant.
1353 2317 1600 2390 Cumque
1628 2319 1794 2375 verba

201 2407 408 2478 quibus
427 2423 556 2464 suos
602 2418 888 2464 accusatos
910 2408 1163 2465 volebant
1200 2424 1504 2483 expurgare
1535 2412 1794 2483 dispone-

200 2507 348 2579 rent,
400 2499 594 2556 aderat
626 2501 850 2555 nuntius
880 2501 1046 2571 regis,
1081 2503 1173 2573 qui
1200 2518 1379 2577 regem
1409 2519 1532 2558 cum
1565 2502 1798 2560 Saxoni-

199 2590 309 2645 bus
338 2605 447 2645 non
467 2591 655 2645 verbis
678 2592 774 2647 sed
804 2591 948 2649 ferro
976 2594 1042 2625 ¹⁶¹
1072 2593 1352 2664 disputare
1382 2595 1522 2652 velle
1557 2596 1795 2665 dicebat,

199 2691 258 2737 et
278 2681 410 2737 huic
437 2682 821 2753 disceptationi
855 2686 999 2741 diem
1024 2687 1324 2742 crastinum
1374 2687 1795 2744 determinahat.

201 2770 457 2827 Nondum
471 2773 613 2828 bene
633 2773 853 2829 nuntius
878 2774 966 2830 ille
986 2776 1149 2830 verba
1176 2775 1410 2840 finierat,
1428 2791 1552 2832 cum
1576 2777 1799 2832 veniens

203 2862 368 2929 alter,
400 2877 583 2935 regem
625 2878 751 2919 cum
811 2872 922 2921 toto
964 2866 1207 2921 exercitu
1238 2867 1533 2922 adventare
1583 2867 1802 2923 dicebat

204 2956 325 3028 (an.
370 2954 533 3021 1075,
567 2955 702 3011 Jun.
760 2956 867 3027 15).
925 2956 1078 3025 Quod
1121 2958 1300 3030 primo
1335 2973 1443 3013 non
1490 2951 1796 3024 credentes,

203 3046 299 3100 ubi
332 3046 500 3100 nimis
529 3061 720 3101 verum
747 3061 871 3103 esse
915 3057 1274 3119 cognoscunt,
1301 3049 1428 3118 quia
1452 3062 1552 3103 nec
1586 3049 1796 3104 consilii

1893 1862 2355 1935 parteiacuerunt
2381 1873 2505 1920 octo
2537 1864 2820 1935 primates,
2845 1879 2950 1919 non
2976 1863 3157 1921 minus
3196 1864 3314 1936 ipso
3349 1879 3479 1934 rege

1895 1954 2127 2010 nobiles.
2157 1955 2268 2010 lloc
2298 1955 2550 2026 prtelinm
2581 1957 2814 2025 primum
2850 1955 3051 2013 factum
3089 1954 3175 2013 εει
3201 1972 3346 2013 anno
3369 1956 3478 2013 Do-

1895 2048 2027 2103 mini
2054 2046 2211 2113 1075,
2238 2046 2366 2103 ldus
2391 2045 2562 2115 Junii,
2591 2046 2724 2103 feria
2751 2048 2932 2103 tertia.

1966 2137 2057 2193 47.
2092 2138 2235 2210 Ergo
2264 2153 2378 2203 rex,
2402 2139 2601 2210 adepta
2623 2156 2745 2195 cum
2783 2138 2958 2196 multo
3004 2154 3227 2195 suorum
3281 2151 3480 2195 cruore

1896 2228 2147 2290 victoria,
2198 2226 2407 2299 aliquot
2459 2228 2577 2284 dies
2629 2228 2774 2284 intra
2829 2243 2927 2284 sua
2970 2237 3150 2284 castra
3203 2220 3481 2292 manebat,

1896 2317 2069 2373 donec
2088 2331 2183 2373 eos
2198 2332 2337 2387 quos
2366 2318 2433 2374 de
2468 2316 2583 2373 suis
2625 2329 2805 2375 metus
2841 2318 3175 2390 disperserat
3203 2316 3271 2350 ⁸⁸⁸
3300 2316 3480 2373 recol-

1896 2409 2051 2480 legit,
2092 2416 2149 2465 et
2197 2419 2441 2465 mortuos
2464 2424 2595 2465 suos
2626 2410 2712 2464 vel
2752 2410 2973 2481 sepeliri
3027 2409 3110 2465 vel
3134 2409 3189 2465 in
3242 2409 3480 2482 patriam

1897 2497 2239 2569 sepeliendos
2266 2496 2396 2553 fecit
2424 2498 2719 2569 deportari.
2754 2499 2961 2568 Deinde
2984 2498 3281 2555 Saxoniam
3314 2499 3480 2556 nimis

1897 2588 2053 2645 hctus
2077 2590 2323 2655 intravit,
2348 2604 2511 2658 quam
2544 2589 2622 2645 sic
2650 2599 3003 2659 prostratam,
3036 2601 3095 2645 ut
3121 2589 3352 2646 ulterius
3372 2606 3478 2645 non

1898 2687 2231 2751 resurgeret,
2297 2680 2608 2735 aestimavit.
2664 2678 2836 2736 Obvia
2910 2694 3138 2750 quicque
3190 2679 3484 2751 praedando

1899 2769 2125 2839 diripuit
2153 2776 2247 2823 aut
2267 2768 2527 2824 incendio
2554 2768 2908 2838 consumpsit.
2954 2767 3010 2824 Si
3037 2769 3231 2841 pagani
3278 2785 3377 2824 nos
3407 2768 3482 2824 ita

1899 2859 2175 2922 vicissent,
2201 2872 2307 2914 non
2343 2859 2603 2930 majorem
2638 2860 2690 2913 in
2722 2860 2895 2914 victos
2916 2858 3299 2915 crudelitatem
3324 2874 3487 2916 excr-

1900 2958 2110 3005 cercnt.
2142 2948 2382 3005 Feminis
2411 2950 2483 3004 nil
2512 2948 2718 3021 profuit
2749 2950 2800 3005 in
2829 2950 3090 3007 ecclesias
3140 2950 3342 3024 fugisse
3394 2951 3482 3007 vel

1904 3040 2030 3096 illnc
2064 3056 2193 3097 suas
2242 3056 2330 3096 res
2377 3052 2774 3112 comportasse.
2830 3040 2967 3097 Nam
3023 3041 3122 3097 viri
3175 3057 3274 3114 per
3316 3042 3485 3099 silvas

204 3136 364 3195 locus
386 3147 509 3193 erat
536 3138 757 3194 ineundi
800 3152 901 3193 nec
948 3116 1222 3195 exercitus
1268 3116 1335 3195 ad
1366 3140 1617 3210 proelium
1649 3141 1797 3197 ortli-
1825 3116 1870 3178 Ο
1902 3134 2251 3207 diffugerant.
2297 3136 2381 3192 Vel
2435 3136 2761 3206 ubicumque
2809 3152 2958 3207 Spem
3004 3136 3196 3193 salutis
3241 3138 3488 3194 invenire

204 3229 401 3295 nandi,
433 3229 576 3299 quod
607 3245 674 3284 ex
723 3230 1017 3300 improviso
1070 3229 1321 3300 deprensi
1372 3231 1544 3288 solent
1596 3230 1796 3298 facere,

204 3322 367 3393 pauci
413 3321 615 3393 quibus
646 3320 729 3377 vel
778 3324 991 3378 animus
1042 3323 1110 3355 η’
1152 3323 1234 3377 vel
1286 3339 1437 3379 arma
1480 3323 1702 3381 fuerunt
1746 3325 1797 3381 in

204 3423 489 3485 promptu,
533 3413 747 3469 fortiter
803 3414 953 3470 ibant
989 3415 1055 3469 ad
1109 3430 1364 3487 pugnam,
1421 3416 1604 3486 plures
1646 3432 1797 3485 vero,

208 3508 411 3576 quibus
455 3506 619 3577 longe
666 3506 752 3561 vel
789 3508 1002 3563 animus
1050 3508 1131 3563 vel
1164 3524 1315 3563 arma
1344 3517 1504 3563 erant
1553 3509 1641 3574 ³⁸³,
1681 3524 1803 3564 ver-

211 3607 406 3653 tuntur
435 3600 488 3653 in
521 3598 947 3671 fugatn.Verum
974 3601 1075 3671 ipsi
1105 3601 1265 3671 pauci
1293 3602 1386 3672 qui
1431 3602 1500 3657 ad
1549 3604 1800 3675 praelium

209 3690 598 3760 perstiterunt,
628 3689 764 3745 bene
803 3700 1064 3761 quantum
1106 3701 1361 3762 poterant
1391 3691 1477 3748 vel
1515 3707 1668 3748 suam
1721 3693 1801 3748 vel

213 3785 432 3842 illorum
465 3787 559 3857 qui
601 3786 856 3860 fugerant
880 3789 1052 3844 vicem
1111 3796 1459 3859 peregerunt.
1506 3787 1662 3855 Nam,
1700 3789 1803 3843 nisi

213 3880 358 3937 Deus
387 3882 462 3937 ibi
492 3883 809 3953 superbiam
834 3890 1073 3939 nostram
1113 3881 1403 3938 humiliare
1444 3882 1801 3949 decrevisset,

212 3975 533 4046 paucissimi
564 3976 737 4032 nostri
767 3984 941 4031 tutum
981 3976 1281 4031 exercitum
1314 3974 1466 4030 illum
1523 3975 1577 4031 in
1621 3974 1801 4047 fugam

212 4069 528 4124 vertissent.
564 4066 830 4124 Postremi
855 4068 1000 4123 enim
1038 4067 1279 4134 illorum,
1303 4066 1611 4123 nescientes
1658 4065 1803 4134 quod

214 4171 530 4217 nostrorum
564 4176 694 4231 pars
720 4161 891 4231 major
918 4160 1057 4232 fuga:
1104 4175 1166 4216 se
1214 4160 1475 4226 dedisset,
1519 4167 1805 4230 coeperunt

211 4256 349 4310 ct‘“
376 4256 477 4325 ipsi
505 4254 646 4320 fugae
674 4254 920 4324 przesidia
948 4268 1214 4323 quaerere,
1247 4261 1322 4319 et,
1352 4252 1455 4307 nisi
1484 4252 1561 4307 illi
1587 4260 1799 4308 nostro-

213 4363 329 4401 rum
370 4346 554 4417 fugam
584 4346 740 4416 prius
761 4346 1130 4415 agnovissent,
1165 4344 1423 4414 fugiendo
1448 4344 1605 4399 nobis
1631 4344 1804 4399 victo-

1904 3226 2122 3282 latendo
2147 3234 2458 3297 potuerant.
2484 3224 2740 3282 Feminas
2762 3226 2814 3280 in
2839 3226 2970 3298 ipsis
3013 3226 3279 3292 ecclesiis,
3319 3227 3486 3283 etiam

1904 3321 1949 3377 si
1976 3318 2320 3391 fugissentatl
2345 3318 2538 3386 altare,
2563 3318 3013 3390 corrumpebant,
3036 3335 3243 3391 suaque
3263 3319 3489 3376 libidine

1902 3411 2139 3468 barbaro
2165 3425 2315 3469 more
2336 3409 2626 3480 completa,
2654 3407 2887 3464 feminas
2909 3425 3030 3465 cum
3060 3410 3307 3467 ecclesiis
3334 3424 3454 3465 com
3471 3437 3486 3451 -

1903 3504 2192 3559 burebant.
2218 3502 2501 3572 Principes
2525 3515 2654 3557 vero
2676 3501 2850 3557 nostri
2875 3500 3123 3557 diversas
3150 3500 3488 3556 munitiones

1906 3597 2271 3659 intraverunt,
2299 3602 2356 3648 et
2378 3592 2503 3648 inde
2545 3593 2844 3665 legationes
2872 3592 3017 3664 regis
3048 3592 3381 3663 principibus
3419 3590 3489 3624 ¹⁸⁹

1905 3686 2119 3742 obviam
2172 3685 2461 3749 mlserunt,
2503 3684 2876 3749 obsecrantes,
2910 3693 2971 3738 ut
3001 3684 3086 3738 vel
3114 3699 3258 3739 nunc
3285 3683 3394 3739 Deo
3419 3682 3489 3739 de

1906 3794 2005 3834 sua
2060 3777 2231 3849 gloria
2265 3776 2334 3808 ³⁷³
2390 3775 2596 3847 gratias
2618 3784 2868 3848 agerent,
2904 3786 2956 3831 et
2990 3775 3255 3832 fratribus
3282 3777 3396 3833 suis
3430 3777 3487 3833 in

1905 3873 2126 3930 Christo
2149 3887 2246 3943 pro
2268 3871 2472 3927 Christi
2489 3870 2708 3926 nomine
2731 3870 2817 3925 vel
2841 3870 3000 3925 victis
3016 3879 3324 3941 parcerent.
3345 3870 3490 3937 Qua-

1906 3982 2028 4022 rum
2084 3965 2415 4036 legationum
2474 3962 2740 4033 quasdam
2794 3977 3104 4034 supponere
3139 3960 3485 4033 complacuit,

1905 4070 1966 4114 ut
1992 4073 2057 4114 ex
2087 4058 2174 4113 his
2215 4057 2385 4113 lector
2420 4062 2653 4118 ceteras,
2688 4053 2817 4123 quia
2853 4067 3043 4108 omnes
3077 4051 3310 4108 eundem
3358 4064 3487 4106 sen-

1904 4167 2024 4209 sum
2049 4150 2337 4214 habebant,
2362 4159 2657 4218 agnoscere
2683 4146 2875 4216 possit.

1974 4240 2068 4297 48.
2119 4259 2137 4293 ι
2189 4237 2464 4310 Sigefritlo
2524 4236 2839 4308 Magontino
2907 4245 2963 4293 et
3034 4233 3365 4293 Adalberoni
3420 4231 3488 4266 ¹τ¹

1906 4332 2375 4402 Wirtzeburgensi
2403 4334 2493 4401 ³³η,
2521 4330 2845 4404 praesulibus
2868 4329 2935 4364 ""
2957 4328 3338 4397 sanctissimis,
3360 4326 3490 4383 We-

216 4441 348 4495 riam
378 4439 753 4510 reliquissent.
789 4436 962 4505 Quem
1001 4438 1088 4492 cui
1116 4436 1244 4493 belli
1272 4451 1433 4492 casus
1461 4437 1618 4492 daret
1649 4436 1795 4492 occi-

1911 4424 2242 4482 rinherus‘"
2265 4425 2382 4480 solo
2403 4425 2622 4480 nomine
2643 4422 3157 4493 Magedaburgensis
3177 4420 3487 4492 episcopus,

213 4531 357 4599 dere,
385 4545 487 4585 nec
517 4530 651 4600 ipsis
696 4528 791 4599 qui
829 4528 1152 4583 occidebant
1202 4528 1432 4583 dabatur
1483 4542 1798 4597 agnoscere,

212 4624 333 4692 quia
363 4633 514 4678 tanta
548 4621 655 4676 fuit
672 4619 913 4692 pulveris
947 4619 1089 4675 facta
1119 4619 1431 4683 commotio,
1463 4627 1525 4673 ut
1552 4620 1803 4689 cuiquam

214 4715 295 4768 vix
321 4715 465 4770 inter
489 4714 670 4769 civem
704 4722 762 4767 et
793 4712 1002 4767 hostem
1021 4719 1206 4781 posset
1229 4725 1352 4766 esse
1379 4710 1662 4767 discretio.
1689 4710 1805 4765 Hoc

216 4812 388 4861 tamen
432 4790 834 4877 comperimus,
884 4803 1029 4872 quod
1070 4801 1188 4858 Udo
1233 4810 1418 4857 noster
1461 4800 1705 4857 marchio
1735 4800 1805 4834 ¹⁶⁸

215 4900 597 4957 consobrinum
631 4912 797 4953 suum
830 4893 1123 4951 Rodulfum
1154 4893 1348 4949 ducem
1379 4892 1560 4964 gladio
1586 4891 1803 4948 fortiter

218 4993 473 5061 percussit
504 4993 555 5050 in
582 4991 808 5054 faciem,
839 4995 896 5043 et
915 4987 1019 5044 nisi
1062 5001 1232 5042 nasus
1276 4986 1444 5058 galeae
1488 4985 1800 5056 dependens

1910 4519 2164 4591 quicquid
2201 4518 2457 4575 humilius
2478 4526 2656 4589 potest
2679 4525 2734 4572 et
2770 4515 3037 4572 devotius.
3067 4513 3203 4582 Quia
3232 4526 3330 4569 vos
3356 4512 3494 4567 duos

1909 4610 2137 4666 duorum
2170 4619 2563 4681 praeceptorum
2588 4609 2684 4667 Dei
2708 4608 2930 4679 flamma
2961 4606 3081 4678 plus
3112 4605 3234 4662 aliis
3273 4605 3492 4661 fervere

1907 4723 2014 4762 non
2041 4706 2253 4770 dubito,
2282 4705 2593 4777 specialiter
2619 4704 2686 4758 ad
2721 4717 2817 4759 vos
2854 4702 2996 4758 duos
3026 4699 3250 4770 supplex
3302 4699 3492 4755 confu-

1906 4798 2013 4869 gio,
2044 4810 2245 4868 rogans
2273 4804 2329 4850 et
2368 4797 2686 4857 obsecrans,
2741 4800 2799 4845 ιιι
2829 4791 2886 4847 in
2919 4791 3021 4846 hoc
3054 4793 3355 4860 perlectam
3396 4787 3491 4842 Dei

1904 4889 2218 4955 caritatem,
2242 4886 2618 4944 sicutconfido
2640 4900 2736 4942 vos
2759 4886 2981 4951 habere,
3020 4884 3283 4956 probetis,
3333 4892 3392 4937 ut
3436 4882 3491 4935 in

1902 4983 2135 5039 miseros
2165 4981 2364 5038 fratres
2391 4979 2779 5037 misericordiae
2810 4981 3018 5037 viscera
3065 4976 3493 5034 misericorditer

1494 5116 1723 5173 VARIE
1761 5117 2166 5176 LECTIONES.

282 5247 344 5280 tu
372 5247 614 5303 traderet
645 5243 698 5296 1.
781 5238 850 5271 ⁸⁸⁷
876 5236 1194 5295 frithericus
1225 5233 1273 5286 Ἰ.

218 5302 461 5362 cholera."
496 5318 585 5362 Ib-
614 5331 666 5362 ε.
706 5308 895 5362 Dresd.
923 5303 1269 5362 Nechilstede
1296 5304 1351 5358 Ξ.
1430 5303 1496 5334 ¹⁶¹
1532 5302 1671 5357 deest
1705 5302 1755 5356 1.

1354 5233 1421 5266 ¹⁹⁸
1450 5233 1667 5303 betinga
1697 5232 1781 5287 ib.
1813 5251 1861 5287 ι’.
1898 5233 2083 5287 Dresd.
2166 5237 2174 5267 ¹

1430 5303 1496 5334 ¹⁶¹
1532 5304 1671 5357 deest
1705 5302 1755 5356 1.
1837 5304 1903 5335 ¹⁶²
1930 5304 2174 5359 animis!

1930 5317 2131 5358 ιιιιιηιιε
2154 5317 2203 5359 Ι.

2166 5234 2232 5267 ¹⁸⁹
2257 5233 2313 5289 S.
2346 5249 2391 5288 c.
2419 5234 2626 5287 desttnl.
2656 5230 2706 5283 1.
2790 5232 2862 5265 ³⁸⁸
2890 5224 3219 5289 Hechilsledi
3247 5227 3299 5280 1-
3380 5222 3498 5278 Wi-

2282 5305 2351 5337 '“
2374 5310 2494 5358 erat
2533 5303 2581 5356 l.
2659 5301 2727 5335 “3‘
2758 5303 2928 5358 etiam
2964 5302 3045 5356 ib.
3125 5295 3193 5328 ¹⁶⁸
3218 5294 3339 5349 Udo
3363 5308 3500 5348 mar-
