3940 5382
467 336 572 394 519

1425 313 1769 374 BRUNONIS
1806 309 2072 367 CLERICI
2114 306 2250 361 .‘dAG
2263 304 2345 359 DE
2356 299 2739 358 BURGENSIS

3627 295 3726 349 530

471 408 742 505 habeatis.
775 439 1022 515 Cogitate
1048 435 1197 508 quia,
1227 434 1366 489 sicut
1396 446 1490 485 vos
1521 428 1715 484 melius
1743 440 1906 497 quam
1954 436 2055 494 ego
2085 434 2125 488 Α
2156 417 2241 473 vel
2267 415 2451 470 labore
2477 428 2588 470 sure
2612 407 3011 481 dampnationis
3037 406 3269 463 subdere
3308 404 3600 476 potuisset,
3625 418 3727 459 non

466 535 721 599 novistis,
755 512 1012 604 quicquid
1033 524 1190 581 alicui
1221 520 1394 594 gratia
1423 520 1604 574 divina
1649 515 1897 588 largitur,
1950 512 2058 567 hoc

468 630 516 684 ei
532 629 652 682 vice
672 600 881 687 talenti,
901 600 965 677 de
990 633 1096 689 quo
1116 614 1380 670 rationem
1395 619 1627 665 venturo
1644 605 1811 678 judici
1839 600 2057 667 reddat,

470 719 793 775 imnutatur.
836 713 1018 780 itaque
1053 707 1178 778 quia
1212 702 1362 759 vobis
1394 698 1814 754 fat'niliaritatem
1868 707 2053 749 coram

472 809 696 865 domino
727 814 914 861 nostro
941 815 1085 869 rege,
1112 795 1255 867 regis
1279 793 1517 850 caelestis
1558 785 1927 844 misericordia
1955 798 2050 838 vo-

472 901 574 955 luit
610 897 929 959 concedere,
978 893 1055 948 sic
1079 891 1250 959 ipsam
1280 883 1705 941 familiaritatem
1732 878 1892 933 facile
1917 892 2054 931 cun-

473 991 576 1048 ctis
595 990 683 1060 qui
698 970 885 1043 vestro
916 977 1157 1054 indigent
1183 977 1384 1034 auxilio
1413 969 1689 1046 prodesse,
1717 979 1774 1023 ut
1798 978 1853 1024 et
1879 960 2056 1055 omnis

474 1083 566 1155 qui
597 1048 776 1136 vestro
803 1048 1115 1134 sublevatus
1144 1070 1306 1125 fuerit
1332 1060 1558 1130 auxilio,
1592 1064 1657 1117 de
1677 1069 1859 1117 vestra
1886 1048 2058 1112 felici-4

474 1149 584 1229 tate
599 1172 854 1245 gaudeat,
888 1177 944 1246 et
972 1167 1085 1236 ipse
1116 1163 1256 1220 Deus
1282 1169 1540 1215 aeternam
1572 1153 1874 1210 mercedem
1902 1149 2056 1205 vobis

476 1278 575 1335 pro
594 1275 743 1331 lucro
769 1245 957 1314 talenti
983 1255 1204 1309 tribuat.
1237 1250 1294 1306 In
1312 1247 1505 1321 primis
1528 1245 1693 1316 igitur
1723 1257 1898 1298 meam
1926 1254 2059 1296 cau-

477 1332 594 1408 sam
628 1366 751 1406 cum
785 1347 1005 1405 domino
1038 1351 1224 1398 nostro
1254 1340 1507 1408 dignetur
1544 1332 1913 1390 misericordia
1968 1345 2059 1384 ve-

476 1456 590 1500 stra
631 1439 1057 1497 misericorditer
1106 1444 1357 1493 tractare.
1417 1428 1626 1486 scilicet
1673 1427 1801 1497 quia
1844 1439 2062 1497 semper

476 1536 625 1591 volui
654 1543 709 1590 et
740 1532 861 1588 volo
913 1547 1012 1602 pro
1061 1529 1269 1584 viribus
1296 1522 1450 1588 meis,
1483 1530 1537 1577 et
1561 1519 1703 1574 ultra
1739 1517 1901 1581 vires,
1946 1514 2062 1584 ejus

479 1624 674 1681 honori
716 1621 941 1678 servire.
970 1618 1123 1688 Quod
1152 1616 1194 1671 si
1225 1618 1311 1670 me
1340 1614 1482 1669 forte
1516 1609 1774 1681 majestas
1824 1604 1939 1675 ejus
1967 1621 2063 1659 ac-

480 1725 635 1775 cusat
662 1714 753 1780 "",
785 1712 909 1783 quia
933 1710 1002 1746 ¹⁷⁶
1037 1722 1207 1780 nuper
1246 1704 1399 1776 quasi
1450 1702 1789 1774 pugnaturus
1828 1711 1949 1753 cum
1998 1710 2064 1751 eo

2153 511 2270 567 sine
2296 523 2393 565 suo
2437 520 2766 576 suorumque
2806 499 3049 573 periculo
3091 500 3192 555 sibi
3222 497 3497 567 subjicere
3549 496 3724 552 vellet.

2153 602 2304 671 Quod
2327 602 2370 656 si
2400 608 2643 654 nostrum
2673 595 3015 667 sanguinem,
3044 595 3167 648 dum
3201 591 3367 646 nichil
3396 591 3521 661 ejus
3547 605 3729 659 super-

2155 684 2483 760 sit,lahorat
2513 687 2809 753 cii‘undere,
2861 676 3062 758 cogitet
3113 685 3217 739 hoc
3263 699 3371 738 non
3420 680 3587 736 facile
3622 682 3728 735 fieri

2153 799 2313 859 posse
2340 786 2458 840 sine
2480 798 2700 840 suorum
2733 782 2908 851 aliqua
2936 779 3321 836 commixtione
3347 777 3438 833 ιδ’.
3473 778 3666 846 Itaque
3690 777 3730 829 si

2156 878 2310 933 nobis
2337 878 2537 931 nullam
2569 874 2993 943 misericordiam
3023 873 3200 927 facere
3231 871 3503 942 disponit,
3541 869 3730 925 saltem
3794 874 3815 903 '

2157 982 2377 1022 suorum
2406 950 2652 1019 manibus
2678 972 2732 1018 et
2755 961 2946 1034 gladiis
2973 976 3198 1032 parcere
3225 960 3375 1015 velit.
3411 959 3545 1013 llaec
3576 958 3736 1028 igitur

2156 1069 2211 1116 et
2228 1058 2271 1114 si
2292 1074 2396 1129 qtta
2420 1056 2705 1128 potueritis
2724 1055 2954 1125 aptiora,
2981 1054 3198 1108 doznino
3227 1062 3417 1107 nostro
3439 1051 3737 1121 suggerite,

2140 1150 2315 1233 Ieique
2346 1158 2403 1202 ut
2429 1147 2596 1201 Deum
2636 1146 2846 1209 timeat,
2878 1143 3264 1215 populumque,
3315 1142 3405 1195 cui
3441 1151 3632 1195 rector
3665 1147 3743 1193 est

2158 1244 2341 1305 datus,
2373 1255 2479 1295 non
2505 1238 2810 1309 perdatsed
2848 1236 3144 1302 custodiat,
3168 1234 3432 1289 suadcte:
3467 1241 3530 1286 ut
3572 1241 3629 1286 et
3660 1231 3741 1285 ille

2161 1335 2203 1389 si
2238 1350 2334 1388 vos
2364 1332 2620 1395 audierit,
2654 1338 2709 1385 et
2750 1343 2848 1383 vos
2877 1328 2921 1383 si
2953 1328 3091 1383 bene
3140 1326 3446 1389 suaseritis,
3482 1334 3741 1378 aeternam

2163 1425 2467 1481 mercedem
2501 1421 2797 1493 recipiatis.

2231 1517 2322 1573 49.
2356 1534 2375 1568 ι
2414 1515 2656 1570 Dominis
2677 1525 2732 1569 et
2755 1511 2821 1583 Ν.
2855 1510 3231 1568 sacerdotibus
3252 1509 3486 1572 sanctis,
3519 1511 3745 1562 ceteris-

2162 1623 2269 1678 que
2319 1607 2451 1663 viris
2491 1604 2732 1677 ejusdem
2762 1605 2984 1660 virtutis
3013 1613 3067 1657 et
3092 1602 3324 1668 ordinis,
3385 1598 3751 1655 Werinberns

2166 1700 2236 1732 ⁸⁸³
2270 1698 2458 1770 plenus
2487 1699 2633 1754 omni
2662 1698 2902 1761 miseria,
2928 1708 3127 1755 aeterna
3164 1692 3487 1766 participari
3544 1690 3753 1746 miscri-

479 1807 757 1877 venerim;
790 1798 917 1870 hoc,
951 1802 1092 1874 quod
1116 1802 1231 1872 ipsa
1262 1796 1497 1863 Veritas,
1528 1809 1649 1867 qua:
1675 1790 1927 1846 Christus
1955 1797 2061 1851 est.
2094 1770 2137 1829 Β
2163 1794 2371 1850 cordia.
2396 1792 2653 1865 Quamvis
2686 1806 2879 1848 omnes
2908 1790 3353 1862 supplicationes,
3383 1801 3531 1856 quas
3559 1792 3753 1838 vestrae

482 1898 636 1953 novit
662 1911 851 1952 verum
874 1908 1015 1960 esse,
1047 1890 1370 1962 respondete
1401 1905 1415 1942 :
1451 1902 1537 1941 nte
1584 1883 1731 1939 nttlla
1790 1879 2064 1954 pugnandi

484 2002 649 2045 causa
670 1982 907 2051 veniSse,
932 1984 1025 2040 sed
1054 1981 1123 2038 ob
1146 1983 1248 2036 hoc
1272 1979 1467 2043 solum,
1496 1977 1636 2032 sicut
1665 1989 1848 2029 coram
1876 1971 2067 2043 legatis

484 2078 603 2149 ejus
629 2077 805 2134 fuerat
827 2074 1210 2136 constitutum,
1248 2080 1308 2124 ut
1343 2085 1437 2125 eos
1461 2082 1598 2138 quos
1626 2086 1681 2121 ..ι
1710 2064 1914 2120 'rtztris
1946 2076 2069 2133 par-

487 2173 635 2245 tibus
649 2185 775 2226 suos
797 2173 1088 2223 vocaverat
1115 2163 1388 2224 inimicos,
1423 2159 1669 2213 volentes
1691 2157 1806 2211 sive
1829 2153 2069 2209 nolentes

488 2264 539 2320 ei
573 2268 978 2334 prmsentarem,
1002 2266 1272 2328 quatenus
1299 2262 1479 2309 vestro
1509 2251 1847 2318 aliorumque
1872 2245 2072 2317 princi-

491 2370 618 2425 pum
637 2351 867 2421 judicio,
895 2349 979 2405 vel
1010 2349 1063 2404 in
1095 2348 1326 2403 crimine
1357 2340 1678 2415 deprehensi
1700 2341 1852 2413 justo
1872 2337 2074 2408 suppli-

491 2430 577 2500 cio
600 2441 962 2513 subjacerent,
1005 2439 1091 2495 vel
1120 2440 1437 2493 innocentes
1468 2433 1695 2498 inventi,
1727 2433 1880 2489 vobis
1909 2432 2072 2486 inter-

490 2532 814 2589 cedentibus
847 2528 1077 2604 gratiam
1127 2528 1245 2598 ejus
1288 2527 1611 2596 reciperent.
1658 2524 1898 2592 Qnorum
1949 2535 2078 2576 cau-

493 2642 609 2682 sam
642 2626 767 2702 qttia
799 2640 906 2681 non
930 2632 1014 2680 est
1039 2622 1293 2694 dignatus
1333 2618 1598 2687 accipere,
1634 2615 1765 2687 quid
1812 2629 1898 2669 me
1950 2612 2074 2678 nisi,

489 2717 639 2773 sicut
666 2699 792 2782 feci,
815 2714 1039 2771 decebat
1067 2709 1395 2766 abscedere?
1426 2706 1484 2763 Si
1515 2708 1651 2761 alias
1681 2706 1845 2760 michi
1871 2702 2078 2775 quasli-

494 2809 590 2866 bet
634 2807 821 2879 culpas
875 2805 1135 2876 imponet,
1178 2818 1246 2858 ne
1295 2800 1516 2871 longum
1567 2797 1785 2861 faciam,
1841 2803 2079 2849 vestram

494 2899 842 2970 aliorumque
869 2895 1111 2968 ejusdem
1155 2891 1365 2947 ordinis
1397 2891 1635 2945 virorum
1663 2887 1842 2959 patiar
1868 2895 2084 2941 senten-

499 2993 656 3049 tiam.
682 2986 886 3048 Deinde
917 2988 1134 3045 domino
1163 2986 1234 3018 ¹⁷⁷
1263 2992 1452 3040 nostro
1485 2983 1597 3054 regi
1623 2981 1877 3053 dignetur
1925 2979 2082 3034 almi-

500 3094 590 3141 tas
618 3092 801 3139 vestra
851 3094 1146 3151 suggerere
1173 3087 1234 3133 ιιι
1279 3076 1596 3132 recordetur
1644 3089 1704 3131 se
1732 3073 1968 3129 caelestis
1998 3086 2087 3127 re-
2113 3115 2153 3173 Γ

502 3174 587 3248 gis
606 3170 781 3229 vicem
810 3170 971 3227 simul
990 3179 1047 3226 et
1073 3182 1271 3225 nomen
1293 3167 1516 3230 habere,
1544 3165 1638 3236 qui
1678 3163 1811 3220 dicit
1835 3178 1895 3218 se
1920 3163 2083 3218 mise-

503 3266 801 3322 ricordiam
826 3262 998 3334 magis
1024 3260 1157 3317 velle
1179 3275 1341 3332 quam
1368 3257 1718 3324 sacrificium,
1742 3265 1796 3311 ct
1821 3255 1910 3325 qtti
1940 3255 2089 3310 venit

504 3371 618 3436 non
657 3364 717 3410 ut
737 3346 946 3424 judicet
965 3344 1223 3407 mundum
1248 3349 1341 3405 sed
1370 3359 1427 3404 ut
1451 3347 1691 3403 salvetur
1720 3347 1952 3401 mundus
1992 3360 2088 3415 per

507 3448 719 3519 ipsum;
754 3454 1025 3517 quatenus
1054 3442 1180 3498 dum
1230 3440 1362 3496 haec.
1394 3438 1701 3511 recogitans
1747 3452 1897 3504 eum,
1939 3436 2091 3504 cujus

511 3546 598 3595 est
654 3536 723 3569 ’τε
782 3534 1085 3591 membrum
1123 3542 1179 3588 et
1210 3533 1362 3605 cujus
1403 3547 1597 3587 nomen
1641 3526 1828 3594 habet,
1884 3526 2093 3582 actibus

510 3632 695 3691 studet
728 3629 957 3695 imitari,
987 3619 1263 3684 mereatur
1290 3627 1345 3681 in
1376 3640 1544 3696 regno
1599 3622 1807 3679 caelesti
1855 3622 2105 3676 beatituw

512 3722 660 3779 diuis
685 3730 903 3779 aeternae
930 3718 1101 3791 gloria
1127 3717 1397 3774 coronari.
1430 3714 1533 3770 Per
1556 3705 1728 3769 totum
1746 3710 1871 3774 fere
1893 3725 2093 3765 annum

512 3813 712 3871 litteris
762 3812 994 3884 aliisque
1068 3809 1427 3883 legationibus
1477 3804 1681 3862 nostris
1731 3818 1921 3860 omnes
1982 3800 2098 3858 fere

511 3907 791 3979 principes
804 3905 957 3978 regni
985 3904 1305 3975 suppliciter
1332 3898 1623 3967 adivimus,
1649 3908 1704 3953 et
1733 3906 1795 3953 ut
1818 3896 1973 3953 nobis
2005 3909 2098 3950 co-

509 3988 659 4071 piam
697 4000 879 4055 coram
920 3995 1172 4052 veniendi
1217 3993 1568 4064 acquirerent
1607 3991 1911 4056 oravimus,
1964 4004 2100 4060 qua-

516 4090 678 4169 tenus
703 4086 891 4146 eorum
912 4088 1116 4158 judicio
1145 4086 1230 4141 vel
1265 4086 1411 4141 noxii
1440 4079 1871 4153 dampnaremur
1917 4079 1983 4111 "’
2014 4079 2101 4134 vel

517 4183 726 4240 innoxii
757 4182 1112 4238 solveremur.
1143 4177 1297 4247 Quod
1322 4176 1449 4246 quia
1479 4188 1776 4243 numquam
1808 4172 2102 4242 impetrare

516 4276 818 4347 potuimus,
838 4273 1036 4326 iterum
1061 4285 1160 4324 vos
1185 4277 1241 4323 et
1260 4282 1448 4322 omnes
1469 4266 1563 4321 Dei
1585 4264 1769 4318 fideles
1789 4262 1943 4334 suppl
1969 4264 2105 4318 citcr

520 4382 764 4429 oramus,
811 4374 871 4417 ut
907 4363 1101 4417 saltem
1127 4374 1294 4422 nunc,
1332 4366 1618 4427 postquam
1647 4356 1783 4437 iram
1811 4370 1964 4409 suam
2009 4370 2106 4407 no—

2165 1887 2481 1960 paternitati
2504 1885 2688 1941 verbis
2713 1884 2807 1959 vel
2835 1883 3034 1939 litteris
3073 1882 3199 1945 feci.
3228 1879 3416 1935 nichil
3460 1875 3635 1932 michi
3665 1872 3751 1927 ad-

2168 1980 2274 2034 huc
2293 1978 2506 2035 videam
2538 1976 2835 2048 profuisse,
2874 1984 3054 2031 tamen
3089 1975 3287 2030 iterum
3328 1979 3532 2026 vestra:
3565 1962 3748 2038 pietati

2169 2085 2277 2124 non
2312 2081 2470 2124 cesso
2506 2066 2836 2138 supplicare,
2864 2075 2949 2131 ut,
2978 2065 3023 2120 si
3053 2080 3151 2119 vos
3172 2078 3273 2119 nec
3291 2075 3412 2117 mea
3443 2054 3753 2114 innocentis

2168 2157 2471 2224 calamitas,
2503 2172 2626 2219 nec,
2658 2172 2779 2228 quae
2805 2155 2890 2210 vel
2921 2154 3243 2211 nocentibus
3293 2151 3435 2207 solet
3482 2143 3753 2209 misereri,

2170 2247 2338 2305 ﬂectit
2363 2247 2470 2301 ulla
2494 2247 2690 2317 pietas,
2727 2245 2918 2302 saltem
2948 2259 3045 2301 vos
3070 2244 3230 2317 tcedio
3257 2257 3357 2297 suo
3391 2255 3526 2315 mea
3575 2238 3757 2311 vincat

2171 2337 2572 2409 importunitas.
2613 2338 2718 2393 Per
2762 2335 3149 2408 omnipotentis
3192 2336 3360 2405 igitur
3387 2332 3484 2387 Dei
3519 2330 3755 2387 clemen-

2175 2431 2304 2511 tiam
2330 2445 2428 2486 vos
2446 2445 2579 2500 rogo
2602 2429 2808 2500 pariter
2822 2437 2877 2483 et
2900 2442 3111 2493 moneo,
3125 2425 3382 2497 praesules
3403 2421 3754 2484 sant-tissimi,

2175 2531 2236 2578 ut
2276 2522 2331 2576 in
2381 2536 2467 2578 me
2494 2536 2592 2577 vos
2632 2521 2779 2591 ipsos
2829 2519 3176 2576 considerare
3200 2514 3535 2587 dignemini,
3577 2521 3634 2568 et
3677 2525 3757 2565 me

2179 2631 2288 2671 non
2314 2613 2486 2670 solum
2517 2614 2571 2669 in
2606 2613 2752 2669 nullo
2789 2598 3021 2669 crimine
3043 2610 3374 2687 convictum,
3419 2607 3518 2663 sed
3560 2621 3661 2661 nec
3696 2603 3757 2657 tle

2179 2703 2288 2762 ullo
2315 2706 2383 2739 ’⁸⁸
2413 2705 2641 2761 crimine
2669 2703 3077 2775 compellatum,
3131 2699 3522 2770 condempnari
3574 2712 3645 2751 ne
3672 2711 3759 2766 pa-

2183 2798 2415 2854 tiamini.
2465 2797 2632 2869 Culpa
2686 2796 2846 2852 michi
2876 2795 3029 2867 prius
3076 2793 3400 2862 imponatur,
3435 2787 3760 2844 defensionis

2184 2896 2346 2956 michi
2370 2893 2520 2949 locus
2550 2890 2803 2954 donetur,
2833 2888 2922 2943 tibi
2975 2885 3061 2943 vel
3108 2899 3312 2943 nocens
3340 2892 3528 2938 vestro
3567 2879 3761 2961 judicio

2186 2990 2403 3062 dignum
2434 3000 2600 3057 cogar
2627 2982 2809 3039 subire
2835 2977 3182 3052 supplicium,
3229 2975 3326 3032 vel.
3373 2975 3643 3029 innocens
3680 2985 3763 3024 ve-

2187 3088 2360 3136 strum
2385 3077 2484 3131 sub
2509 3074 2682 3147 gratia
2715 3070 2919 3127 domini
2957 3067 3131 3123 nostri
3181 3066 3247 3100 ’⁸⁸
3301 3079 3521 3120 merear
3572 3062 3764 3117 habere

2138 3156 2156 3174 ’
2190 3168 2544 3226 consortium.
2590 3163 2723 3231 Quis
2770 3161 2914 3217 enim
2966 3158 3067 3214 fuit
3118 3172 3378 3229 umquam
3435 3156 3587 3228 juste
3629 3152 3767 3224 prius

2188 3259 2534 3329 dampnatus,
2557 3269 2719 3325 quam
2751 3254 2815 3308 dc
2839 3250 3022 3320 aliquo
3045 3249 3277 3305 crimine
3318 3246 3517 3303 fuisset
3551 3258 3769 3301 accusa-

2192 3351 2311 3405 tus?
2343 3348 2588 3403 Nondum
2619 3344 2781 3401 michi
2816 3342 3042 3414 cognovi
3093 3340 3308 3411 culpam
3339 3338 3642 3409 quamlibet
3680 3338 3769 3390 iut-

2194 3441 2340 3515 poni.
2360 3451 2409 3494 et
2433 3440 2566 3511 jam,
2597 3436 2751 3509 quasi
2781 3435 3070 3492 criminum
3094 3432 3452 3505 plurimorum
3476 3431 3768 3492 convictus,

2194 3546 2389 3603 poenas
2416 3528 2741 3585 saevissimas
2770 3524 2915 3580 dedi.
2941 3524 3093 3593 Quod
3136 3524 3181 3579 si
3226 3537 3312 3577 me
3347 3521 3642 3591 quisquam
3687 3519 3772 3572 do-

2194 3624 2343 3679 mino
2373 3637 2492 3677 meo
2524 3620 2689 3674 fuisse
2713 3616 2802 3673 vel
2856 3629 2977 3671 csse
3001 3613 3265 3685 perfidum
3298 3612 3647 3677 criminatur,
3678 3602 3770 3662 non

2195 3716 2375 3770 minus
2400 3727 2559 3782 quam
2588 3710 2678 3780 qui
2701 3708 2835 3763 dixit
2859 3706 3126 3762 Domino:
3156 3723 3175 3757 ι
3210 3703 3533 3757 Demonium
3566 3700 3767 3755 babes:

2197 3805 2478 3861 mentitur.
2502 3801 2627 3857 Haec
2655 3800 2819 3872 igitur
2855 3814 2977 3853 cum
3010 3794 3228 3853 domino
3263 3803 3452 3849 nostro
3484 3792 3770 3848 clementer

2201 3906 2454 3963 tractate,
2484 3902 2618 3950 etut
2646 3909 2703 3949 se
2733 3906 2914 3962 regem
2944 3905 3066 3946 esse
3107 3888 3373 3956 recogitet
3423 3885 3496 3918 ¹⁶⁶
3544 3885 3773 3945 suadete,

2197 3998 2256 4046 et
2293 3989 2433 4044 unlc
2464 4002 2555 4043 rex
2597 3986 2666 4042 sit
2698 3984 2997 4056 appellatus
3047 3981 3291 4037 edoccte.
3345 3978 3546 4034 Vestra
3579 3988 3776 4048 quoque

2200 4080 2468 4155 Sapientia
2500 4081 2753 4151 dignetur
2779 4092 2962 4134 secum
2995 4089 3252 4147 pensare,
3278 4057 3456 4141 cujus
3484 4072 3571 4133 vel
3602 4064 3774 4140 quanti

2203 4176 2448 4234 criminis
2479 4174 2573 4239 sit,
2603 4170 2953 4228 ecclesiarum
2987 4169 3125 4224 bona
3156 4175 3395 4230 vastare,
3430 4164 3582 4233 ipsas
3618 4160 3775 4217 eccle-

2206 4269 2315 4324 sias
2343 4263 2580 4337 polluere
2601 4264 2682 4318 vel
2726 4261 3043 4326 incendere;
3068 4266 3125 4313 et
3150 4258 3191 4312 si
3221 4257 3387 4310 ttllum
3420 4255 3506 4309 vel
3538 4265 3775 4322 magnum

2207 4361 2412 4417 crimen
2436 4373 2557 4414 esse
2587 4356 2854 4420 videatur,
2889 4355 2941 4408 in
2976 4354 3078 4408 hoc
3105 4351 3172 4384 ⁸⁸⁷
3204 4366 3300 4405 vos
3342 4349 3567 4404 domino
3610 4356 3776 4401 nostro

516 4446 642 4519 istro
665 4454 861 4516 cruore
882 4457 1125 4523 satiavit,
1157 4465 1441 4526 postquam
1473 4454 1615 4507 Deus
1647 4436 1746 4516 illi,
1778 4452 1916 4507 sicut
1939 4466 2101 4521 opor-
2132 4458 2182 4516 D
2209 4448 2393 4505 fideles
2413 4462 2534 4503 esse
2557 4446 2803 4517 probate,
2836 4453 2916 4508 ιιι,
2943 4444 3067 4498 (Ιιιιιι
3084 4456 3212 4495 eum
3239 4441 3306 4494 ab
3333 4436 3540 4507 injuste
3566 4451 3775 4493 revoca-

522 4550 695 4619 tebat,
730 4553 991 4607 honorem
1017 4548 1260 4612 donavit,
1292 4546 1528 4602 furorem
1561 4547 1815 4615 deponat,
1841 4546 1951 4601 Deo
1989 4544 2104 4615 glo-

527 4648 668 4703 riam
696 4628 906 4709 reddat,
930 4641 1141 4712 etquod
1167 4647 1293 4696 ante
1318 4638 1633 4710 sanguinem
1652 4637 1885 4693 etl'usum
1916 4637 2109 4693 fecisse

526 4729 766 4809 poterat,
795 4751 939 4792 nunc
970 4744 1120 4789 tanto
1148 4733 1413 4805 sanguine
1444 4731 1565 4786 fuso
1596 4729 1782 4786 faciat.
1814 4730 1914 4786 Det
1953 4731 2111 4786 nobis

528 4828 710 4883 locum
754 4826 845 4881 tibi
884 4826 1185 4892 vobiscum,
1234 4833 1289 4879 et
1324 4836 1447 4878 cum
1488 4819 1741 4888 Rodolfo,
1790 4820 2111 4875 Bercbtaldo

529 4920 626 4994 βο,
654 4919 947 4976 Godefrid‘o
977 4918 1201 4974 ducibus
1227 4916 1521 4973 convenire
1550 4915 1822 4985 possimus
1856 4910 1920 4944 ¹⁸¹
1940 4929 1955 4978 ;
1976 4919 2030 4965 et
2059 4911 2110 4965 in

538 5030 604 5040 ηι-
614 5030 636 5040 Α
648 5027 709 5040 Δ..
719 5030 765 5040 ιιι

776 5028 875 5040 naua
902 5028 959 5040 -Α
981 5013 1131 5040 ’.Λιπῖρ
1156 5009 1449 5040 nou'nn‘\:lnc
1475 5022 1593 5040 noon
1615 5005 1922 5040 II:IIOI\:MIII‘
1966 5001 2111 5040 nm":

2211 4542 2302 4608 tis,
2333 4539 2450 4610 ejus
2474 4539 2708 4592 animam
2735 4536 2801 4591 ab
2824 4533 3073 4590 incendio
3099 4532 3361 4603 gehennae
3390 4529 3674 4593 liberetis;
3697 4542 3773 4589 ne,

2214 4631 2340 4689 dum
2369 4629 2457 4684 ille
2483 4637 2708 4684 externa
2740 4635 3057 4680 sanctorum
3101 4624 3239 4677 bona
3287 4618 3491 4689 injuste
3529 4620 3775 4679 devastat,

2213 4719 2447 4775 internis
2468 4716 2646 4781 bonis,
2679 4723 2993 4769 sanctorum
3025 4711 3196 4785 gratia
3221 4710 3488 4781 privatus,
3517 4708 3667 4777 juste
3700 4722 3774 4760 cae

2217 4820 2355 4869 rcat.
2414 4809 2817 4865 Rccordcretur
2875 4807 3042 4862 etiam
3107 4804 3394 4876 prudentia
3440 4815 3623 4859 vestra
3668 4801 3778 4872 quia

2218 4915 2449 4962 mortem
2482 4905 2720 4959 minatur
2741 4902 3017 4972 apostolus
3047 4916 3155 4957 non
3186 4900 3360 4956 solum
3414 4908 3595 4955 morte
3640 4898 3779 4967 digna

2221 4997 2567 5040 fsminntihnc.
2604 4992 2695 5040 sed
2728 4995 2891 5040 etiam
2921 4992 3410 5040 consentientibus.
3443 5012 3466 5040 ι
3560 5036 3563 5037 γ
