  <div class='ocr_page' id='page_1' title='image "/cluster/home/n/w/nwhite01/storage/ocr_20150623/147/hvd.32044010574002/266.png"; bbox 0 0 3940 5382; ppageno 0'>
   <div class='ocr_carea' id='block_1_1' title="bbox 148 299 273 348">
    <p class='ocr_par' dir='ltr' id='par_1_1' title="bbox 148 299 273 348">
     <span class='ocr_line' id='line_1_1' title="bbox 148 299 273 348; baseline 0 -1"><span class='ocrx_word' id='word_1_1' title='bbox 148 299 273 348; x_wconf 73' lang='grc' dir='ltr'><strong>’ὺΖΙ</strong></span> 
     </span>
    </p>
   </div>
   <div class='ocr_carea' id='block_1_2' title="bbox 1418 285 2162 346">
    <p class='ocr_par' dir='ltr' id='par_1_2' title="bbox 1418 285 2162 346">
     <span class='ocr_line' id='line_1_2' title="bbox 1418 285 2162 346; baseline 0.005 -6"><span class='ocrx_word' id='word_1_2' title='bbox 1418 287 1503 341; x_wconf 69' lang='lat' dir='ltr'><strong>Dii</strong></span> <span class='ocrx_word' id='word_1_3' title='bbox 1539 285 1759 343; x_wconf 79' lang='lat' dir='ltr'><strong>BELLO</strong></span> <span class='ocrx_word' id='word_1_4' title='bbox 1796 285 2162 346; x_wconf 71' lang='lat' dir='ltr'><strong>SAXONICO.</strong></span> 
     </span>
    </p>
   </div>
   <div class='ocr_carea' id='block_1_3' title="bbox 3330 297 3434 352">
    <p class='ocr_par' dir='ltr' id='par_1_3' title="bbox 3330 297 3434 352">
     <span class='ocr_line' id='line_1_3' title="bbox 3330 297 3434 352; baseline 0.038 -4"><span class='ocrx_word' id='word_1_5' title='bbox 3330 297 3434 352; x_wconf 64' lang='lat'><strong>52?.</strong></span> 
     </span>
    </p>
   </div>
   <div class='ocr_carea' id='block_1_4' title="bbox 150 378 3437 489">
    <p class='ocr_par' dir='ltr' id='par_1_4' title="bbox 150 378 3437 489">
     <span class='ocr_line' id='line_1_4' title="bbox 150 378 3437 489; baseline 0 -29"><span class='ocrx_word' id='word_1_6' title='bbox 150 378 531 478; x_wconf 53' lang='lat' dir='ltr'><strong>.cniepiscopo</strong></span> <span class='ocrx_word' id='word_1_7' title='bbox 574 399 1053 476; x_wconf 69' lang='lat' dir='ltr'><strong>lagedaburgensi</strong></span> <span class='ocrx_word' id='word_1_8' title='bbox 1099 400 1309 489; x_wconf 56' lang='lat' dir='ltr'><strong>litteras</strong></span> <span class='ocrx_word' id='word_1_9' title='bbox 1346 398 1514 465; x_wconf 95' lang='lat' dir='ltr'><strong>misit,</strong></span> <span class='ocrx_word' id='word_1_10' title='bbox 1561 398 1758 468; x_wconf 85' lang='lat' dir='ltr'><strong>quibus</strong></span> <span class='ocrx_word' id='word_1_11' title='bbox 1786 401 1834 460; x_wconf 81' lang='grc' dir='ltr'><strong>Α</strong></span> <span class='ocrx_word' id='word_1_12' title='bbox 1862 399 1982 456; x_wconf 86' lang='lat' dir='ltr'><strong>sine</strong></span> <span class='ocrx_word' id='word_1_13' title='bbox 2010 400 2168 471; x_wconf 90' lang='lat' dir='ltr'><strong>culpa</strong></span> <span class='ocrx_word' id='word_1_14' title='bbox 2207 403 2423 467; x_wconf 89' lang='lat' dir='ltr'><strong>vastati,</strong></span> <span class='ocrx_word' id='word_1_15' title='bbox 2473 416 2503 455; x_wconf 93' lang='lat' dir='ltr'><strong>a</strong></span> <span class='ocrx_word' id='word_1_16' title='bbox 2556 402 2754 471; x_wconf 81' lang='lat' dir='ltr'><strong>quibus</strong></span> <span class='ocrx_word' id='word_1_17' title='bbox 2789 419 2888 458; x_wconf 90' lang='lat' dir='ltr'><strong>nos</strong></span> <span class='ocrx_word' id='word_1_18' title='bbox 2934 412 3209 473; x_wconf 84' lang='lat' dir='ltr'><strong>oporteret</strong></span> <span class='ocrx_word' id='word_1_19' title='bbox 3248 408 3332 459; x_wconf 80' lang='lat' dir='ltr'><strong>vet</strong></span> <span class='ocrx_word' id='word_1_20' title='bbox 3380 406 3437 460; x_wconf 86' lang='lat' dir='ltr'><strong>in</strong></span> 
     </span>
    </p>
   </div>
   <div class='ocr_carea' id='block_1_5' title="bbox 166 493 1758 564">
    <p class='ocr_par' dir='ltr' id='par_1_5' title="bbox 166 493 1758 564">
     <span class='ocr_line' id='line_1_5' title="bbox 166 493 1758 564; baseline -0.005 -11"><span class='ocrx_word' id='word_1_21' title='bbox 166 513 303 552; x_wconf 85' lang='lat' dir='ltr'><strong>eum</strong></span> <span class='ocrx_word' id='word_1_22' title='bbox 343 496 416 530; x_wconf 79' lang='grc'><strong>⁸⁸⁸</strong></span> <span class='ocrx_word' id='word_1_23' title='bbox 441 494 793 561; x_wconf 88' lang='lat' dir='ltr'><strong>commonuit,</strong></span> <span class='ocrx_word' id='word_1_24' title='bbox 824 504 885 549; x_wconf 90' lang='lat' dir='ltr'><strong>ut</strong></span> <span class='ocrx_word' id='word_1_25' title='bbox 904 496 1255 564; x_wconf 82' lang='lat' dir='ltr'><strong>quocumque</strong></span> <span class='ocrx_word' id='word_1_26' title='bbox 1287 493 1446 547; x_wconf 88' lang='lat' dir='ltr'><strong>modo</strong></span> <span class='ocrx_word' id='word_1_27' title='bbox 1474 493 1758 560; x_wconf 86' lang='lat' dir='ltr'><strong>potuisset,</strong></span> 
     </span>
    </p>
   </div>
   <div class='ocr_carea' id='block_1_6' title="bbox 163 581 1758 657">
    <p class='ocr_par' dir='ltr' id='par_1_6' title="bbox 163 581 1758 657">
     <span class='ocr_line' id='line_1_6' title="bbox 163 581 1758 657; baseline -0.003 -15"><span class='ocrx_word' id='word_1_28' title='bbox 163 602 369 657; x_wconf 80' lang='lat' dir='ltr'><strong>pacem</strong></span> <span class='ocrx_word' id='word_1_29' title='bbox 417 585 601 643; x_wconf 86' lang='lat' dir='ltr'><strong>facere</strong></span> <span class='ocrx_word' id='word_1_30' title='bbox 654 600 777 640; x_wconf 85' lang='lat' dir='ltr'><strong>cum</strong></span> <span class='ocrx_word' id='word_1_31' title='bbox 825 598 954 656; x_wconf 81' lang='lat' dir='ltr'><strong>rege</strong></span> <span class='ocrx_word' id='word_1_32' title='bbox 1003 591 1293 653; x_wconf 76' lang='lat' dir='ltr'><strong>satageret.</strong></span> <span class='ocrx_word' id='word_1_33' title='bbox 1350 581 1557 649; x_wconf 80' lang='lat' dir='ltr'><strong>Quibus</strong></span> <span class='ocrx_word' id='word_1_34' title='bbox 1611 581 1758 637; x_wconf 84' lang='lat' dir='ltr'><strong>litte-</strong></span> 
     </span>
    </p>
   </div>
   <div class='ocr_carea' id='block_1_7' title="bbox 166 673 1760 747">
    <p class='ocr_par' dir='ltr' id='par_1_7' title="bbox 166 673 1760 747">
     <span class='ocr_line' id='line_1_7' title="bbox 166 673 1760 747; baseline -0.001 -15"><span class='ocrx_word' id='word_1_35' title='bbox 166 679 252 733; x_wconf 86' lang='lat' dir='ltr'><strong>ris</strong></span> <span class='ocrx_word' id='word_1_36' title='bbox 302 679 406 734; x_wconf 86' lang='lat' dir='ltr'><strong>bas</strong></span> <span class='ocrx_word' id='word_1_37' title='bbox 457 678 672 734; x_wconf 92' lang='lat' dir='ltr'><strong>litteras</strong></span> <span class='ocrx_word' id='word_1_38' title='bbox 717 674 1228 747; x_wconf 73' lang='lat' dir='ltr'><strong>Magcdaburgensis</strong></span> <span class='ocrx_word' id='word_1_39' title='bbox 1275 673 1628 745; x_wconf 74' lang='lat' dir='ltr'><strong>archiprzesul</strong></span> <span class='ocrx_word' id='word_1_40' title='bbox 1677 688 1760 730; x_wconf 87' lang='lat' dir='ltr'><strong>re-</strong></span> 
     </span>
    </p>
   </div>
   <div class='ocr_carea' id='block_1_8' title="bbox 162 771 376 824">
    <p class='ocr_par' dir='ltr' id='par_1_8' title="bbox 162 771 376 824">
     <span class='ocr_line' id='line_1_8' title="bbox 162 771 376 824; baseline 0.009 -2"><span class='ocrx_word' id='word_1_41' title='bbox 162 771 328 824; x_wconf 83' lang='lat' dir='ltr'><strong>misit</strong></span> <span class='ocrx_word' id='word_1_42' title='bbox 361 788 376 823; x_wconf 91' lang='lat'><strong>:</strong></span> 
     </span>
    </p>
   </div>
   <div class='ocr_carea' id='block_1_9' title="bbox 240 857 1755 921">
    <p class='ocr_par' dir='ltr' id='par_1_9' title="bbox 240 857 1755 921">
     <span class='ocr_line' id='line_1_9' title="bbox 240 857 1755 921; baseline -0.001 -8"><span class='ocrx_word' id='word_1_43' title='bbox 240 859 336 914; x_wconf 82' lang='lat' dir='ltr'><strong>5t.</strong></span> <span class='ocrx_word' id='word_1_44' title='bbox 382 879 403 911; x_wconf 71' lang='grc' dir='ltr'>ε</span> <span class='ocrx_word' id='word_1_45' title='bbox 444 859 727 915; x_wconf 83' lang='lat' dir='ltr'><strong>Sacerdoti</strong></span> <span class='ocrx_word' id='word_1_46' title='bbox 778 858 873 914; x_wconf 92' lang='lat' dir='ltr'><strong>Dei</strong></span> <span class='ocrx_word' id='word_1_47' title='bbox 925 857 1208 914; x_wconf 85' lang='lat' dir='ltr'><strong>Friderico</strong></span> <span class='ocrx_word' id='word_1_48' title='bbox 1259 858 1328 891; x_wconf 79' lang='grc'><strong><em>³⁵⁸</em></strong></span> <span class='ocrx_word' id='word_1_49' title='bbox 1384 858 1755 921; x_wconf 87' lang='lat' dir='ltr'><strong>sanctissimo,</strong></span> 
     </span>
    </p>
   </div>
   <div class='ocr_carea' id='block_1_10' title="bbox 156 948 1763 1019">
    <p class='ocr_par' dir='ltr' id='par_1_10' title="bbox 156 948 1763 1019">
     <span class='ocr_line' id='line_1_10' title="bbox 156 948 1763 1019; baseline 0.001 -16"><span class='ocrx_word' id='word_1_50' title='bbox 156 949 536 1006; x_wconf 79' lang='lat' dir='ltr'><strong>’Werinhems</strong></span> <span class='ocrx_word' id='word_1_51' title='bbox 564 950 654 1015; x_wconf 65' lang='grc' dir='ltr'><strong>ηδ.</strong></span> <span class='ocrx_word' id='word_1_52' title='bbox 696 965 763 1004; x_wconf 92' lang='lat' dir='ltr'><strong>eo</strong></span> <span class='ocrx_word' id='word_1_53' title='bbox 804 950 950 1019; x_wconf 88' lang='lat' dir='ltr'><strong>quod</strong></span> <span class='ocrx_word' id='word_1_54' title='bbox 979 957 1206 1004; x_wconf 86' lang='lat' dir='ltr'><strong>vocatur</strong></span> <span class='ocrx_word' id='word_1_55' title='bbox 1241 948 1515 1019; x_wconf 89' lang='lat' dir='ltr'><strong>indignus,</strong></span> <span class='ocrx_word' id='word_1_56' title='bbox 1539 949 1763 1005; x_wconf 88' lang='lat' dir='ltr'><strong>devotos</strong></span> 
     </span>
    </p>
   </div>
   <div class='ocr_carea' id='block_1_11' title="bbox 154 1038 1759 1107">
    <p class='ocr_par' dir='ltr' id='par_1_11' title="bbox 154 1038 1759 1107">
     <span class='ocr_line' id='line_1_11' title="bbox 154 1038 1759 1107; baseline 0.001 -14"><span class='ocrx_word' id='word_1_57' title='bbox 154 1040 438 1095; x_wconf 68' lang='lat' dir='ltr'><strong>fraternae</strong></span> <span class='ocrx_word' id='word_1_58' title='bbox 479 1039 761 1094; x_wconf 76' lang='lat' dir='ltr'><strong>servitutis</strong></span> <span class='ocrx_word' id='word_1_59' title='bbox 808 1039 1053 1095; x_wconf 79' lang='lat' dir='ltr'><strong>affectus.</strong></span> <span class='ocrx_word' id='word_1_60' title='bbox 1097 1038 1358 1107; x_wconf 84' lang='lat' dir='ltr'><strong>Quamvis</strong></span> <span class='ocrx_word' id='word_1_61' title='bbox 1399 1052 1465 1093; x_wconf 91' lang='lat' dir='ltr'><strong>eo</strong></span> <span class='ocrx_word' id='word_1_62' title='bbox 1504 1053 1759 1104; x_wconf 76' lang='lat' dir='ltr'><strong>mmrore,</strong></span> 
     </span>
    </p>
   </div>
   <div class='ocr_carea' id='block_1_12' title="bbox 161 1129 1762 1202">
    <p class='ocr_par' dir='ltr' id='par_1_12' title="bbox 161 1129 1762 1202">
     <span class='ocr_line' id='line_1_12' title="bbox 161 1129 1762 1202; baseline 0.001 -18"><span class='ocrx_word' id='word_1_63' title='bbox 161 1146 338 1199; x_wconf 83' lang='lat' dir='ltr'><strong>quem</strong></span> <span class='ocrx_word' id='word_1_64' title='bbox 370 1146 514 1186; x_wconf 82' lang='lat' dir='ltr'><strong>nova</strong></span> <span class='ocrx_word' id='word_1_65' title='bbox 559 1131 836 1186; x_wconf 75' lang='lat' dir='ltr'><strong>tribulatio</strong></span> <span class='ocrx_word' id='word_1_66' title='bbox 867 1131 1072 1202; x_wconf 80' lang='lat' dir='ltr'><strong>genuit,</strong></span> <span class='ocrx_word' id='word_1_67' title='bbox 1116 1130 1190 1185; x_wconf 91' lang='lat' dir='ltr'><strong>ita</strong></span> <span class='ocrx_word' id='word_1_68' title='bbox 1230 1129 1332 1186; x_wconf 90' lang='lat' dir='ltr'><strong>sim</strong></span> <span class='ocrx_word' id='word_1_69' title='bbox 1368 1129 1583 1201; x_wconf 90' lang='lat' dir='ltr'><strong>plenus,</strong></span> <span class='ocrx_word' id='word_1_70' title='bbox 1618 1139 1679 1186; x_wconf 88' lang='lat' dir='ltr'><strong>ut</strong></span> <span class='ocrx_word' id='word_1_71' title='bbox 1710 1132 1762 1186; x_wconf 88' lang='lat' dir='ltr'><strong>in</strong></span> 
     </span>
    </p>
   </div>
   <div class='ocr_carea' id='block_1_13' title="bbox 160 1219 1767 1292">
    <p class='ocr_par' dir='ltr' id='par_1_13' title="bbox 160 1219 1767 1292">
     <span class='ocr_line' id='line_1_13' title="bbox 160 1219 1767 1292; baseline 0.001 -17"><span class='ocrx_word' id='word_1_72' title='bbox 160 1220 602 1291; x_wconf 69' lang='lat' dir='ltr'><strong>penetrabilibus</strong></span> <span class='ocrx_word' id='word_1_73' title='bbox 638 1222 820 1277; x_wconf 82' lang='lat' dir='ltr'><strong>cordis</strong></span> <span class='ocrx_word' id='word_1_74' title='bbox 855 1222 962 1276; x_wconf 90' lang='lat' dir='ltr'><strong>mei</strong></span> <span class='ocrx_word' id='word_1_75' title='bbox 1005 1219 1186 1276; x_wconf 89' lang='lat' dir='ltr'><strong>nullus</strong></span> <span class='ocrx_word' id='word_1_76' title='bbox 1222 1219 1316 1276; x_wconf 91' lang='lat' dir='ltr'><strong>ulli</strong></span> <span class='ocrx_word' id='word_1_77' title='bbox 1352 1220 1549 1292; x_wconf 87' lang='lat' dir='ltr'><strong>gaudio</strong></span> <span class='ocrx_word' id='word_1_78' title='bbox 1595 1222 1767 1292; x_wconf 87' lang='lat' dir='ltr'><strong>possit</strong></span> 
     </span>
    </p>
   </div>
   <div class='ocr_carea' id='block_1_14' title="bbox 162 1311 1768 1378">
    <p class='ocr_par' dir='ltr' id='par_1_14' title="bbox 162 1311 1768 1378">
     <span class='ocr_line' id='line_1_14' title="bbox 162 1311 1768 1378; baseline 0.001 -12"><span class='ocrx_word' id='word_1_79' title='bbox 162 1312 408 1367; x_wconf 80' lang='lat' dir='ltr'><strong>inveniri</strong></span> <span class='ocrx_word' id='word_1_80' title='bbox 434 1312 608 1378; x_wconf 86' lang='lat' dir='ltr'><strong>locus,</strong></span> <span class='ocrx_word' id='word_1_81' title='bbox 634 1312 1023 1369; x_wconf 86' lang='lat' dir='ltr'><strong>consolationis</strong></span> <span class='ocrx_word' id='word_1_82' title='bbox 1048 1322 1231 1367; x_wconf 90' lang='lat' dir='ltr'><strong>tamen</strong></span> <span class='ocrx_word' id='word_1_83' title='bbox 1256 1321 1453 1368; x_wconf 69' lang='lat' dir='ltr'><strong>vestra:</strong></span> <span class='ocrx_word' id='word_1_84' title='bbox 1475 1311 1684 1368; x_wconf 83' lang='lat' dir='ltr'><strong>litteras</strong></span> <span class='ocrx_word' id='word_1_85' title='bbox 1708 1321 1768 1368; x_wconf 90' lang='lat' dir='ltr'><strong>ut</strong></span> 
     </span>
    </p>
   </div>
   <div class='ocr_carea' id='block_1_15' title="bbox 160 1400 1764 1475">
    <p class='ocr_par' dir='ltr' id='par_1_15' title="bbox 160 1400 1764 1475">
     <span class='ocr_line' id='line_1_15' title="bbox 160 1400 1764 1475; baseline 0 -19"><span class='ocrx_word' id='word_1_86' title='bbox 160 1400 386 1474; x_wconf 87' lang='lat' dir='ltr'><strong>accepi,</strong></span> <span class='ocrx_word' id='word_1_87' title='bbox 420 1417 528 1459; x_wconf 91' lang='lat' dir='ltr'><strong>non</strong></span> <span class='ocrx_word' id='word_1_88' title='bbox 552 1419 745 1475; x_wconf 86' lang='lat' dir='ltr'><strong>parum</strong></span> <span class='ocrx_word' id='word_1_89' title='bbox 779 1404 1034 1459; x_wconf 86' lang='lat' dir='ltr'><strong>lacrimas</strong></span> <span class='ocrx_word' id='word_1_90' title='bbox 1070 1403 1323 1458; x_wconf 68' lang='lat' dir='ltr'><strong>mmroris</strong></span> <span class='ocrx_word' id='word_1_91' title='bbox 1348 1405 1605 1473; x_wconf 87' lang='lat' dir='ltr'><strong>repressi,</strong></span> <span class='ocrx_word' id='word_1_92' title='bbox 1637 1404 1764 1472; x_wconf 87' lang='lat' dir='ltr'><strong>quia</strong></span> 
     </span>
    </p>
   </div>
   <div class='ocr_carea' id='block_1_16' title="bbox 161 1492 1763 1559">
    <p class='ocr_par' dir='ltr' id='par_1_16' title="bbox 161 1492 1763 1559">
     <span class='ocr_line' id='line_1_16' title="bbox 161 1492 1763 1559; baseline 0.002 -14"><span class='ocrx_word' id='word_1_93' title='bbox 161 1492 491 1547; x_wconf 80' lang='lat' dir='ltr'><strong>nonnullum</strong></span> <span class='ocrx_word' id='word_1_94' title='bbox 522 1493 759 1549; x_wconf 86' lang='lat' dir='ltr'><strong>lenimen</strong></span> <span class='ocrx_word' id='word_1_95' title='bbox 787 1493 994 1549; x_wconf 88' lang='lat' dir='ltr'><strong>doloris</strong></span> <span class='ocrx_word' id='word_1_96' title='bbox 1018 1493 1084 1526; x_wconf 79' lang='lat'><strong>&#39;&quot;</strong></span> <span class='ocrx_word' id='word_1_97' title='bbox 1113 1493 1310 1559; x_wconf 89' lang='lat' dir='ltr'><strong>habeo,</strong></span> <span class='ocrx_word' id='word_1_98' title='bbox 1338 1509 1461 1550; x_wconf 91' lang='lat' dir='ltr'><strong>cum</strong></span> <span class='ocrx_word' id='word_1_99' title='bbox 1483 1494 1567 1550; x_wconf 85' lang='lat' dir='ltr'><strong>vel</strong></span> <span class='ocrx_word' id='word_1_100' title='bbox 1599 1509 1763 1548; x_wconf 90' lang='lat' dir='ltr'><strong>unum</strong></span> 
     </span>
    </p>
   </div>
   <div class='ocr_carea' id='block_1_17' title="bbox 1861 488 3440 568">
    <p class='ocr_par' dir='ltr' id='par_1_17' title="bbox 1861 488 3440 568">
     <span class='ocr_line' id='line_1_17' title="bbox 1861 488 3440 568; baseline 0.008 -25"><span class='ocrx_word' id='word_1_101' title='bbox 1861 500 2050 561; x_wconf 87' lang='lat' dir='ltr'><strong>aperto</strong></span> <span class='ocrx_word' id='word_1_102' title='bbox 2091 492 2324 548; x_wconf 87' lang='lat' dir='ltr'><strong>crimine</strong></span> <span class='ocrx_word' id='word_1_103' title='bbox 2378 494 2614 560; x_wconf 80' lang='lat' dir='ltr'><strong>defendi,</strong></span> <span class='ocrx_word' id='word_1_104' title='bbox 2672 505 2852 551; x_wconf 89' lang='lat' dir='ltr'><strong>tamen</strong></span> <span class='ocrx_word' id='word_1_105' title='bbox 2901 497 2969 552; x_wconf 89' lang='lat' dir='ltr'><strong>de</strong></span> <span class='ocrx_word' id='word_1_106' title='bbox 3010 488 3254 552; x_wconf 82' lang='lat' dir='ltr'><strong>facienda</strong></span> <span class='ocrx_word' id='word_1_107' title='bbox 3305 513 3440 568; x_wconf 84' lang='lat' dir='ltr'><strong>pace</strong></span> 
     </span>
    </p>
   </div>
   <div class='ocr_carea' id='block_1_18' title="bbox 1861 581 3437 658">
    <p class='ocr_par' dir='ltr' id='par_1_18' title="bbox 1861 581 3437 658">
     <span class='ocr_line' id='line_1_18' title="bbox 1861 581 3437 658; baseline 0.007 -23"><span class='ocrx_word' id='word_1_108' title='bbox 1861 581 2089 637; x_wconf 90' lang='lat' dir='ltr'><strong>consilio</strong></span> <span class='ocrx_word' id='word_1_109' title='bbox 2115 591 2311 639; x_wconf 67' lang='lat' dir='ltr'><strong>vestrae</strong></span> <span class='ocrx_word' id='word_1_110' title='bbox 2349 584 2566 655; x_wconf 87' lang='lat' dir='ltr'><strong>pietatis</strong></span> <span class='ocrx_word' id='word_1_111' title='bbox 2607 587 3026 658; x_wconf 86' lang='lat' dir='ltr'><strong>acquiescimus,</strong></span> <span class='ocrx_word' id='word_1_112' title='bbox 3071 589 3117 644; x_wconf 88' lang='lat' dir='ltr'><strong>si</strong></span> <span class='ocrx_word' id='word_1_113' title='bbox 3151 603 3272 643; x_wconf 89' lang='lat' dir='ltr'><strong>eam</strong></span> <span class='ocrx_word' id='word_1_114' title='bbox 3317 590 3437 647; x_wconf 82' lang='lat' dir='ltr'><strong>fieri</strong></span> 
     </span>
    </p>
   </div>
   <div class='ocr_carea' id='block_1_19' title="bbox 1859 674 3436 746">
    <p class='ocr_par' dir='ltr' id='par_1_19' title="bbox 1859 674 3436 746">
     <span class='ocr_line' id='line_1_19' title="bbox 1859 674 3436 746; baseline 0.005 -18"><span class='ocrx_word' id='word_1_115' title='bbox 1859 685 2018 742; x_wconf 81' lang='lat' dir='ltr'><strong>posse</strong></span> <span class='ocrx_word' id='word_1_116' title='bbox 2066 674 2184 729; x_wconf 88' lang='lat' dir='ltr'><strong>sine</strong></span> <span class='ocrx_word' id='word_1_117' title='bbox 2234 674 2440 742; x_wconf 84' lang='lat' dir='ltr'><strong>majore</strong></span> <span class='ocrx_word' id='word_1_118' title='bbox 2478 676 2547 709; x_wconf 73' lang='grc'><strong>³⁸⁸</strong></span> <span class='ocrx_word' id='word_1_119' title='bbox 2595 677 2834 746; x_wconf 87' lang='lat' dir='ltr'><strong>dampno</strong></span> <span class='ocrx_word' id='word_1_120' title='bbox 2886 687 3073 734; x_wconf 90' lang='lat' dir='ltr'><strong>nostro</strong></span> <span class='ocrx_word' id='word_1_121' title='bbox 3117 680 3436 736; x_wconf 84' lang='lat' dir='ltr'><strong>viderimus.</strong></span> 
     </span>
    </p>
   </div>
   <div class='ocr_carea' id='block_1_20' title="bbox 1860 761 3441 843">
    <p class='ocr_par' dir='ltr' id='par_1_20' title="bbox 1860 761 3441 843">
     <span class='ocr_line' id='line_1_20' title="bbox 1860 761 3441 843; baseline 0.006 -26"><span class='ocrx_word' id='word_1_122' title='bbox 1860 761 2077 817; x_wconf 83' lang='lat' dir='ltr'><strong>Illarum</strong></span> <span class='ocrx_word' id='word_1_123' title='bbox 2111 764 2345 834; x_wconf 90' lang='lat' dir='ltr'><strong>partium</strong></span> <span class='ocrx_word' id='word_1_124' title='bbox 2375 766 2651 836; x_wconf 81' lang='lat' dir='ltr'><strong>principes</strong></span> <span class='ocrx_word' id='word_1_125' title='bbox 2694 768 2746 823; x_wconf 90' lang='lat' dir='ltr'><strong>in</strong></span> <span class='ocrx_word' id='word_1_126' title='bbox 2796 768 3032 839; x_wconf 84' lang='lat' dir='ltr'><strong>aliquem</strong></span> <span class='ocrx_word' id='word_1_127' title='bbox 3084 771 3279 834; x_wconf 88' lang='lat' dir='ltr'><strong>locum,</strong></span> <span class='ocrx_word' id='word_1_128' title='bbox 3330 788 3441 843; x_wconf 78' lang='lat' dir='ltr'><strong>quo</strong></span> 
     </span>
    </p>
   </div>
   <div class='ocr_carea' id='block_1_21' title="bbox 1862 852 3437 932">
    <p class='ocr_par' dir='ltr' id='par_1_21' title="bbox 1862 852 3437 932">
     <span class='ocr_line' id='line_1_21' title="bbox 1862 852 3437 932; baseline 0.006 -25"><span class='ocrx_word' id='word_1_129' title='bbox 1862 867 1963 908; x_wconf 90' lang='lat' dir='ltr'><strong>nos</strong></span> <span class='ocrx_word' id='word_1_130' title='bbox 1996 854 2094 909; x_wconf 90' lang='lat' dir='ltr'><strong>tuti</strong></span> <span class='ocrx_word' id='word_1_131' title='bbox 2122 856 2393 924; x_wconf 90' lang='lat' dir='ltr'><strong>possimus</strong></span> <span class='ocrx_word' id='word_1_132' title='bbox 2434 870 2746 923; x_wconf 86' lang='lat' dir='ltr'><strong>occurrere,</strong></span> <span class='ocrx_word' id='word_1_133' title='bbox 2794 860 3036 925; x_wconf 81' lang='lat' dir='ltr'><strong>veniant,</strong></span> <span class='ocrx_word' id='word_1_134' title='bbox 3091 877 3296 932; x_wconf 84' lang='lat' dir='ltr'><strong>nosque</strong></span> <span class='ocrx_word' id='word_1_135' title='bbox 3339 852 3437 917; x_wconf 82' lang='lat' dir='ltr'><strong>sua</strong></span> 
     </span>
    </p>
   </div>
   <div class='ocr_carea' id='block_1_22' title="bbox 1862 943 3440 1023">
    <p class='ocr_par' dir='ltr' id='par_1_22' title="bbox 1862 943 3440 1023">
     <span class='ocr_line' id='line_1_22' title="bbox 1862 943 3440 1023; baseline 0.006 -25"><span class='ocrx_word' id='word_1_136' title='bbox 1862 943 2124 1012; x_wconf 82' lang='lat' dir='ltr'><strong>sapientia</strong></span> <span class='ocrx_word' id='word_1_137' title='bbox 2164 946 2294 1014; x_wconf 92' lang='lat' dir='ltr'><strong>quid</strong></span> <span class='ocrx_word' id='word_1_138' title='bbox 2336 962 2480 1003; x_wconf 89' lang='lat' dir='ltr'><strong>nunc</strong></span> <span class='ocrx_word' id='word_1_139' title='bbox 2529 951 2705 1003; x_wconf 87' lang='lat' dir='ltr'><strong>acturi</strong></span> <span class='ocrx_word' id='word_1_140' title='bbox 2747 950 2919 1006; x_wconf 90' lang='lat' dir='ltr'><strong>simus</strong></span> <span class='ocrx_word' id='word_1_141' title='bbox 2955 952 3258 1016; x_wconf 89' lang='lat' dir='ltr'><strong>edoceant;</strong></span> <span class='ocrx_word' id='word_1_142' title='bbox 3308 953 3440 1023; x_wconf 83' lang='lat' dir='ltr'><strong>quia</strong></span> 
     </span>
    </p>
   </div>
   <div class='ocr_carea' id='block_1_23' title="bbox 1863 1034 3443 1113">
    <p class='ocr_par' dir='ltr' id='par_1_23' title="bbox 1863 1034 3443 1113">
     <span class='ocr_line' id='line_1_23' title="bbox 1863 1034 3443 1113; baseline 0.008 -27"><span class='ocrx_word' id='word_1_143' title='bbox 1863 1034 2120 1103; x_wconf 88' lang='lat' dir='ltr'><strong>quiequid</strong></span> <span class='ocrx_word' id='word_1_144' title='bbox 2146 1036 2229 1091; x_wconf 89' lang='lat' dir='ltr'><strong>eis</strong></span> <span class='ocrx_word' id='word_1_145' title='bbox 2251 1035 2538 1107; x_wconf 88' lang='lat' dir='ltr'><strong>placuerit,</strong></span> <span class='ocrx_word' id='word_1_146' title='bbox 2564 1038 2855 1094; x_wconf 83' lang='lat' dir='ltr'><strong>dummodo</strong></span> <span class='ocrx_word' id='word_1_147' title='bbox 2891 1039 3059 1097; x_wconf 83' lang='lat' dir='ltr'><strong>nobis‘</strong></span> <span class='ocrx_word' id='word_1_148' title='bbox 3087 1041 3172 1097; x_wconf 86' lang='lat' dir='ltr'><strong>vel</strong></span> <span class='ocrx_word' id='word_1_149' title='bbox 3210 1044 3443 1113; x_wconf 82' lang='lat' dir='ltr'><strong>posteris</strong></span> 
     </span>
    </p>
   </div>
   <div class='ocr_carea' id='block_1_24' title="bbox 1863 1124 3445 1189">
    <p class='ocr_par' dir='ltr' id='par_1_24' title="bbox 1863 1124 3445 1189">
     <span class='ocr_line' id='line_1_24' title="bbox 1863 1124 3445 1189; baseline 0.006 -11"><span class='ocrx_word' id='word_1_150' title='bbox 1863 1124 2068 1179; x_wconf 88' lang='lat' dir='ltr'><strong>nostris</strong></span> <span class='ocrx_word' id='word_1_151' title='bbox 2103 1140 2212 1180; x_wconf 90' lang='lat' dir='ltr'><strong>non</strong></span> <span class='ocrx_word' id='word_1_152' title='bbox 2261 1135 2474 1189; x_wconf 82' lang='lat' dir='ltr'><strong>noceat,</strong></span> <span class='ocrx_word' id='word_1_153' title='bbox 2526 1137 2711 1183; x_wconf 89' lang='lat' dir='ltr'><strong>noster</strong></span> <span class='ocrx_word' id='word_1_154' title='bbox 2756 1144 3056 1186; x_wconf 84' lang='lat' dir='ltr'><strong>consensus</strong></span> <span class='ocrx_word' id='word_1_155' title='bbox 3098 1133 3445 1187; x_wconf 85' lang='lat' dir='ltr'><strong>concorditer</strong></span> 
     </span>
    </p>
   </div>
   <div class='ocr_carea' id='block_1_25' title="bbox 1864 1215 3444 1292">
    <p class='ocr_par' dir='ltr' id='par_1_25' title="bbox 1864 1215 3444 1292">
     <span class='ocr_line' id='line_1_25' title="bbox 1864 1215 3444 1292; baseline 0.006 -23"><span class='ocrx_word' id='word_1_156' title='bbox 1864 1215 2310 1285; x_wconf 84' lang='lat' dir='ltr'><strong>imptebit.Quod</strong></span> <span class='ocrx_word' id='word_1_157' title='bbox 2353 1217 2398 1271; x_wconf 92' lang='lat' dir='ltr'><strong>si</strong></span> <span class='ocrx_word' id='word_1_158' title='bbox 2429 1219 2729 1288; x_wconf 89' lang='lat' dir='ltr'><strong>paternitas</strong></span> <span class='ocrx_word' id='word_1_159' title='bbox 2754 1223 3263 1292; x_wconf 77' lang='lat' dir='ltr'><strong>vestra-suscipiens</strong></span> <span class='ocrx_word' id='word_1_160' title='bbox 3301 1224 3444 1279; x_wconf 84' lang='lat' dir='ltr'><strong>hanc</strong></span> 
     </span>
    </p>
   </div>
   <div class='ocr_carea' id='block_1_26' title="bbox 1864 1306 3447 1386">
    <p class='ocr_par' dir='ltr' id='par_1_26' title="bbox 1864 1306 3447 1386">
     <span class='ocr_line' id='line_1_26' title="bbox 1864 1306 3447 1386; baseline 0.006 -24"><span class='ocrx_word' id='word_1_161' title='bbox 1864 1306 1936 1338; x_wconf 83' lang='lat'><strong>&#39;“</strong></span> <span class='ocrx_word' id='word_1_162' title='bbox 1980 1323 2202 1378; x_wconf 90' lang='lat' dir='ltr'><strong>operam</strong></span> <span class='ocrx_word' id='word_1_163' title='bbox 2250 1324 2416 1380; x_wconf 86' lang='lat' dir='ltr'><strong>opere</strong></span> <span class='ocrx_word' id='word_1_164' title='bbox 2439 1311 2754 1381; x_wconf 77' lang='lat' dir='ltr'><strong>complebit,</strong></span> <span class='ocrx_word' id='word_1_165' title='bbox 2804 1328 2930 1368; x_wconf 91' lang='lat' dir='ltr'><strong>cum</strong></span> <span class='ocrx_word' id='word_1_166' title='bbox 2968 1316 3176 1370; x_wconf 76' lang='lat' dir='ltr'><strong>ctetesti</strong></span> <span class='ocrx_word' id='word_1_167' title='bbox 3221 1314 3447 1386; x_wconf 65' lang='lat' dir='ltr'><strong>pratmio</strong></span> 
     </span>
    </p>
   </div>
   <div class='ocr_carea' id='block_1_27' title="bbox 1864 1400 3202 1472">
    <p class='ocr_par' dir='ltr' id='par_1_27' title="bbox 1864 1400 3202 1472">
     <span class='ocr_line' id='line_1_27' title="bbox 1864 1400 3202 1472; baseline 0.003 -19"><span class='ocrx_word' id='word_1_168' title='bbox 1864 1412 1964 1453; x_wconf 83' lang='lat' dir='ltr'><strong>nos</strong></span> <span class='ocrx_word' id='word_1_169' title='bbox 1987 1413 2176 1456; x_wconf 89' lang='lat' dir='ltr'><strong>omnes</strong></span> <span class='ocrx_word' id='word_1_170' title='bbox 2206 1400 2393 1457; x_wconf 84' lang='lat' dir='ltr'><strong>fideles</strong></span> <span class='ocrx_word' id='word_1_171' title='bbox 2431 1417 2649 1472; x_wconf 88' lang='lat' dir='ltr'><strong>semper</strong></span> <span class='ocrx_word' id='word_1_172' title='bbox 2672 1405 2881 1460; x_wconf 90' lang='lat' dir='ltr'><strong>amicos</strong></span> <span class='ocrx_word' id='word_1_173' title='bbox 2909 1405 3148 1461; x_wconf 84' lang='lat' dir='ltr'><strong>habebit.</strong></span> <span class='ocrx_word' id='word_1_174' title='bbox 3183 1424 3202 1458; x_wconf 77' lang='grc' dir='ltr'><strong><em>ι</em></strong></span> 
     </span>
    </p>
   </div>
   <div class='ocr_carea' id='block_1_28' title="bbox 1936 1491 3445 1570">
    <p class='ocr_par' dir='ltr' id='par_1_28' title="bbox 1936 1491 3445 1570">
     <span class='ocr_line' id='line_1_28' title="bbox 1936 1491 3445 1570; baseline 0.005 -24"><span class='ocrx_word' id='word_1_175' title='bbox 1936 1491 2026 1546; x_wconf 68' lang='grc' dir='ltr'><strong>ΒΞ.</strong></span> <span class='ocrx_word' id='word_1_176' title='bbox 2051 1491 2172 1562; x_wconf 89' lang='lat' dir='ltr'><strong>lpso</strong></span> <span class='ocrx_word' id='word_1_177' title='bbox 2202 1501 2446 1562; x_wconf 86' lang='lat' dir='ltr'><strong>tempore</strong></span> <span class='ocrx_word' id='word_1_178' title='bbox 2490 1494 2631 1550; x_wconf 88' lang='lat' dir='ltr'><strong>Deus</strong></span> <span class='ocrx_word' id='word_1_179' title='bbox 2665 1497 3005 1568; x_wconf 89' lang='lat' dir='ltr'><strong>omnipotens</strong></span> <span class='ocrx_word' id='word_1_180' title='bbox 3039 1497 3158 1553; x_wconf 66' lang='grc' dir='ltr'><strong>ιιι-Ιιὶ</strong></span> <span class='ocrx_word' id='word_1_181' title='bbox 3195 1497 3445 1570; x_wconf 80' lang='lat' dir='ltr'><strong>Mageda-</strong></span> 
     </span>
    </p>
   </div>
   <div class='ocr_carea' id='block_1_29' title="bbox 160 1580 3446 1657">
    <p class='ocr_par' dir='ltr' id='par_1_29' title="bbox 160 1580 3446 1657">
     <span class='ocr_line' id='line_1_29' title="bbox 160 1580 3446 1657; baseline 0.002 -20"><span class='ocrx_word' id='word_1_182' title='bbox 160 1583 397 1638; x_wconf 85' lang='lat' dir='ltr'><strong>fratrem</strong></span> <span class='ocrx_word' id='word_1_183' title='bbox 434 1582 682 1639; x_wconf 88' lang='lat' dir='ltr'><strong>fraterno</strong></span> <span class='ocrx_word' id='word_1_184' title='bbox 729 1584 918 1640; x_wconf 86' lang='lat' dir='ltr'><strong>dolore</strong></span> <span class='ocrx_word' id='word_1_185' title='bbox 959 1582 1157 1640; x_wconf 84' lang='lat' dir='ltr'><strong>dolere</strong></span> <span class='ocrx_word' id='word_1_186' title='bbox 1188 1583 1366 1639; x_wconf 84' lang='lat' dir='ltr'><strong>video.</strong></span> <span class='ocrx_word' id='word_1_187' title='bbox 1406 1582 1557 1639; x_wconf 87' lang='lat' dir='ltr'><strong>Tunc</strong></span> <span class='ocrx_word' id='word_1_188' title='bbox 1586 1594 1767 1640; x_wconf 88' lang='lat' dir='ltr'><strong>autem</strong></span> <span class='ocrx_word' id='word_1_189' title='bbox 1864 1580 2120 1651; x_wconf 83' lang='lat' dir='ltr'><strong>burgensi</strong></span> <span class='ocrx_word' id='word_1_190' title='bbox 2149 1598 2248 1652; x_wconf 88' lang='lat' dir='ltr'><strong>per</strong></span> <span class='ocrx_word' id='word_1_191' title='bbox 2276 1593 2591 1639; x_wconf 89' lang='lat' dir='ltr'><strong>sanctorum</strong></span> <span class='ocrx_word' id='word_1_192' title='bbox 2622 1586 2842 1652; x_wconf 89' lang='lat' dir='ltr'><strong>merita,</strong></span> <span class='ocrx_word' id='word_1_193' title='bbox 2891 1587 2982 1656; x_wconf 91' lang='lat' dir='ltr'><strong>qui</strong></span> <span class='ocrx_word' id='word_1_194' title='bbox 3025 1587 3095 1642; x_wconf 88' lang='lat' dir='ltr'><strong>ibi</strong></span> <span class='ocrx_word' id='word_1_195' title='bbox 3142 1586 3322 1657; x_wconf 84' lang='lat' dir='ltr'><strong>plures</strong></span> <span class='ocrx_word' id='word_1_196' title='bbox 3355 1588 3446 1643; x_wconf 86' lang='lat' dir='ltr'><strong>ha-</strong></span> 
     </span>
    </p>
   </div>
   <div class='ocr_carea' id='block_1_30' title="bbox 168 1671 3447 1749">
    <p class='ocr_par' dir='ltr' id='par_1_30' title="bbox 168 1671 3447 1749">
     <span class='ocr_line' id='line_1_30' title="bbox 168 1671 3447 1749; baseline 0.001 -19"><span class='ocrx_word' id='word_1_197' title='bbox 168 1674 355 1731; x_wconf 90' lang='lat' dir='ltr'><strong>solido</strong></span> <span class='ocrx_word' id='word_1_198' title='bbox 384 1674 586 1747; x_wconf 88' lang='lat' dir='ltr'><strong>gaudio</strong></span> <span class='ocrx_word' id='word_1_199' title='bbox 624 1675 938 1745; x_wconf 83' lang='lat' dir='ltr'><strong>gauderem,</strong></span> <span class='ocrx_word' id='word_1_200' title='bbox 969 1674 1013 1730; x_wconf 90' lang='lat' dir='ltr'><strong>si</strong></span> <span class='ocrx_word' id='word_1_201' title='bbox 1046 1688 1145 1729; x_wconf 83' lang='lat' dir='ltr'><strong>vos</strong></span> <span class='ocrx_word' id='word_1_202' title='bbox 1184 1674 1327 1730; x_wconf 88' lang='lat' dir='ltr'><strong>sicut</strong></span> <span class='ocrx_word' id='word_1_203' title='bbox 1357 1673 1764 1729; x_wconf 86' lang='lat' dir='ltr'><strong>tribulationem</strong></span> <span class='ocrx_word' id='word_1_204' title='bbox 1871 1671 2090 1739; x_wconf 87' lang='lat' dir='ltr'><strong>bentur,</strong></span> <span class='ocrx_word' id='word_1_205' title='bbox 2135 1689 2389 1746; x_wconf 86' lang='lat' dir='ltr'><strong>magnam</strong></span> <span class='ocrx_word' id='word_1_206' title='bbox 2429 1675 2856 1732; x_wconf 85' lang='lat' dir='ltr'><strong>misericordiam</strong></span> <span class='ocrx_word' id='word_1_207' title='bbox 2882 1679 3140 1744; x_wconf 77' lang='lat' dir='ltr'><strong>ostendit,</strong></span> <span class='ocrx_word' id='word_1_208' title='bbox 3173 1690 3229 1733; x_wconf 90' lang='lat' dir='ltr'><strong>et</strong></span> <span class='ocrx_word' id='word_1_209' title='bbox 3274 1679 3447 1749; x_wconf 59' lang='lat' dir='ltr'><strong>ipsum</strong></span> 
     </span>
    </p>
   </div>
   <div class='ocr_carea' id='block_1_31' title="bbox 163 1757 3448 1841">
    <p class='ocr_par' dir='ltr' id='par_1_31' title="bbox 163 1757 3448 1841">
     <span class='ocr_line' id='line_1_31' title="bbox 163 1757 3448 1841; baseline 0.002 -20"><span class='ocrx_word' id='word_1_210' title='bbox 163 1783 339 1838; x_wconf 84' lang='lat' dir='ltr'><strong>quam</strong></span> <span class='ocrx_word' id='word_1_211' title='bbox 375 1782 569 1822; x_wconf 87' lang='lat' dir='ltr'><strong>sumus</strong></span> <span class='ocrx_word' id='word_1_212' title='bbox 608 1764 843 1835; x_wconf 79' lang='lat' dir='ltr'><strong>experti,</strong></span> <span class='ocrx_word' id='word_1_213' title='bbox 893 1765 975 1821; x_wconf 87' lang='lat' dir='ltr'><strong>sic</strong></span> <span class='ocrx_word' id='word_1_214' title='bbox 1011 1764 1379 1821; x_wconf 87' lang='lat' dir='ltr'><strong>innocentiam</strong></span> <span class='ocrx_word' id='word_1_215' title='bbox 1424 1776 1667 1820; x_wconf 88' lang='lat' dir='ltr'><strong>nostram</strong></span> <span class='ocrx_word' id='word_1_216' title='bbox 1699 1764 1767 1796; x_wconf 77' lang='grc'><strong>¹⁹¹</strong></span> <span class='ocrx_word' id='word_1_217' title='bbox 1802 1757 1843 1815; x_wconf 83' lang='grc' dir='ltr'>Β</span> <span class='ocrx_word' id='word_1_218' title='bbox 1871 1763 2060 1820; x_wconf 86' lang='lat' dir='ltr'><strong>urbem</strong></span> <span class='ocrx_word' id='word_1_219' title='bbox 2104 1773 2389 1838; x_wconf 84' lang='lat' dir='ltr'><strong>totumque</strong></span> <span class='ocrx_word' id='word_1_220' title='bbox 2434 1766 2566 1821; x_wconf 89' lang='lat' dir='ltr'><strong>illud</strong></span> <span class='ocrx_word' id='word_1_221' title='bbox 2600 1768 2933 1838; x_wconf 86' lang='lat' dir='ltr'><strong>episcopium</strong></span> <span class='ocrx_word' id='word_1_222' title='bbox 2977 1785 3010 1825; x_wconf 92' lang='lat' dir='ltr'><strong>a</strong></span> <span class='ocrx_word' id='word_1_223' title='bbox 3054 1771 3260 1826; x_wconf 81' lang='lat' dir='ltr'><strong>crudeli</strong></span> <span class='ocrx_word' id='word_1_224' title='bbox 3302 1775 3448 1841; x_wconf 80' lang='lat' dir='ltr'><strong>regis</strong></span> 
     </span>
    </p>
   </div>
   <div class='ocr_carea' id='block_1_32' title="bbox 167 1853 3449 1932">
    <p class='ocr_par' dir='ltr' id='par_1_32' title="bbox 167 1853 3449 1932">
     <span class='ocr_line' id='line_1_32' title="bbox 167 1853 3449 1932; baseline 0.001 -18"><span class='ocrx_word' id='word_1_225' title='bbox 167 1860 528 1915; x_wconf 84' lang='lat' dir='ltr'><strong>considerare</strong></span> <span class='ocrx_word' id='word_1_226' title='bbox 587 1857 852 1922; x_wconf 77' lang='lat' dir='ltr'><strong>viderem,</strong></span> <span class='ocrx_word' id='word_1_227' title='bbox 893 1857 978 1912; x_wconf 87' lang='lat' dir='ltr'><strong>vel</strong></span> <span class='ocrx_word' id='word_1_228' title='bbox 1008 1857 1053 1913; x_wconf 92' lang='lat' dir='ltr'><strong>si</strong></span> <span class='ocrx_word' id='word_1_229' title='bbox 1082 1857 1393 1922; x_wconf 81' lang='lat' dir='ltr'><strong>consilium,</strong></span> <span class='ocrx_word' id='word_1_230' title='bbox 1429 1857 1575 1929; x_wconf 89' lang='lat' dir='ltr'><strong>quod</strong></span> <span class='ocrx_word' id='word_1_231' title='bbox 1603 1856 1768 1912; x_wconf 85' lang='lat' dir='ltr'><strong>michi</strong></span> <span class='ocrx_word' id='word_1_232' title='bbox 1870 1853 2150 1910; x_wconf 87' lang='lat' dir='ltr'><strong>invasione</strong></span> <span class='ocrx_word' id='word_1_233' title='bbox 2198 1856 2275 1911; x_wconf 90' lang='lat' dir='ltr'><strong>ita</strong></span> <span class='ocrx_word' id='word_1_234' title='bbox 2316 1857 2639 1913; x_wconf 85' lang='lat' dir='ltr'><strong>mirabiliter</strong></span> <span class='ocrx_word' id='word_1_235' title='bbox 2669 1857 2929 1924; x_wconf 81' lang='lat' dir='ltr'><strong>defendit,</strong></span> <span class='ocrx_word' id='word_1_236' title='bbox 2959 1870 3015 1915; x_wconf 89' lang='lat' dir='ltr'><strong>ut</strong></span> <span class='ocrx_word' id='word_1_237' title='bbox 3038 1862 3169 1917; x_wconf 86' lang='lat' dir='ltr'><strong>nulli</strong></span> <span class='ocrx_word' id='word_1_238' title='bbox 3210 1862 3303 1932; x_wconf 88' lang='lat' dir='ltr'><strong>qui</strong></span> <span class='ocrx_word' id='word_1_239' title='bbox 3343 1862 3449 1918; x_wconf 89' lang='lat' dir='ltr'><strong>hoc</strong></span> 
     </span>
    </p>
   </div>
   <div class='ocr_carea' id='block_1_33' title="bbox 165 1948 3448 2022">
    <p class='ocr_par' dir='ltr' id='par_1_33' title="bbox 165 1948 3448 2022">
     <span class='ocr_line' id='line_1_33' title="bbox 165 1948 3448 2022; baseline 0 -15"><span class='ocrx_word' id='word_1_240' title='bbox 165 1952 237 2007; x_wconf 88' lang='lat' dir='ltr'><strong>de</strong></span> <span class='ocrx_word' id='word_1_241' title='bbox 277 1950 532 2007; x_wconf 85' lang='lat' dir='ltr'><strong>facienda</strong></span> <span class='ocrx_word' id='word_1_242' title='bbox 574 1966 711 2021; x_wconf 86' lang='lat' dir='ltr'><strong>pace</strong></span> <span class='ocrx_word' id='word_1_243' title='bbox 754 1951 914 2015; x_wconf 86' lang='lat' dir='ltr'><strong>datis,</strong></span> <span class='ocrx_word' id='word_1_244' title='bbox 954 1958 1014 2005; x_wconf 91' lang='lat' dir='ltr'><strong>ut</strong></span> <span class='ocrx_word' id='word_1_245' title='bbox 1049 1950 1164 2021; x_wconf 85' lang='lat' dir='ltr'><strong>ipsa</strong></span> <span class='ocrx_word' id='word_1_246' title='bbox 1198 1965 1257 2005; x_wconf 90' lang='lat' dir='ltr'><strong>re</strong></span> <span class='ocrx_word' id='word_1_247' title='bbox 1294 1950 1471 2016; x_wconf 84' lang='lat' dir='ltr'><strong>ﬁeret,</strong></span> <span class='ocrx_word' id='word_1_248' title='bbox 1512 1948 1769 2020; x_wconf 83' lang='lat' dir='ltr'><strong>adjuvare</strong></span> <span class='ocrx_word' id='word_1_249' title='bbox 1869 1949 2124 2019; x_wconf 78' lang='lat' dir='ltr'><strong>cognovit</strong></span> <span class='ocrx_word' id='word_1_250' title='bbox 2174 1949 2247 1981; x_wconf 74' lang='lat'><strong>&#39;°&#39;</strong></span> <span class='ocrx_word' id='word_1_251' title='bbox 2306 1949 2469 2005; x_wconf 86' lang='lat' dir='ltr'><strong>liceat</strong></span> <span class='ocrx_word' id='word_1_252' title='bbox 2495 1949 2768 2017; x_wconf 91' lang='lat' dir='ltr'><strong>dubitare,</strong></span> <span class='ocrx_word' id='word_1_253' title='bbox 2801 1952 3038 2022; x_wconf 87' lang='lat' dir='ltr'><strong>ipsorum</strong></span> <span class='ocrx_word' id='word_1_254' title='bbox 3068 1954 3280 2009; x_wconf 87' lang='lat' dir='ltr'><strong>meritis</strong></span> <span class='ocrx_word' id='word_1_255' title='bbox 3316 1968 3448 2008; x_wconf 84' lang='lat' dir='ltr'><strong>san-</strong></span> 
     </span>
    </p>
   </div>
   <div class='ocr_carea' id='block_1_34' title="bbox 164 2039 3446 2116">
    <p class='ocr_par' dir='ltr' id='par_1_34' title="bbox 164 2039 3446 2116">
     <span class='ocr_line' id='line_1_34' title="bbox 164 2039 3446 2116; baseline 0.001 -19"><span class='ocrx_word' id='word_1_256' title='bbox 164 2043 421 2113; x_wconf 88' lang='lat' dir='ltr'><strong>possetis.</strong></span> <span class='ocrx_word' id='word_1_257' title='bbox 441 2040 511 2097; x_wconf 91' lang='lat' dir='ltr'><strong>Ut</strong></span> <span class='ocrx_word' id='word_1_258' title='bbox 531 2042 681 2098; x_wconf 90' lang='lat' dir='ltr'><strong>enim</strong></span> <span class='ocrx_word' id='word_1_259' title='bbox 709 2057 884 2114; x_wconf 86' lang='lat' dir='ltr'><strong>arege</strong></span> <span class='ocrx_word' id='word_1_260' title='bbox 904 2049 1092 2096; x_wconf 84' lang='lat' dir='ltr'><strong>nostro</strong></span> <span class='ocrx_word' id='word_1_261' title='bbox 1111 2042 1429 2110; x_wconf 88' lang='lat' dir='ltr'><strong>cunctisque</strong></span> <span class='ocrx_word' id='word_1_262' title='bbox 1448 2039 1597 2111; x_wconf 84' lang='lat' dir='ltr'><strong>regni</strong></span> <span class='ocrx_word' id='word_1_263' title='bbox 1621 2039 1771 2110; x_wconf 85' lang='lat' dir='ltr'><strong>prin-</strong></span> <span class='ocrx_word' id='word_1_264' title='bbox 1869 2049 2081 2096; x_wconf 88' lang='lat' dir='ltr'><strong>ctorum</strong></span> <span class='ocrx_word' id='word_1_265' title='bbox 2140 2048 2270 2096; x_wconf 88' lang='lat' dir='ltr'><strong>tunc</strong></span> <span class='ocrx_word' id='word_1_266' title='bbox 2306 2042 2451 2098; x_wconf 84' lang='lat' dir='ltr'><strong>illam</strong></span> <span class='ocrx_word' id='word_1_267' title='bbox 2496 2043 2776 2099; x_wconf 82' lang='lat' dir='ltr'><strong>civitatem</strong></span> <span class='ocrx_word' id='word_1_268' title='bbox 2826 2044 3150 2099; x_wconf 90' lang='lat' dir='ltr'><strong>incolumem</strong></span> <span class='ocrx_word' id='word_1_269' title='bbox 3196 2060 3446 2116; x_wconf 65' lang='lat' dir='ltr'><strong>pet-mam</strong></span> 
     </span>
    </p>
   </div>
   <div class='ocr_carea' id='block_1_35' title="bbox 166 2129 3452 2207">
    <p class='ocr_par' dir='ltr' id='par_1_35' title="bbox 166 2129 3452 2207">
     <span class='ocr_line' id='line_1_35' title="bbox 166 2129 3452 2207; baseline 0.002 -20"><span class='ocrx_word' id='word_1_270' title='bbox 166 2134 402 2204; x_wconf 82' lang='lat' dir='ltr'><strong>cipibus,</strong></span> <span class='ocrx_word' id='word_1_271' title='bbox 428 2133 1768 2205; x_wconf 79' lang='lat' dir='ltr'><strong>maximequeabepiscopisnostrisconfratribus,</strong></span> <span class='ocrx_word' id='word_1_272' title='bbox 1866 2129 2026 2185; x_wconf 81' lang='lat' dir='ltr'><strong>sisse.</strong></span> <span class='ocrx_word' id='word_1_273' title='bbox 2072 2129 2208 2185; x_wconf 88' lang='lat' dir='ltr'><strong>Nam</strong></span> <span class='ocrx_word' id='word_1_274' title='bbox 2234 2131 2453 2186; x_wconf 89' lang='lat' dir='ltr'><strong>cuidam</strong></span> <span class='ocrx_word' id='word_1_275' title='bbox 2491 2133 2702 2188; x_wconf 70' lang='lat' dir='ltr'><strong>ancilla:</strong></span> <span class='ocrx_word' id='word_1_276' title='bbox 2750 2132 2848 2190; x_wconf 89' lang='lat' dir='ltr'><strong>Dei</strong></span> <span class='ocrx_word' id='word_1_277' title='bbox 2883 2144 3009 2190; x_wconf 86' lang='lat' dir='ltr'><strong>ante</strong></span> <span class='ocrx_word' id='word_1_278' title='bbox 3053 2136 3307 2206; x_wconf 71' lang='lat' dir='ltr'><strong>prmlium</strong></span> <span class='ocrx_word' id='word_1_279' title='bbox 3351 2150 3452 2207; x_wconf 86' lang='lat' dir='ltr'><strong>per</strong></span> 
     </span>
    </p>
   </div>
   <div class='ocr_carea' id='block_1_36' title="bbox 172 2220 3449 2297">
    <p class='ocr_par' dir='ltr' id='par_1_36' title="bbox 172 2220 3449 2297">
     <span class='ocr_line' id='line_1_36' title="bbox 172 2220 3449 2297; baseline 0.002 -21"><span class='ocrx_word' id='word_1_280' title='bbox 172 2223 287 2292; x_wconf 80' lang='lat' dir='ltr'><strong>tgni</strong></span> <span class='ocrx_word' id='word_1_281' title='bbox 322 2222 577 2294; x_wconf 85' lang='lat' dir='ltr'><strong>ferroque</strong></span> <span class='ocrx_word' id='word_1_282' title='bbox 608 2233 758 2278; x_wconf 90' lang='lat' dir='ltr'><strong>terra</strong></span> <span class='ocrx_word' id='word_1_283' title='bbox 792 2232 978 2279; x_wconf 90' lang='lat' dir='ltr'><strong>nostra</strong></span> <span class='ocrx_word' id='word_1_284' title='bbox 1021 2233 1350 2290; x_wconf 88' lang='lat' dir='ltr'><strong>vastaretur,</strong></span> <span class='ocrx_word' id='word_1_285' title='bbox 1385 2223 1531 2294; x_wconf 87' lang='lat' dir='ltr'><strong>quod</strong></span> <span class='ocrx_word' id='word_1_286' title='bbox 1557 2224 1768 2279; x_wconf 87' lang='lat' dir='ltr'><strong>crimen</strong></span> <span class='ocrx_word' id='word_1_287' title='bbox 1869 2220 2134 2277; x_wconf 82' lang='lat' dir='ltr'><strong>visionem</strong></span> <span class='ocrx_word' id='word_1_288' title='bbox 2166 2223 2345 2278; x_wconf 82' lang='lat' dir='ltr'><strong>fuerat</strong></span> <span class='ocrx_word' id='word_1_289' title='bbox 2381 2224 2714 2292; x_wconf 85' lang='lat' dir='ltr'><strong>revelatum,</strong></span> <span class='ocrx_word' id='word_1_290' title='bbox 2763 2225 2808 2281; x_wconf 89' lang='lat' dir='ltr'><strong>si</strong></span> <span class='ocrx_word' id='word_1_291' title='bbox 2846 2235 3009 2297; x_wconf 87' lang='lat' dir='ltr'><strong>caput</strong></span> <span class='ocrx_word' id='word_1_292' title='bbox 3055 2228 3228 2283; x_wconf 85' lang='lat' dir='ltr'><strong>sancti</strong></span> <span class='ocrx_word' id='word_1_293' title='bbox 3273 2228 3449 2284; x_wconf 84' lang='lat' dir='ltr'><strong>Seba-</strong></span> 
     </span>
    </p>
   </div>
   <div class='ocr_carea' id='block_1_37' title="bbox 168 2312 3449 2385">
    <p class='ocr_par' dir='ltr' id='par_1_37' title="bbox 168 2312 3449 2385">
     <span class='ocr_line' id='line_1_37' title="bbox 168 2312 3449 2385; baseline 0.003 -19"><span class='ocrx_word' id='word_1_294' title='bbox 168 2324 421 2368; x_wconf 87' lang='lat' dir='ltr'><strong>nostrum</strong></span> <span class='ocrx_word' id='word_1_295' title='bbox 474 2313 585 2369; x_wconf 85' lang='lat' dir='ltr'><strong>tale</strong></span> <span class='ocrx_word' id='word_1_296' title='bbox 626 2314 951 2383; x_wconf 69' lang='lat' dir='ltr'><strong>praecessit?</strong></span> <span class='ocrx_word' id='word_1_297' title='bbox 986 2313 1084 2370; x_wconf 81' lang='lat' dir='ltr'><strong>Vel</strong></span> <span class='ocrx_word' id='word_1_298' title='bbox 1122 2314 1166 2368; x_wconf 89' lang='lat' dir='ltr'><strong>si</strong></span> <span class='ocrx_word' id='word_1_299' title='bbox 1197 2313 1365 2369; x_wconf 91' lang='lat' dir='ltr'><strong>ullum</strong></span> <span class='ocrx_word' id='word_1_300' title='bbox 1411 2312 1533 2379; x_wconf 86' lang='lat' dir='ltr'><strong>fuit,</strong></span> <span class='ocrx_word' id='word_1_301' title='bbox 1574 2314 1629 2368; x_wconf 92' lang='lat' dir='ltr'><strong>in</strong></span> <span class='ocrx_word' id='word_1_302' title='bbox 1662 2329 1770 2384; x_wconf 85' lang='lat' dir='ltr'><strong>quo</strong></span> <span class='ocrx_word' id='word_1_303' title='bbox 1869 2315 2054 2381; x_wconf 87' lang='lat' dir='ltr'><strong>stiani,</strong></span> <span class='ocrx_word' id='word_1_304' title='bbox 2084 2316 2227 2385; x_wconf 93' lang='lat' dir='ltr'><strong>quod</strong></span> <span class='ocrx_word' id='word_1_305' title='bbox 2274 2317 2328 2371; x_wconf 93' lang='lat' dir='ltr'><strong>in</strong></span> <span class='ocrx_word' id='word_1_306' title='bbox 2365 2317 2554 2372; x_wconf 82' lang='lat' dir='ltr'><strong>eadem</strong></span> <span class='ocrx_word' id='word_1_307' title='bbox 2600 2318 2820 2373; x_wconf 84' lang='lat' dir='ltr'><strong>civitate</strong></span> <span class='ocrx_word' id='word_1_308' title='bbox 2863 2334 2985 2374; x_wconf 91' lang='lat' dir='ltr'><strong>cum</strong></span> <span class='ocrx_word' id='word_1_309' title='bbox 3013 2319 3179 2375; x_wconf 85' lang='lat' dir='ltr'><strong>multa</strong></span> <span class='ocrx_word' id='word_1_310' title='bbox 3218 2336 3449 2376; x_wconf 84' lang='lat' dir='ltr'><strong>venera-</strong></span> 
     </span>
    </p>
   </div>
   <div class='ocr_carea' id='block_1_38' title="bbox 169 2401 3451 2484">
    <p class='ocr_par' dir='ltr' id='par_1_38' title="bbox 169 2401 3451 2484">
     <span class='ocr_line' id='line_1_38' title="bbox 169 2401 3451 2484; baseline 0.004 -27"><span class='ocrx_word' id='word_1_311' title='bbox 169 2401 411 2459; x_wconf 83' lang='lat' dir='ltr'><strong>concilio</strong></span> <span class='ocrx_word' id='word_1_312' title='bbox 448 2405 822 2470; x_wconf 84' lang='lat' dir='ltr'><strong>sacerdotum,</strong></span> <span class='ocrx_word' id='word_1_313' title='bbox 868 2402 924 2458; x_wconf 92' lang='lat' dir='ltr'><strong>in</strong></span> <span class='ocrx_word' id='word_1_314' title='bbox 960 2418 1069 2475; x_wconf 86' lang='lat' dir='ltr'><strong>quo</strong></span> <span class='ocrx_word' id='word_1_315' title='bbox 1098 2404 1303 2475; x_wconf 90' lang='lat' dir='ltr'><strong>palatio</strong></span> <span class='ocrx_word' id='word_1_316' title='bbox 1340 2404 1644 2475; x_wconf 86' lang='lat' dir='ltr'><strong>principum</strong></span> <span class='ocrx_word' id='word_1_317' title='bbox 1676 2406 1769 2460; x_wconf 75' lang='lat' dir='ltr'><strong>de-</strong></span> <span class='ocrx_word' id='word_1_318' title='bbox 1868 2406 2019 2462; x_wconf 88' lang='lat' dir='ltr'><strong>tione</strong></span> <span class='ocrx_word' id='word_1_319' title='bbox 2048 2408 2303 2474; x_wconf 77' lang='lat' dir='ltr'><strong>habetur,</strong></span> <span class='ocrx_word' id='word_1_320' title='bbox 2329 2409 2477 2464; x_wconf 84' lang='lat' dir='ltr'><strong>circa</strong></span> <span class='ocrx_word' id='word_1_321' title='bbox 2521 2412 2783 2467; x_wconf 88' lang='lat' dir='ltr'><strong>terminos</strong></span> <span class='ocrx_word' id='word_1_322' title='bbox 2818 2412 3073 2484; x_wconf 88' lang='lat' dir='ltr'><strong>episcopii</strong></span> <span class='ocrx_word' id='word_1_323' title='bbox 3098 2412 3295 2470; x_wconf 81' lang='lat' dir='ltr'><strong>fuisset</strong></span> <span class='ocrx_word' id='word_1_324' title='bbox 3321 2429 3451 2483; x_wconf 87' lang='lat' dir='ltr'><strong>por-</strong></span> 
     </span>
    </p>
   </div>
   <div class='ocr_carea' id='block_1_39' title="bbox 168 2494 3453 2575">
    <p class='ocr_par' dir='ltr' id='par_1_39' title="bbox 168 2494 3453 2575">
     <span class='ocr_line' id='line_1_39' title="bbox 168 2494 3453 2575; baseline 0.005 -26"><span class='ocrx_word' id='word_1_325' title='bbox 168 2494 449 2549; x_wconf 84' lang='lat' dir='ltr'><strong>claratum</strong></span> <span class='ocrx_word' id='word_1_326' title='bbox 488 2495 705 2564; x_wconf 82' lang='lat' dir='ltr'><strong>patuit?</strong></span> <span class='ocrx_word' id='word_1_327' title='bbox 742 2494 976 2563; x_wconf 81' lang='lat' dir='ltr'><strong>Quando</strong></span> <span class='ocrx_word' id='word_1_328' title='bbox 1019 2496 1197 2552; x_wconf 90' lang='lat' dir='ltr'><strong>vocati</strong></span> <span class='ocrx_word' id='word_1_329' title='bbox 1237 2495 1308 2528; x_wconf 80' lang='grc'><strong>¹⁹³</strong></span> <span class='ocrx_word' id='word_1_330' title='bbox 1346 2495 1413 2549; x_wconf 91' lang='lat' dir='ltr'><strong>ad</strong></span> <span class='ocrx_word' id='word_1_331' title='bbox 1443 2495 1769 2551; x_wconf 87' lang='lat' dir='ltr'><strong>satisfactio-</strong></span> <span class='ocrx_word' id='word_1_332' title='bbox 1871 2507 2064 2565; x_wconf 85' lang='lat' dir='ltr'><strong>talum,</strong></span> <span class='ocrx_word' id='word_1_333' title='bbox 2123 2502 2345 2557; x_wconf 81' lang='lat' dir='ltr'><strong>eosdem</strong></span> <span class='ocrx_word' id='word_1_334' title='bbox 2376 2503 2639 2559; x_wconf 90' lang='lat' dir='ltr'><strong>terminos</strong></span> <span class='ocrx_word' id='word_1_335' title='bbox 2672 2504 2850 2560; x_wconf 86' lang='lat' dir='ltr'><strong>nullus</strong></span> <span class='ocrx_word' id='word_1_336' title='bbox 2889 2515 3074 2575; x_wconf 86' lang='lat' dir='ltr'><strong>posset</strong></span> <span class='ocrx_word' id='word_1_337' title='bbox 3112 2507 3320 2564; x_wconf 90' lang='lat' dir='ltr'><strong>intrare</strong></span> <span class='ocrx_word' id='word_1_338' title='bbox 3354 2510 3453 2564; x_wconf 89' lang='lat' dir='ltr'><strong>ho-</strong></span> 
     </span>
    </p>
   </div>
   <div class='ocr_carea' id='block_1_40' title="bbox 175 2586 3509 2670">
    <p class='ocr_par' dir='ltr' id='par_1_40' title="bbox 175 2586 3509 2670">
     <span class='ocr_line' id='line_1_40' title="bbox 175 2586 3509 2670; baseline 0.005 -29"><span class='ocrx_word' id='word_1_339' title='bbox 175 2602 305 2642; x_wconf 87' lang='lat' dir='ltr'><strong>nem</strong></span> <span class='ocrx_word' id='word_1_340' title='bbox 336 2587 526 2642; x_wconf 86' lang='lat' dir='ltr'><strong>venire</strong></span> <span class='ocrx_word' id='word_1_341' title='bbox 552 2587 1021 2660; x_wconf 85' lang='lat' dir='ltr'><strong>contempsimus?</strong></span> <span class='ocrx_word' id='word_1_342' title='bbox 1048 2586 1094 2643; x_wconf 77' lang='grc' dir='ltr'><strong>Α</strong></span> <span class='ocrx_word' id='word_1_343' title='bbox 1125 2588 1325 2658; x_wconf 83' lang='lat' dir='ltr'><strong>quibus</strong></span> <span class='ocrx_word' id='word_1_344' title='bbox 1347 2587 1588 2643; x_wconf 88' lang='lat' dir='ltr'><strong>accusati</strong></span> <span class='ocrx_word' id='word_1_345' title='bbox 1618 2597 1673 2644; x_wconf 92' lang='lat' dir='ltr'><strong>et</strong></span> <span class='ocrx_word' id='word_1_346' title='bbox 1700 2589 1768 2620; x_wconf 67' lang='grc' dir='ltr'><strong>ου’</strong></span> <span class='ocrx_word' id='word_1_347' title='bbox 1869 2591 2054 2646; x_wconf 84' lang='lat' dir='ltr'><strong>stium.</strong></span> <span class='ocrx_word' id='word_1_348' title='bbox 2083 2591 2240 2660; x_wconf 79' lang='lat' dir='ltr'><strong>Quod</strong></span> <span class='ocrx_word' id='word_1_349' title='bbox 2263 2610 2389 2652; x_wconf 90' lang='lat' dir='ltr'><strong>cum</strong></span> <span class='ocrx_word' id='word_1_350' title='bbox 2418 2597 2533 2665; x_wconf 86' lang='lat' dir='ltr'><strong>ipsa</strong></span> <span class='ocrx_word' id='word_1_351' title='bbox 2562 2596 2881 2668; x_wconf 72' lang='lat' dir='ltr'><strong>Meginfrido</strong></span> <span class='ocrx_word' id='word_1_352' title='bbox 2907 2600 2996 2665; x_wconf 63' lang='grc' dir='ltr'><strong>η’,</strong></span> <span class='ocrx_word' id='word_1_353' title='bbox 3031 2600 3270 2670; x_wconf 84' lang='lat' dir='ltr'><strong>ejusdem</strong></span> <span class='ocrx_word' id='word_1_354' title='bbox 3302 2601 3454 2657; x_wconf 85' lang='lat' dir='ltr'><strong>urbis</strong></span> <span class='ocrx_word' id='word_1_355' title='bbox 3502 2626 3509 2633; x_wconf 73' lang='lat'>~</span> 
     </span>
    </p>
   </div>
   <div class='ocr_carea' id='block_1_41' title="bbox 169 2680 3453 2761">
    <p class='ocr_par' dir='ltr' id='par_1_41' title="bbox 169 2680 3453 2761">
     <span class='ocr_line' id='line_1_41' title="bbox 169 2680 3453 2761; baseline 0.004 -26"><span class='ocrx_word' id='word_1_356' title='bbox 169 2681 413 2736; x_wconf 83' lang='lat' dir='ltr'><strong>convicti</strong></span> <span class='ocrx_word' id='word_1_357' title='bbox 458 2682 690 2737; x_wconf 87' lang='lat' dir='ltr'><strong>sumus?</strong></span> <span class='ocrx_word' id='word_1_358' title='bbox 734 2681 904 2738; x_wconf 84' lang='lat' dir='ltr'><strong>Immo</strong></span> <span class='ocrx_word' id='word_1_359' title='bbox 932 2690 1220 2753; x_wconf 88' lang='lat' dir='ltr'><strong>postquam</strong></span> <span class='ocrx_word' id='word_1_360' title='bbox 1250 2680 1455 2738; x_wconf 90' lang='lat' dir='ltr'><strong>domini</strong></span> <span class='ocrx_word' id='word_1_361' title='bbox 1484 2683 1653 2738; x_wconf 89' lang='lat' dir='ltr'><strong>nostri</strong></span> <span class='ocrx_word' id='word_1_362' title='bbox 1685 2697 1769 2737; x_wconf 85' lang='lat' dir='ltr'><strong>re-</strong></span> <span class='ocrx_word' id='word_1_363' title='bbox 1866 2682 2153 2754; x_wconf 67' lang='lat' dir='ltr'><strong>praefecto,</strong></span> <span class='ocrx_word' id='word_1_364' title='bbox 2205 2694 2260 2742; x_wconf 89' lang='lat' dir='ltr'><strong>et</strong></span> <span class='ocrx_word' id='word_1_365' title='bbox 2311 2686 2602 2758; x_wconf 63' lang='lat' dir='ltr'><strong>praefectus</strong></span> <span class='ocrx_word' id='word_1_366' title='bbox 2644 2699 2934 2761; x_wconf 86' lang='lat' dir='ltr'><strong>antequam</strong></span> <span class='ocrx_word' id='word_1_367' title='bbox 2972 2692 3189 2748; x_wconf 80' lang='lat' dir='ltr'><strong>exirent</strong></span> <span class='ocrx_word' id='word_1_368' title='bbox 3227 2689 3307 2749; x_wconf 85' lang='lat' dir='ltr'><strong>ab&#39;</strong></span> <span class='ocrx_word' id='word_1_369' title='bbox 3334 2694 3453 2748; x_wconf 80' lang='lat' dir='ltr'><strong>bel-</strong></span> 
     </span>
    </p>
   </div>
   <div class='ocr_carea' id='block_1_42' title="bbox 169 2772 3453 2851">
    <p class='ocr_par' dir='ltr' id='par_1_42' title="bbox 169 2772 3453 2851">
     <span class='ocr_line' id='line_1_42' title="bbox 169 2772 3453 2851; baseline 0.004 -24"><span class='ocrx_word' id='word_1_370' title='bbox 169 2772 256 2843; x_wconf 85' lang='lat' dir='ltr'><strong>gis</strong></span> <span class='ocrx_word' id='word_1_371' title='bbox 282 2773 451 2839; x_wconf 87' lang='lat' dir='ltr'><strong>iram,</strong></span> <span class='ocrx_word' id='word_1_372' title='bbox 480 2773 609 2830; x_wconf 92' lang='lat' dir='ltr'><strong>licet</strong></span> <span class='ocrx_word' id='word_1_373' title='bbox 635 2775 755 2830; x_wconf 88' lang='lat' dir='ltr'><strong>sine</strong></span> <span class='ocrx_word' id='word_1_374' title='bbox 786 2790 975 2842; x_wconf 88' lang='lat' dir='ltr'><strong>causa,</strong></span> <span class='ocrx_word' id='word_1_375' title='bbox 1023 2776 1078 2830; x_wconf 90' lang='lat' dir='ltr'><strong>in</strong></span> <span class='ocrx_word' id='word_1_376' title='bbox 1119 2789 1220 2832; x_wconf 88' lang='lat' dir='ltr'><strong>nos</strong></span> <span class='ocrx_word' id='word_1_377' title='bbox 1257 2775 1529 2832; x_wconf 78' lang='lat' dir='ltr'><strong>exarsisse</strong></span> <span class='ocrx_word' id='word_1_378' title='bbox 1571 2791 1770 2848; x_wconf 89' lang='lat' dir='ltr'><strong>cogno-</strong></span> <span class='ocrx_word' id='word_1_379' title='bbox 1870 2773 2008 2839; x_wconf 91' lang='lat' dir='ltr'><strong>lum,</strong></span> <span class='ocrx_word' id='word_1_380' title='bbox 2038 2774 2195 2832; x_wconf 89' lang='lat' dir='ltr'><strong>nobis</strong></span> <span class='ocrx_word' id='word_1_381' title='bbox 2221 2777 2571 2834; x_wconf 89' lang='lat' dir='ltr'><strong>audientibus</strong></span> <span class='ocrx_word' id='word_1_382' title='bbox 2606 2780 2982 2851; x_wconf 69' lang='lat' dir='ltr'><strong>archiprresuli</strong></span> <span class='ocrx_word' id='word_1_383' title='bbox 3011 2791 3204 2840; x_wconf 86' lang='lat' dir='ltr'><strong>nostro</strong></span> <span class='ocrx_word' id='word_1_384' title='bbox 3233 2782 3453 2839; x_wconf 81' lang='lat' dir='ltr'><strong>retulis-</strong></span> 
     </span>
    </p>
   </div>
   <div class='ocr_carea' id='block_1_43' title="bbox 171 2862 1764 2936">
    <p class='ocr_par' dir='ltr' id='par_1_43' title="bbox 171 2862 1764 2936">
     <span class='ocr_line' id='line_1_43' title="bbox 171 2862 1764 2936; baseline 0.006 -21"><span class='ocrx_word' id='word_1_385' title='bbox 171 2862 380 2926; x_wconf 85' lang='lat' dir='ltr'><strong>vimus,</strong></span> <span class='ocrx_word' id='word_1_386' title='bbox 442 2863 686 2933; x_wconf 82' lang='lat' dir='ltr'><strong>singulos</strong></span> <span class='ocrx_word' id='word_1_387' title='bbox 740 2864 1050 2936; x_wconf 87' lang='lat' dir='ltr'><strong>principes,</strong></span> <span class='ocrx_word' id='word_1_388' title='bbox 1107 2865 1417 2922; x_wconf 87' lang='lat' dir='ltr'><strong>sacerdotes</strong></span> <span class='ocrx_word' id='word_1_389' title='bbox 1466 2874 1523 2923; x_wconf 86' lang='lat' dir='ltr'><strong>et</strong></span> <span class='ocrx_word' id='word_1_390' title='bbox 1579 2866 1764 2933; x_wconf 82' lang='lat' dir='ltr'><strong>laicos,</strong></span> 
     </span>
    </p>
   </div>
   <div class='ocr_carea' id='block_1_44' title="bbox 173 2954 1768 3027">
    <p class='ocr_par' dir='ltr' id='par_1_44' title="bbox 173 2954 1768 3027">
     <span class='ocr_line' id='line_1_44' title="bbox 173 2954 1768 3027; baseline 0.005 -20"><span class='ocrx_word' id='word_1_391' title='bbox 173 2954 402 3025; x_wconf 84' lang='lat' dir='ltr'><strong>scriptis</strong></span> <span class='ocrx_word' id='word_1_392' title='bbox 460 2963 519 3011; x_wconf 88' lang='lat' dir='ltr'><strong>et</strong></span> <span class='ocrx_word' id='word_1_393' title='bbox 555 2955 716 3012; x_wconf 91' lang='lat' dir='ltr'><strong>dictis</strong></span> <span class='ocrx_word' id='word_1_394' title='bbox 759 2956 1080 3027; x_wconf 88' lang='lat' dir='ltr'><strong>suppliciter</strong></span> <span class='ocrx_word' id='word_1_395' title='bbox 1118 2957 1420 3027; x_wconf 86' lang='lat' dir='ltr'><strong>oravimus,</strong></span> <span class='ocrx_word' id='word_1_396' title='bbox 1474 2967 1536 3015; x_wconf 91' lang='lat' dir='ltr'><strong>ut</strong></span> <span class='ocrx_word' id='word_1_397' title='bbox 1585 2974 1768 3015; x_wconf 91' lang='lat' dir='ltr'><strong>coram</strong></span> 
     </span>
    </p>
   </div>
   <div class='ocr_carea' id='block_1_45' title="bbox 174 3045 1771 3121">
    <p class='ocr_par' dir='ltr' id='par_1_45' title="bbox 174 3045 1771 3121">
     <span class='ocr_line' id='line_1_45' title="bbox 174 3045 1771 3121; baseline 0.008 -24"><span class='ocrx_word' id='word_1_398' title='bbox 174 3045 439 3102; x_wconf 80' lang='lat' dir='ltr'><strong>veniendi</strong></span> <span class='ocrx_word' id='word_1_399' title='bbox 488 3048 699 3117; x_wconf 86' lang='lat' dir='ltr'><strong>copiam</strong></span> <span class='ocrx_word' id='word_1_400' title='bbox 744 3047 900 3104; x_wconf 90' lang='lat' dir='ltr'><strong>nobis</strong></span> <span class='ocrx_word' id='word_1_401' title='bbox 945 3048 1322 3119; x_wconf 86' lang='lat' dir='ltr'><strong>impetrarent,</strong></span> <span class='ocrx_word' id='word_1_402' title='bbox 1367 3060 1635 3121; x_wconf 85' lang='lat' dir='ltr'><strong>quatenus</strong></span> <span class='ocrx_word' id='word_1_403' title='bbox 1678 3062 1771 3109; x_wconf 88' lang='lat' dir='ltr'><strong>aut</strong></span> 
     </span>
    </p>
   </div>
   <div class='ocr_carea' id='block_1_46' title="bbox 173 3137 1772 3213">
    <p class='ocr_par' dir='ltr' id='par_1_46' title="bbox 173 3137 1772 3213">
     <span class='ocr_line' id='line_1_46' title="bbox 173 3137 1772 3213; baseline 0.008 -23"><span class='ocrx_word' id='word_1_404' title='bbox 173 3137 463 3194; x_wconf 87' lang='lat' dir='ltr'><strong>criminosi</strong></span> <span class='ocrx_word' id='word_1_405' title='bbox 519 3139 759 3208; x_wconf 86' lang='lat' dir='ltr'><strong>ipsorum</strong></span> <span class='ocrx_word' id='word_1_406' title='bbox 805 3139 1013 3209; x_wconf 88' lang='lat' dir='ltr'><strong>judicio</strong></span> <span class='ocrx_word' id='word_1_407' title='bbox 1067 3142 1487 3213; x_wconf 89' lang='lat' dir='ltr'><strong>dampnaremur</strong></span> <span class='ocrx_word' id='word_1_408' title='bbox 1547 3146 1636 3212; x_wconf 74' lang='grc'><strong>⁸⁸⁵,</strong></span> <span class='ocrx_word' id='word_1_409' title='bbox 1679 3159 1772 3203; x_wconf 88' lang='lat' dir='ltr'><strong>aut</strong></span> 
     </span>
    </p>
   </div>
   <div class='ocr_carea' id='block_1_47' title="bbox 176 3227 1776 3305">
    <p class='ocr_par' dir='ltr' id='par_1_47' title="bbox 176 3227 1776 3305">
     <span class='ocr_line' id='line_1_47' title="bbox 176 3227 1776 3305; baseline 0.009 -24"><span class='ocrx_word' id='word_1_410' title='bbox 176 3227 298 3283; x_wconf 89' lang='lat' dir='ltr'><strong>sine</strong></span> <span class='ocrx_word' id='word_1_411' title='bbox 330 3230 567 3284; x_wconf 83' lang='lat' dir='ltr'><strong>crimine</strong></span> <span class='ocrx_word' id='word_1_412' title='bbox 604 3246 729 3286; x_wconf 87' lang='lat' dir='ltr'><strong>cum</strong></span> <span class='ocrx_word' id='word_1_413' title='bbox 773 3247 907 3301; x_wconf 84' lang='lat' dir='ltr'><strong>pace</strong></span> <span class='ocrx_word' id='word_1_414' title='bbox 951 3242 1006 3288; x_wconf 89' lang='lat' dir='ltr'><strong>et</strong></span> <span class='ocrx_word' id='word_1_415' title='bbox 1057 3235 1231 3305; x_wconf 87' lang='lat' dir='ltr'><strong>gratia</strong></span> <span class='ocrx_word' id='word_1_416' title='bbox 1259 3236 1461 3292; x_wconf 90' lang='lat' dir='ltr'><strong>domini</strong></span> <span class='ocrx_word' id='word_1_417' title='bbox 1495 3239 1664 3294; x_wconf 85' lang='lat' dir='ltr'><strong>nostri</strong></span> <span class='ocrx_word' id='word_1_418' title='bbox 1696 3240 1776 3295; x_wconf 88' lang='lat' dir='ltr'><strong>di-</strong></span> 
     </span>
    </p>
   </div>
   <div class='ocr_carea' id='block_1_48' title="bbox 179 3320 1777 3400">
    <p class='ocr_par' dir='ltr' id='par_1_48' title="bbox 179 3320 1777 3400">
     <span class='ocr_line' id='line_1_48' title="bbox 179 3320 1777 3400; baseline 0.007 -25"><span class='ocrx_word' id='word_1_419' title='bbox 179 3320 552 3377; x_wconf 87' lang='lat' dir='ltr'><strong>mitteremur.</strong></span> <span class='ocrx_word' id='word_1_420' title='bbox 580 3323 740 3391; x_wconf 85' lang='lat' dir='ltr'><strong>Quod</strong></span> <span class='ocrx_word' id='word_1_421' title='bbox 773 3339 895 3379; x_wconf 89' lang='lat' dir='ltr'><strong>cum</strong></span> <span class='ocrx_word' id='word_1_422' title='bbox 927 3326 1083 3382; x_wconf 92' lang='lat' dir='ltr'><strong>nobis</strong></span> <span class='ocrx_word' id='word_1_423' title='bbox 1121 3326 1288 3382; x_wconf 85' lang='lat' dir='ltr'><strong>nichil</strong></span> <span class='ocrx_word' id='word_1_424' title='bbox 1330 3329 1588 3400; x_wconf 88' lang='lat' dir='ltr'><strong>prodesse</strong></span> <span class='ocrx_word' id='word_1_425' title='bbox 1626 3330 1777 3387; x_wconf 92' lang='lat' dir='ltr'><strong>vide-</strong></span> 
     </span>
    </p>
   </div>
   <div class='ocr_carea' id='block_1_49' title="bbox 177 3413 1780 3491">
    <p class='ocr_par' dir='ltr' id='par_1_49' title="bbox 177 3413 1780 3491">
     <span class='ocr_line' id='line_1_49' title="bbox 177 3413 1780 3491; baseline 0.006 -23"><span class='ocrx_word' id='word_1_426' title='bbox 177 3427 391 3479; x_wconf 77' lang='lat' dir='ltr'><strong>remus,</strong></span> <span class='ocrx_word' id='word_1_427' title='bbox 424 3414 531 3483; x_wconf 81' lang='lat' dir='ltr'><strong>ipsi</strong></span> <span class='ocrx_word' id='word_1_428' title='bbox 560 3413 783 3471; x_wconf 91' lang='lat' dir='ltr'><strong>domino</strong></span> <span class='ocrx_word' id='word_1_429' title='bbox 805 3427 990 3472; x_wconf 88' lang='lat' dir='ltr'><strong>nostro</strong></span> <span class='ocrx_word' id='word_1_430' title='bbox 1039 3416 1365 3491; x_wconf 83' lang='lat' dir='ltr'><strong>legationem</strong></span> <span class='ocrx_word' id='word_1_431' title='bbox 1388 3420 1527 3476; x_wconf 86' lang='lat' dir='ltr'><strong>sicut</strong></span> <span class='ocrx_word' id='word_1_432' title='bbox 1546 3421 1780 3478; x_wconf 88' lang='lat' dir='ltr'><strong>humiles</strong></span> 
     </span>
    </p>
   </div>
   <div class='ocr_carea' id='block_1_50' title="bbox 179 3505 1776 3579">
    <p class='ocr_par' dir='ltr' id='par_1_50' title="bbox 179 3505 1776 3579">
     <span class='ocr_line' id='line_1_50' title="bbox 179 3505 1776 3579; baseline 0.003 -18"><span class='ocrx_word' id='word_1_433' title='bbox 179 3505 329 3561; x_wconf 83' lang='lat' dir='ltr'><strong>servi</strong></span> <span class='ocrx_word' id='word_1_434' title='bbox 379 3519 527 3577; x_wconf 73' lang='lat' dir='ltr'><strong>saepe</strong></span> <span class='ocrx_word' id='word_1_435' title='bbox 575 3505 824 3573; x_wconf 88' lang='lat' dir='ltr'><strong>fecimus,</strong></span> <span class='ocrx_word' id='word_1_436' title='bbox 869 3508 1235 3579; x_wconf 87' lang='lat' dir='ltr'><strong>supplicantes</strong></span> <span class='ocrx_word' id='word_1_437' title='bbox 1258 3519 1320 3565; x_wconf 86' lang='lat' dir='ltr'><strong>ut</strong></span> <span class='ocrx_word' id='word_1_438' title='bbox 1346 3526 1445 3566; x_wconf 90' lang='lat' dir='ltr'><strong>nos</strong></span> <span class='ocrx_word' id='word_1_439' title='bbox 1473 3512 1558 3566; x_wconf 85' lang='lat' dir='ltr'><strong>vel</strong></span> <span class='ocrx_word' id='word_1_440' title='bbox 1591 3511 1644 3566; x_wconf 92' lang='lat' dir='ltr'><strong>in</strong></span> <span class='ocrx_word' id='word_1_441' title='bbox 1672 3512 1776 3567; x_wconf 90' lang='lat' dir='ltr'><strong>cri-</strong></span> 
     </span>
    </p>
   </div>
   <div class='ocr_carea' id='block_1_51' title="bbox 179 3595 1779 3674">
    <p class='ocr_par' dir='ltr' id='par_1_51' title="bbox 179 3595 1779 3674">
     <span class='ocr_line' id='line_1_51' title="bbox 179 3595 1779 3674; baseline 0.005 -24"><span class='ocrx_word' id='word_1_442' title='bbox 179 3595 333 3650; x_wconf 84' lang='lat' dir='ltr'><strong>mine</strong></span> <span class='ocrx_word' id='word_1_443' title='bbox 360 3595 734 3666; x_wconf 84' lang='lat' dir='ltr'><strong>deprehensos</strong></span> <span class='ocrx_word' id='word_1_444' title='bbox 751 3596 957 3668; x_wconf 88' lang='lat' dir='ltr'><strong>judicio</strong></span> <span class='ocrx_word' id='word_1_445' title='bbox 979 3600 1285 3673; x_wconf 87' lang='lat' dir='ltr'><strong>principum</strong></span> <span class='ocrx_word' id='word_1_446' title='bbox 1314 3602 1491 3673; x_wconf 88' lang='lat' dir='ltr'><strong>palam</strong></span> <span class='ocrx_word' id='word_1_447' title='bbox 1519 3603 1779 3674; x_wconf 84' lang='lat' dir='ltr'><strong>dampna-</strong></span> 
     </span>
    </p>
   </div>
   <div class='ocr_carea' id='block_1_52' title="bbox 180 3687 1782 3766">
    <p class='ocr_par' dir='ltr' id='par_1_52' title="bbox 180 3687 1782 3766">
     <span class='ocr_line' id='line_1_52' title="bbox 180 3687 1782 3766; baseline 0.005 -24"><span class='ocrx_word' id='word_1_448' title='bbox 180 3695 267 3743; x_wconf 91' lang='lat' dir='ltr'><strong>ret</strong></span> <span class='ocrx_word' id='word_1_449' title='bbox 299 3687 391 3754; x_wconf 74' lang='grc'><strong>⁸⁸⁸,</strong></span> <span class='ocrx_word' id='word_1_450' title='bbox 415 3688 502 3744; x_wconf 85' lang='lat' dir='ltr'><strong>vel</strong></span> <span class='ocrx_word' id='word_1_451' title='bbox 535 3690 655 3746; x_wconf 88' lang='lat' dir='ltr'><strong>sine</strong></span> <span class='ocrx_word' id='word_1_452' title='bbox 679 3692 909 3747; x_wconf 89' lang='lat' dir='ltr'><strong>crimine</strong></span> <span class='ocrx_word' id='word_1_453' title='bbox 947 3701 1196 3763; x_wconf 89' lang='lat' dir='ltr'><strong>repertos</strong></span> <span class='ocrx_word' id='word_1_454' title='bbox 1239 3694 1427 3766; x_wconf 82' lang='lat' dir='ltr'><strong>gratia-</strong></span> <span class='ocrx_word' id='word_1_455' title='bbox 1459 3695 1524 3729; x_wconf 82' lang='grc'><strong>¹⁰⁷</strong></span> <span class='ocrx_word' id='word_1_456' title='bbox 1556 3710 1668 3750; x_wconf 81' lang='lat' dir='ltr'><strong>sua:</strong></span> <span class='ocrx_word' id='word_1_457' title='bbox 1696 3711 1782 3751; x_wconf 85' lang='lat' dir='ltr'><strong>se-</strong></span> 
     </span>
    </p>
   </div>
   <div class='ocr_carea' id='block_1_53' title="bbox 181 3781 1775 3857">
    <p class='ocr_par' dir='ltr' id='par_1_53' title="bbox 181 3781 1775 3857">
     <span class='ocr_line' id='line_1_53' title="bbox 181 3781 1775 3857; baseline 0.005 -23"><span class='ocrx_word' id='word_1_458' title='bbox 181 3781 420 3836; x_wconf 82' lang='lat' dir='ltr'><strong>renitate</strong></span> <span class='ocrx_word' id='word_1_459' title='bbox 467 3781 720 3839; x_wconf 90' lang='lat' dir='ltr'><strong>donaret.</strong></span> <span class='ocrx_word' id='word_1_460' title='bbox 766 3785 877 3840; x_wconf 84' lang='lat' dir='ltr'><strong>llac</strong></span> <span class='ocrx_word' id='word_1_461' title='bbox 907 3786 1072 3855; x_wconf 80' lang='lat' dir='ltr'><strong>igitur</strong></span> <span class='ocrx_word' id='word_1_462' title='bbox 1114 3785 1180 3842; x_wconf 89' lang='lat' dir='ltr'><strong>de</strong></span> <span class='ocrx_word' id='word_1_463' title='bbox 1216 3784 1373 3857; x_wconf 90' lang='lat' dir='ltr'><strong>culpa</strong></span> <span class='ocrx_word' id='word_1_464' title='bbox 1440 3795 1638 3843; x_wconf 83' lang='lat' dir='ltr'><strong>terram</strong></span> <span class='ocrx_word' id='word_1_465' title='bbox 1684 3803 1775 3842; x_wconf 84' lang='lat' dir='ltr'><strong>no-</strong></span> 
     </span>
    </p>
   </div>
   <div class='ocr_carea' id='block_1_54' title="bbox 182 3876 1782 3950">
    <p class='ocr_par' dir='ltr' id='par_1_54' title="bbox 182 3876 1782 3950">
     <span class='ocr_line' id='line_1_54' title="bbox 182 3876 1782 3950; baseline 0.006 -25"><span class='ocrx_word' id='word_1_466' title='bbox 182 3878 361 3926; x_wconf 88' lang='lat' dir='ltr'><strong>stram</strong></span> <span class='ocrx_word' id='word_1_467' title='bbox 417 3887 595 3929; x_wconf 61' lang='lat' dir='ltr'><strong>saevus</strong></span> <span class='ocrx_word' id='word_1_468' title='bbox 626 3882 867 3930; x_wconf 88' lang='lat' dir='ltr'><strong>vastator</strong></span> <span class='ocrx_word' id='word_1_469' title='bbox 919 3876 1139 3943; x_wconf 88' lang='lat' dir='ltr'><strong>invasit,</strong></span> <span class='ocrx_word' id='word_1_470' title='bbox 1196 3877 1305 3947; x_wconf 82' lang='lat' dir='ltr'><strong>igni</strong></span> <span class='ocrx_word' id='word_1_471' title='bbox 1354 3876 1606 3948; x_wconf 86' lang='lat' dir='ltr'><strong>ferroque</strong></span> <span class='ocrx_word' id='word_1_472' title='bbox 1644 3893 1782 3950; x_wconf 89' lang='lat' dir='ltr'><strong>pene</strong></span> 
     </span>
    </p>
   </div>
   <div class='ocr_carea' id='block_1_55' title="bbox 183 3963 1780 4033">
    <p class='ocr_par' dir='ltr' id='par_1_55' title="bbox 183 3963 1780 4033">
     <span class='ocr_line' id='line_1_55' title="bbox 183 3963 1780 4033; baseline 0.006 -19"><span class='ocrx_word' id='word_1_473' title='bbox 183 3963 464 4018; x_wconf 86' lang='lat' dir='ltr'><strong>desertam</strong></span> <span class='ocrx_word' id='word_1_474' title='bbox 498 3966 756 4020; x_wconf 89' lang='lat' dir='ltr'><strong>reddidit.</strong></span> <span class='ocrx_word' id='word_1_475' title='bbox 786 3966 940 4033; x_wconf 88' lang='lat' dir='ltr'><strong>Quod</strong></span> <span class='ocrx_word' id='word_1_476' title='bbox 981 3967 1025 4023; x_wconf 92' lang='lat' dir='ltr'><strong>si</strong></span> <span class='ocrx_word' id='word_1_477' title='bbox 1056 3967 1154 4024; x_wconf 87' lang='lat' dir='ltr'><strong>soli</strong></span> <span class='ocrx_word' id='word_1_478' title='bbox 1186 3968 1306 4023; x_wconf 86' lang='lat' dir='ltr'><strong>laici</strong></span> <span class='ocrx_word' id='word_1_479' title='bbox 1337 3969 1390 4023; x_wconf 92' lang='lat' dir='ltr'><strong>in</strong></span> <span class='ocrx_word' id='word_1_480' title='bbox 1420 3968 1512 4023; x_wconf 89' lang='lat' dir='ltr'><strong>illo</strong></span> <span class='ocrx_word' id='word_1_481' title='bbox 1540 3970 1780 4026; x_wconf 76' lang='lat' dir='ltr'><strong>exercitu</strong></span> 
     </span>
    </p>
   </div>
   <div class='ocr_carea' id='block_1_56' title="bbox 185 4050 1783 4131">
    <p class='ocr_par' dir='ltr' id='par_1_56' title="bbox 185 4050 1783 4131">
     <span class='ocr_line' id='line_1_56' title="bbox 185 4050 1783 4131; baseline 0.009 -28"><span class='ocrx_word' id='word_1_482' title='bbox 185 4050 446 4118; x_wconf 85' lang='lat' dir='ltr'><strong>fuissent,</strong></span> <span class='ocrx_word' id='word_1_483' title='bbox 477 4051 708 4111; x_wconf 89' lang='lat' dir='ltr'><strong>forsitan</strong></span> <span class='ocrx_word' id='word_1_484' title='bbox 737 4056 984 4112; x_wconf 86' lang='lat' dir='ltr'><strong>ecclesiis</strong></span> <span class='ocrx_word' id='word_1_485' title='bbox 1013 4068 1067 4113; x_wconf 90' lang='lat' dir='ltr'><strong>et</strong></span> <span class='ocrx_word' id='word_1_486' title='bbox 1096 4058 1484 4115; x_wconf 89' lang='lat' dir='ltr'><strong>ecclesiasticis</strong></span> <span class='ocrx_word' id='word_1_487' title='bbox 1510 4061 1672 4116; x_wconf 87' lang='lat' dir='ltr'><strong>rebus</strong></span> <span class='ocrx_word' id='word_1_488' title='bbox 1697 4075 1783 4131; x_wconf 83' lang='lat' dir='ltr'><strong>pe-</strong></span> 
     </span>
    </p>
   </div>
   <div class='ocr_carea' id='block_1_57' title="bbox 184 4145 1782 4223">
    <p class='ocr_par' dir='ltr' id='par_1_57' title="bbox 184 4145 1782 4223">
     <span class='ocr_line' id='line_1_57' title="bbox 184 4145 1782 4223; baseline 0.007 -25"><span class='ocrx_word' id='word_1_489' title='bbox 184 4145 516 4214; x_wconf 85' lang='lat' dir='ltr'><strong>percissent.</strong></span> <span class='ocrx_word' id='word_1_490' title='bbox 561 4146 719 4204; x_wconf 85' lang='lat' dir='ltr'><strong>Nunc</strong></span> <span class='ocrx_word' id='word_1_491' title='bbox 768 4163 899 4205; x_wconf 89' lang='lat' dir='ltr'><strong>vero</strong></span> <span class='ocrx_word' id='word_1_492' title='bbox 923 4152 1050 4220; x_wconf 88' lang='lat' dir='ltr'><strong>quia</strong></span> <span class='ocrx_word' id='word_1_493' title='bbox 1089 4151 1156 4184; x_wconf 79' lang='grc'><strong>¹⁹⁸</strong></span> <span class='ocrx_word' id='word_1_494' title='bbox 1205 4152 1423 4223; x_wconf 74' lang='lat' dir='ltr'><strong>plurimi</strong></span> <span class='ocrx_word' id='word_1_495' title='bbox 1470 4155 1782 4209; x_wconf 89' lang='lat' dir='ltr'><strong>sacerdotes</strong></span> 
     </span>
    </p>
   </div>
   <div class='ocr_carea' id='block_1_58' title="bbox 185 4234 1779 4312">
    <p class='ocr_par' dir='ltr' id='par_1_58' title="bbox 185 4234 1779 4312">
     <span class='ocr_line' id='line_1_58' title="bbox 185 4234 1779 4312; baseline 0.009 -24"><span class='ocrx_word' id='word_1_496' title='bbox 185 4234 443 4301; x_wconf 82' lang='lat' dir='ltr'><strong>aderant,</strong></span> <span class='ocrx_word' id='word_1_497' title='bbox 495 4237 626 4292; x_wconf 91' lang='lat' dir='ltr'><strong>nulli</strong></span> <span class='ocrx_word' id='word_1_498' title='bbox 680 4240 757 4294; x_wconf 91' lang='lat' dir='ltr'><strong>rei</strong></span> <span class='ocrx_word' id='word_1_499' title='bbox 808 4255 977 4296; x_wconf 70' lang='lat' dir='ltr'><strong>sacra:</strong></span> <span class='ocrx_word' id='word_1_500' title='bbox 1006 4243 1326 4312; x_wconf 87' lang='lat' dir='ltr'><strong>parcebant,</strong></span> <span class='ocrx_word' id='word_1_501' title='bbox 1358 4245 1453 4300; x_wconf 89' lang='lat' dir='ltr'><strong>sed</strong></span> <span class='ocrx_word' id='word_1_502' title='bbox 1500 4244 1779 4312; x_wconf 88' lang='lat' dir='ltr'><strong>ecclesias,</strong></span> 
     </span>
    </p>
   </div>
   <div class='ocr_carea' id='block_1_59' title="bbox 185 4319 1780 4403">
    <p class='ocr_par' dir='ltr' id='par_1_59' title="bbox 185 4319 1780 4403">
     <span class='ocr_line' id='line_1_59' title="bbox 185 4319 1780 4403; baseline 0.009 -26"><span class='ocrx_word' id='word_1_503' title='bbox 185 4342 325 4395; x_wconf 87' lang='lat' dir='ltr'><strong>quas</strong></span> <span class='ocrx_word' id='word_1_504' title='bbox 360 4327 447 4383; x_wconf 87' lang='lat' dir='ltr'><strong>vel</strong></span> <span class='ocrx_word' id='word_1_505' title='bbox 490 4328 592 4398; x_wconf 86' lang='lat' dir='ltr'><strong>ipsi</strong></span> <span class='ocrx_word' id='word_1_506' title='bbox 638 4329 725 4385; x_wconf 88' lang='lat' dir='ltr'><strong>vel</strong></span> <span class='ocrx_word' id='word_1_507' title='bbox 762 4329 958 4387; x_wconf 87' lang='lat' dir='ltr'><strong>fratres</strong></span> <span class='ocrx_word' id='word_1_508' title='bbox 975 4329 1050 4365; x_wconf 69' lang='lat' dir='ltr'><strong>m</strong></span> <span class='ocrx_word' id='word_1_509' title='bbox 1079 4348 1266 4389; x_wconf 85' lang='lat' dir='ltr'><strong>eorum</strong></span> <span class='ocrx_word' id='word_1_510' title='bbox 1303 4319 1780 4403; x_wconf 79' lang='lat' dir='ltr'><strong>consecraverant,</strong></span> 
     </span>
    </p>
   </div>
   <div class='ocr_carea' id='block_1_60' title="bbox 186 4417 1776 4489">
    <p class='ocr_par' dir='ltr' id='par_1_60' title="bbox 186 4417 1776 4489">
     <span class='ocr_line' id='line_1_60' title="bbox 186 4417 1776 4489; baseline 0.008 -18"><span class='ocrx_word' id='word_1_511' title='bbox 186 4417 308 4486; x_wconf 78' lang='lat' dir='ltr'><strong>igne</strong></span> <span class='ocrx_word' id='word_1_512' title='bbox 333 4418 549 4475; x_wconf 86' lang='lat' dir='ltr'><strong>nefario</strong></span> <span class='ocrx_word' id='word_1_513' title='bbox 569 4423 828 4477; x_wconf 78' lang='lat' dir='ltr'><strong>succendi</strong></span> <span class='ocrx_word' id='word_1_514' title='bbox 860 4425 1137 4489; x_wconf 80' lang='lat' dir='ltr'><strong>ridebant,</strong></span> <span class='ocrx_word' id='word_1_515' title='bbox 1170 4441 1269 4481; x_wconf 83' lang='lat' dir='ltr'><strong>nec</strong></span> <span class='ocrx_word' id='word_1_516' title='bbox 1310 4428 1776 4484; x_wconf 86' lang='lat' dir='ltr'><strong>contradicebant.</strong></span> 
     </span>
    </p>
   </div>
   <div class='ocr_carea' id='block_1_61' title="bbox 188 4509 1782 4589">
    <p class='ocr_par' dir='ltr' id='par_1_61' title="bbox 188 4509 1782 4589">
     <span class='ocr_line' id='line_1_61' title="bbox 188 4509 1782 4589; baseline 0.007 -26"><span class='ocrx_word' id='word_1_517' title='bbox 188 4509 330 4575; x_wconf 81' lang='lat' dir='ltr'><strong>Quid</strong></span> <span class='ocrx_word' id='word_1_518' title='bbox 371 4510 542 4582; x_wconf 80' lang='lat' dir='ltr'><strong>igitur</strong></span> <span class='ocrx_word' id='word_1_519' title='bbox 583 4522 713 4567; x_wconf 90' lang='lat' dir='ltr'><strong>tunc</strong></span> <span class='ocrx_word' id='word_1_520' title='bbox 760 4512 883 4568; x_wconf 89' lang='lat' dir='ltr'><strong>laici</strong></span> <span class='ocrx_word' id='word_1_521' title='bbox 930 4513 1195 4582; x_wconf 87' lang='lat' dir='ltr'><strong>facerent,</strong></span> <span class='ocrx_word' id='word_1_522' title='bbox 1236 4532 1359 4573; x_wconf 90' lang='lat' dir='ltr'><strong>cum</strong></span> <span class='ocrx_word' id='word_1_523' title='bbox 1402 4518 1684 4589; x_wconf 88' lang='lat' dir='ltr'><strong>episcopos</strong></span> <span class='ocrx_word' id='word_1_524' title='bbox 1723 4527 1782 4574; x_wconf 90' lang='lat' dir='ltr'><strong>ut</strong></span> 
     </span>
    </p>
   </div>
   <div class='ocr_carea' id='block_1_62' title="bbox 190 4600 1778 4678">
    <p class='ocr_par' dir='ltr' id='par_1_62' title="bbox 190 4600 1778 4678">
     <span class='ocr_line' id='line_1_62' title="bbox 190 4600 1778 4678; baseline 0.007 -25"><span class='ocrx_word' id='word_1_525' title='bbox 190 4601 318 4656; x_wconf 87' lang='lat' dir='ltr'><strong>talia</strong></span> <span class='ocrx_word' id='word_1_526' title='bbox 354 4600 553 4658; x_wconf 87' lang='lat' dir='ltr'><strong>flerent</strong></span> <span class='ocrx_word' id='word_1_527' title='bbox 576 4605 886 4660; x_wconf 88' lang='lat' dir='ltr'><strong>consentire</strong></span> <span class='ocrx_word' id='word_1_528' title='bbox 917 4604 1001 4661; x_wconf 91' lang='lat' dir='ltr'><strong>vel</strong></span> <span class='ocrx_word' id='word_1_529' title='bbox 1026 4606 1193 4662; x_wconf 87' lang='lat' dir='ltr'><strong>etiam</strong></span> <span class='ocrx_word' id='word_1_530' title='bbox 1226 4608 1487 4678; x_wconf 84' lang='lat' dir='ltr'><strong>instigare</strong></span> <span class='ocrx_word' id='word_1_531' title='bbox 1511 4609 1778 4665; x_wconf 83' lang='lat' dir='ltr'><strong>viderent.</strong></span> 
     </span>
    </p>
   </div>
   <div class='ocr_carea' id='block_1_63' title="bbox 193 4692 1779 4767">
    <p class='ocr_par' dir='ltr' id='par_1_63' title="bbox 193 4692 1779 4767">
     <span class='ocr_line' id='line_1_63' title="bbox 193 4692 1779 4767; baseline 0.006 -21"><span class='ocrx_word' id='word_1_532' title='bbox 193 4692 298 4747; x_wconf 80' lang='lat' dir='ltr'><strong>Sed</strong></span> <span class='ocrx_word' id='word_1_533' title='bbox 320 4704 380 4747; x_wconf 88' lang='lat' dir='ltr'><strong>ut</strong></span> <span class='ocrx_word' id='word_1_534' title='bbox 410 4693 528 4750; x_wconf 74' lang='lat' dir='ltr'><strong>haec</strong></span> <span class='ocrx_word' id='word_1_535' title='bbox 554 4704 709 4765; x_wconf 87' lang='lat' dir='ltr'><strong>gesta</strong></span> <span class='ocrx_word' id='word_1_536' title='bbox 748 4695 858 4750; x_wconf 87' lang='lat' dir='ltr'><strong>sint</strong></span> <span class='ocrx_word' id='word_1_537' title='bbox 879 4693 970 4763; x_wconf 84' lang='grc'><strong>²⁹⁰,</strong></span> <span class='ocrx_word' id='word_1_538' title='bbox 1003 4697 1253 4767; x_wconf 87' lang='lat' dir='ltr'><strong>quamvis</strong></span> <span class='ocrx_word' id='word_1_539' title='bbox 1285 4709 1412 4754; x_wconf 89' lang='lat' dir='ltr'><strong>ante</strong></span> <span class='ocrx_word' id='word_1_540' title='bbox 1445 4700 1617 4755; x_wconf 89' lang='lat' dir='ltr'><strong>simus</strong></span> <span class='ocrx_word' id='word_1_541' title='bbox 1639 4700 1779 4755; x_wconf 89' lang='lat' dir='ltr'><strong>ultra</strong></span> 
     </span>
    </p>
   </div>
   <div class='ocr_carea' id='block_1_64' title="bbox 193 4783 1784 4862">
    <p class='ocr_par' dir='ltr' id='par_1_64' title="bbox 193 4783 1784 4862">
     <span class='ocr_line' id='line_1_64' title="bbox 193 4783 1784 4862; baseline 0.006 -26"><span class='ocrx_word' id='word_1_542' title='bbox 193 4783 406 4839; x_wconf 86' lang='lat' dir='ltr'><strong>modum</strong></span> <span class='ocrx_word' id='word_1_543' title='bbox 445 4785 624 4855; x_wconf 88' lang='lat' dir='ltr'><strong>puniti</strong></span> <span class='ocrx_word' id='word_1_544' title='bbox 661 4801 821 4856; x_wconf 87' lang='lat' dir='ltr'><strong>quam</strong></span> <span class='ocrx_word' id='word_1_545' title='bbox 851 4785 1034 4859; x_wconf 84' lang='lat' dir='ltr'><strong>aliquo</strong></span> <span class='ocrx_word' id='word_1_546' title='bbox 1069 4789 1230 4846; x_wconf 91' lang='lat' dir='ltr'><strong>modo</strong></span> <span class='ocrx_word' id='word_1_547' title='bbox 1266 4789 1319 4846; x_wconf 92' lang='lat' dir='ltr'><strong>in</strong></span> <span class='ocrx_word' id='word_1_548' title='bbox 1356 4790 1510 4862; x_wconf 90' lang='lat' dir='ltr'><strong>culpa</strong></span> <span class='ocrx_word' id='word_1_549' title='bbox 1542 4790 1784 4861; x_wconf 75' lang='lat' dir='ltr'><strong>qualibet</strong></span> 
     </span>
    </p>
   </div>
   <div class='ocr_carea' id='block_1_65' title="bbox 194 4874 1785 4950">
    <p class='ocr_par' dir='ltr' id='par_1_65' title="bbox 194 4874 1785 4950">
     <span class='ocr_line' id='line_1_65' title="bbox 194 4874 1785 4950; baseline 0.01 -23"><span class='ocrx_word' id='word_1_550' title='bbox 194 4874 419 4943; x_wconf 84' lang='lat' dir='ltr'><strong>inventi,</strong></span> <span class='ocrx_word' id='word_1_551' title='bbox 461 4880 716 4948; x_wconf 88' lang='lat' dir='ltr'><strong>quamvis</strong></span> <span class='ocrx_word' id='word_1_552' title='bbox 756 4881 823 4933; x_wconf 87' lang='lat' dir='ltr'><strong>ab</strong></span> <span class='ocrx_word' id='word_1_553' title='bbox 858 4879 977 4950; x_wconf 73' lang='lat' dir='ltr'><strong>illis</strong></span> <span class='ocrx_word' id='word_1_554' title='bbox 1026 4882 1198 4938; x_wconf 87' lang='lat' dir='ltr'><strong>simus</strong></span> <span class='ocrx_word' id='word_1_555' title='bbox 1238 4884 1383 4939; x_wconf 67' lang='lat' dir='ltr'><strong>caede</strong></span> <span class='ocrx_word' id='word_1_556' title='bbox 1433 4894 1490 4940; x_wconf 90' lang='lat' dir='ltr'><strong>et</strong></span> <span class='ocrx_word' id='word_1_557' title='bbox 1536 4885 1785 4943; x_wconf 89' lang='lat' dir='ltr'><strong>incendio</strong></span> 
     </span>
    </p>
   </div>
   <div class='ocr_carea' id='block_1_66' title="bbox 1797 3105 1844 3166">
    <p class='ocr_par' dir='ltr' id='par_1_66' title="bbox 1797 3105 1844 3166">
     <span class='ocr_line' id='line_1_66' title="bbox 1797 3105 1844 3166; baseline 0 0"><span class='ocrx_word' id='word_1_558' title='bbox 1797 3105 1844 3166; x_wconf 88' lang='lat' dir='ltr'>C</span> 
     </span>
    </p>
   </div>
   <div class='ocr_carea' id='block_1_67' title="bbox 1870 2868 3457 2947">
    <p class='ocr_par' dir='ltr' id='par_1_67' title="bbox 1870 2868 3457 2947">
     <span class='ocr_line' id='line_1_67' title="bbox 1870 2868 3457 2947; baseline 0.005 -24"><span class='ocrx_word' id='word_1_559' title='bbox 1870 2874 1953 2923; x_wconf 82' lang='lat' dir='ltr'><strong>set</strong></span> <span class='ocrx_word' id='word_1_560' title='bbox 1986 2868 2121 2941; x_wconf 74' lang='grc'><strong>(52),</strong></span> <span class='ocrx_word' id='word_1_561' title='bbox 2161 2878 2385 2941; x_wconf 88' lang='lat' dir='ltr'><strong>peracto</strong></span> <span class='ocrx_word' id='word_1_562' title='bbox 2408 2868 2523 2940; x_wconf 90' lang='lat' dir='ltr'><strong>jam</strong></span> <span class='ocrx_word' id='word_1_563' title='bbox 2561 2872 2777 2943; x_wconf 70' lang='lat' dir='ltr'><strong>proelio,</strong></span> <span class='ocrx_word' id='word_1_564' title='bbox 2827 2884 2988 2945; x_wconf 90' lang='lat' dir='ltr'><strong>caput</strong></span> <span class='ocrx_word' id='word_1_565' title='bbox 3040 2876 3215 2947; x_wconf 89' lang='lat' dir='ltr'><strong>ipsum</strong></span> <span class='ocrx_word' id='word_1_566' title='bbox 3263 2892 3457 2932; x_wconf 88' lang='lat' dir='ltr'><strong>omnes</strong></span> 
     </span>
    </p>
   </div>
   <div class='ocr_carea' id='block_1_68' title="bbox 1876 2959 3461 3032">
    <p class='ocr_par' dir='ltr' id='par_1_68' title="bbox 1876 2959 3461 3032">
     <span class='ocr_line' id='line_1_68' title="bbox 1876 2959 3461 3032; baseline 0.007 -22"><span class='ocrx_word' id='word_1_567' title='bbox 1876 2959 2140 3016; x_wconf 89' lang='lat' dir='ltr'><strong>terminos</strong></span> <span class='ocrx_word' id='word_1_568' title='bbox 2184 2968 2423 3026; x_wconf 89' lang='lat' dir='ltr'><strong>nostros,</strong></span> <span class='ocrx_word' id='word_1_569' title='bbox 2468 2969 2762 3032; x_wconf 86' lang='lat' dir='ltr'><strong>antequam</strong></span> <span class='ocrx_word' id='word_1_570' title='bbox 2812 2978 2907 3019; x_wconf 81' lang='lat' dir='ltr'><strong>rex</strong></span> <span class='ocrx_word' id='word_1_571' title='bbox 2948 2965 3176 3029; x_wconf 88' lang='lat' dir='ltr'><strong>veniret,</strong></span> <span class='ocrx_word' id='word_1_572' title='bbox 3226 2965 3461 3022; x_wconf 87' lang='lat' dir='ltr'><strong>circuire</strong></span> 
     </span>
    </p>
   </div>
   <div class='ocr_carea' id='block_1_69' title="bbox 1874 3050 3461 3126">
    <p class='ocr_par' dir='ltr' id='par_1_69' title="bbox 1874 3050 3461 3126">
     <span class='ocr_line' id='line_1_69' title="bbox 1874 3050 3461 3126; baseline 0.003 -19"><span class='ocrx_word' id='word_1_573' title='bbox 1874 3050 2104 3108; x_wconf 89' lang='lat' dir='ltr'><strong>fecimus</strong></span> <span class='ocrx_word' id='word_1_574' title='bbox 2124 3050 2282 3123; x_wconf 68' lang='lat'><strong>{(35),</strong></span> <span class='ocrx_word' id='word_1_575' title='bbox 2317 3060 2372 3107; x_wconf 93' lang='lat' dir='ltr'><strong>et</strong></span> <span class='ocrx_word' id='word_1_576' title='bbox 2409 3052 2492 3107; x_wconf 77' lang='lat' dir='ltr'><strong>ita“</strong></span> <span class='ocrx_word' id='word_1_577' title='bbox 2509 3066 2631 3109; x_wconf 90' lang='lat' dir='ltr'><strong>esse</strong></span> <span class='ocrx_word' id='word_1_578' title='bbox 2660 3053 2803 3110; x_wconf 89' lang='lat' dir='ltr'><strong>sicut</strong></span> <span class='ocrx_word' id='word_1_579' title='bbox 2826 3054 3022 3110; x_wconf 86' lang='lat' dir='ltr'><strong>ancilla</strong></span> <span class='ocrx_word' id='word_1_580' title='bbox 3068 3055 3161 3111; x_wconf 89' lang='lat' dir='ltr'><strong>Dei</strong></span> <span class='ocrx_word' id='word_1_581' title='bbox 3192 3055 3461 3126; x_wconf 63' lang='lat' dir='ltr'><strong>praedixe-</strong></span> 
     </span>
    </p>
   </div>
   <div class='ocr_carea' id='block_1_70' title="bbox 1877 3142 3464 3216">
    <p class='ocr_par' dir='ltr' id='par_1_70' title="bbox 1877 3142 3464 3216">
     <span class='ocr_line' id='line_1_70' title="bbox 1877 3142 3464 3216; baseline 0.001 -17"><span class='ocrx_word' id='word_1_582' title='bbox 1877 3151 1982 3208; x_wconf 88' lang='lat' dir='ltr'><strong>rat,</strong></span> <span class='ocrx_word' id='word_1_583' title='bbox 2027 3157 2096 3199; x_wconf 80' lang='lat' dir='ltr'><strong>ex</strong></span> <span class='ocrx_word' id='word_1_584' title='bbox 2133 3142 2251 3215; x_wconf 91' lang='lat' dir='ltr'><strong>ipso</strong></span> <span class='ocrx_word' id='word_1_585' title='bbox 2294 3158 2475 3200; x_wconf 88' lang='lat' dir='ltr'><strong>rerum</strong></span> <span class='ocrx_word' id='word_1_586' title='bbox 2510 3151 2708 3200; x_wconf 85' lang='lat' dir='ltr'><strong>eventu</strong></span> <span class='ocrx_word' id='word_1_587' title='bbox 2747 3146 3134 3216; x_wconf 88' lang='lat' dir='ltr'><strong>comperimus.</strong></span> <span class='ocrx_word' id='word_1_588' title='bbox 3179 3145 3315 3201; x_wconf 84' lang='lat' dir='ltr'><strong>Nam</strong></span> <span class='ocrx_word' id='word_1_589' title='bbox 3345 3147 3464 3202; x_wconf 63' lang='lat' dir='ltr'><strong>ubi«</strong></span> 
     </span>
    </p>
   </div>
   <div class='ocr_carea' id='block_1_71' title="bbox 1880 3236 3463 3307">
    <p class='ocr_par' dir='ltr' id='par_1_71' title="bbox 1880 3236 3463 3307">
     <span class='ocr_line' id='line_1_71' title="bbox 1880 3236 3463 3307; baseline 0.001 -14"><span class='ocrx_word' id='word_1_590' title='bbox 1880 3251 2116 3306; x_wconf 86' lang='lat' dir='ltr'><strong>cumque</strong></span> <span class='ocrx_word' id='word_1_591' title='bbox 2151 3251 2243 3292; x_wconf 80' lang='lat' dir='ltr'><strong>rex</strong></span> <span class='ocrx_word' id='word_1_592' title='bbox 2285 3236 2353 3291; x_wconf 84' lang='lat' dir='ltr'><strong>ad</strong></span> <span class='ocrx_word' id='word_1_593' title='bbox 2397 3236 2548 3307; x_wconf 87' lang='lat' dir='ltr'><strong>ipsos</strong></span> <span class='ocrx_word' id='word_1_594' title='bbox 2592 3237 2851 3293; x_wconf 89' lang='lat' dir='ltr'><strong>terminos</strong></span> <span class='ocrx_word' id='word_1_595' title='bbox 2887 3239 3059 3304; x_wconf 78' lang='lat' dir='ltr'><strong>Venit,</strong></span> <span class='ocrx_word' id='word_1_596' title='bbox 3106 3239 3289 3295; x_wconf 87' lang='lat' dir='ltr'><strong>divino</strong></span> <span class='ocrx_word' id='word_1_597' title='bbox 3328 3249 3463 3294; x_wconf 89' lang='lat' dir='ltr'><strong>nutu</strong></span> 
     </span>
    </p>
   </div>
   <div class='ocr_carea' id='block_1_72' title="bbox 1876 3326 3465 3402">
    <p class='ocr_par' dir='ltr' id='par_1_72' title="bbox 1876 3326 3465 3402">
     <span class='ocr_line' id='line_1_72' title="bbox 1876 3326 3465 3402; baseline 0.002 -21"><span class='ocrx_word' id='word_1_598' title='bbox 1876 3328 2200 3397; x_wconf 88' lang='lat' dir='ltr'><strong>perterritus</strong></span> <span class='ocrx_word' id='word_1_599' title='bbox 2234 3326 2474 3394; x_wconf 89' lang='lat' dir='ltr'><strong>rediens,</strong></span> <span class='ocrx_word' id='word_1_600' title='bbox 2506 3342 2775 3399; x_wconf 85' lang='lat' dir='ltr'><strong>nusquam</strong></span> <span class='ocrx_word' id='word_1_601' title='bbox 2822 3328 2951 3385; x_wconf 88' lang='lat' dir='ltr'><strong>illud</strong></span> <span class='ocrx_word' id='word_1_602' title='bbox 3005 3329 3339 3402; x_wconf 87' lang='lat' dir='ltr'><strong>episcopium</strong></span> <span class='ocrx_word' id='word_1_603' title='bbox 3383 3330 3465 3385; x_wconf 83' lang='lat' dir='ltr'><strong>in-</strong></span> 
     </span>
    </p>
   </div>
   <div class='ocr_carea' id='block_1_73' title="bbox 1879 3417 2061 3474">
    <p class='ocr_par' dir='ltr' id='par_1_73' title="bbox 1879 3417 2061 3474">
     <span class='ocr_line' id='line_1_73' title="bbox 1879 3417 2061 3474; baseline 0.011 -2"><span class='ocrx_word' id='word_1_604' title='bbox 1879 3417 2061 3474; x_wconf 82' lang='lat' dir='ltr'><strong>travit.</strong></span> 
     </span>
    </p>
   </div>
   <div class='ocr_carea' id='block_1_74' title="bbox 1950 3509 3468 3576">
    <p class='ocr_par' dir='ltr' id='par_1_74' title="bbox 1950 3509 3468 3576">
     <span class='ocr_line' id='line_1_74' title="bbox 1950 3509 3468 3576; baseline 0.001 -11"><span class='ocrx_word' id='word_1_605' title='bbox 1950 3510 2040 3565; x_wconf 79' lang='grc'><strong>55.</strong></span> <span class='ocrx_word' id='word_1_606' title='bbox 2096 3509 2203 3566; x_wconf 89' lang='lat' dir='ltr'><strong>Sed</strong></span> <span class='ocrx_word' id='word_1_607' title='bbox 2259 3525 2382 3567; x_wconf 91' lang='lat' dir='ltr'><strong>cum</strong></span> <span class='ocrx_word' id='word_1_608' title='bbox 2427 3525 2524 3567; x_wconf 75' lang='lat' dir='ltr'><strong>rex</strong></span> <span class='ocrx_word' id='word_1_609' title='bbox 2571 3512 2812 3567; x_wconf 79' lang='lat' dir='ltr'><strong>exercitu</strong></span> <span class='ocrx_word' id='word_1_610' title='bbox 2873 3512 3468 3576; x_wconf 59' lang='lat' dir='ltr'><strong>comitante.venisset</strong></span> 
     </span>
    </p>
   </div>
   <div class='ocr_carea' id='block_1_75' title="bbox 1878 3601 3467 3674">
    <p class='ocr_par' dir='ltr' id='par_1_75' title="bbox 1878 3601 3467 3674">
     <span class='ocr_line' id='line_1_75' title="bbox 1878 3601 3467 3674; baseline 0.001 -17"><span class='ocrx_word' id='word_1_611' title='bbox 1878 3601 2212 3666; x_wconf 84' lang='lat' dir='ltr'><strong>Goslariam,</strong></span> <span class='ocrx_word' id='word_1_612' title='bbox 2268 3601 2452 3671; x_wconf 90' lang='lat' dir='ltr'><strong>ibique</strong></span> <span class='ocrx_word' id='word_1_613' title='bbox 2491 3616 2523 3656; x_wconf 93' lang='lat' dir='ltr'><strong>a</strong></span> <span class='ocrx_word' id='word_1_614' title='bbox 2577 3601 2902 3672; x_wconf 85' lang='lat' dir='ltr'><strong>quibusdam</strong></span> <span class='ocrx_word' id='word_1_615' title='bbox 2955 3602 3158 3657; x_wconf 90' lang='lat' dir='ltr'><strong>nostris</strong></span> <span class='ocrx_word' id='word_1_616' title='bbox 3199 3601 3467 3674; x_wconf 82' lang='lat' dir='ltr'><strong>episcopis</strong></span> 
     </span>
    </p>
   </div>
   <div class='ocr_carea' id='block_1_76' title="bbox 1882 3692 3462 3764">
    <p class='ocr_par' dir='ltr' id='par_1_76' title="bbox 1882 3692 3462 3764">
     <span class='ocr_line' id='line_1_76' title="bbox 1882 3692 3462 3764; baseline -0.001 -14"><span class='ocrx_word' id='word_1_617' title='bbox 1882 3692 2196 3764; x_wconf 79' lang='lat' dir='ltr'><strong>triumphali</strong></span> <span class='ocrx_word' id='word_1_618' title='bbox 2250 3701 2537 3763; x_wconf 88' lang='lat' dir='ltr'><strong>susceptus</strong></span> <span class='ocrx_word' id='word_1_619' title='bbox 2578 3701 2724 3749; x_wconf 87' lang='lat' dir='ltr'><strong>esset</strong></span> <span class='ocrx_word' id='word_1_620' title='bbox 2771 3692 2961 3764; x_wconf 84' lang='lat' dir='ltr'><strong>gloria,</strong></span> <span class='ocrx_word' id='word_1_621' title='bbox 3003 3692 3071 3747; x_wconf 89' lang='lat' dir='ltr'><strong>ab</strong></span> <span class='ocrx_word' id='word_1_622' title='bbox 3108 3692 3298 3749; x_wconf 90' lang='lat' dir='ltr'><strong>amicis</strong></span> <span class='ocrx_word' id='word_1_623' title='bbox 3331 3694 3462 3758; x_wconf 84' lang='lat' dir='ltr'><strong>suis,</strong></span> 
     </span>
    </p>
   </div>
   <div class='ocr_carea' id='block_1_77' title="bbox 1881 3782 3467 3859">
    <p class='ocr_par' dir='ltr' id='par_1_77' title="bbox 1881 3782 3467 3859">
     <span class='ocr_line' id='line_1_77' title="bbox 1881 3782 3467 3859; baseline -0.003 -17"><span class='ocrx_word' id='word_1_624' title='bbox 1881 3787 2009 3858; x_wconf 90' lang='lat' dir='ltr'><strong>quid</strong></span> <span class='ocrx_word' id='word_1_625' title='bbox 2034 3784 2139 3842; x_wconf 89' lang='lat' dir='ltr'><strong>sibi</strong></span> <span class='ocrx_word' id='word_1_626' title='bbox 2171 3784 2312 3859; x_wconf 82' lang='lat' dir='ltr'><strong>foret</strong></span> <span class='ocrx_word' id='word_1_627' title='bbox 2340 3783 2630 3854; x_wconf 80' lang='lat' dir='ltr'><strong>agendum,</strong></span> <span class='ocrx_word' id='word_1_628' title='bbox 2657 3783 2930 3853; x_wconf 66' lang='lat' dir='ltr'><strong>quaesivit,</strong></span> <span class='ocrx_word' id='word_1_629' title='bbox 2960 3793 3018 3838; x_wconf 90' lang='lat' dir='ltr'><strong>et</strong></span> <span class='ocrx_word' id='word_1_630' title='bbox 3049 3782 3161 3847; x_wconf 83' lang='lat' dir='ltr'><strong>vix,</strong></span> <span class='ocrx_word' id='word_1_631' title='bbox 3189 3784 3331 3852; x_wconf 88' lang='lat' dir='ltr'><strong>quod</strong></span> <span class='ocrx_word' id='word_1_632' title='bbox 3361 3782 3467 3838; x_wconf 87' lang='lat' dir='ltr'><strong>sihi</strong></span> 
     </span>
    </p>
   </div>
   <div class='ocr_carea' id='block_1_78' title="bbox 1883 3872 3465 3947">
    <p class='ocr_par' dir='ltr' id='par_1_78' title="bbox 1883 3872 3465 3947">
     <span class='ocr_line' id='line_1_78' title="bbox 1883 3872 3465 3947; baseline -0.004 -14"><span class='ocrx_word' id='word_1_633' title='bbox 1883 3879 2016 3934; x_wconf 92' lang='lat' dir='ltr'><strong>utile</strong></span> <span class='ocrx_word' id='word_1_634' title='bbox 2040 3885 2204 3942; x_wconf 89' lang='lat' dir='ltr'><strong>esset,</strong></span> <span class='ocrx_word' id='word_1_635' title='bbox 2231 3877 2477 3933; x_wconf 86' lang='lat' dir='ltr'><strong>invenire</strong></span> <span class='ocrx_word' id='word_1_636' title='bbox 2505 3877 2700 3947; x_wconf 88' lang='lat' dir='ltr'><strong>potuit.</strong></span> <span class='ocrx_word' id='word_1_637' title='bbox 2733 3875 2869 3930; x_wconf 83' lang='lat' dir='ltr'><strong>Nam</strong></span> <span class='ocrx_word' id='word_1_638' title='bbox 2912 3874 3200 3931; x_wconf 89' lang='lat' dir='ltr'><strong>consilium</strong></span> <span class='ocrx_word' id='word_1_639' title='bbox 3242 3874 3386 3944; x_wconf 91' lang='lat' dir='ltr'><strong>quod</strong></span> <span class='ocrx_word' id='word_1_640' title='bbox 3412 3872 3465 3927; x_wconf 91' lang='lat' dir='ltr'><strong>ei</strong></span> 
     </span>
    </p>
   </div>
   <div class='ocr_carea' id='block_1_79' title="bbox 1883 3963 3468 4036">
    <p class='ocr_par' dir='ltr' id='par_1_79' title="bbox 1883 3963 3468 4036">
     <span class='ocr_line' id='line_1_79' title="bbox 1883 3963 3468 4036; baseline -0.004 -14"><span class='ocrx_word' id='word_1_641' title='bbox 1883 3968 2148 4025; x_wconf 88' lang='lat' dir='ltr'><strong>dederunt</strong></span> <span class='ocrx_word' id='word_1_642' title='bbox 2185 3980 2324 4036; x_wconf 89' lang='lat' dir='ltr'><strong>pene</strong></span> <span class='ocrx_word' id='word_1_643' title='bbox 2369 3980 2579 4031; x_wconf 89' lang='lat' dir='ltr'><strong>omnes,</strong></span> <span class='ocrx_word' id='word_1_644' title='bbox 2613 3972 2672 4020; x_wconf 88' lang='lat' dir='ltr'><strong>ut</strong></span> <span class='ocrx_word' id='word_1_645' title='bbox 2711 3965 2820 4021; x_wconf 88' lang='lat' dir='ltr'><strong>Deo</strong></span> <span class='ocrx_word' id='word_1_646' title='bbox 2850 3965 2917 4020; x_wconf 92' lang='lat' dir='ltr'><strong>de</strong></span> <span class='ocrx_word' id='word_1_647' title='bbox 2945 3963 3173 4020; x_wconf 88' lang='lat' dir='ltr'><strong>victoria</strong></span> <span class='ocrx_word' id='word_1_648' title='bbox 3218 3977 3314 4018; x_wconf 90' lang='lat' dir='ltr'><strong>sua</strong></span> <span class='ocrx_word' id='word_1_649' title='bbox 3341 3976 3468 4034; x_wconf 84' lang='lat' dir='ltr'><strong>gra-</strong></span> 
     </span>
    </p>
   </div>
   <div class='ocr_carea' id='block_1_80' title="bbox 1885 4053 3465 4128">
    <p class='ocr_par' dir='ltr' id='par_1_80' title="bbox 1885 4053 3465 4128">
     <span class='ocr_line' id='line_1_80' title="bbox 1885 4053 3465 4128; baseline -0.005 -16"><span class='ocrx_word' id='word_1_650' title='bbox 1885 4058 2013 4112; x_wconf 88' lang='lat' dir='ltr'><strong>tiam</strong></span> <span class='ocrx_word' id='word_1_651' title='bbox 2035 4056 2106 4088; x_wconf 80' lang='grc'><strong>²⁶⁸</strong></span> <span class='ocrx_word' id='word_1_652' title='bbox 2131 4066 2315 4128; x_wconf 85' lang='lat' dir='ltr'><strong>ageret</strong></span> <span class='ocrx_word' id='word_1_653' title='bbox 2338 4066 2390 4111; x_wconf 94' lang='lat' dir='ltr'><strong>et</strong></span> <span class='ocrx_word' id='word_1_654' title='bbox 2415 4054 2661 4111; x_wconf 79' lang='lat' dir='ltr'><strong>Saxones</strong></span> <span class='ocrx_word' id='word_1_655' title='bbox 2686 4056 2738 4110; x_wconf 92' lang='lat' dir='ltr'><strong>in</strong></span> <span class='ocrx_word' id='word_1_656' title='bbox 2764 4069 2950 4125; x_wconf 90' lang='lat' dir='ltr'><strong>pacem</strong></span> <span class='ocrx_word' id='word_1_657' title='bbox 2977 4063 3031 4109; x_wconf 89' lang='lat' dir='ltr'><strong>et</strong></span> <span class='ocrx_word' id='word_1_658' title='bbox 3054 4053 3285 4124; x_wconf 85' lang='lat' dir='ltr'><strong>gratiam</strong></span> <span class='ocrx_word' id='word_1_659' title='bbox 3312 4057 3465 4106; x_wconf 87' lang='lat' dir='ltr'><strong>s&#39;uam</strong></span> 
     </span>
    </p>
   </div>
   <div class='ocr_carea' id='block_1_81' title="bbox 1883 4142 3469 4220">
    <p class='ocr_par' dir='ltr' id='par_1_81' title="bbox 1883 4142 3469 4220">
     <span class='ocr_line' id='line_1_81' title="bbox 1883 4142 3469 4220; baseline -0.006 -13"><span class='ocrx_word' id='word_1_660' title='bbox 1883 4153 2025 4209; x_wconf 87' lang='lat' dir='ltr'><strong>sicut</strong></span> <span class='ocrx_word' id='word_1_661' title='bbox 2069 4166 2166 4206; x_wconf 80' lang='lat' dir='ltr'><strong>rex</strong></span> <span class='ocrx_word' id='word_1_662' title='bbox 2205 4150 2538 4207; x_wconf 76' lang='lat' dir='ltr'><strong>christianos</strong></span> <span class='ocrx_word' id='word_1_663' title='bbox 2566 4149 2854 4220; x_wconf 88' lang='lat' dir='ltr'><strong>reciperet,</strong></span> <span class='ocrx_word' id='word_1_664' title='bbox 2896 4162 3004 4204; x_wconf 90' lang='lat' dir='ltr'><strong>non</strong></span> <span class='ocrx_word' id='word_1_665' title='bbox 3038 4145 3288 4215; x_wconf 87' lang='lat' dir='ltr'><strong>accepit;</strong></span> <span class='ocrx_word' id='word_1_666' title='bbox 3319 4142 3469 4214; x_wconf 86' lang='lat' dir='ltr'><strong>quod</strong></span> 
     </span>
    </p>
   </div>
   <div class='ocr_carea' id='block_1_82' title="bbox 1886 4239 3466 4314">
    <p class='ocr_par' dir='ltr' id='par_1_82' title="bbox 1886 4239 3466 4314">
     <span class='ocr_line' id='line_1_82' title="bbox 1886 4239 3466 4314; baseline -0.006 -17"><span class='ocrx_word' id='word_1_667' title='bbox 1886 4257 2014 4299; x_wconf 88' lang='lat' dir='ltr'><strong>vero</strong></span> <span class='ocrx_word' id='word_1_668' title='bbox 2043 4243 2172 4314; x_wconf 16' lang='lat' dir='ltr'><strong>ipse.</strong></span> <span class='ocrx_word' id='word_1_669' title='bbox 2196 4241 2345 4297; x_wconf 88' lang='lat' dir='ltr'><strong>solus</strong></span> <span class='ocrx_word' id='word_1_670' title='bbox 2374 4240 2614 4307; x_wconf 90' lang='lat' dir='ltr'><strong>volebat,</strong></span> <span class='ocrx_word' id='word_1_671' title='bbox 2645 4249 2707 4296; x_wconf 89' lang='lat' dir='ltr'><strong>ut</strong></span> <span class='ocrx_word' id='word_1_672' title='bbox 2737 4239 2925 4295; x_wconf 92' lang='lat' dir='ltr'><strong>statim</strong></span> <span class='ocrx_word' id='word_1_673' title='bbox 2952 4244 3175 4292; x_wconf 84' lang='lat' dir='ltr'><strong>cunctos</strong></span> <span class='ocrx_word' id='word_1_674' title='bbox 3205 4248 3318 4289; x_wconf 69' lang='lat' dir='ltr'><strong>sum</strong></span> <span class='ocrx_word' id='word_1_675' title='bbox 3344 4247 3466 4289; x_wconf 89' lang='lat' dir='ltr'><strong>ser-</strong></span> 
     </span>
    </p>
   </div>
   <div class='ocr_carea' id='block_1_83' title="bbox 1882 4325 3466 4402">
    <p class='ocr_par' dir='ltr' id='par_1_83' title="bbox 1882 4325 3466 4402">
     <span class='ocr_line' id='line_1_83' title="bbox 1882 4325 3466 4402; baseline -0.006 -15"><span class='ocrx_word' id='word_1_676' title='bbox 1882 4335 2046 4391; x_wconf 88' lang='lat' dir='ltr'><strong>vituti</strong></span> <span class='ocrx_word' id='word_1_677' title='bbox 2087 4332 2402 4402; x_wconf 86' lang='lat' dir='ltr'><strong>subjiceret,</strong></span> <span class='ocrx_word' id='word_1_678' title='bbox 2432 4332 2500 4388; x_wconf 92' lang='lat' dir='ltr'><strong>ad</strong></span> <span class='ocrx_word' id='word_1_679' title='bbox 2550 4346 2794 4402; x_wconf 62' lang='lat' dir='ltr'><strong>praesens</strong></span> <span class='ocrx_word' id='word_1_680' title='bbox 2839 4329 3062 4401; x_wconf 89' lang='lat' dir='ltr'><strong>implere</strong></span> <span class='ocrx_word' id='word_1_681' title='bbox 3116 4341 3221 4383; x_wconf 90' lang='lat' dir='ltr'><strong>non</strong></span> <span class='ocrx_word' id='word_1_682' title='bbox 3266 4325 3466 4397; x_wconf 88' lang='lat' dir='ltr'><strong>potuit.</strong></span> 
     </span>
    </p>
   </div>
   <div class='ocr_carea' id='block_1_84' title="bbox 1874 4418 3471 4498">
    <p class='ocr_par' dir='ltr' id='par_1_84' title="bbox 1874 4418 3471 4498">
     <span class='ocr_line' id='line_1_84' title="bbox 1874 4418 3471 4498; baseline -0.006 -15"><span class='ocrx_word' id='word_1_683' title='bbox 1874 4427 2021 4483; x_wconf 74' lang='lat' dir='ltr'><strong>Nam</strong></span> <span class='ocrx_word' id='word_1_684' title='bbox 2052 4443 2154 4484; x_wconf 89' lang='lat' dir='ltr'><strong>nec</strong></span> <span class='ocrx_word' id='word_1_685' title='bbox 2191 4426 2465 4498; x_wconf 85' lang='lat' dir='ltr'><strong>principes</strong></span> <span class='ocrx_word' id='word_1_686' title='bbox 2499 4440 2690 4482; x_wconf 91' lang='lat' dir='ltr'><strong>omnes</strong></span> <span class='ocrx_word' id='word_1_687' title='bbox 2716 4418 2912 4495; x_wconf 83' lang='lat' dir='ltr'><strong>capere</strong></span> <span class='ocrx_word' id='word_1_688' title='bbox 2940 4422 3173 4485; x_wconf 85' lang='lat' dir='ltr'><strong>valebat,</strong></span> <span class='ocrx_word' id='word_1_689' title='bbox 3210 4421 3336 4491; x_wconf 90' lang='lat' dir='ltr'><strong>quia</strong></span> <span class='ocrx_word' id='word_1_690' title='bbox 3371 4433 3471 4489; x_wconf 86' lang='lat' dir='ltr'><strong>per</strong></span> 
     </span>
    </p>
   </div>
   <div class='ocr_carea' id='block_1_85' title="bbox 1886 4511 3470 4589">
    <p class='ocr_par' dir='ltr' id='par_1_85' title="bbox 1886 4511 3470 4589">
     <span class='ocr_line' id='line_1_85' title="bbox 1886 4511 3470 4589; baseline -0.006 -14"><span class='ocrx_word' id='word_1_691' title='bbox 1886 4519 2100 4576; x_wconf 87' lang='lat' dir='ltr'><strong>diversa</strong></span> <span class='ocrx_word' id='word_1_692' title='bbox 2129 4518 2359 4589; x_wconf 90' lang='lat' dir='ltr'><strong>dispersi</strong></span> <span class='ocrx_word' id='word_1_693' title='bbox 2398 4516 2638 4583; x_wconf 87' lang='lat' dir='ltr'><strong>fuerant,</strong></span> <span class='ocrx_word' id='word_1_694' title='bbox 2678 4531 2779 4571; x_wconf 91' lang='lat' dir='ltr'><strong>nec</strong></span> <span class='ocrx_word' id='word_1_695' title='bbox 2807 4516 2917 4584; x_wconf 69' lang='lat' dir='ltr'><strong>,diu</strong></span> <span class='ocrx_word' id='word_1_696' title='bbox 2958 4529 3081 4570; x_wconf 91' lang='lat' dir='ltr'><strong>cum</strong></span> <span class='ocrx_word' id='word_1_697' title='bbox 3123 4512 3368 4569; x_wconf 82' lang='lat' dir='ltr'><strong>exercitu</strong></span> <span class='ocrx_word' id='word_1_698' title='bbox 3411 4511 3470 4566; x_wconf 89' lang='lat' dir='ltr'><strong>in</strong></span> 
     </span>
    </p>
   </div>
   <div class='ocr_carea' id='block_1_86' title="bbox 1887 4605 3473 4681">
    <p class='ocr_par' dir='ltr' id='par_1_86' title="bbox 1887 4605 3473 4681">
     <span class='ocr_line' id='line_1_86' title="bbox 1887 4605 3473 4681; baseline -0.008 -14"><span class='ocrx_word' id='word_1_699' title='bbox 1887 4612 1992 4667; x_wconf 92' lang='lat' dir='ltr'><strong>hac</strong></span> <span class='ocrx_word' id='word_1_700' title='bbox 2031 4622 2177 4667; x_wconf 89' lang='lat' dir='ltr'><strong>terra</strong></span> <span class='ocrx_word' id='word_1_701' title='bbox 2199 4625 2420 4667; x_wconf 88' lang='lat' dir='ltr'><strong>manere</strong></span> <span class='ocrx_word' id='word_1_702' title='bbox 2442 4610 2639 4681; x_wconf 88' lang='lat' dir='ltr'><strong>potuit,</strong></span> <span class='ocrx_word' id='word_1_703' title='bbox 2662 4608 2786 4678; x_wconf 87' lang='lat' dir='ltr'><strong>quia</strong></span> <span class='ocrx_word' id='word_1_704' title='bbox 2818 4607 2988 4662; x_wconf 87' lang='lat' dir='ltr'><strong>fames</strong></span> <span class='ocrx_word' id='word_1_705' title='bbox 3016 4606 3070 4660; x_wconf 93' lang='lat' dir='ltr'><strong>in</strong></span> <span class='ocrx_word' id='word_1_706' title='bbox 3101 4605 3193 4659; x_wconf 89' lang='lat' dir='ltr'><strong>illo</strong></span> <span class='ocrx_word' id='word_1_707' title='bbox 3215 4619 3358 4659; x_wconf 91' lang='lat' dir='ltr'><strong>anno</strong></span> <span class='ocrx_word' id='word_1_708' title='bbox 3379 4618 3473 4656; x_wconf 84' lang='lat' dir='ltr'><strong>no-</strong></span> 
     </span>
    </p>
   </div>
   <div class='ocr_carea' id='block_1_87' title="bbox 1887 4692 3473 4765">
    <p class='ocr_par' dir='ltr' id='par_1_87' title="bbox 1887 4692 3473 4765">
     <span class='ocr_line' id='line_1_87' title="bbox 1887 4692 3473 4765; baseline -0.008 -7"><span class='ocrx_word' id='word_1_709' title='bbox 1887 4702 1974 4758; x_wconf 91' lang='lat' dir='ltr'><strong>bis</strong></span> <span class='ocrx_word' id='word_1_710' title='bbox 2003 4711 2133 4758; x_wconf 91' lang='lat' dir='ltr'><strong>tunc</strong></span> <span class='ocrx_word' id='word_1_711' title='bbox 2158 4700 2307 4758; x_wconf 91' lang='lat' dir='ltr'><strong>utilis</strong></span> <span class='ocrx_word' id='word_1_712' title='bbox 2337 4694 2534 4764; x_wconf 76' lang='lat' dir='ltr'><strong>fuerat,</strong></span> <span class='ocrx_word' id='word_1_713' title='bbox 2567 4707 2621 4755; x_wconf 89' lang='lat' dir='ltr'><strong>et</strong></span> <span class='ocrx_word' id='word_1_714' title='bbox 2644 4696 2815 4751; x_wconf 84' lang='lat' dir='ltr'><strong>Julius</strong></span> <span class='ocrx_word' id='word_1_715' title='bbox 2847 4695 3048 4751; x_wconf 88' lang='lat' dir='ltr'><strong>mensis</strong></span> <span class='ocrx_word' id='word_1_716' title='bbox 3075 4694 3259 4765; x_wconf 86' lang='lat' dir='ltr'><strong>fruges</strong></span> <span class='ocrx_word' id='word_1_717' title='bbox 3296 4692 3473 4748; x_wconf 88' lang='lat' dir='ltr'><strong>adhuc</strong></span> 
     </span>
    </p>
   </div>
   <div class='ocr_carea' id='block_1_88' title="bbox 1891 4779 3474 4852">
    <p class='ocr_par' dir='ltr' id='par_1_88' title="bbox 1891 4779 3474 4852">
     <span class='ocr_line' id='line_1_88' title="bbox 1891 4779 3474 4852; baseline -0.009 -7"><span class='ocrx_word' id='word_1_718' title='bbox 1891 4799 2133 4847; x_wconf 88' lang='lat' dir='ltr'><strong>maturas</strong></span> <span class='ocrx_word' id='word_1_719' title='bbox 2178 4805 2286 4844; x_wconf 91' lang='lat' dir='ltr'><strong>non</strong></span> <span class='ocrx_word' id='word_1_720' title='bbox 2337 4787 2666 4850; x_wconf 82' lang='lat' dir='ltr'><strong>exhibebat;</strong></span> <span class='ocrx_word' id='word_1_721' title='bbox 2700 4799 2801 4838; x_wconf 90' lang='lat' dir='ltr'><strong>nec</strong></span> <span class='ocrx_word' id='word_1_722' title='bbox 2843 4797 2975 4838; x_wconf 90' lang='lat' dir='ltr'><strong>vero</strong></span> <span class='ocrx_word' id='word_1_723' title='bbox 3029 4790 3204 4835; x_wconf 89' lang='lat' dir='ltr'><strong>tutum</strong></span> <span class='ocrx_word' id='word_1_724' title='bbox 3246 4779 3474 4852; x_wconf 87' lang='lat' dir='ltr'><strong>putabat</strong></span> 
     </span>
    </p>
   </div>
   <div class='ocr_carea' id='block_1_89' title="bbox 1891 4871 3470 4939">
    <p class='ocr_par' dir='ltr' id='par_1_89' title="bbox 1891 4871 3470 4939">
     <span class='ocr_line' id='line_1_89' title="bbox 1891 4871 3470 4939; baseline -0.007 -2"><span class='ocrx_word' id='word_1_725' title='bbox 1891 4881 2008 4937; x_wconf 88' lang='lat' dir='ltr'><strong>sine</strong></span> <span class='ocrx_word' id='word_1_726' title='bbox 2036 4879 2282 4937; x_wconf 81' lang='lat' dir='ltr'><strong>exercitu</strong></span> <span class='ocrx_word' id='word_1_727' title='bbox 2315 4886 2443 4932; x_wconf 89' lang='lat' dir='ltr'><strong>tunc</strong></span> <span class='ocrx_word' id='word_1_728' title='bbox 2473 4876 2525 4930; x_wconf 92' lang='lat' dir='ltr'><strong>in</strong></span> <span class='ocrx_word' id='word_1_729' title='bbox 2557 4874 2792 4931; x_wconf 75' lang='lat' dir='ltr'><strong>Saxonis</strong></span> <span class='ocrx_word' id='word_1_730' title='bbox 2828 4885 3131 4928; x_wconf 85' lang='lat' dir='ltr'><strong>remanere.</strong></span> <span class='ocrx_word' id='word_1_731' title='bbox 3163 4871 3312 4926; x_wconf 85' lang='lat' dir='ltr'><strong>Abiit</strong></span> <span class='ocrx_word' id='word_1_732' title='bbox 3341 4882 3470 4939; x_wconf 78' lang='lat' dir='ltr'><strong>ergo</strong></span> 
     </span>
    </p>
   </div>
   <div class='ocr_carea' id='block_1_90' title="bbox 1497 5055 2177 5117">
    <p class='ocr_par' dir='ltr' id='par_1_90' title="bbox 1497 5055 2177 5117">
     <span class='ocr_line' id='line_1_90' title="bbox 1497 5055 2177 5117; baseline 0.007 -5"><span class='ocrx_word' id='word_1_733' title='bbox 1497 5058 1732 5114; x_wconf 73' lang='lat' dir='ltr'><strong>VAliUE</strong></span> <span class='ocrx_word' id='word_1_734' title='bbox 1771 5055 2177 5117; x_wconf 83' lang='lat' dir='ltr'><strong>LECTIONES.</strong></span> 
     </span>
    </p>
   </div>
   <div class='ocr_carea' id='block_1_91' title="bbox 202 5152 3468 5252">
    <p class='ocr_par' dir='ltr' id='par_1_91' title="bbox 202 5152 3468 5252">
     <span class='ocr_line' id='line_1_91' title="bbox 202 5152 3468 5252; baseline -0.002 -21"><span class='ocrx_word' id='word_1_735' title='bbox 202 5175 330 5252; x_wconf 57' lang='lat' dir='ltr'><em>___&quot;f</em></span> <span class='ocrx_word' id='word_1_736' title='bbox 358 5192 484 5252; x_wconf 79' lang='lat' dir='ltr'><strong>eum</strong></span> <span class='ocrx_word' id='word_1_737' title='bbox 513 5182 577 5229; x_wconf 89' lang='lat' dir='ltr'><strong>ut</strong></span> <span class='ocrx_word' id='word_1_738' title='bbox 605 5173 786 5252; x_wconf 69' lang='lat' dir='ltr'><strong>fidelis</strong></span> <span class='ocrx_word' id='word_1_739' title='bbox 820 5178 1086 5252; x_wconf 16' lang='lat' dir='ltr'><strong>terrzegde</strong></span> <span class='ocrx_word' id='word_1_740' title='bbox 1126 5193 1233 5249; x_wconf 90' lang='lat' dir='ltr'><strong>qua</strong></span> <span class='ocrx_word' id='word_1_741' title='bbox 1274 5187 1433 5234; x_wconf 84' lang='lat' dir='ltr'><strong>natus</strong></span> <span class='ocrx_word' id='word_1_742' title='bbox 1464 5188 1655 5252; x_wconf 62' lang='lat' dir='ltr'><strong>crate.</strong></span> <span class='ocrx_word' id='word_1_743' title='bbox 1687 5178 1742 5251; x_wconf 73' lang='grc'><strong>2.</strong></span> <span class='ocrx_word' id='word_1_744' title='bbox 1818 5175 1886 5209; x_wconf 78' lang='grc'><strong>¹⁸⁹</strong></span> <span class='ocrx_word' id='word_1_745' title='bbox 1915 5173 1978 5228; x_wconf 86' lang='lat' dir='ltr'><strong>F.</strong></span> <span class='ocrx_word' id='word_1_746' title='bbox 2004 5175 2055 5252; x_wconf 58' lang='grc' dir='ltr'><strong>ς.</strong></span> <span class='ocrx_word' id='word_1_747' title='bbox 2087 5176 2291 5252; x_wconf 41' lang='grc' dir='ltr'><strong>Ξηηηθ</strong></span> <span class='ocrx_word' id='word_1_748' title='bbox 2323 5152 2411 5228; x_wconf 85' lang='lat' dir='ltr'><strong>W.</strong></span> <span class='ocrx_word' id='word_1_749' title='bbox 2461 5172 2514 5226; x_wconf 76' lang='grc' dir='ltr'><strong>Ι.</strong></span> <span class='ocrx_word' id='word_1_750' title='bbox 2584 5169 2655 5252; x_wconf 76' lang='lat'><strong>_&quot;‘</strong></span> <span class='ocrx_word' id='word_1_751' title='bbox 2684 5168 2865 5252; x_wconf 59' lang='lat' dir='ltr'><strong>cordis</strong></span> <span class='ocrx_word' id='word_1_752' title='bbox 2894 5167 2949 5221; x_wconf 73' lang='lat'><strong>2.</strong></span> <span class='ocrx_word' id='word_1_753' title='bbox 3038 5167 3106 5252; x_wconf 61' lang='grc' dir='ltr'><strong>ξεί</strong></span> <span class='ocrx_word' id='word_1_754' title='bbox 3139 5176 3378 5252; x_wconf 55' lang='lat' dir='ltr'><strong>vestrae}</strong></span> <span class='ocrx_word' id='word_1_755' title='bbox 3415 5162 3468 5252; x_wconf 59' lang='lat' dir='ltr'><strong>l-</strong></span> 
     </span>
    </p>
   </div>
  </div>
