3940 5382
541 384 644 440 525

1511 376 1855 434 BRUNONIS
1892 377 2158 433 CLEIHCI
2201 377 2820 436 MAGDEBURGENSIS

3713 386 3807 441 52$

537 513 663 554 cum
696 505 811 552 toto
837 496 1098 557 exercitu,
1133 504 1188 549 et
1213 492 1529 554 Saxoniam,
1561 495 1702 548 sicut
1725 462 1897 563 prius,
1924 493 2113 548 habuit
2147 501 2188 556 Λ
2220 511 2343 551 suas
2388 496 2614 566 injurias
2657 494 2913 550 oblivl'dni
2971 506 3243 568 perpeture
3294 499 3537 558 tradere.
3584 502 3662 557 At
3704 505 3798 571 ille,

538 593 592 647 in
625 592 852 647 incerto.
890 588 1022 643 Nam
1057 597 1341 658 postquam
1370 587 1616 653 recessit,
1646 587 1891 642 Saxones
1921 586 2115 640 iterum

535 689 953 753 eungregantur,
1016 679 1296 747 Deumque
1347 678 1492 748 quod
1540 692 1635 732 eos
1698 677 2120 733 misericorditer

533 775 828 843 castigans,
880 787 985 827 non
1038 771 1251 840 penitus
1297 769 1530 840 opprimi
1569 769 1898 839 permiserit,
1931 768 2117 824 humili

535 865 821 923 devotione
848 861 1176 924 eoliaudant,
1206 870 1261 916 et
1293 876 1354 917 se
1393 860 1646 924 invicem,
1680 870 1950 930 quatenus
1981 875 2119 916 una~

539 958 760 1016 nimiter
788 970 887 1025 pro
902 970 998 1009 sua
1017 953 1268 1009 libertate
1294 961 1400 1007 tota
1424 952 1625 1006 virtute
1644 960 1905 1022 pugnent,
1927 951 2112 1006 adhor-

533 1056 748 1111 tantur;
815 1045 1018 1112 Deique
1080 1043 1512 1099 misericordiam
1578 1056 1683 1097 non
1738 1057 1804 1095 cx
1852 1049 1966 1095 toto
2016 1040 2116 1095 sibi

529 1139 800 1193 sublatam
834 1132 959 1191 Inde
989 1134 1058 1167 '°‘
1089 1143 1420 1202 conuectant,
1449 1133 1575 1203 quia
1605 1133 1671 1174 ι⁰⁷
1702 1135 1857 1202 quasi
1889 1141 2115 1203 paterna

528 1230 731 1297 pietate
756 1226 1035 1299 flagellati,
1081 1225 1150 1280 ad
1189 1225 1552 1296 recipiendam
1579 1225 1832 1281 virtutem
1873 1224 2115 1280 discessu

529 1320 674 1387 regis
699 1327 1027 1389 oportunum
1059 1325 1276 1386 tempus
1307 1326 1653 1388 acceperant.

604 1410 692 1463 54.
719 1409 929 1463 Interea
954 1424 1044 1463 rex
1081 1416 1251 1463 totum
1299 1410 1600 1464 exercitum
1639 1410 1835 1465 iterum
1886 1424 2116 1480 congre-

534 1502 716 1571 gabat,
756 1509 827 1555 ιιι·
845 1499 1066 1555 Octobri
1106 1514 1290 1555 mense
1327 1498 1623 1555 Saxoniam
1665 1501 1962 1573 ingressus,
1998 1499 2112 1554 fru-

526 1610 646 1665 ges,
669 1607 803 1663 quas
823 1591 964 1646 Julio
994 1606 1178 1649 mense
1218 1592 1415 1647 multas
1462 1594 1513 1648 in
1560 1594 1707 1664 agris
1750 1592 1980 1657 viderat,
2022 1602 2117 1647 aut

534 1686 735 1739 utendo
779 1694 872 1739 aut
917 1685 1287 1740 eomburendo
1328 1696 1697 1751 consumeret,
1745 1684 2115 1756 populmnque

529 1785 703 1831 totum
750 1777 831 1831 vel
867 1776 1120 1832 rebellem
1163 1776 1339 1847 gladio
1391 1778 1760 1834 devorandum
1799 1780 1973 1844 daret,
2029 1780 2111 1835 vel

527 1865 786 1920 humilem
812 1876 1101 1935 perpetua:
1127 1867 1197 1897 ¹⁰³
1245 1867 1491 1923 servituti
1524 1869 1836 1939 subiiceret.
1873 1871 2105 1926 Econtra

525 1956 774 2014 Saxones
805 1973 1001 2028 magno
1035 1959 1145 2025 jam
1185 1962 1428 2029 periculo
1461 1961 1586 2018 facti
1626 1964 1942 2032 prudentes,
1982 1979 2104 2018 cum

523 2066 634 2105 non
670 2065 881 2105 minore
910 2048 1175 2106 venerunt
1197 2058 1465 2120 exercitu,
1488 2069 1735 2122 Jam'non
1771 2056 1913 2111 sicut
1947 2064 2106 2111 antea

527 2141 746 2212 fugaces
771 2152 916 2212 terga
964 2143 1162 2209 daturi,
1192 2146 1288 2201 sed
1324 2146 1539 2202 fortiter
1577 2161 1678 2217 pro
1720 2163 1817 2203 sua
1862 2148 2108 2204 libertate

524 2233 839 2302 pugnaturi,
872 2234 1027 2289 itaut
1054 2250 1175 2289 eam
1228 2237 1313 2291 vel
1350 2238 1441 2292 Dei
1485 2239 1689 2294 auxilio
1718 2239 1944 2295 ﬁrmiter
1977 2243 2107 2296 reti-

523 2332 739 2388 nerent,
773 2324 853 2377 vel
887 2341 1011 2379 ettm
1039 2325 1149 2379 vita
1175 2326 1336 2381 simul
1378 2328 1717 2385 amitterent.
1759 2329 1901 2401 Ergo
1945 2333 2106 2388 ambo

522 2415 797 2471 exrrcitus
834 2417 887 2471 in
933 2416 1052 2473 loco
1081 2418 1173 2487 qui
1205 2418 1403 2475 dicitur
1430 2420 1640 2477 Everha
1688 2423 1800 2493 (33)
1837 2436 2105 2479 convene-

522 2520 669 2573 runt,
701 2518 757 2564 et
789 2523 819 2562 a
850 2523 909 2565 se
937 2524 1045 2565 non
1071 2509 1192 2566 loco
1214 2512 1308 2567 sed
1331 2513 1513 2569 animo
1540 2514 1697 2585 longe
1723 2514 1965 2572 fuerunt.
2000 2515 2104 2572 Ta-

521 2613 646 2654 men
698 2602 972 2656 exercitus
1025 2602 1168 2672 regis
1220 2603 1290 2659 ad
1359 2604 1611 2675 proelium
1665 2621 1772 2661 non
1833 2616 1891 2661 ut
1944 2617 2100 2663 antea

520 2702 803 2762 promptus
846 2702 988 2760 erat,
1032 2695 1158 2764 quia
1192 2711 1323 2761 non,
1372 2698 1515 2753 sicut
1554 2699 1820 2764 audierat,
1875 2699 2101 2755 inbelles

517 2796 641 2837 esse
664 2782 910 2840 Saxones
938 2796 1196 2855 expertus
1222 2785 1434 2853 fuerat,
1457 2796 1512 2843 et
1537 2803 1731 2860 magna
1750 2789 1851 2845 sibi
1880 2805 2007 2861 pars
2034 2792 2103 2848 de

520 2873 693 2943 priori
725 2874 1078 2934 multitudine
1104 2878 1312 2934 deerat.
1337 2877 1473 2933 Nam
1508 2878 1870 2936 Berchtoldus
1894 2889 1950 2938 et
1988 2882 2098 2937 Ro-

518 2961 699 3019 dulius
726 2964 893 3021 duces
923 2975 1210 3038 postquam
1235 2983 1265 3022 a
1294 2968 1463 3040 priori
1494 2977 1622 3024 sunt
1648 2970 1844 3040 proelio
1870 2972 2098 3032 reversi,

518 3054 699 3109 divina
727 3056 926 3125 pietate
953 3060 1287 3130 eompuncti,
1319 3061 1762 3130 quadragesimas
1790 3064 2004 3132 publice
2028 3066 2097 3098 ¹⁰⁹

510 3142 913 3214 jejunaverunt,
960 3161 1017 3204 et
1059 3149 1288 3220 amplius
1320 3166 1379 3207 se
1405 3166 1504 3223 pro
1532 3167 1659 3224 rege
1687 3164 1878 3210 contra
1923 3156 2095 3213 Saxo-

518 3250 647 3288 num
681 3235 1045 3294 innocentiam
1069 3255 1173 3296 non
1201 3256 1321 3298 esse
1352 3253 1704 3314 pugnaturos,
1729 3245 1959 3303 ﬁdeliter
1988 3250 2098 3304 Deo

517 3335 802 3381 voverunt.
851 3326 1005 3384 Tunc
1050 3330 1126 3385 illi
1169 3332 1237 3363 ²¹⁰
1283 3332 1351 3387 ad
1404 3332 1648 3391 Saxones
1678 3336 1986 3396 miserunt:
2046 3347 2101 3393 et

518 3427 741 3488 accepta
770 3420 1005 3492 dataque
1036 3423 1164 3491 fide,
1191 3425 1258 3481 ad
1285 3434 1559 3482 secretum
1582 3429 1867 3484 consilium
1896 3429 2098 3500 princi-

516 3526 611 3580 pes
638 3525 703 3567 ex
735 3521 962 3585 utraque
999 3524 1155 3585 parte
1204 3526 1598 3574 convenerunt.
1645 3518 1721 3574 lbi
1773 3520 1844 3575 illi
1895 3521 2097 3595 nostris

516 3601 569 3654 in
596 3617 693 3656 sua
726 3602 831 3659 fide
859 3606 1250 3675 promiserunt,
1276 3609 1420 3679 quod
1441 3623 1487 3665 ει
1527 3624 1587 3665 se
1613 3621 1804 3681 sponte
1835 3612 2095 3668 tradendo

514 3692 628 3763 regi
670 3693 866 3752 vellent
891 3695 1154 3753 honorem
1187 3698 1367 3757 facere
1392 3710 1447 3757 et
1484 3711 1593 3757 tota
1639 3702 1882 3759 Saxonia
1909 3705 2093 3774 quieta

513 3792 686 3839 Staret
714 3784 766 3839 in
795 3799 950 3854 pace,
977 3797 1033 3842 et
1063 3787 1164 3858 ipsi
1194 3804 1291 3846 nee
1322 3790 1374 3845 in
1405 3791 1538 3847 dura
1591 3807 1689 3848 nee
1721 3792 1774 3847 in
1820 3794 1973 3864 longa
2013 3793 2096 3848 [οι

511 3883 634 3927 rent
656 3876 988 3946 captivitate.
1019 3878 1185 3934 Fama
1209 3896 1427 3951 quoque
1451 3892 1682 3938 teStantc
1705 3885 2090 3953 comperimus,

509 3966 652 4035 quod
680 3981 770 4024 rex
796 3969 909 4024 suis
934 3980 1176 4037 ptrasset
1209 3972 1566 4043 principibus,
1599 3984 1656 4030 ut
1684 3975 1728 4031 si
1764 3975 1865 4030 hoc
1894 3976 1961 4031 ad
1992 3976 2092 4029 iu:-

508 4068 697 4111 norcm
733 4071 890 4112 suum
942 4060 1292 4127 perficerent,
1343 4063 1397 4117 in
1452 4064 1719 4133 principio
1768 4064 2090 4120 Novembris

509 4146 741 4214 proximi
780 4162 969 4204 omnes
1003 4150 1069 4204 ad
1110 4166 1205 4206 sua
1242 4166 1363 4206 cum
1407 4166 1539 4222 pace
1582 4163 1638 4207 et
1681 4155 1853 4225 gratia
1876 4169 1972 4210 sua
2004 4154 2092 4209 di-

508 4235 768 4293 mitteret.
816 4237 984 4307 Igitur
1021 4255 1211 4296 omnes
1250 4242 1489 4312 episcopi
1530 4245 1724 4306 nostri,
1774 4244 1961 4309 duces,
2002 4260 2091 4302 ρο-

508 4325 692 4392 mites,
729 4327 1007 4395 ceterique
1034 4328 1269 4396 majores
1296 4330 1388 4395 ¹¹¹,
1420 4346 1580 4385 manu
1610 4332 1730 4387 fidei
1760 4334 1826 4389 ab
1871 4334 1976 4390 illis
1998 4351 2091 4392 ac-

509 4422 689 4483 cepta,
708 4415 870 4485 regiae
883 4417 1138 4486 potestati
1167 4432 1226 4473 se
1248 4429 1438 4489 sponte
1465 4422 1956 4493 tradnlerunt(0ct.
1971 4424 2087 4496 25),

2145 1845 2187 1902 Β

2152 3203 2169 3223 Ἰ

2221 600 2332 640 suae
2392 583 2767 654 promissionis
2815 583 3047 651 oblitus,
3104 602 3203 642 nec
3253 588 3362 643 Deo
3420 605 3522 660 pro
3587 592 3798 649 victoria

2222 692 2385 748 quam
2417 678 2496 733 sic
2530 676 2725 732 leviter
2758 688 3045 747 acceperat
3078 679 3270 752 dignas
3303 681 3495 737 laudes
3536 684 3801 741 humiliter

2222 769 2472 836 reddidit,
2509 786 2608 827 nec
2634 772 2780 827 illam
2807 786 2968 840 quam
3000 779 3127 827 tunc
3158 772 3395 828 habebat
3427 773 3668 845 gloriam
3699 792 3798 830 ιιιιι-

2220 876 2384 931 quam
2436 877 2496 918 se
2552 862 2976 935 disperditurum
3013 862 3083 895 ⁸⁸⁸
3128 864 3377 921 credidit.
3434 865 3597 934 Quod
3623 868 3671 921 si
3702 870 3797 939 regi

2222 967 2407 1023 regum
2456 968 2515 1009 se
2562 962 2690 1011 tunc
2734 953 3014 1011 humiliter
3065 955 3445 1012 substerneret
3465 967 3522 1015 et
3553 959 3614 1013 in
3646 960 3801 1014 victos

2220 1041 2651 1101 misericordiam
2695 1043 2790 1100 Dei
2828 1045 3162 1110 ostenderet,
3209 1060 3317 1100 non
3345 1046 3525 1102 solum
3557 1063 3705 1118 quos
3734 1050 3801 1104 vi-

2221 1142 2370 1189 cerat
2398 1133 2664 1200 Saxones,
2698 1134 2793 1189 sed
2818 1150 3007 1190 omnes
3027 1135 3224 1206 quibus
3249 1137 3562 1208 imperabat
3601 1150 3797 1210 gentes.

2222 1225 2413 1281 timere
2435 1240 2494 1282 se
2518 1226 2726 1297 pariter
2748 1235 2805 1282 et
2832 1241 3019 1282 amare
3045 1227 3273 1294 faceret,
3307 1237 3367 1284 et
3396 1228 3465 1283 ad
3498 1229 3627 1285 illas
3653 1232 3798 1285 etiam

2219 1317 2466 1372 nationes
2494 1332 2615 1387 quaz
2645 1315 2746 1372 sibi
2811 1331 2919 1371 non
2949 1314 3319 1385 subjacebant,
3361 1316 3557 1389 gloria
3599 1320 3796 1374 sua-fa-

2221 1424 2362 1464 mam
2410 1409 2623 1464 cunctis
2645 1409 2971 1464 laudandam
3013 1410 3433 1465 transmitteret.
3493 1410 3642 1479 Quia
3686 1428 3798 1467 vero

2218 1499 2558 1556 crudelitatis
2590 1501 2827 1571 antiquae
2875 1515 2980 1555 non
3022 1500 3339 1569 immemor,
3375 1502 3565 1557 timeri
3598 1511 3795 1559 tantum

2219 1605 2317 1646 nec
2342 1590 2514 1646 amari
2539 1589 2781 1655 curabat,
2808 1605 2909 1645 nec
2937 1588 3180 1646 Saxones
3205 1590 3306 1646 sibi
3334 1590 3530 1648 ﬁdeles
3554 1608 3663 1647 nec
3680 1593 3798 1648 alias

2216 1683 2299 1737 sui
2337 1682 2489 1754 regni
2538 1683 2789 1738 nationes
2840 1683 3065 1738 devotas
3114 1682 3372 1749 habebat,
3422 1694 3479 1738 et
3536 1685 3795 1756 ingemuit

2217 1773 2358 1843 apud
2389 1783 2610 1829 exteras
2636 1782 2825 1844 gentes
2866 1772 3104 1838 laudem,
3135 1789 3299 1845 quam
3339 1784 3537 1844 posset
3585 1777 3794 1839 habere,

2217 1864 2494 1935 perdebat.
2541 1865 2747 1919 Amicis
2794 1864 2937 1919 enim
2975 1880 3079 1928 non
3112 1880 3296 1921 minus
3334 1881 3507 1935 quam
3561 1868 3796 1923 hostibus

2218 1955 2456 2012 crudelis
2483 1954 2602 2019 fuit,
2628 1955 2727 2011 nisi
2756 1956 2900 2025 quod
2932 1955 2984 2009 in
3002 1947 3216 2012 amicos
3245 1956 3641 2013 crudelitatem
3658 1959 3795 2029 prius

2216 2048 2528 2113 exercebat,
2556 2056 2618 2103 ut
2651 2048 2835 2105 hostes
2862 2063 2927 2104 ex
2955 2049 3059 2105 hoc
3097 2051 3682 2123 cognoscerenttquid
3707 2052 3795 2107 sibi

2219 2139 2461 2195 futurum
2493 2148 2799 2209 sperarent.

2284 2230 2377 2288 56.
2408 2229 2684 2287 Ekkiberti
2721 2230 2790 2262 ²¹⁹
2820 2231 3051 2301 denique
3084 2232 3442 2295 marchionis,
3488 2235 3590 2304 qui
3623 2234 3787 2289 Saxov

2214 2321 2372 2377 nibus
2401 2321 2606 2375 nullum
2640 2320 2843 2377 fecerat
2869 2321 3150 2386 auxilium,
3180 2325 3275 2378 sed
3306 2323 3446 2391 regi,
3486 2333 3677 2394 utpote
3702 2324 3795 2377 val-

2212 2416 2278 2471 de
2314 2414 2618 2485 propinquo
2649 2429 2847 2483 genere
2876 2454 2891 2480 ,
2925 2422 3034 2471 toto
3064 2416 3245 2471 animo
3272 2417 3534 2481 favebat,
3593 2434 3792 2487 posses-

2210 2504 2393 2561 siones
2425 2504 2578 2575 prius
2615 2504 2844 2571 invadit,
2892 2521 3094 2575 easque
3138 2505 3417 2563 Othelrico
3449 2509 3543 2572 ω,
3597 2509 3792 2563 cuidam

2209 2595 2275 2650 de
2299 2595 2413 2651 suis
2444 2594 2800 2661 consiliariis,
2827 2595 3066 2650 donavit.
3101 2594 3201 2651 Hie
3241 2595 3558 2652 Othelricus
3604 2598 3671 2652 de
3695 2596 3796 2652 Go-

2209 2685 2448 2741 dcsheim
2478 2684 2740 2741 oriundus
2772 2683 2897 2750 fuit,
2928 2695 2982 2741 et
3021 2686 3149 2756 quia
3180 2684 3273 2741 De't
3306 2686 3565 2743 timorem
3597 2686 3795 2758 penitus

2211 2773 2505 2844 abjeeerat,
2535 2772 2820 2830 Godeshaz
2844 2774 2912 2805 “°
2936 2774 3049 2846 (54)
3077 2789 3342 2844 agnomen
3373 2775 3619 2831 habebat
3637 2818 3653 2842 ,
3678 2777 3791 2847 quia

2210 2880 2335 2921 vere
2364 2880 2429 2919 ex
2461 2864 2587 2919 odio
2616 2863 2707 2919 Dei
2739 2872 2981 2927 venerat,
3021 2862 3163 2934 quod
3195 2864 3286 2919 ille
3314 2866 3425 2936 regi
3459 2864 3792 2920 familiariter

2206 2956 2516 3014 adhaerebat
2554 2955 2804 3027 regisque
2838 2966 3072 3012 mentem
3107 2972 3206 3027 pro
3244 2971 3344 3011 suo
3380 2945 3520 3015 velle
3553 2959 3792 3028 dispone-

2204 3050 2316 3105 bat.
2353 3048 2554 3105 Deinde
2596 3057 2903 3104 nostrorum
2940 3048 3080 3105 bona
3107 3049 3481 3120 captivorum,
3515 3067 3640 3120 ιιιιειι
3675 3052 3794 3121 ipsis

2206 3156 2426 3197 manere
2456 3139 2726 3197 debebant
2767 3141 2974 3215 integra
3001 3140 3046 3196 si
3074 3141 3208 3198 lides
3245 3141 3444 3197 fuisset
3470 3143 3522 3196 ei
3570 3144 3791 3214 integra,

2200 3234 2314 3289 suis
2337 3234 2594 3304 parasitis
2610 3233 2832 3304 largitur
2860 3251 2875 3298 ;
2896 3243 2952 3289 et
2969 3249 3090 3304 qua:
3115 3233 3229 3289 suis
3255 3234 3602 3304 principibus
3623 3235 3678 3289 in
3704 3252 3793 3289 nos

2200 3330 2341 3386 bona
2386 3329 2655 3401 promisit,
2695 3340 2888 3386 cuncta
2920 3329 3201 3387 mentitur.
3236 3330 3391 3387 Tune
3422 3332 3592 3387 urbes
3614 3340 3669 3386 et
3708 3344 3792 3384 ca-

2200 3422 2351 3478 stella
2402 3421 2484 3477 vel
2540 3437 2892 3493 quascunque
2949 3422 3278 3478 munitiones
3333 3422 3518 3479 adhuc
3571 3422 3792 3478 habebat

2201 3512 2460 3579 Saxonia,
2505 3513 2618 3569 suis
2667 3514 2992 3584 sequacibus
3021 3514 3468 3580 commendavit;
3517 3524 3577 3570 et
3617 3526 3675 3569 ut
3701 3529 3791 3584 per

2200 3614 2366 3660 tutam
2399 3605 2671 3676 regionem
2698 3606 3037 3677 tyrannidem
3064 3615 3389 3662 exercerent
3418 3608 3732 3677 imperavit.

2268 3697 2356 3751 57.
2388 3695 2596 3752 Natalis
2623 3695 2880 3753 dominici
2919 3695 3291 3764 festivitatem,
3328 3698 3420 3753 ubi
3459 3699 3603 3755 1076
3625 3713 3791 3753 annus

2197 3787 2265 3843 ab
2296 3786 2670 3843 incarnatione
2701 3786 2911 3843 Domini
2936 3787 3248 3851 inchoatur,
3280 3790 3601 3846 convocatis
3626 3790 3697 3821 "‘
3722 3790 3785 3842 ad

2195 3895 2254 3931 se
2284 3891 2503 3932 Suarum
2540 3876 2775 3946 partium
2802 3876 3071 3947 episcopis
3099 3877 3189 3941 “7,
3232 3878 3423 3947 animo
3453 3893 3563 3933 non
3602 3878 3790 3933 festivo

2193 3967 2455 4022 Goslaria:
2501 3966 2830 4033 celebravit,
2874 3967 3000 4036 quia
3050 3966 3248 4023 festum
3302 3968 3499 4024 salutis
3548 3968 3789 4025 humana:

2193 4059 2520 4129 principium
2560 4056 2773 4115 Ottonis
2811 4059 3086 4115 occisione
3134 4059 3368 4115 nefanda
3417 4062 3789 4117 contaminare

2193 4152 2483 4221 disposuit;
2499 4152 2731 4222 quemm
2745 4150 2994 4207 Christus
3006 4152 3071 4206 ad
3087 4153 3349 4207 honorem
3365 4169 3481 4209 sua:
3493 4154 3789 4209 nativitatis

2191 4245 2376 4300 eadem
2404 4247 2578 4316 gratia
2608 4244 2929 4300 mirabiliter
2957 4245 3187 4316 eripuit,
3217 4260 3323 4313 qua
3356 4245 3426 4298 ad
3456 4245 3787 4301 liberandum

2190 4342 2359 4406 genus
2387 4338 2676 4392 humanmn
2703 4337 2818 4407 ipSu
2842 4347 3081 4406 tempore
3102 4335 3244 4392 Deus
3266 4338 3436 4392 homo
3460 4338 3576 4392 lieri
3598 4336 3784 4390 voluit.

2191 4427 2326 4483 Nam
2352 4430 2524 4497 ipsum
2551 4428 2740 4482 ducem
2768 4426 3007 4499 Roperto
3032 4426 3100 4461 ⁸⁸³
3129 4427 3565 4500 Bavenbcrgensi
3584 4428 3784 4498 episco-

509 4511 793 4574 totumque
812 4507 1065 4575 populum
1112 4523 1268 4563 suum
1318 4510 1470 4567 valde
1515 4511 1724 4568 tristem
1766 4515 1818 4569 in
1857 4516 2105 4585 patriam
2115 4545 2166 4605 Β
2194 4534 2261 4590 po
2295 4519 2622 4574 servandum
2651 4518 3024 4584 comudserat,
3052 4529 3105 4574 et
3132 4519 3426 4589 episcopum
3454 4536 3589 4575 eum
3613 4519 3665 4573 in
3692 4532 3783 4573 ea-

509 4593 688 4650 rcdire
710 4594 1011 4664 jusserunt.

577 4685 667 4742 55.
698 4687 1010 4747 Distributis
1036 4706 1166 4765 ergo
1194 4708 1291 4763 per
1315 4696 1591 4752 custodias
1631 4697 1964 4769 principibus
1992 4714 2085 4756 uo-

507 4777 657 4843 stris,
699 4793 793 4835 rex
843 4783 1046 4840 omisso
1092 4787 1334 4841 exercitu
1386 4784 1676 4844 Sasoniam
1727 4805 1848 4846 cum
1891 4807 2082 4862 magna

506 4866 679 4937 gloria
717 4868 1033 4939 ingreditur,
1068 4883 1124 4929 et
1152 4875 1220 4929 ab
1250 4875 1335 4931 his
1362 4876 1452 4947 qui
1484 4878 1794 4934 domierant
1823 4895 1944 4934 cum
1972 4895 2083 4934 ma-

498 4955 618 5024 jore
662 4958 830 5029 gloria
877 4963 1184 5034 suscipitur.
1242 4965 1376 5021 Nam
1420 4970 1713 5037 sperabant
1761 4986 1902 5037 οιιιιι,
1943 4973 2083 5027 sicut

503 5050 852 5120 promiserat,
875 5066 1001 5109 cum
1030 5070 1161 5127 pace
1198 5065 1255 5112 et
1291 5057 1491 5128 pietate
1536 5061 1743 5126 venire,
1784 5076 2082 5130 otuttcsque

2193 4611 2352 4666 stello
2377 4609 2632 4681 quodam,
2660 4609 2786 4663 dum
2814 4609 2926 4678 ipse
2949 4618 3203 4679 pergeret
3228 4610 3297 4663 ad
3324 4619 3539 4665 curtem
3565 4610 3780 4678 regiam.

2193 4702 2452 4757 militibus
2484 4701 2599 4755 suis
2628 4700 3042 4755 custodiendum
3075 4700 3397 4757 tradiderat.
3436 4700 3511 4754 At
3542 4716 3627 4755 rex
3660 4697 3783 4751 illoc

2190 4793 2441 4862 episcopo
2466 4791 2737 4846 nesciente
2757 4790 2932 4855 misit,
2966 4790 3267 4860 ducemque
3300 4792 3370 4844 ad
3407 4805 3470 4845 se
3499 4790 3620 4844 duci
3645 4803 3781 4858 pra.

2190 4884 2354 4953 cepit,
2390 4883 2459 4936 ita
2492 4891 2571 4945 ut,
2600 4890 2901 4950 temporum
2933 4880 3141 4937 vicibus
3188 4882 3431 4945 mutatis,
3463 4897 3563 4951 per
3595 4888 3780 4935 noctes

2193 4976 2332 5028 irent
2360 4984 2416 5028 et
2441 4989 2537 5043 per
2573 4974 2689 5028 dies
2715 4974 2953 5027 noctium
2989 4973 3106 5027 vice
3128 4973 3493 5043 quiescerent.
3539 4972 3779 5039 Cumque

2193 5064 2245 5119 in
2281 5064 2452 5119 media
2482 5072 2639 5120 nocte
2677 5079 2705 5118 a
2734 5071 2970 5135 quatuor
2995 5064 3222 5118 armatis
3252 5063 3481 5119 inermis
3528 5065 3637 5131 ipse
3683 5061 3777 5112 duo

1825 5217 2057 5275 VABl/E
2096 5217 2390 5277 LECTION
2396 5220 2499 5276 ES.

570 5348 643 5380 ..δ
674 5348 815 5382 :z‘nm
840 5349 863 5382 ι.
970 5348 1041 5382 107
1069 5350 1212 5382 nllnt'
1233 5350 1270 5382 Ω
1366 5349 1439 5382 ’0⁸
1472 5351 1544 5382 δίη
1573 5350 1608 5382 ο
1653 5361 1916 5382 unanimi-un
1964 5353 1986 5382 Ι

2091 5351 2163 5382 209
2198 5368 2231 5382 ιιι
2285 5368 2381 5382 ..-Α
2430 5354 2513 5382 AA:
2560 5353 2596 5382 οξ
