3940 5382
209 374 323 429 525

1446 368 1532 423 DE
1570 364 1791 422 nemo
1827 336 2191 421 SAXONlCO.

3355 372 3458 427 526

210 499 343 545 ctus
388 488 687 545 Goslariam
719 487 970 550 venisset,
1008 494 1062 540 et
1102 484 1173 551 ωε
1211 499 1305 552 per
1346 497 1553 538 curtem
1580 481 1646 536 ad
1695 480 1790 536 sil-
1819 492 1862 548 Α
1893 477 2103 547 pietati,
2130 478 2252 544 quia
2285 478 2410 532 dum
2436 478 2571 532 hanc
2609 493 2730 547 qua:
2775 479 3010 533 maxime
3055 494 3153 535 nos
3194 478 3462 552 amigebat

213 595 344 634 vam
396 580 613 634 tendere
654 577 985 641 voluissent,
1040 586 1165 631 tunc
1220 575 1451 644 primum
1501 574 1790 636 intellexit,

207 670 362 737 quod
381 668 434 722 in
451 668 584 722 silva
609 668 750 722 sem
773 666 1021 723 occidere
1044 664 1179 733 jussi
1213 664 1459 719 fuissent.
1499 665 1662 733 Igitur
1699 680 1793 718 eos

211 766 399 825 rogat,
431 765 490 809 ut
514 756 615 811 sibi
641 757 707 809 ad
743 755 1128 811 monasterium
1157 770 1316 809 orare
1344 754 1525 809 liceat.
1563 754 1715 820 Quod
1742 755 1790 807 ei

210 860 342 900 eum
374 847 563 902 fuisset
592 856 865 916 negatum,
894 846 1075 902 subito
1096 846 1254 901 unius
1285 846 1524 916 ipsorum
1555 845 1789 915 gladium

208 938 630 1005 comprehendit
651 939 717 970 ’“
744 953 841 1008 per
881 936 1148 1007 capulum,
1189 947 1244 990 et
1291 952 1412 990 eum
1445 949 1575 990 ense
1625 936 1788 999 nudo,

208 1024 406 1083 invitis
447 1026 574 1091 illis,
621 1028 688 1081 ad
721 1028 959 1097 episcopi
996 1027 1080 1081 sui
1118 1026 1356 1082 custodis
1400 1026 1789 1081 cubiculumm

210 1119 486 1186 pervenit,
520 1128 578 1174 et
612 1136 735 1173 cum
766 1134 961 1190 magno
988 1128 1214 1189 strepitu
1240 1133 1494 1188 episcopo
1527 1133 1788 1189 experge-

209 1206 382 1270 laeto,
414 1223 530 1262 rem
554 1223 675 1276 qua:
705 1222 887 1264 secum
916 1208 1178 1275 agebatur
1207 1207 1457 1270 innotuit,
1484 1223 1713 1276 eumque
1736 1216 1793 1261 ut

209 1310 274 1350 se
305 1314 337 1350 a
367 1295 581 1352 furtiva:
608 1313 738 1353 casu
771 1298 959 1352 mortis
988 1296 1224 1366 eriperet
1264 1297 1457 1350 oravit.
1488 1296 1637 1363 Quod
1669 1311 1789 1351 cum

209 1402 313 1456 per
340 1387 594 1457 oppidum
634 1387 961 1459 divulgatum
1004 1386 1216 1452 fuisset,
1248 1401 1340 1440 rex
1371 1401 1493 1441 eum
1528 1387 1668 1439 sicut
1694 1402 1787 1441 vo»

208 1475 426 1541 luerat,
457 1492 562 1531 non
598 1477 937 1546 praesumpsit
955 1476 1203 1547 perdere,
1228 1476 1322 1531 sed
1351 1491 1472 1530 eum
1504 1476 1672 1531 libere
1694 1491 1791 1545 per

206 1569 422 1622 curiam
445 1584 553 1637 quo
580 1568 734 1623 vellet
754 1569 831 1623 ire
853 1568 1117 1639 permisit.
1142 1568 1246 1622 Sed
1277 1567 1387 1633 ille,
1412 1568 1551 1622 sicut
1570 1576 1688 1621 erat
1709 1567 1791 1622 vir

206 1657 265 1708 in
299 1658 554 1712 omnibus
576 1658 833 1727 prudens,
859 1658 924 1712 ad
956 1658 1179 1713 consilia
1201 1658 1341 1727 regis
1371 1658 1681 1727 lrequeuter
1702 1672 1790 1712 ac-

206 1749 401 1813 cessit,
432 1758 489 1803 et
518 1749 782 1818 sapientia
809 1764 906 1803 sua
935 1748 1083 1802 brevi
1117 1757 1355 1816 tempore
1378 1748 1699 1817 promeruit,
1727 1758 1786 1802 ut

1894 583 2076 621 curam
2100 568 2467 622 misericordia
2494 580 2671 624 vestra
2696 570 2979 639 mitigastis
2997 570 3083 633 ﬂ”,
3118 585 3303 626 ontues
3330 572 3462 629 alias

1893 654 2282 710 sollicitudines
2331 671 2429 711 nos
2457 658 2631 712 ventis
2672 662 2723 712 in
2759 658 3127 713 Creticum'm
3157 676 3307 716 mare
3333 678 3462 731 por-

1894 748 2081 798 tandas
2115 746 2327 799 tradere
2352 747 2575 801 fecistis.
2609 748 2760 813 Quod
2804 748 2847 801 si
2896 749 3073 803 divina
3117 750 3328 806 favente
3356 751 3463 805 cle-

1892 838 2089 891 mentia
2111 838 2342 893 solidum
2369 840 2525 894 nobis
2551 841 2651 895 hoc
2680 840 2930 911 gaudium
2961 850 3138 896 vestra
3167 844 3462 911 patet-nitas

1893 928 2131 984 cll‘ecerit
2175 939 2229 985 et
2274 932 2340 985 ad
2374 946 2467 985 sua
2512 933 2673 987 citius
2711 934 2884 988 redire
2912 934 3185 989 dominum
3220 936 3461 992 nostrum

1891 1022 2004 1076 suis
2021 1036 2348 1091 suorumque
2369 1023 2843 1091 supplicationibus
2866 1025 3147 1093 adjuverit,
3171 1042 3462 1096 numquam

1891 1124 1987 1163 vos
2007 1112 2187 1180 priora
2208 1113 2362 1168 nobis
2380 1112 2640 1168 beneﬁcia
2667 1116 2978 1183 praestitisse
3002 1117 3301 1185 paenitebit,
3331 1119 3455 1170 dum

1890 1208 1945 1251 et
1970 1198 2143 1267 ipsum
2180 1201 2453 1256 dominum
2500 1212 2741 1257 nostrum
2787 1205 2938 1261 vobis
2985 1207 3216 1260 amicum
3249 1222 3462 1278 semper

1893 1290 1959 1341 ad
1989 1305 2167 1344 omnia
2210 1294 2634 1367 paratissrmum,
2684 1309 2886 1364 nosque
2912 1312 3100 1352 omnes
3149 1313 3252 1352 non
3282 1298 3460 1352 minus

1894 1376 2114 1433 devotos
2141 1379 2409 1434 habebitis
2455 1390 2511 1436 et
2558 1380 2847 1449 subjectos,
2892 1400 3050 1453 quant
3096 1385 3296 1439 clerum
3346 1386 3462 1441 sive

1891 1468 2144 1536 populum
2173 1472 2472 1539 proprium.
2505 1472 2584 1527 Ad
2617 1473 2757 1542 quod
2794 1474 3176 1543 perﬁciendum
3204 1478 3249 1531 si
3280 1487 3461 1533 vestra

1890 1556 2192 1612 sublimitas
2238 1574 2303 1613 eo
2334 1575 2441 1628 quo
2482 1575 2762 1629 speramus
2811 1563 2989 1615 studio
3039 1564 3267 1618 voluerit
3304 1565 3457 1629 eniti,

1891 1651 2007 1705 sine
2037 1651 2204 1706 inulto
2234 1653 2418 1706 labore
2464 1654 2735 1707 credimus
2771 1655 2822 1707 id
2856 1670 3009 1724 posse
3039 1655 3173 1720 ﬁeri,
3205 1657 3328 1724 quia
3360 1658 3460 1713 hoc

1892 1751 2100 1793 certum
2152 1751 2431 1808 tenemus,
2484 1745 2624 1812 quod
2674 1743 2787 1812 ipse
2823 1753 3037 1797 tenetur
3080 1744 3335 1799 innocens
3369 1761 3458 1799 ca-

206 1839 475 1909 quicquid
514 1842 581 1895 ad
608 1841 866 1896 honorem
895 1841 1035 1910 regis
1064 1841 1377 1911 perimeret,
1419 1837 1533 1907 ejus
1561 1841 1787 1895 ροηςίιίο
1821 1823 1859 1877 Β
1890 1830 2066 1898 ptivus
2092 1840 2146 1883 et
2177 1831 2288 1885 sola
2318 1847 2427 1886 sua:
2456 1832 2600 1887 salus
2629 1833 2871 1887 ecelesim
2903 1833 3003 1888 fuit
3028 1835 3077 1888 ei
3114 1849 3271 1889 causa
3297 1837 3462 1891 tradi-

204 1930 447 1984 maxime
477 1945 570 1983 rex
616 1930 730 1999 ipse
773 1931 1097 2000 disponeret.
1136 1929 1374 1999 Denique
1402 1944 1561 1998 quem
1610 1946 1783 1998 nuper

204 2018 444 2073 habebat
467 2021 674 2075 hestem
697 2022 1069 2085 saavissimum,
1094 2036 1217 2075 eum
1232 2037 1374 2076 nunc
1396 2021 1562 2090 coepit
1584 2021 1783 2078 habere

203 2108 610 2163 consiliatorem
641 2108 1008 2165 ﬁdelissimum
1046 2110 1154 2178 (an.
1181 2110 1359 2180 l076).

276 2197 374 2253 58.
405 2198 515 2253 Nos
534 2208 711 2253 autem
742 2200 829 2255 ubi
860 2200 1130 2270 principes
1160 2200 1298 2265 illos,
1329 2217 1418 2270 qui
1450 2211 1662 2257 nostros
1693 2202 1787 2257 lia-

202 2284 488 2341 bebantin
517 2290 781 2351 custodia,
832 2287 1088 2344 Goslariae
1135 2305 1253 2345 esse
1281 2292 1660 2360 comperimus,
1703 2292 1788 2345 lit-

206 2382 357 2429 teras
384 2376 465 2430 eis
514 2377 962 2447 supplicationum
1007 2395 1105 2450 pro
1133 2379 1435 2450 principum
1478 2391 1785 2437 nostrorum

202 2465 535 2522 liberatione
565 2470 991 2536 transmisimus,
1035 2486 1261 2540 qmeque
1303 2473 1492 2527 civitas
1520 2474 1636 2529 sive
1663 2489 1787 2543 pro-

201 2555 391 2609 vincia
420 2572 519 2625 pro
545 2559 626 2611 sui
667 2560 793 2628 epist
814 2560 899 2629 opi
931 2561 1045 2614 sive
1073 2561 1319 2631 primatis
1367 2563 1658 2630 ereptione.
1708 2563 1784 2616 Ex

203 2645 406 2714 quibus
445 2664 606 2702 unam
644 2659 847 2703 tantum
888 2651 1086 2720 placuit
1113 2652 1393 2721 epistolam
1425 2653 1779 2707 subnectere:

276 2738 371 2791 59.
410 2758 428 2789 ι
469 2738 673 2795 Dontno
726 2739 940 2807 Udoni,
995 2743 1175 2796 oviutn
1223 2743 1426 2796 Christi
1474 2752 1781 2796 sanclarmn

204 2820 558 2884 sanctissimo
592 2833 817 2900 pastori,
863 2832 1039 2887 clerus
1073 2842 1128 2887 et
1170 2833 1393 2903 populus
1429 2832 1781 2904 Magedabur-

202 2920 391 2987 gensis
418 2920 489 2950 ²²³
526 2922 767 2975 ecclesia:
804 2922 1140 2977 devotionem
1180 2922 1546 2976 ﬁdelissimam
1582 2924 1786 2976 utrius-

205 3024 316 3077 que
353 3009 604 3063 hominis.
635 3009 789 3077 Quod
817 3012 948 3065 tauti
977 3012 1074 3065 viri
1100 3012 1344 3065 notitiam
1372 3008 1785 3066 familiariter'ct

204 3099 445 3168 gratiam
493 3099 640 3153 nulla
688 3101 841 3157 nobis
892 3102 1066 3156 adlmc
1105 3112 1299 3155 nostra:
1333 3102 1605 3156 servitutis
1633 3103 1777 3157 εχιιί-

204 3187 423 3242 bitione
471 3190 836 3258 quaesivimus,
886 3190 1245 3259 nosmetipsos
1296 3192 1435 3245 inter
1483 3207 1579 3246 nos
1626 3192 1783 3245 vehe-

203 3289 426 3332 menter
455 3294 795 3345 accusamus,
826 3291 878 3335 et
901 3279 1044 3333 nulla
1068 3295 1164 3333 nos
1192 3279 1450 3333 servitute
1482 3287 1663 3334 nostra
1689 3294 1784 3333 vo-

202 3366 296 3420 bis
318 3365 392 3397 ⁸²⁸
415 3367 498 3421 vel
536 3377 697 3422 notos
724 3382 844 3423 esse
884 3367 1057 3423 factos
1097 3382 1163 3424 eo
1191 3367 1359 3438 magis
1389 3368 1778 3432 erubescimus,

204 3472 320 3525 quo
360 3473 467 3511 non
498 3459 776 3528 promeriti
811 3467 957 3513 tanta
987 3459 1203 3529 pietatis
1246 3468 1441 3513 vestrm
1489 3460 1679 3513 solatia
1729 3460 1780 3513 in

209 3549 399 3603 multis
434 3552 630 3605 nostris
678 3550 1113 3606 tribulationibus
1140 3552 1465 3620 accepimus.
1496 3550 1570 3603 Ex
1605 3552 1781 3605 omni-

205 3641 314 3696 bus
343 3642 486 3696 enim
513 3644 971 3708 tribulationibus,
1022 3658 1157 3713 quas
1200 3643 1282 3697 vel
1322 3642 1509 3713 longus
1544 3643 1655 3713 jam
1686 3659 1783 3698 nos

207 3748 344 3787 usus
374 3733 515 3790 ferre
535 3736 813 3805 sapienter
836 3737 1082 3800 edocuit,
1114 3735 1196 3789 vel
1233 3750 1367 3804 quas
1411 3735 1525 3804 ipsa
1571 3735 1782 3791 novitas

205 3839 321 3893 quo
348 3824 590 3881 insolitas
619 3827 718 3891 m,
766 3842 831 3881 eo
878 3828 1034 3882 nobis
1077 3828 1353 3896 graviores
1397 3826 1589 3891 reddit,
1639 3827 1780 3881 nulla

208 3917 367 3970 nobis
391 3933 640 3987 umquam
673 3919 889 3988 gravior
918 3920 1184 3984 incubuit,
1212 3933 1372 3987 quam
1420 3918 1562 3987 quod
1594 3926 1781 3972 nostro

208 4006 431 4059 domino
460 4008 867 4076 archiepiscopo
889 4007 978 4072 “°,
1005 4007 1168 4061 immo
1199 4015 1350 4075 patre
1379 4005 1639 4075 piissimo,
1686 4021 1781 4074 per

206 4102 325 4146 tam
365 4093 531 4164 longua
560 4096 891 4164 captivitatis
918 4110 1250 4165 zerumpuam
1297 4109 1483 4148 carere
1531 4094 1776 4164 contigit,

207 4182 302 4236 his
347 4184 614 4253 prmeipue
664 4184 1041 4254 tempestuosis
1086 4183 1442 4253 temporibus,
1492 4184 1544 4236 in
1589 4184 1780 4252 quibus

207 4270 367 4326 nobis
393 4284 537 4328 esset
562 4276 801 4329 maxime
830 4274 1186 4330 necessarius.
1233 4274 1338 4328 Sed
1363 4275 1508 4345 quia,
1555 4275 1692 4329 sicut
1714 4289 1780 4329 ex

208 4362 378 4430 ipsius
402 4364 671 4434 legatione
702 4366 1072 4435 cognovimus,
1119 4366 1285 4419 multa
1332 4373 1522 4419 vestrae
1564 4362 1780 4432 pietatis

1891 1919 2051 1973 tionis
2079 1936 2210 1974 suze.
2246 1921 2597 1991 Omnipotens
2632 1924 2793 1992 igitur
2822 1922 2961 1979 Deus
2992 1924 3078 1977 diu
3110 1939 3204 1978 vos
3252 1925 3304 1979 in
3359 1926 3459 1980 hac
3546 1958 3551 1965 ι

1888 2018 1994 2061 vita
2028 2020 2331 2077 conservet,
2358 2011 2615 2067 Ecclesiae
2651 2029 2760 2068 suae
2786 2012 3056 2078 solatium,
3087 2023 3139 2068 et
3164 2025 3283 2085 post
3321 2016 3461 2071 banc

1889 2101 2050 2154 vitam
2085 2103 2460 2158 tribuatvobis
2506 2104 2890 2175 sempiternum
2931 2105 3100 2160 beata:
3150 2106 3270 2161 vita:
3317 2124 3458 2179 prac-

1890 2195 2082 2247 tnium.
2116 2193 2296 2249 Valete
2326 2197 2413 2248 ’3“.
2453 2216 2472 2248 ο

1957 2284 2043 2337 60.
2075 2284 2206 2340 Cum
2237 2302 2366 2355 ergo
2402 2303 2491 2341 rex
2526 2288 2684 2343 urbes
2713 2298 2767 2343 et
2792 2304 2980 2344 omnes
3008 2290 3057 2344 in
3084 2290 3313 2347 Saxonia
3344 2308 3459 2347 mu-

1889 2374 2119 2429 nitiones
2163 2391 2385 2431 suorum
2432 2377 2665 2432 ﬁdelium
2710 2380 2974 2449 praasidiis
3012 2392 3351 2451 occupasset,
3400 2392 3457 2438 ct

1887 2463 2050 2517 nichil
2079 2466 2203 2530 sibi,
2234 2467 2522 2535 quominus
2547 2468 2596 2521 in
2628 2467 2859 2522 Saxonia
2886 2469 3087 2525 faceret
3112 2483 3305 2527 cuneta
3335 2489 3456 2543 quas

1886 2553 2067 2619 vellet,
2096 2565 2308 2623 putaret
2352 2557 2588 2623 obstare,
2632 2559 2878 2614 transivit
2918 2576 2948 2613 a
3002 2562 3155 2615 nobis
3194 2562 3249 2615 in
3280 2564 3457 2618 medio

1884 2644 2306 2713 quadragesima:
2336 2643 2538 2713 (1076).
2567 2644 2783 2700 obsides
2803 2647 3000 2701 multos
3020 2663 3202 2702 secum
3227 2649 3453 2714 ducens,

1885 2742 1940 2785 et
1967 2733 2105 2801 apud
2134 2749 2249 2795 nos,
2284 2735 2375 2804 qui
2422 2736 2619 2790 tribttta
2653 2738 2719 2791 de
2750 2737 3057 2807 regionibus
3103 2749 3305 2793 nostris
3342 2741 3456 2793 exi-

1884 2834 2074 2894 gerent
2120 2826 2450 2895 relinquens.
2496 2829 2737 2895 Cumque
2764 2844 2890 2884 suos
2920 2829 3051 2884 ﬁnes
3093 2829 3368 2893 intrasset,
3401 2841 3458 2885 et

1886 2916 2049 2987 duces
2077 2914 2194 2983 ejus
2226 2916 2504 2985 ceterique
2525 2917 2616 2986 qui
2641 2917 2854 2973 fortiter
2884 2920 2934 2972 in
2964 2918 3153 2987 ι)τωίἰο
3177 2933 3451 2991 pugnave-

1887 3015 2009 3059 rant
2038 3005 2176 3061 dona
2204 3006 2546 3076 triumphalia
2571 3017 2935 3077 expectarent,
2970 3009 3057 3064 ille
3086 3026 3280 3065 munus
3306 3011 3447 3079 quod

1886 3093 2000 3149 fere
2045 3095 2254 3151 cunctis
2305 3098 2417 3151 suis
2452 3096 2697 3152 ﬁdelibus
2725 3097 2911 3169 largiri
2941 3100 3128 3154 solitus
3170 3108 3288 3153 erat
3315 3100 3449 3168 (35),

1884 3186 2047 3239 etiam
2069 3201 2214 3241 nunc
2240 3186 2292 3240 in
2316 3188 2539 3256 praemio
2562 3188 2774 3243 virtutis
2794 3191 2923 3243 dare
2943 3189 3165 3258 parabat
3192 3205 3208 3253 ;
3239 3189 3457 3242 dolens-

1883 3290 1988 3345 que
2015 3278 2157 3344 quod
2186 3291 2252 3329 ex
2286 3276 2617 3345 principibus
2658 3278 2711 3331 in
2761 3277 2953 3348 prcelio
3004 3294 3111 3332 non
3161 3278 3227 3332 ad
3273 3285 3452 3331 votum

1884 3381 2038 3421 suum
2068 3367 2411 3432 cecidissent,
2459 3369 2645 3434 vitam,
2692 3385 2852 3438 quam
2902 3385 3001 3440 per
3048 3371 3313 3441 ignaviam
3362 3385 3461 3447 eos

1883 3474 2125 3515 servasse
2151 3462 2429 3525 credebat,
2458 3461 2537 3516 eis
2559 3476 2657 3529 per
2702 3462 2964 3516 saevitiam
3013 3462 3212 3515 auferri
3242 3461 3310 3493 ³³⁸
3361 3477 3456 3515 cu-

1882 3550 2079 3620 piebat.
2110 3549 2242 3604 Nam
2270 3560 2324 3604 ut
2352 3552 2496 3606 solus
2518 3552 2755 3606 omniurn
2778 3553 3023 3607 dominus
3045 3559 3212 3618 esset,
3247 3552 3452 3606 nullum

1882 3641 1936 3694 in
1970 3656 2132 3712 regno
2175 3658 2272 3696 suo
2308 3642 2582 3697 dominum
2633 3658 2814 3697 vivere
2868 3643 3046 3697 vellet.
3097 3643 3280 3712 Itaque
3327 3658 3449 3697 cum

1884 3733 2054 3785 tribus
2107 3731 2415 3787 fortissimis
2465 3734 2594 3788 viris
2650 3733 2872 3787 armatis
2922 3735 3187 3803 quandam
3233 3735 3452 3791 domum

1883 3820 2147 3873 desertam
2173 3822 2352 3875 medio
2376 3822 2548 3875 noctis
2577 3822 2815 3887 intravit,
2845 3831 2899 3875 et
2922 3822 3049 3877 illuc
3071 3839 3234 3879 unum
3260 3838 3327 3878 ex
3356 3824 3451 3877 mi-

1882 3910 2063 3964 litibus
2100 3909 2307 3964 ltodulﬁ
2355 3911 2508 3966 ducis
2551 3920 2759 3967 secreto
2800 3913 3111 3967 introduxit.
3160 3913 3259 3979 Qui
3317 3916 3447 3967 visis

1881 3999 2071 4069 gladiis
2100 4001 2200 4054 sibi
2240 4001 2447 4063 timuit,
2484 4002 2609 4070 quia
2640 4017 2746 4071 quo
2787 4001 3046 4072 effugeret
3092 4017 3196 4056 non
3239 4003 3451 4057 balmit.

1883 4090 1973 4144 sed
2009 4107 2132 4145 eum
2168 4106 2260 4145 rex
2299 4091 2481 4147 multis
2526 4107 2649 4147 eum
2698 4093 3138 4161 promissionibus
3177 4100 3451 4157 oneraret,

1881 4182 1925 4238 si
1965 4182 2250 4237 Rodulfum
2296 4183 2517 4249 ducem,
2565 4182 2653 4238 ubi
2690 4182 2918 4253 primum
2958 4182 3059 4237 sibi
3104 4183 3321 4236 daretur
3347 4170 3459 4252 op-'

1828 4294 1833 4299 ο
1879 4274 2221 4343 portunitas,
2279 4275 2585 4338 occideret,
2653 4289 2759 4329 non
2817 4288 3000 4328 amore
3059 4269 3447 4347 promissorum

1881 4367 1975 4420 sed
2003 4366 2194 4420 timore
2230 4365 2528 4435 gladiorum
2555 4366 2918 4435 praesentium,
2959 4365 3061 4419 hoc
3095 4380 3152 4420 se
3177 4365 3450 4422 facturum

208 4451 546 4508 humanitate
566 4453 784 4519 fruitur,
816 4455 890 4509 ita
920 4464 977 4509 ut
1005 4470 1064 4511 se
1095 4470 1201 4510 non
1232 4454 1415 4510 dolore
1451 4455 1779 4524 captivitatis
1807 4477 1856 4536 ι)
1882 4457 2034 4526 quasi
2066 4457 2218 4512 laztus
2245 4456 2513 4526 promisit,
2541 4470 2801 4525 suamque
2842 4455 3251 4522 promissionem
3294 4456 3449 4523 jura-

208 4535 370 4604 aﬂici,
402 4543 497 4597 sed
519 4559 547 4595 a
576 4542 785 4608 labore,
814 4558 920 4611 quo
937 4543 1165 4613 plurimo
1191 4542 1446 4614 fatigatus
1466 4553 1584 4600 erat
1607 4544 1776 4598 multa

208 4629 491 4687 dulcedine
539 4642 721 4688 vestra
768 4634 914 4687 relici
967 4634 1221 4697 fateatur,
1266 4634 1505 4687 omnium
1544 4648 1681 4702 quas
1707 4633 1772 4664 ""

211 4734 307 4773 nos
327 4722 563 4790 patimur
598 4719 947 4776 alllictionum
977 4723 1207 4778 libenter
1251 4723 1422 4788 obliti,
1464 4725 1588 4778 dum
1620 4732 1779 4795 caput

210 4820 448 4865 nostrum
469 4812 709 4880 gaudere
725 4813 1118 4882 cognoscimus,
1140 4813 1377 4869 dolorem
1392 4813 1774 4881 membrorum,

211 4900 291 4953 vel
315 4902 359 4956 si
385 4918 614 4971 magnus
644 4903 738 4965 sit,
768 4903 973 4956 nullum
998 4912 1268 4973 putamus.
1302 4903 1649 4960 Paternitatis
1675 4906 1775 4974 igio

211 4998 294 5043 tur
323 5002 515 5047 vestrm
541 4993 773 5062 pedibus
810 5008 997 5049 omnes
1024 4994 1353 5047 unanimiter
1379 4995 1571 5050 devoto
1615 4996 1777 5051 corde

209 5082 477 5148 prostrati,
503 5081 783 5151 plurimas
794 5080 1022 5151 plurime
1053 5081 1335 5136 referimus
1362 5083 1564 5153 gratias
1587 5092 1778 5138 vestrae

1884 4556 2066 4601 mento
2108 4546 2465 4602 conﬁrmavit.
2493 4546 2648 4601 Mane
2677 4555 2854 4601 autem
2890 4548 3051 4612 facto,
3082 4561 3203 4600 eum
3248 4547 3353 4601 dux
3382 4548 3450 4600 de

1885 4637 2087 4690 virtute
2113 4644 2167 4689 et
2195 4636 2297 4689 ﬁde
2331 4635 2554 4690 multum
2588 4634 2836 4690 laudatus
2863 4649 2890 4686 a
2923 4649 3067 4703 rege,
3113 4648 3234 4687 eum
3282 4633 3451 4689 multa

1884 4726 2150 4780 suavitate
2184 4726 2437 4781 dimissus
2464 4725 2655 4788 abiret,
2684 4725 2772 4779 ille
2812 4725 3074 4794 correptis
3109 4723 3276 4777 armis
3306 4723 3451 4777 velo-

1883 4818 2017 4871 citcr
2044 4817 2360 4884 insequitur,
2393 4826 2447 4871 et
2473 4816 2657 4871 lancea
2686 4825 2932 4883 protensa
2955 4830 3052 4884 per
3078 4814 3308 4868 mediam
3337 4823 3453 4867 tur-

1882 4904 2006 4958 bam
2057 4904 2360 4967 festinans,
2404 4905 2515 4959 alto
2564 4904 2800 4959 clamore
2849 4917 2907 4957 se
2958 4902 3147 4956 ducem
3201 4902 3451 4957 occidere

1882 4995 2185 5049 minitatur.
2222 4994 2268 5048 Α
2313 4995 2573 5050 militibus
2596 5008 2726 5047 vero
2755 4992 3117 5049 circumdatus
3148 5003 3207 5047 et
3232 5008 3451 5048 causam

1882 5086 2110 5141 terroris
2139 5084 2529 5156 interrogatus,
2562 5093 2727 5139 telam
2754 5083 2950 5139 seriem
2995 5081 3197 5150 negotii
3226 5080 3365 5153 quod
3387 5080 3463 5134 'iu’

1550 5238 1777 5294 VARIZE
1812 5238 2210 5296 LECTIONES.
