3940 5382
498 244 602 300 5'27

1456 230 1813 290 unusunus
1845 226 2113 287 CLERlCl
2154 227 2779 288 uacussuncsssxs
3669 233 3761 289 εξ,

501 372 659 421 nocte
706 368 919 435 gestum
966 358 1140 416 fuerat
1181 353 1439 425 exponit,
1493 333 1768 423 armisque
1823 352 2081 425 proiectis
2110 355 2155 410 Α
2186 361 2341 407 tenus
2373 350 2508 409 tales
2544 367 2640 423 per
2682 350 2919 421 quosi"
2946 351 3175 407 ecclesia
3224 358 3417 422 pacata
3465 360 3757 422 regeretur,

502 455 604 525 ipsi
635 453 777 519 duci,
807 451 935 525 quid
984 459 1041 507 et
1086 463 1190 521 qua
1239 447 1291 503 vi
1339 454 1562 503 coactus
1604 443 1881 516 iurasset,
1934 445 2090 501 inno-
2188 440 2302 511 ipse
2346 441 2399 497 in
2430 458 2619 499 eorum
2650 442 2826 498 locum
2854 451 3097 513 poneret.
3146 440 3256 497 Sed
3294 442 3440 513 regis
3466 440 3760 514 legatosad

501 551 680 694 te$601]?
692 635 810 691 Alio
841 641 1106 704 tempore,
1128 630 1416 687 cumidem
1444 628 1553 685 dux
1575 629 1818 699 reginam
1840 627 1892 683 in
1923 642 2084 683 manu

497 739 596 788 sua
627 739 656 780 a
690 734 1025 780 monasterio
1060 722 1301 786 duceret,
1339 734 1433 775 rex
1464 718 1750 789 sagittario
1770 718 1841 751 ¹⁸¹
1866 718 2081 773 cuidam

494 815 773 886 praecepit,
809 826 869 870 ut
894 829 1020 871 eum
1042 812 1199 882 iuxta
1219 812 1461 884 reginam
1492 811 1689 882 sagitta
1723 819 2082 883 transtigeret.

496 907 605 964 Sed
635 907 707 964 ab
733 908 926 965 eodem
959 906 1243 978 sagittario
1264 904 1616 977 praemonitus
1647 904 1788 971 dux,
1841 903 2083 975 reginam

495 1016 602 1058 non
628 1000 901 1072 perduxit,
926 1001 1021 1057 sed
1049 1000 1267 1056 iuventa
1295 997 1538 1071 qualibet
1562 1012 1725 1055 causa
1758 996 1987 1055 festinus
2014 996 2084 1053 ab

494 1108 561 1149 ea
584 1093 836 1150 recessit.

568 1185 657 1240 62.
692 1183 876 1240 Tertia
904 1182 1021 1239 vice
1049 1198 1173 1240 cum
1202 1198 1380 1238 causai
1408 1181 1653 1252 quaedam
1681 1182 1752 1222 ’³³
1794 1182 1935 1239 intra
1981 1198 2080 1238 eu-

498 1273 734 1331 biculum
763 1274 908 1344 regis
938 1280 1249 1345 agerentur,
1279 1281 1336 1329 et
1363 1271 1666 1328 actionibus
1691 1272 1798 1328 illis
1822 1273 1929 1329 dux
1957 1287 2080 1329 cum

494 1362 684 1433 paucis
717 1362 832 1419 suis
859 1362 1166 1429 interesset,
1215 1360 1530 1418 nunciatum
1575 1369 1660 1415 est
1703 1361 1753 1417 ei
1799 1362 1944 1432 quod
1974 1365 2081 1419 duo

494 1452 638 1522 regis
669 1453 855 1509 famuli
894 1452 1118 1525 ianuam
1149 1469 1274 1511 cum
1323 1453 1484 1510 nudis
1530 1451 1720 1523 gladiis
1751 1454 2079 1521 obsiderent,

497 1542 591 1613 qni
620 1542 814 1598 ducem
857 1543 1219 1615 egredientem
1252 1560 1320 1601 ex
1362 1555 1593 1618 utroque
1637 1545 1810 1602 latere
1838 1547 2082 1617 perfode-

458 1642 463 1647 '
493 1643 635 1689 rent.
655 1633 839 1705 itaque
860 1649 987 1691 suos
1003 1651 1124 1690 cum
1147 1636 1337 1707 gladiis
1358 1638 1589 1695 occultis
1609 1638 1819 1696 occulte
1844 1638 1970 1695 fecit
1990 1639 2081 1694 ad-

493 1723 699 1789 venire,
750 1732 805 1778 et
835 1722 1042 1795 aliquos
1073 1741 1139 1781 ex
1170 1727 1301 1798 ipsis
1331 1730 1638 1787 cubiculum
1685 1730 1813 1788 fecit
1842 1731 2075 1798 intrare,

412 1804 419 1813 ’
492 1814 753 1885 plurimos
778 1830 909 1873 vero
943 1832 1056 1887 pra:
1086 1819 1294 1876 foribus
1323 1831 1491 1878 stare.
1524 1821 1770 1895 Cumque
1796 1823 1975 1879 omnia
2000 1824 2077 1879 si-

491 1912 585 1958 cut
606 1902 848 1974 iusserat
868 1917 1053 1963 essent
1082 1907 1365 1981 disposita,
1411 1927 1535 1967 cum
1566 1913 1678 1969 suis
1720 1914 1983 1969 accedens
2012 1914 2079 1970 ad

485 1989 706 2065 ianuam
734 2015 747 2051 :
776 1997 951 2063 Tales,
985 1999 1180 2071 inquit,
1204 2002 1483 2071 janitores,
1533 2005 1721 2059 domne
1756 2022 1866 2071 rex,
1897 2007 1952 2061 in
1990 2023 2076 2061 ve-

489 2099 598 2143 stro
626 2090 866 2146 cubiculo
908 2091 1096 2146 nollem
1124 2094 1277 2148 modo
1297 2096 1510 2162 vidisse,
1536 2113 1628 2152 nec
1652 2114 1898 2169 umquam
1941 2110 2079 2169 post-

488 2185 587 2233 hac
616 2179 841 2250 amplius
889 2182 1005 2236 volo
1044 2183 1238 2237 videre.
1290 2184 1415 2241 Hzec
1456 2185 1669 2243 locutus
1693 2197 1749 2243 et
1785 2187 1923 2243 abiit
1954 2203 2076 2245 cum

488 2285 686 2343 magno
718 2270 921 2338 furore,
950 2281 1006 2329 et
1036 2274 1191 2341 dixit,
1216 2276 1361 2346 quod
1384 2287 1441 2332 et
1467 2277 1728 2348 implevit,
1754 2280 1894 2349 quod
1917 2296 2076 2336 num-

488 2372 652 2428 quam
686 2360 758 2395 ’³⁸
787 2361 952 2417 vellet
979 2363 1206 2420 ulterius
1228 2365 1293 2419 ad
1328 2368 1470 2438 regis
1497 2369 1702 2425 curiam
1738 2369 1941 2426 venire.

557 2449 646 2505 65.
684 2450 883 2507 Eodem
913 2451 993 2507 vel
1026 2453 1098 2485 ’³⁸
1143 2453 1303 2510 simili
1348 2456 1468 2513 dolo
1516 2458 1682 2514 etiam
1725 2457 2073 2517 Bertboldum

484 2537 677 2595 ducem
701 2540 774 2572 ’³⁸
805 2540 1079 2612 quaerebat
1108 2542 1356 2613 perdere,
1389 2546 1516 2616 quia
1558 2547 1613 2602 hi
1643 2549 1748 2603 duo
1789 2551 1961 2620 magis
1998 2550 2075 2606 vi-

484 2627 751 2685 debantur
782 2628 899 2699 ejus
924 2632 1144 2688 malitia:
1173 2634 1458 2691 obsistere.
1487 2637 1554 2692 Et
1573 2653 1742 2709 quare
1770 2639 1836 2696 de
1864 2641 2074 2697 duobus

489 2721 697 2776 tantum
732 2721 849 2793 ejus
896 2725 1157 2780 saevitiam
1206 2741 1594 2795 commemoro,
1624 2733 1714 2797 qui
1759 2733 1962 2789 nullum
2009 2735 2074 2790 dc

483 2811 818 2882 principibus
844 2830 1065 2886 possum
1104 2833 1351 2875 asserere
1393 2834 1642 2877 securum
1672 2822 1761 2878 tali
1796 2824 2074 2893 periculo?

488 2900 737 2969 Quadam
767 2919 1009 2974 namque
1039 2906 1128 2964 die
1157 2906 1285 2962 dum
1312 2908 1429 2980 ipse
1452 2924 1575 2964 cum
1600 2911 1715 2967 suis
1738 2913 1943 2970 scurris
1962 2931 2075 2971 mo-

490 2999 708 3045 raretur
738 2992 793 3047 in
822 2995 1091 3062 cubiculo,
1128 3006 1182 3051 et
1213 2997 1450 3068 episcopi
1500 3000 1776 3070 celerique
1818 3004 2075 3073 primates

491 3083 829 3139 excubarent
862 3086 917 3140 in
947 3087 1235 3157 vestibulo,
1263 3089 1435 3145 fertur
1466 3090 1569 3146 illis
1599 3091 1798 3149 dixisse
1826 3096 1918 3165 qui
1946 3112 2076 3151 cun-

488 3173 596 3257 iscii
625 3181 682 3229 et
705 3174 947 3233 fautores
970 3187 1126 3234 erant
1155 3195 1266 3236 suae
1294 3181 1545 3251 nequitiae
1573 3200 1589 3240 :
1617 3201 1635 3235 ι
1664 3183 1800 3240 Ecce
1822 3186 1907 3242 isti
1928 3198 2073 3254 sunt,

490 3265 583 3337 qui
614 3268 766 3339 regni
807 3271 911 3326 mei
959 3269 1178 3328 divitias
1226 3273 1446 3341 habent,
1475 3284 1529 3329 et
1560 3291 1646 3331 me
1681 3292 1932 3349 meosque
1960 3296 2077 3336 om-

491 3370 588 3410 nes
615 3355 670 3411 in
696 3368 1018 3429 paupertate
1054 3361 1408 3434 reliquerunt.
1440 3363 1593 3433 Quod
1624 3366 1667 3423 si
1695 3365 1766 3423 illi
1801 3369 1867 3424 de
1900 3367 2075 3426 medio

486 3443 718 3502 fuissent
763 3448 963 3516 ablati,
1011 3465 1114 3527 ego
1157 3454 1449 3526 cunctique
1483 3458 1587 3513 mei
1629 3458 1923 3519 familiares
1969 3464 2075 3519 cito

484 3530 770 3605 possemus
799 3536 994 3597 divites
1024 3541 1157 3598 fieri.
1193 3530 1552 3617 Quapropter,
1605 3549 1648 3604 si
1697 3549 1798 3606 viri
1846 3552 1979 3609 estis
2020 3562 2075 3610 et

487 3625 704 3684 divitias
734 3630 935 3687 habere
963 3634 1159 3705 cupitis
1183 3676 1200 3703 ,
1234 3636 1367 3694 istos
1414 3655 1557 3694 nunc
1599 3642 1835 3699 inermes
1876 3646 2072 3701 armati

488 3718 704 3810 fortiter
730 3721 969 3783 invadite
996 3766 1013 3796 ,
1050 3736 1105 3783 et
1140 3731 1322 3787 omnia
1351 3746 1471 3802 qua:
1517 3731 1590 3788 illi
1620 3736 1896 3803 possident
1930 3738 2069 3793 acci-

486 3812 621 3899 pite.
655 3833 674 3867 ι
706 3813 950 3873 llabebat
975 3829 1155 3877 autem
1187 3820 1241 3877 in
1292 3823 1457 3880 cubili
1491 3840 1590 3879 suo
1632 3842 1848 3899 semper
1876 3829 2076 3886 multas

486 3893 710 3962 sccures
740 3906 853 3964 lato
890 3907 1034 3965 ferro
1081 3900 1447 3982 splendentes,
1496 3916 1693 3987 quibus
1724 3893 1825 3975 nec
1872 3919 2074 3992 clipeus

486 4014 591 4057 nec
616 4000 770 4071 galea
796 4003 1051 4061 resistere
1082 4015 1293 4075 poterat
1318 4007 1519 4064 virtute
1543 4009 1743 4081 aliqua.
1779 4010 1934 4081 Quod
1968 4014 2074 4070 nisi

483 4089 644 4146 Anno
655 4093 992 4151 Coloniensis
1006 4096 1201 4166 prtesul
1214 4081 1280 4152 ab
1293 4113 1400 4153 uno
1414 4099 1640 4169 quicum
1656 4102 1852 4158 ceteris
1865 4101 2075 4162 facinus

485 4191 605 4236 erat
641 4192 865 4240 acturus
907 4185 1065 4253 paulo
1090 4195 1215 4241 ante
1242 4176 1436 4242 fuisset
1480 4189 1839 4257 submonitus,
1888 4207 1950 4247 ea
1987 4193 2074 4248 die

488 4265 677 4328 fuisset
701 4281 1067 4342 perpetratum
1108 4275 1418 4332 miserabile
1445 4277 1679 4335 facinus.

2187 532 2543 601 apostolicum
2566 532 2709 589 fama
2739 541 3121 605 praecesserat,
3151 533 3313 604 eique
3339 533 3542 589 seriem
3592 549 3759 591 rerum

2186 632 2460 694 gestarum
2508 632 2675 680 totam
2739 621 3010 680 veraciter
3055 624 3409 681 indicaverat.
3456 624 3604 681 Misit
3644 640 3762 698 ergo

2188 713 2298 784 regi
2330 713 2572 781 litteras,
2616 715 2813 784 quibus
2854 730 2978 771 eum
3022 715 3092 772 de
3147 716 3343 787 multis,
3378 716 3506 773 aliis
3530 716 3761 771 crimini-

2183 804 2286 862 bus
2311 806 2599 878 arguebat,
2625 817 2678 865 et
2705 816 2764 865 ut
2788 809 3071 881 episcopos
3094 825 3123 865 a
3149 811 3468 881 captivitate
3492 809 3761 874 dimissos,

2183 895 2431 952 ecclesiis
2453 897 2721 969 bonisque
2744 900 2859 956 suis
2886 900 3094 971 integre
3122 900 3412 965 restitutis,
3438 900 3758 965 remitteret,

2183 986 2406 1054 orabat,
2457 998 2511 1042 et
2558 997 2681 1058 post
2727 989 2927 1046 haecm
2961 990 3251 1047 concilium
3299 991 3356 1046 in
3387 1005 3459 1045 eo
3495 989 3621 1046 loco
3666 1005 3762 1060 quo

2183 1079 2369 1134 venire
2397 1088 2580 1148 posset
2609 1080 2940 1150 apostolicus
2974 1089 3362 1152 congregaret,
3392 1081 3486 1137 ubi
3533 1083 3761 1153 episcopi

2183 1167 2297 1234 vel,
2327 1169 2372 1224 si
2400 1170 2547 1242 digni
2577 1179 2792 1237 essent,
2824 1171 3181 1244 episcopalem
3225 1173 3521 1243 perderent
3543 1174 3761 1242 dignita-

2185 1270 2321 1326 tem,
2363 1260 2444 1316 vel
2479 1260 2731 1332 iniuriam
2759 1276 2895 1331 quas
2928 1273 3085 1317 erant
3110 1263 3254 1332 passi
3280 1263 3604 1319 canonicam
3634 1265 3762 1319 rcci-

2183 1359 2377 1422 perent
2403 1350 2856 1408 satisfactionem.
2884 1350 3112 1420 Quod‘si
3142 1353 3196 1408 in
3227 1353 3314 1408 bis
3343 1354 3523 1410 sacris
3548 1353 3763 1409 canoni-

2180 1442 2283 1497 bus
2309 1440 2574 1497 noluisset
2601 1457 2695 1498 rex
2727 1440 2990 1520 obediens
3018 1441 3334 1499 existere“
3373 1454 3432 1499 et
3461 1459 3760 1500 excommu-

2188 1532 2399 1589 nicatos
2421 1549 2451 1588 a
2473 1533 2736 1589 societate
2761 1549 2857 1590 sua
2887 1534 3177 1605 repellere,
3199 1549 3259 1592 se
3285 1550 3410 1593 eum
3443 1536 3593 1592 velut
3617 1545 3763 1608 putre

2186 1623 2489 1679 membrum
2534 1624 2896 1680 anathematis
2941 1624 3119 1695 gladio
3162 1624 3231 1682 ab
3292 1627 3506 1682 unitate
3571 1638 3762 1683 sancta:

2186 1712 2377 1769 matris
2387 1712 2642 1769 Ecclesia:
2659 1713 2970 1770 minabatur
2990 1714 3333 1771 abscindere.
3358 1717 3479 1784 Qua
3503 1717 3761 1787 legatione

2181 1814 2450 1875 suscepta,
2474 1812 2529 1860 et
2550 1803 2888 1861 venientibus
2911 1806 3025 1861 suis
3049 1821 3188 1877 quos
3211 1808 3438 1865 miserat
3466 1810 3760 1880 apostolico

2180 1896 2535 1965 conﬁrmata,
2590 1898 2760 1955 tristis
2805 1898 2962 1955 valde
3010 1897 3144 1965 fuit,
3180 1901 3307 1971 quia
3354 1901 3411 1956 in
3471 1902 3759 1974 apostolica

2180 1990 2442 2063 dignitate
2472 1991 2691 2048 malitia:
2723 2008 2865 2061 sum,
2910 1993 3051 2050 sicut
3096 1994 3461 2065 sperabat“,
3512 1997 3759 2051 auxilium

2180 2100 2286 2140 non
2302 2084 2542 2140 invenit.
3026 2086 3031 2089 ⁷

2249 2176 2337 2231 65.
2382 2176 2495 2231 Rex
2540 2175 2708 2248 igitur
2747 2192 2870 2233 cum
2903 2177 3016 2234 suis
3046 2178 3431 2249 deceptoribus
3477 2194 3586 2234 una
3612 2178 3760 2234 Wor-

2179 2266 2402 2323 tttatiam
2429 2266 2607 2334 venit;
2628 2277 2682 2323 et
2707 2283 2831 2323 cum
2860 2268 3093 2340 singulis
3116 2268 3286 2324 velm
3311 2270 3461 2325 binis
3482 2270 3757 2325 consilitun

2178 2359 2370 2426 inivit,
2424 2359 2662 2429 qualiter
2707 2359 2923 2431 dignam
2979 2363 3156 2417 vicem
3229 2362 3643 2432 rependet-ctm
3690 2362 3756 2417 illi

2177 2450 2549 2517 contumeliis,
2583 2467 2746 2522 quam
2776 2466 2967 2507 onmes
2992 2451 3277 2508 audierant
3304 2452 3619 2508 Romanum
3641 2468 3756 2524 pon-

2179 2542 2378 2597 tificem
2404 2540 2505 2596 sibi
2535 2539 2727 2596 fecisse
2744 2582 2758 2608 ,
2788 2543 2932 2612 quod
2958 2536 3083 2598 eum
3107 2558 3167 2598 se
3191 2543 3430 2598 minatus
3452 2543 3528 2598 sit
3552 2559 3756 2599 excom-

2179 2629 2690 2695 municaturum'“,
2724 2645 2846 2685 cum
2880 2629 2984 2685 tale
3018 2630 3146 2701 quid
3189 2630 3404 2687 cunctis
3433 2633 3755 2702 temporibus

2176 2725 2370 2778 luisset
2398 2723 2718 2777 inauditum.
2762 2721 3002 2792 Cumque
3030 2723 3196 2778 multa
3241 2722 3428 2779 multis
3474 2725 3650 2780 modis
3670 2723 3753 2777 diu

2177 2816 2521 2882 volutarent,
2556 2816 2768 2871 tandem
2802 2816 3125 2886 quibusdam
3180 2831 3369 2874 eorum
3418 2806 3654 2886 placuit,
3701 2829 3755 2872 ut

2175 2906 2552 2978 episcoporum
2575 2906 2803 2962 concilio
2824 2906 2988 2972 facto,
3003 2922 3194 2978 papam
3212 2907 3367 2977 quasi
3391 2906 3753 2963 Simoniacum

2177 2998 2446 3057 communi
2474 3017 2738 3057 consensu
2766 3001 3117 3074 dampnaret,
3147 3018 3321 3074 eoque
3353 3004 3635 3073 deposito,
3667 3018 3753 3058 rex

2177 3094 2230 3148 in
2259 3093 2379 3148 loco
2409 3091 2527 3162 eius
2559 3108 2724 3147 unum
2756 3093 2823 3150 de
2867 3094 2981 3150 suis
3025 3094 3213 3150 amicis
3250 3095 3644 3162 constitueret,
3671 3095 3756 3165 qui

2176 3185 2356 3239 omnia
2384 3200 2503 3254 qua:
2532 3184 2647 3255 regi
2670 3182 2902 3240 fuissent
2926 3184 3158 3255 placita,
3194 3194 3306 3241 tota
3332 3186 3619 3242 voluntate
3638 3201 3754 3256 per-

2178 3275 2382 3330 liceret.
2412 3274 2524 3331 lloc
2549 3275 2713 3345 igitur
2738 3274 2875 3330 inito
2896 3276 3326 3347 conlirmatoquc
3348 3277 3581 3333 consilio
3599 3317 3615 3344 ,
3642 3277 3757 3333 fecit

2176 3380 2364 3422 Omnes
2386 3382 2512 3422 suos
2539 3367 2823 3438 episc0pos
2852 3367 3146 3422 convenire
3168 3407 3182 3433 ,
3225 3376 3281 3423 et
3310 3368 3495 3439 coegit
3519 3384 3615 3425 eos
3644 3367 3752 3421 llil-

2177 3456 2484 3521 dcbrando,
2523 3455 2614 3526 qui
2645 3455 2921 3511 Romanus
2967 3455 3211 3527 pontifex
3258 3466 3552 3512 vocaretur
3578 3465 3753 3513 etnon

2176 3556 2352 3613 esset,
2393 3545 2780 3616 subiectionem
2820 3556 2876 3602 et
2903 3547 3266 3603 obedientiam
3311 3548 3668 3615 interdicere;
3704 3558 3755 3603 et

2177 3639 2281 3694 hoc
2308 3651 2366 3692 ut
2386 3647 2508 3709 post
2528 3639 2708 3710 nullus
2736 3656 2923 3696 eorum
2952 3648 3134 3712 posset
3161 3656 3380 3713 negare,
3413 3641 3548 3699 fecit
3578 3659 3756 3698 unum-

2176 3742 2445 3798 quemque
2467 3743 2653 3784 eorum
2679 3733 2894 3786 nomine
2918 3746 3016 3785 suo
3036 3742 3338 3801 praniotato
3362 3749 3530 3788 manu
3550 3733 3751 3805 propria

2176 3818 2589 3890 abnegationem
2613 3818 2978 3877 liildebrando
3000 3808 3288 3880 chartis”
3312 3824 3546 3895 singulis
3571 3825 3749 3879 inscri-

2173 3913 2304 3968 bere
2330 3911 2434 3967 hoc
2457 3910 2617 3968 modo
2648 3929 2663 3967 :
2700 3931 2719 3965 ι
2755 3913 2869 3986 Ego
2901 3913 2944 3969 Ν
2971 3915 3057 3970 Μ.
3084 3916 3321 3973 civitatis
3346 3915 3414 3971 N.
3444 3916 3751 3987 epiSCOpus.

2176 4000 2540 4059 Hildebrando
2584 4002 2973 4075 subiectionem
3029 4017 3084 4062 et
3130 4008 3500 4063 obedientiam
3549 4024 3616 4063 ex
3660 4006 3757 4061 hac

2176 4092 2311 4147 liora
2338 4101 2394 4146 et
2425 4092 2679 4164 deinceps
2698 4093 2973 4165 interdico
2997 4137 3010 4158 ,
3046 4105 3102 4151 et
3132 4113 3253 4151 eum
3292 4097 3525 4167 posthac
3552 4108 3746 4167 aposto-

2175 4178 2418 4241 licum‘"
2468 4202 2568 4241 nec
2597 4186 2951 4261 babebolncc
2999 4191 3224 4246 vocabo.
3283 4211 3301 4243 ι
3349 4191 3506 4259 Quod
3548 4191 3752 4262 quidem

2175 4277 2329 4346 pauci
2369 4275 2612 4333 fecerunt
2635 4291 2701 4332 ex
2731 4268 2940 4346 animo,
2970 4281 3060 4350 qui
3094 4291 3146 4336 et
3174 4291 3431 4337 auctores
3479 4282 3581 4351 ipsi
3616 4281 3755 4335 fuere

560 4359 648 4415 64.
690 4360 893 4417 Verum
925 4373 982 4418 ut
1011 4364 1076 4419 ad
1122 4366 1302 4435 priora
1349 4368 1620 4440 paulisper
1671 4382 1939 4445 revertar,
1976 4376 2067 4431 ubi
2103 4371 2146 4429 D
2173 4369 2438 4435 consilio;
2478 4371 2662 4441 plures
2686 4385 2814 4427 vero
2840 4371 3049 4428 litteras
3075 4373 3290 4443 quidem
3327 4372 3753 4430 abrcnunciatio-

488 4450 748 4522 primates
770 4455 944 4510 nostri
967 4455 1297 4513 deditionem
1324 4455 1569 4531 fecerunt
1586 4502 1600 4527 ,
1632 4477 1823 4519 omnes
1849 4468 2073 4522 semitas

488 4559 608 4614 quae
641 4560 740 4617 per
766 4558 977 4604 montes
1010 4548 1216 4606 ducunt
1246 4550 1299 4607 in
1325 4550 1538 4608 Italiam
1557 4592 1573 4618 ,
1608 4569 1703 4610 rex
1726 4554 1905 4611 claudi
1932 4573 2072 4628 pra:-

488 4636 658 4706 eepit,
686 4652 787 4695 nec
817 4638 907 4695 ulli
948 4639 1152 4697 homini
1184 4642 1327 4698 viam
1369 4652 1556 4714 patere
1585 4646 1861 4719 permisit,
1893 4666 1962 4708 ne
1993 4651 2072 4708 rei

489 4727 690 4784 veritas
723 4731 792 4786 ad
810 4732 1168 4803 apostolicum
1204 4734 1356 4806 prius
1375 4735 1615 4805 veniret,
1646 4752 1807 4808 quam
1838 4739 1954 4811 ipse
1973 4756 2072 4812 per

489 4815 694 4895 legatos
725 4820 777 4874 in
804 4836 959 4876 suum
996 4822 1236 4879 favorem
1281 4823 1457 4895 ipsum
1501 4826 1858 4896 apostolicum
1889 4831 2073 4886 tradu-

480 4918 658 4964 ceret.
687 4909 891 4968 Deinde
917 4913 1066 4969 misit
1093 4913 1336 4969 Romano
1365 4916 1607 4986 pontiﬁci
1634 4916 1869 4988 legatos,
1898 4921 1991 4991 qui
2019 4922 2072 4976 ei

488 4999 830 5069 intimarent,
850 5007 994 5076 quod
1019 5007 1259 5080 episcOpi
1289 5010 1541 5067 Saxonia:
1562 5012 1646 5066 sui
1665 5012 1875 5069 ordinis
1896 5014 2069 5082 obliti,

487 5100 680 5147 contra
726 5108 787 5150 se
820 5095 875 5149 in
915 5096 1108 5165 prtelio
1138 5099 1413 5169 congressi
1431 5099 1497 5132 ³³⁷
1540 5098 1809 5168 fuissent,
1841 5117 2075 5174 eumque

489 5191 775 5251 rogarent,
827 5193 890 5239 ut
939 5199 1066 5250 eos,
1101 5176 1242 5241 sicut
1274 5187 1519 5245 infideles
1546 5191 1797 5260 periuros
1843 5202 1897 5248 et
1945 5192 2071 5249 belli

487 5269 665 5330 civilis
704 5284 991 5346 auctores,
1022 5269 1191 5347 gradu
1219 5278 1547 5336 sacerdotali
1588 5280 1916 5351 deponeret,
1941 5299 2074 5354 qua-

2181 4463 2265 4517 nis
2310 4461 2503 4516 mortis
2552 4461 2750 4518 timore
2797 4464 3139 4536 scripserunt
3210 4467 3304 4522 sed
3356 4467 3559 4522 invites
3596 4463 3753 4522 sefe-

2180 4553 2321 4609 cisse
2349 4567 2446 4624 per
2473 4553 2577 4608 hoc
2602 4556 2988 4623 ostenderunt,
3018 4559 3146 4627 quia
3178 4574 3301 4614 cum
3337 4560 3574 4630 primum
3605 4559 3753 4611 datur

2181 4650 2263 4706 eis
2303 4645 2677 4716 oportunitas,
2726 4648 3022 4718 apostolico
3072 4651 3346 4723 supplices
3404 4648 3752 4706 confessionis

2176 4746 2388 4801 litteras
2418 4746 2688 4818 dirigunt,
2719 4754 2775 4802 et
2801 4760 2860 4801 se
2891 4760 3012 4801 reos
3050 4746 3097 4800 ei
3147 4754 3485 4817 agnoscunt,
3522 4743 3613 4799 sed
3655 4757 3751 4795 ex-

2178 4839 2557 4910 purgationem
2587 4838 2929 4896 necessitatis
2970 4837 3290 4894 obtendunt.
3331 4836 3533 4892 Deinde
3560 4850 3652 4905 per
3673 4842 3752 4887 tu-

2180 4938 2286 4982 tam
2317 4927 2525 4984 Italiam
2560 4928 2711 4984 misit
2737 4927 3026 4998 epistolas,
3059 4927 3270 4999 magnis
3299 4927 3460 4983 donis
3487 4935 3542 4982 et
3586 4923 3753 4991 maio-

2179 5017 2331 5073 ribus
2379 5019 2664 5086 promissis
2712 5018 2854 5073 illius
2900 5029 3057 5073 terra:
3091 5018 3367 5088 principes
3417 5017 3471 5071 in
3518 5016 3749 5070 favorem

2180 5123 2293 5164 sua:
2340 5100 2513 5179 partis
2560 5110 2849 5166 inclinans.
2894 5110 3081 5180 Itaque
3115 5110 3473 5166 nostrates”
3520 5106 3750 5178 episcopi

2175 5198 2519 5255 solummodo
2556 5199 2758 5269 scripto
2780 5240 2795 5266 ,
2845 5199 2922 5255 illi
2960 5200 3345 5265 renuntiabant
3387 5200 3550 5255 etiam
3566 5195 3633 5227 ⁸⁸⁸
3656 5196 3749 5264 ju-

2177 5296 2447 5344 ramento.
2486 5286 2761 5345 Romanos
2805 5288 2971 5347 etiam
3003 5303 3170 5361 quam
3221 5289 3482 5359 plurimos
3524 5284 3750 5357 pecunia
