3940 5382
196 158 312 217 539

1456 169 1542 225 DE
1579 171 1797 227 [δειιο
1837 171 2195 234 SAXONICO.

3374 188 3492 243 530‘

195 278 489 344 corrupit.
526 284 582 331 et
628 286 686 332 ut
736 277 1154 334 lliblebrandum
1187 280 1256 335 ab
1285 284 1592 353 apostolica:
1642 285 2173 355 sedisAtriciatus,
2245 290 2353 347 Deo
2415 292 2685 351 tribuente
2745 304 2802 350 et
2859 295 3040 367 iurato
3105 296 3481 358 Romanorum

201 367 422 422 honore
446 365 764 437 dejicerent,
794 369 990 423 talibus
1020 370 1214 427 litteris
1238 373 1433 430 oravit.
1458 372 1560 444 lpsi
1585 390 1798 447 quoque

207 458 520 528 apostolico
569 458 759 530 plenas
801 462 1148 517 contumeliis
1198 463 1408 521 litteras
1456 466 1687 532 direxit,
1743 470 1794 523 in

199 550 411 619 quibus
432 590 448 613 ,
483 557 542 604 ut
569 550 929 621 apostolicum
962 566 1157 607 nomen
1192 563 1246 608 et
1274 555 1458 610 sedem
1494 557 1605 612 cito
1631 558 1796 613 relin-

198 651 435 709 queret,
473 643 767 710 minaciter.
808 642 1084 719 praecepit.
1120 643 1231 703 lloc
1262 659 1443 702 autem
1490 649 1795 721 exemplum

244 741 287 784 st
323 730 477 786 litera
488 747 606 787 rum
636 751 650 786 :

276 822 373 876 66.
422 841 441 875 ι
483 823 773 881 lleinricus
822 825 935 898 (56)
989 829 1079 883 Dei
1129 832 1304 900 gratia
1352 847 1479 897 rex,
1530 833 1796 889 universa:

198 924 416 968 sancta:
446 913 704 970 Romanae
742 916 985 973 ecclcsia:
1032 920 1179 977 clero
1221 934 1276 979 et
1306 924 1534 994 populo,
1565 925 1795 994 gratiam

198 1006 443 1060 salutem
472 1015 527 1061 et
555 1021 717 1063 omne
745 1004 966 1064 bonum.
986 1008 1137 1069 Vilice
1181 1015 1319 1074 lbles
1345 1015 1497 1069 lirtna
1528 1025 1583 1070 ct
1610 1015 1796 1071 incon~

199 1096 454 1149 russam
481 1097 742 1162 creditur,
770 1114 889 1169 qua:
919 1116 1134 1171 semper
1158 1114 1213 1159 et
1237 1109 1426 1160 eadem
1455 1114 1511 1161 et
1538 1109 1790 1178 pra-senti

199 1196 465 1241 servatur
491 1198 545 1242 et
574 1188 818 1255 absenti,
862 1207 964 1247 nec
1008 1194 1261 1251 diuturna
1291 1198 1408 1268 ejus
1454 1199 1540 1254 cui
1571 1200 1798 1256 debetur

201 1280 482 1345 absentia,
506 1295 604 1336 nec
628 1280 765 1354 longi
799 1287 1056 1356 temporis
1079 1289 1235 1345 taedio
1262 1290 1597 1348 itnmutalur.
1623 1292 1795 1361 Quam

201 1373 377 1429 talem
412 1391 507 1429 vos
539 1375 694 1431 nobis
734 1392 953 1435 servare
994 1382 1195 1438 scimus
1226 1391 1281 1459 et
1310 1385 1518 1456 gratias
1552 1386 1794 1456 agimus.

200 1476 259 1522 et
288 1477 353 1522 ut
379 1468 571 1524 eadem
601 1480 909 1539 perseveret
959 1474 1225 1542 petimus,
1263 1475 1514 1534 videlicet
1540 1487 1627 1546 ut,
1656 1480 1799 1537 sicut

203 1558 429 1623 facitis,
462 1559 656 1615 amicis
704 1562 907 1618 nostris
939 1565 1136 1631 amici,
1184 1566 1418 1624 inimicis
1460 1570 1660 1626 nostris
1687 1570 1791 1627 ini-

208 1646 340 1701 mici
366 1647 576 1718 jttgiter
599 1648 863 1706 existatis.
906 1652 1049 1708 inter
1078 1668 1218 1726 quos
1242 1656 1452 1713 scilicet
1479 1657 1798 1715 llildebran—

204 1739 339 1793 dum
386 1740 713 1797 monachum
742 1751 1023 1813 notantes,
1053 1763 1150 1803 vos
1201 1750 1254 1803 in
1301 1749 1418 1819 ejus
1462 1752 1798 1810 inimicitiam

203 1828 547 1898 excitamus,
582 1833 708 1903 quia
740 1834 883 1890 lmnc
921 1845 977 1893 et
1016 1839 1263 1896 ecclesia:
1294 1841 1602 1900 invasorem
1629 1856 1683 1901 et
1705 1862 1802 1918 ορ·

204 1937 523 1992 pressorem
542 1966 557 1990 ,
587 1935 642 1981 et
669 1925 925 1985 Romanae
950 1931 1027 1986 rei
1071 1930 1300 2002 publica:
1342 1935 1424 1990 vel
1455 1938 1605 2008 regni
1630 1942 1800 1996 nostri

205 2016 595 2073 insidiatorem
645 2021 1206 2092 deprehendimus’",
1246 2035 1305 2080 ut
1352 2027 1404 2082 in
1448 2030 1800 2103 subsequenti

204 2111 444 2180 epistola
475 2113 575 2169 sibi
606 2129 637 2168 a
668 2115 824 2171 nobis
868 2116 1072 2173 directa
1121 2132 1444 2189 pernoscere
1495 2123 1547 2178 in
1588 2134 1799 2196 promtu

206 2211 289 2257 est
308 2203 383 2235 ass
410 2221 424 2257 ε
1798 2223 1829 2281 Ι

286 2312 307 2344 ι
351 2292 647 2351 lleinricus
708 2296 803 2353 Dei
850 2299 1024 2370 gratia
1090 2316 1180 2355 rex
1240 2300 1623 2361 ilildebrando.
1667 2306 1802 2362 ('utn

209 2386 485 2443 hactenus
499 2402 565 2444 ex
593 2397 645 2443 te
662 2404 724 2445 ea
747 2405 866 2459 quae
890 2392 1060 2460 patris
1075 2404 1202 2448 sunt
1219 2402 1442 2464 expecta
1452 2411 1586 2460 rem,
1602 2396 1805 2467 tibique

211 2477 269 2532 iu
300 2479 559 2535 omnibus
587 2495 784 2548 magna
823 2481 1057 2537 lidelium
1091 2492 1400 2540 nostrormn
1436 2487 1805 2559 indignatione

218 2567 537 2633 obcdirem,
590 2571 809 2640 percepi
857 2587 885 2626 a
934 2573 1068 2628 te’”
1099 2574 1561 2643 vicissitudinem,
1591 2579 1803 2650 qualem

212 2663 511 2731 oportebat
539 2663 609 2718 ab
633 2677 729 2732 eo,
763 2664 855 2734 qui
888 2665 1014 2720 vita:
1061 2666 1319 2737 regnique
1350 2668 1518 2723 nostri
1549 2670 1807 2740 pernitio-

213 2753 472 2807 sissimus
496 2754 674 2810 hostis
717 2762 881 2829 esset.
916 2755 1049 2811 Nam
1098 2772 1221 2812 cum
1272 2757 1325 2813 in
1373 2758 1565 2827 primis
1593 2775 1807 2816 omnem

215 2843 611 2901 hereditariam
660 2832 1009 2916 dignitatem,
1060 2861 1182 2918 qua:
1224 2847 1387 2904 michi
1442 2849 1508 2903 ab
1555 2848 1644 2904 illa
1682 2852 1809 2906 sede

1902 392 2167 448 assensu,
2194 380 2441 446 debetur,
2474 393 2534 439 ut
2560 386 2890 454 descendas,
2918 388 3097 446 edico.
3129 408 3148 442 ι

1974 486 1993 520 ι
2025 468 2150 527 llaec
2191 472 2362 528 series
2403 483 2603 530 nostra:
2641 477 2885 546 epistola:
2937 477 3003 533 ad
3054 477 3479 537 llildebrandum

1900 559 2247 614 monachum.
2296 559 2471 628 Quam
2528 563 2733 621 idcirco
2761 575 2817 621 et
2852 566 3006 623 vobis
3035 568 3389 639 scripsimus,
3421 581 3482 626 ut

1898 660 1952 730 et
1987 651 2140 706 vobis
2171 661 2357 719 nostra
2409 654 2693 723 voluntas,
2728 665 2785 713 et
2832 658 3020 723 nobis,
3059 660 3226 715 immo
3275 661 3386 717 Deo
3428 670 3482 717 et

1901 739 2084 806 nobis,
2114 752 2292 797 vestra
2320 742 2616 801 satisfaciat
2661 747 2886 803 caritas.
2916 748 3291 821 Exsurgite’“
3320 751 3485 819 igitur

1901 831 1952 884 in
1979 845 2134 895 eum,
2169 830 2496 895 ﬁdelissimi,
2526 845 2583 890 et
2627 836 2695 891 sit
2730 838 2938 908 primus
2968 839 3023 893 in
3057 839 3162 895 lide
3190 841 3399 910 primus
3429 842 3482 897 in

1897 922 2014 993 ejus
2058 924 2466 996 dampnatione.
2499 925 2618 981 Non
2666 938 2846 984 autem
2897 942 2960 986 ut
3002 931 3324 1002 sanguinem
3366 930 3484 1002 ejus

1818 1076 1821 1079 _
1900 1012 2138 1068 fundatis
2169 1014 2433 1081 dicimus,
2481 1015 2682 1087 quippe
2709 1033 2834 1074 cum
2878 1016 3051 1088 major
3093 1021 3194 1076 sibi
3243 1020 3315 1076 sit
3362 1031 3487 1091 post

1897 1105 2288 1176 depositioncm
2318 1108 2613 1178 ptcuagvita
2644 1122 2809 1179 quam
2836 1125 3018 1177 mors,
3051 1110 3145 1166 sed
3169 1119 3229 1166 ut
3251 1126 3376 1167 eum
3400 1152 3414 1179 ,
3437 1112 3484 1167 si

1900 1197 2033 1252 nolit
2054 1197 2649 1270 descendere,cogatis,
2670 1206 2726 1254 et
2747 1198 2913 1254 alium
2937 1200 3212 1255 communi
3242 1201 3485 1256 omnium

1898 1290 2276 1361 episcoporum
2312 1302 2369 1347 et
2415 1301 2599 1347 vestro
2639 1292 2867 1347 consilio
2897 1307 2927 1345 ιι
2974 1293 3131 1348 nobis
3157 1292 3391 1349 electum
3431 1294 3485 1349 in

1899 1379 2252 1447 apostolicam
2283 1380 2466 1436 sedem
2496 1380 2807 1451 recipiatis,
2853 1382 2945 1451 qui
2993 1381 3141 1451 quod
3179 1382 3283 1439 iste
3319 1383 3373 1439 in
3402 1397 3491 1439 ec-

1899 1469 2061 1525 cicsia
2093 1469 2424 1535 vulneravit,
2452 1485 2646 1526 curare
2674 1479 2727 1525 et
2758 1469 2884 1526 velit
2906 1479 2962 1525 et
2988 1470 3179 1538 possit.
3212 1489 3233 1523 ι

1977 1578 1994 1610 ι
2026 1560 2114 1614 b7.
2156 1559 2443 1615 licinricus
2483 1559 2625 1630 (57).,
2655 1575 2763 1614 non
2794 1560 3113 1628 usurpative
3156 1557 3253 1615 sed
3279 1559 3366 1630 pia
3391 1556 3490 1616 Dei

1902 1652 2246 1708 ordinatione
2272 1667 2400 1720 rex,
2451 1651 2853 1717 Hildebrandu,
2895 1649 3008 1720 jam
3043 1665 3148 1705 non
3194 1650 3491 1720 apostolico

1901 1743 1994 1799 sed
2020 1742 2154 1800 falso
2177 1744 2460 1819 monacho.
2488 1741 2639 1799 lianc
2663 1743 2824 1798 talem
2847 1757 2948 1815 pro
2969 1740 3287 1798 confusione
3298 1742 3369 1773 ³⁸⁷
3396 1750 3487 1797 tua

1902 1839 2283 1894 salutationem
2331 1839 2713 1909 promeruisti,
2760 1839 2852 1911 qui
2897 1837 3102 1924 nullqm
3155 1838 3209 1893 in
3260 1836 3491 1893 ecclesia

1901 1930 2146 1987 ordinem
2177 1932 2467 2007 praeteristi
2486 1971 2501 1997 τ
2529 1946 2690 2001 quem
2721 1930 3058 1987 confusionis
3087 1945 3192 1985 non
3229 1928 3489 1994 honoris,

1905 2020 2302 2078 tnaledictionis
2368 2038 2474 2077 non
2525 2021 2952 2085 benedictionis,
3016 2021 3336 2093 participem
3372 2036 3493 2076 non

1906 2112 2123 2170 feceris.
2156 2111 2223 2168 lit
2252 2114 2398 2169 enim
2430 2113 2497 2171 de
2524 2114 2710 2169 multis
2738 2128 2927 2185 pauca-
2955 2121 3010 2167 et
3052 2113 3271 2185 egregia
3298 2111 3490 2182 loqua-

1906 2222 2048 2271 mur,
2083 2216 2323 2262 rectores
2356 2215 2559 2263 sancta:
2608 2206 2887 2273 ecclesite,
2926 2205 3180 2261 videlicet
3226 2203 3496 2275 archiepi-

1905 2312 2133 2369 scopos,
2181 2299 2499 2369 episcopos,
2571 2298 2951 2370 presbyteros,
3000 2312 3105 2353 non
3160 2294 3321 2351 modo
3382 2308 3495 2349 non

1909 2401 2127 2461 tangere
2156 2391 2295 2448 sicut
2320 2392 2555 2448 cbrislos
2604 2393 2817 2448 Domini
2867 2392 3130 2456 tinmisti,
3170 2390 3301 2462 quin
3349 2390 3498 2445 sicut

1906 2500 2094 2542 servos
2113 2524 2128 2550 ,
2158 2486 2465 2541 nescientes
2497 2485 2627 2556 quid
2657 2486 2826 2541 faciat
2861 2486 3114 2541 dominus
3139 2499 3327 2542 eorum
3348 2523 3366 2551 ,
3389 2482 3494 2538 sub

1906 2575 2133 2645 pedibus
2162 2576 2266 2630 tuis
2288 2576 2541 2641 calcasti;
2590 2577 2643 2631 in
2689 2591 2921 2647 quorum
2950 2575 3365 2632 conculcatioue
3389 2573 3489 2629 tibi

1910 2666 2148 2722 favorem
2171 2665 2243 2722 ab
2264 2682 2361 2722 ore
2386 2666 2526 2735 vulgi
2550 2665 2914 2738 comparasti;
2940 2680 3079 2735 quos
3110 2679 3299 2719 omnes
3323 2662 3492 2718 nichil

1909 2760 2077 2824 scire,
2119 2769 2170 2815 te
2199 2769 2380 2813 autem
2429 2758 2607 2813 solum
2652 2758 2837 2812 omnia
2883 2771 3043 2812 nosse
3065 2753 3345 2824 judicasti.
3375 2753 3493 2822 Qua

1911 2852 2098 2921 utique
2127 2849 2352 2906 scientia
2398 2842 2502 2903 non
2533 2848 2600 2903 ad
2641 2846 3090 2911 aadilicationem,
3138 2844 3232 2901 sed
3281 2844 3351 2899 ad
3400 2843 3494 2900 de-

216 2933 527 2990 detis-batur
573 2936 808 3007 superbo
864 2952 999 2993 ausu
1056 2940 1358 3010 rapuisses,
1419 2939 1633 3013 longius
1685 2941 1809 3006 inde
1836 2970 1882 3034 ε
1914 2940 2274 3000 structionem
2303 2937 2379 2993 uti
2404 2936 2659 2994 studuisti
2682 2977 2698 3002 ,
2726 2945 2786 2992 ut
2805 2936 2929 3007 jure
2944 2936 3015 2969 ’⁸⁸
3041 2937 3258 2992 beatum
3278 2932 3495 3034 _Gregu-

215 3026 598 3097 pogrediens,
626 3043 851 3100 regnum
873 3028 1039 3085 italiae
1060 3031 1309 3102 pessimis
1334 3033 1545 3089 artibus
1568 3033 1810 3090 alienare

219 3118 524 3187 temptasti.
573 3118 687 3176 Nec
734 3119 836 3176 hoc
879 3130 1203 3187 contentus,
1242 3122 1293 3178 in
1346 3125 1813 3181 reverentissimos

217 3207 537 3282 episcopos,
567 3210 659 3280 qui
696 3211 852 3268 nobis
886 3213 1032 3268 \elut
1069 3214 1378 3270 dulcissima
1404 3214 1648 3271 membra
1673 3215 1810 3271 uniti

219 3310 385 3364 sunt,
413 3315 637 3355 manum
688 3300 903 3357 mittere
948 3317 1054 3358 non
1106 3303 1366 3371 timuisti,
1392 3318 1597 3375 eosque
1625 3319 1815 3375 super-

220 3392 462 3449 bissimis
496 3394 715 3463 injuriis
743 3393 1218 3466 acerbissimisque
1244 3396 1595 3454 contumeliis
1618 3406 1813 3453 contra

220 3484 407 3541 divina
437 3494 492 3540 et
523 3487 761 3547 humana
784 3487 945 3559 jura,
992 3496 1051 3543 ut
1077 3488 1178 3561 ipsi
1209 3489 1394 3555 aiunt,
1420 3488 1814 3561 exagitasti’“.

220 3577 357 3646 Quze
376 3574 562 3635 omnia
582 3595 709 3636 cum
731 3594 832 3648 ego
857 3581 1092 3651 quadam
1107 3582 1370 3653 patientia
1391 3581 1813 3647 dissimularem,
1849 3598 1853 3602 '

224 3678 280 3723 tu
310 3671 417 3725 hoc
444 3684 550 3725 non
577 3670 909 3741 patientiam
938 3671 1031 3728 sed
1055 3673 1325 3744 ignaviam
1355 3673 1737 3740 :estimans'”,
1762 3674 1813 3728 in

223 3760 406 3833 ipsum
431 3772 598 3833 caput
625 3762 912 3834 insurgere
933 3778 1099 3821 ausus
1124 3780 1204 3830 es,
1228 3763 1492 3820 mandans
1509 3780 1629 3836 quae
1649 3765 1813 3832 nosti,

224 3853 474 3920 scilicet,
508 3862 569 3908 ut
598 3854 707 3910 tuis
737 3854 920 3912 verbis
957 3862 1099 3920 utar,
1131 3856 1275 3927 quod
1306 3864 1402 3911 aut
1432 3864 1486 3911 tu
1524 3858 1818 3914 morereris

225 3953 319 3999 aut
342 3944 510 4000 michi
542 3944 784 4000 animam
821 3959 1155 4019 regnumque
1194 3946 1431 4019 tolleres.
1476 3945 1625 4004 Hanc
1664 3947 1816 4003 inau-

224 4036 396 4092 ditam
449 4037 856 4093 contumaciam
887 4016 1016 4110 vego
1064 4016 1170 4094 non
1206 4016 1387 4095 verbis
1414 4040 1508 4095 sed
1544 4055 1603 4095 re
1630 4028 1815 4095 confu-

226 4129 448 4184 tandam
477 4128 817 4199 dijudicans,
861 4130 1171 4202 generalem
1216 4141 1541 4188 conventum
1571 4132 1816 4188 omnium

225 4221 380 4294 regni
414 4222 709 4293 primatum
742 4222 875 4293 ipsis
894 4222 1323 4303 supplicantibus
1351 4224 1537 4281 habui.
1565 4224 1667 4282 Ubi
1689 4241 1814 4281 cum

1916 3033 2078 3098 rium,
2103 3029 2255 3099 cujus
2284 3044 2480 3085 nomen
2508 3029 2603 3085 tibi
2630 3027 2958 3093 vendicasti,
2979 3027 3045 3081 de
3069 3037 3120 3081 te
3140 3025 3498 3097 prophetasse

1911 3122 2198 3179 credamus
2219 3120 2298 3177 sic
2318 3119 2587 3176 dicentem
2622 3135 2637 3173 ε
2666 3137 2684 3171 ι
2716 3118 2795 3172 Ex
2822 3117 3090 3173 allluentia
3124 3112 3494 3185 subjectorum

1914 3214 2233 3286 plerumque
2265 3212 2479 3270 animus
2504 3207 2710 3281 praelati
2742 3207 3037 3271 extollitur,
3085 3216 3144 3263 et
3185 3205 3417 3262 aestimat
3443 3219 3504 3259 se

1911 3307 2033 3380 plus
2075 3306 2333 3363 omnibus
2372 3317 2571 3375 nosse,
2614 3316 2738 3359 cum
2786 3314 2848 3356 se
2895 3298 3042 3357 videt
3085 3299 3208 3370 plus
3248 3296 3503 3354 omnibus

1913 3412 2095 3470 posse.
2131 3417 2152 3452 ι
2209 3396 2276 3453 Et
2323 3408 2423 3450 nos
2465 3392 2686 3465 quidem
2732 3391 2849 3447 hzee
2890 3389 3073 3446 omnia
3111 3387 3496 3450 sustinuimus,

1914 3493 2041 3551 dum
2086 3488 2397 3562 apostolica:
2425 3486 2574 3544 sedis
2603 3485 2863 3549 honorem
2910 3498 3133 3539 servare
3173 3481 3501 3539 studuimus.

1915 3584 2023 3641 Sed
2072 3595 2127 3639 tu
2182 3579 2545 3638 humilitatem
2581 3586 2826 3634 nostram
2878 3576 3132 3632 timorem
3185 3572 3306 3629 fore
3348 3569 3505 3628 intel-

1916 3676 2129 3743 lexisti,
2177 3673 2407 3744 ideoque
2450 3678 2507 3727 et
2577 3670 2633 3727 in
2682 3671 2855 3740 ipsam
2904 3666 3112 3737 regiam
3172 3672 3506 3735 potestatem

1916 3769 2074 3825 nobis
2122 3783 2152 3822 ιι
2200 3764 2315 3822 Deo
2359 3776 2685 3820 concessam
2742 3773 3043 3829 exsurgere
3087 3771 3194 3811 non
3244 3754 3502 3822 timuisti,

1912 3877 2077 3934 quam
2107 3868 2162 3916 te
2188 3857 2346 3914 nobis
2366 3854 2584 3911 auferre
2598 3853 2670 3887 ²⁸’
2692 3866 2858 3908 ausus
2884 3865 2945 3907 es
2972 3847 3195 3912 minari,
3222 3846 3378 3918 quasi
3404 3860 3506 3902 nos

1915 3972 1944 4011 a
1975 3963 2027 4010 te
2052 3967 2276 4023 regnum
2306 3945 2711 4018 acceperimus,
2741 3942 2898 4014 quasi
2956 3943 3009 3998 in
3052 3950 3145 3995 tua
3193 3950 3250 3995 et
3295 3953 3403 3994 non
3449 3938 3504 3992 in

1917 4046 2010 4102 Dei
2043 4058 2205 4099 manu
2249 4040 2321 4096 sit
2357 4052 2581 4109 regnum
2614 4036 2698 4091 vel
2744 4034 3063 4105 imperium;
3106 4029 3199 4101 qui
3246 4027 3507 4085 Dominus

1918 4144 2102 4193 noster
2143 4130 2301 4188 Jesus
2347 4128 2601 4185 Christus
2641 4139 2742 4183 nos
2797 4123 2869 4181 ad
2912 4135 3171 4194 regnum,
3218 4128 3275 4176 te
3324 4127 3505 4173 autem

1917 4242 2026 4284 non
2071 4220 2287 4281 vocavit
2318 4222 2389 4276 ad
2430 4217 2826 4275 sacerdotium.
2853 4212 2935 4270 Tu
2963 4213 3109 4269 enim
3136 4209 3223 4267 his
3246 4207 3506 4280 gradibus

228 4330 293 4383 ea
316 4329 441 4385 quae
481 4314 751 4371 hactenus
777 4322 924 4370 metu
974 4323 1030 4371 et
1072 4300 1378 4371 reverentia
1410 4316 1732 4372 tacebantur
1760 4315 1812 4371 in
1842 4318 1894 4378 Ι)
1917 4314 2210 4375 ascendisti
2242 4327 2257 4369 :
2289 4310 2501 4368 scilicet
2545 4309 2744 4365 astutia
2764 4347 2783 4373 ,
2827 4304 2972 4377 quod
3018 4300 3337 4358 monachica
3374 4311 3505 4369 pro-

228 4407 467 4464 medium
497 4406 730 4463 deducta
782 4404 1050 4473 fuissent,
1086 4405 1233 4463 veris
1263 4405 1658 4464 assertionibus
1703 4405 1817 4461 illo.

231 4517 351 4556 rum
371 4542 387 4568 ,
426 4517 562 4573 quas
592 4516 661 4559 ex
686 4501 927 4572 ipsorum
955 4500 1153 4556 litteris
1170 4499 1377 4567 audies,
1400 4500 1578 4572 palam
1611 4499 1812 4557 factum

231 4600 338 4655 est,
356 4602 410 4648 te
432 4592 747 4652 nullatenus
772 4591 826 4645 in
849 4590 1146 4660 apostolica
1169 4591 1299 4646 sede
1321 4605 1479 4662 posse
1498 4590 1813 4661 persistere.

234 4682 470 4750 Quorum
500 4684 823 4748 sententiae,
847 4682 975 4754 quia
1015 4680 1161 4752 justa
1188 4689 1244 4737 et
1289 4680 1588 4752 probabilis
1630 4696 1815 4737 eorum

236 4773 347 4829 Deo
387 4775 807 4845 hominibusque
853 4772 1162 4837 videbatur,
1218 4785 1320 4843 ego
1370 4786 1590 4843 quoque
1634 4785 1819 4828 assen-

237 4863 404 4928 t‘eus,
434 4879 592 4921 omne
621 4863 721 4921 tibi
757 4871 990 4936 papatus
1019 4861 1136 4930 jus.
1165 4862 1308 4930 quod
1334 4863 1537 4918 habere
1562 4862 1707 4916 visus
1732 4876 1814 4927 es,

240 4955 578 5025 abrenuntio,
608 4966 778 5028 atque
808 4962 918 5010 uta
951 4954 1078 5009 sede
1116 4951 1306 5019 Urbis,
1338 4952 1491 5023 cujus
1521 4951 1686 5007 michi
1711 4969 1811 5025 pa-

1920 4406 2086 4464 l'essio
2132 4402 2542 4467 abbominatur,
2593 4396 2918 4470 pecuniam,
2950 4390 3182 4465 pecunia
3233 4387 3522 4469 favorem,

1924 4498 2111 4554 l'avore
2137 4495 2340 4552 ferrum
2359 4534 2375 4560 ,
2403 4490 2550 4547 ferro
2577 4489 2760 4546 sedem
2787 4485 2939 4567 pacis
2963 4480 3159 4545 adisti,
3194 4486 3251 4533 et
3275 4478 3343 4533 de
3380 4476 3511 4531 sede

1927 4590 2079 4663 pacis
2103 4601 2292 4659 pacem
2321 4582 2587 4647 turbasti,
2618 4581 2746 4636 dum
2773 4575 3019 4635 subditos
3046 4573 3100 4627 in
3135 4570 3389 4645 prtalatos
3416 4583 3509 4622 ar-

1927 4680 2123 4745 masti,
2151 4677 2280 4732 dum
2309 4673 2595 4746 episcopos
2630 4678 2849 4724 nostros
2895 4680 2924 4719 a
2977 4664 3086 4720 Deo
3113 4667 3371 4724 vocatos,
3422 4664 3510 4719 tu,

1928 4788 2035 4828 non
2083 4775 2307 4825 vocatus
2329 4745 2353 4830 ,ν
2390 4759 2725 4834 spernendos
2753 4753 3022 4819 docuisti,
3052 4752 3181 4807 dum
3224 4748 3377 4804 laicis
3408 4745 3512 4800 mi-

1926 4859 2212 4918 nisterium
2238 4868 2428 4911 eorum
2475 4863 2642 4917 super.
2662 4844 2976 4903 sacerdotes
3001 4837 3301 4910 usurpasti,
3324 4844 3385 4890 ut
3412 4834 3514 4905 ipsi

1926 4945 2284 5025 deponant'“
2317 4944 2399 4999 vel
2426 4933 2921 5010 contempnent‘“,
2951 4933 3048 5018 qui
3095 4931 3243 4999 ipsos
3284 4942 3319 4997 _a
3348 4940 3516 4984 manu

1549 5091 1783 5152 VARle
1820 5050 2225 5153 anrtoutis.

918 5207 955 5222 ιι
989 5210 1020 5222 α.
1103 5204 1139 5222 Δ
1199 5217 1243 5222 -4
1412 5208 1427 5222 1
1524 5206 1540 5222 ι
1648 5207 1799 5222 ..-ιο

2034 5216 2117 5222 ---..
2161 5203 2311 5222 --_...
2337 5191 2538 5222 -..Λιμη-
2635 5182 2854 5222 ’διάρσει
2883 5180 2936 5222 Ι-
2973 5174 3082 5209 ’πθ
3102 5167 3434 5222 eﬁeerbasti
3456 5166 3512 5219 2.
3590 5149 3599 5157 ’
