3940 5382
432 161 531 213 531
1379 169 1725 225 BllUNONlS
1763 170 2031 229 CLERICI
2070 171 2695 256 MAGDEBURGENSIS
3601 179 3712 235 533‘

426 278 636 333 Domini
669 290 764 345 per
789 277 1186 346 impositionem
1219 293 1474 335 manuum
1503 282 1879 352 episcoporum
1910 283 2009 337 (ιο-
2042 285 2085 341 Α
2118 284 2388 340 tumeliam
2416 295 2619 341 sancta:
2639 294 2694 340 et
2719 285 3027 354 apostolica:
3051 286 3194 342 sedis
3217 286 3444 353 elatam,
3475 287 3694 356 qualem

426 366 710 422 cendos'“
743 377 1088 437 acceperant.
1120 367 1201 422 Mc
1230 384 1476 438 quoque,
1508 372 1684 440 qui'“
1714 374 1841 429 licet
1871 374 2013 429 indi-
2114 377 2275 429 vestri
2299 385 2479 445 patres
2500 393 2601 432 nec
2620 378 2868 432 viderunt
2890 378 3295 434 nec-audierunt
3323 396 3592 451 umquam
3608 382 3696 447 ³⁷³,

426 472 563 526 gnos
588 457 732 512 inter
753 459 989 513 christos
1014 459 1080 514 ad
1109 473 1331 531 regnum
1360 476 1479 516 sum
1506 472 1726 531 unctus,
1760 465 2006 535 tetigisti,
2114 480 2213 519 nec
2257 467 2648 536 scripturarum
2696 466 2868 522 series
2914 466 3206 535 aliquando
3257 484 3287 522 a
3335 470 3571 541 paganis
3618 471 3698 525 vel

425 566 588 620 quem
618 562 927 607 sanctorum
966 552 1187 607 Patrum
1220 556 1440 611 traditio
1475 558 1572 611 soli
1622 558 1733 613 Deo
1755 558 2007 627 jndican-
2113 557 2382 612 haereticis
2410 558 2569 613 docet
2605 572 2893 613 emersam.
2930 557 3097 627 Cujus
3132 558 3258 613 mali
3287 561 3395 615 etsi
3443 562 3593 630 quod
3634 563 3699 593 ³⁷⁸

425 645 554 696 dum
587 643 798 707 docuit,
849 659 949 698 nec
996 659 1094 713 pro
1136 645 1320 716 aliquo
1369 648 1627 713 crimine,
1672 650 1773 704 nisi
1812 666 1841 704 a
1874 649 2008 715 ﬁde,
2059 699 2091 727 .
2113 664 2365 717 umquam
2393 656 2516 718 post
2544 648 2824 705 fundatam
2845 649 3130 706 ecclesiam
3154 651 3225 683 ’⁷⁸
3252 660 3308 706 et
3332 663 3697 723 propagatam

424 733 570 801 quod
597 734 761 797 absit,
789 734 1297 802 exorbitaverimus,
1329 739 1705 808 deponendum
1742 742 2007 807 asseruit,
2114 740 2270 793 Iidem
2289 739 2490 794 Christi
2515 741 2872 809 processisset
2892 741 3217 811 exemplum,
3237 743 3496 803 omnibus
3520 753 3696 797 tamen

425 838 546 877 cum
573 822 736 877 etiam
761 822 1033 893 lulianum
1057 835 1360 896 apostatam
1385 820 1673 898 prudentia
1698 840 2007 886 sanctorum
2113 830 2359 886 ﬁdelibus
2389 847 2488 901 pro
2520 841 2670 887 tanto
2697 842 3007 903 contemptu
3035 842 3091 887 et
3112 834 3535 888 conculcatione
3563 850 3687 903 apo.

426 912 800 981 cpiscoporum
831 929 936 968 non
974 915 1074 970 sibi
1121 917 1214 971 sed
1247 917 1345 972 soli
1394 911 1505 973 Deo
1525 917 1885 987 judicandum
1919 920 2011 975 de-
2112 920 2337 987 stolicm,
2377 921 2545 976 immo
2588 922 2785 977 divinae
2820 923 3185 991 auctoritatis,
3230 923 3530 977 dolendum
3566 914 3699 978 foret

420 1006 842 1076 ponendumque
864 1009 1218 1063 commiserit.
1246 1010 1448 1078 lpse’“
1471 1026 1632 1065 verus
1656 1027 1790 1082 papa
1818 1013 2009 1068 beatus
2109 1022 2164 1068 et
2206 1014 2550 1083 gemendum.
2603 1013 2943 1085 Quapropter
2994 1014 3040 1068 si
3096 1015 3257 1069 beato
3307 1013 3473 1068 Petro
3525 1016 3698 1070 claves

421 1098 614 1154 Petrus
663 1099 914 1155 clamat:
972 1118 990 1152 ο
1025 1103 1188 1156 Deum
1240 1104 1456 1169 timete,
1514 1120 1693 1175 regem
1744 1106 2007 1162 honoriﬁ-
2112 1106 2261 1175 regni
2300 1104 2561 1160 cmlorum
2606 1121 2635 1159 a
2684 1105 2901 1159 domino
2949 1105 3018 1137 ’⁷⁸
3068 1115 3257 1161 nostro
3306 1104 3439 1160 Jesn
3485 1105 3698 1161 Christo

424 1206 562 1248 cate.
602 1214 619 1247 ι
657 1194 735 1249 Tu
766 1205 945 1250 autem
972 1197 1097 1265 quia
1130 1198 1295 1252 Deum
1346 1215 1450 1254 non
1495 1201 1686 1264 times,
1733 1216 1850 1265 me,
1881 1218 2011 1255 con-
2114 1198 2341 1254 traditas
2380 1201 2449 1231 ’⁸⁷⁷
2480 1200 2722 1263 creditis,
2757 1210 2811 1253 et
2850 1199 3003 1254 vobis
3041 1214 3139 1270 per
3182 1215 3379 1254 manus
3423 1199 3599 1268 ipsius
3633 1199 3696 1255 ad

424 1288 672 1342 stituttnn
701 1288 847 1357 ejus,
883 1289 1200 1344 inhonorus.
1238 1289 1388 1345 Unde
1415 1291 1604 1347 beatus
1650 1292 1850 1346 Paulus
1872 1334 1885 1358 ,
1915 1294 2005 1348 ubi
2111 1302 2326 1345 (eterna:
2356 1290 2477 1344 vitm
2498 1288 2693 1357 gaudia
2720 1289 3001 1345 introitum
3033 1304 3229 1358 parare
3259 1289 3330 1319 ’⁷⁸
3362 1288 3586 1357 cupitis,
3611 1304 3695 1344 co-

425 1381 617 1450 angelo
642 1381 710 1435 de
738 1380 910 1445 coelo,
940 1383 983 1436 si
1014 1382 1392 1451 prmdicaverit
1422 1382 1559 1449 alia,
1600 1400 1704 1438 non
1734 1386 2006 1456 pepercit,
2110 1384 2386 1454 gitandum
2418 1384 2574 1438 vobis
2607 1390 2711 1446 est,
2743 1389 3006 1452 quantum
3052 1395 3198 1435 nunc
3226 1381 3293 1435 de
3328 1381 3571 1451 irrogata
3602 1380 3697 1435 sibi

418 1480 478 1525 te
543 1486 758 1541 quoque
811 1472 864 1525 in
913 1473 1073 1527 t'erris
1120 1474 1224 1527 alia
1277 1475 1563 1528 docentem
1616 1490 1721 1529 non
1768 1476 2005 1545 excepit.
2110 1475 2438 1537 contumelia
2475 1476 2545 1507 ¹⁷⁹
2581 1473 2765 1530 dolere
2797 1475 3055 1530 debeatis.
3102 1473 3214 1530 Nisi
3256 1475 3405 1529 enim
3457 1476 3566 1539 hic,
3609 1476 3694 1528 ubi

423 1563 514 1617 Ait
556 1563 700 1618 enim
731 1578 746 1617 :
793 1582 811 1614 ‹
848 1565 903 1618 Si
952 1566 1105 1634 quis,
1152 1567 1234 1619 vel
1264 1584 1391 1637 rgo,
1463 1568 1545 1621 vel
1587 1569 1750 1623 etiam
1783 1570 2007 1641 angelus
2044 1624 2083 1641 η
2113 1581 2210 1637 per
2241 1565 2556 1622 discrimina
2592 1566 3006 1635 temptationum
3047 1574 3229 1618 vestra
3278 1565 3414 1619 fides
3441 1576 3499 1620 et
3536 1567 3694 1620 corda

423 1667 456 1706 e
503 1653 671 1717 coelo,
729 1663 928 1723 pratter
970 1656 1020 1710 id
1068 1658 1212 1727 quod
1273 1659 1798 1730 evangelizavimus,
1854 1661 2009 1715 vobis
2043 1624 2085 1682 Β
2116 1657 2433 1726 probantur,
2468 1656 2599 1711 socii
2629 1656 2939 1724 passionum
2968 1654 3295 1721 elliciamini,
3319 1656 3696 1728 proculdubio

421 1745 909 1815 evangelizaverit,
949 1751 1238 1805 anathema
1272 1752 1364 1806 sit.
1408 1771 1425 1803 ι
1462 1751 1539 1806 Tu
1572 1767 1701 1824 ergo
1746 1754 1850 1808 hoc
1878 1769 2011 1808 ana-
2046 1740 2053 1745 ’
2113 1763 2219 1802 non
2247 1748 2380 1803 estis
2411 1747 2576 1818 digni,
2619 1757 2678 1801 ut
2704 1749 3001 1818 participes
3038 1747 3236 1802 futura:
3267 1748 3689 1814 consolationis,

424 1839 668 1896 themate
696 1852 751 1896 et
779 1844 1019 1909 omqium
1048 1844 1425 1914 episcoporum
1471 1855 1783 1901 nostrorum
1804 1846 1980 1914 iudici

2140 1848 2167 1893 rt
2199 1838 2289 1893 ﬁlii
2335 1840 2510 1909 regni,
2544 1839 2819 1894 cmlestem
2849 1853 3108 1892 coronam
3138 1848 3191 1892 et
3222 1836 3461 1908 gloriam
3509 1839 3696 1893 sortia-

424 1940 480 2006 ξι
510 1941 696 1989 nostro
741 1936 1065 2007 dampnatus
1113 1938 1411 2004 descende,
1442 1940 1772 1995 virum-alam
1823 1940 2010 1994 sedem
2113 1932 2266 1986 mini.
2296 1930 2569 2002 Rogamus
2594 1931 2758 2002 igitur
2793 1931 3077 1985 caritatem
3109 1938 3367 1990 vestram,
3406 1939 3466 1984 ut
3498 1930 3697 1984 instan-

426 2027 778 2097 apostolicam
807 2030 1082 2101 relinque!
1114 2032 1265 2086 Alins
1296 2033 1350 2087 in
1376 2032 1657 2087 solium’“
1690 2033 1831 2087 beati
1865 2031 2008 2086 Petti
2115 2036 2197 2081 ter
2219 2027 2453 2081 divinam
2478 2025 2913 2082 misericordiam
2940 2024 3233 2095 implorare
3256 2023 3555 2087 studeatis,
3578 2039 3696 2091 qua-

426 2123 719 2186 ascendat,
755 2124 847 2193 qui
897 2125 1041 2178 nulla
1073 2125 1385 2180 violentiam
1402 2126 1472 2157 ³⁸⁸
1500 2126 1765 2197 religione
1792 2125 2007 2197 palliet,
2116 2129 2272 2173 tenus
2299 2126 2393 2172 aut
2435 2118 2597 2173 corda
2641 2117 2930 2195 impiorum
2973 2115 3039 2170 ad
3080 2116 3464 2185 pmnilentiam
3504 2124 3696 2177 Vertat.

425 2212 521 2266 sed
545 2213 684 2266 beati
708 2212 848 2268 Petri
876 2228 1063 2268 sanam
1087 2214 1392 2269 doctrinam
1418 2216 1629 2270 doceat.
1659 2216 1770 2286 Ego
1792 2215 2009 2270 enim“?
2114 2219 2207 2264 aut
2237 2209 2580 2280 reprimendo
2613 2222 2799 2262 eorum
2834 2205 3065 2261 nefanda
3092 2206 3342 2273 consilia,
3375 2221 3545 2274 quam
3575 2205 3696 2260 insi-

429 2302 800 2360 lleinricus’“
828 2320 919 2359 rex
952 2306 1044 2360 Dei
1078 2308 1281 2373 gratia,
1308 2322 1429 2361 cum
1462 2308 1716 2366 omnibus
1746 2308 2011 2376 episcopis
2115 2305 2324 2373 pientes
2372 2311 2427 2357 et
2476 2301 2626 2356 stulti
2674 2302 2784 2355 sint
2825 2299 2918 2369 qui
2949 2307 3159 2369 petram
3200 2298 3487 2351 fundatam
3539 2299 3606 2345 ’3"
3646 2298 3697 2351 in

427 2393 635 2447 nostris
667 2393 761 2448 tibi
794 2394 1024 2448 dicimus
1055 2412 1066 2447 :
1105 2395 1412 2460 Descende,
1440 2394 1808 2451 descende”.
1844 2415 1861 2448 ι
2114 2396 2330 2450 Christo
2361 2402 2607 2449 evertere
2634 2401 2689 2447 et
2716 2392 2896 2447 divina
2926 2391 3208 2463 privilegia
3254 2390 3323 2421 ’⁸⁸
3360 2390 3569 2445 violare
3608 2405 3667 2445 eo

499 2483 591 2539 68.
631 2482 763 2551 Quae
812 2485 1010 2539 littera)
1060 2500 1183 2539 cum
1228 2486 1428 2540 domno
1467 2501 1640 2555 papae,
1688 2487 1741 2541 in
1785 2486 2010 2541 basilica
2114 2498 2335 2552 nantnr,
2365 2487 2616 2541 ostendat
2644 2486 2733 2537 ιδ’.

426 2571 781 2631 Laterauensi
817 2583 1017 2629 sanctae
1055 2574 1260 2646 synodo
1290 2576 1619 2645 praesidenti,
1658 2576 1890 2631 fuissent
1929 2575 2011 2629 al-
2188 2579 2273 2633 70.
2321 2597 2341 2631 ι
2386 2578 2548 2633 Beate
2586 2576 2745 2631 Petre
2784 2574 3148 2645 apostolorum
3184 2574 3463 2645 princeps,
3508 2571 3697 2627 inclina

425 2662 568 2730 latae,
604 2673 660 2721 et
691 2679 876 2722 coram
913 2666 1120 2736 synodo
1154 2666 1331 2736 palam
1371 2668 1637 2727 recitatze.
1671 2676 1820 2723 tanta
1867 2666 1925 2721 ﬁt
1958 2667 2012 2721 in
2115 2685 2302 2742 quaeso
2330 2669 2401 2702 ’⁸³
2430 2670 2546 2740 pias
2575 2683 2735 2723 aures
2763 2677 2883 2722 tuas
2912 2667 3087 2730 nobis,
3122 2676 3176 2720 et
3212 2666 3338 2719 andi
3372 2680 3463 2720 me
3489 2678 3699 2718 servum

427 2755 653 2811 ecclesia
690 2757 1007 2822 commotio,
1045 2766 1103 2811 ut
1135 2755 1275 2829 idem
1308 2757 1538 2828 legatus,
1572 2758 1673 2812 nisi
1707 2758 1849 2812 inter
1884 2771 2016 2828 apo-
2118 2770 2290 2826 tuum,
2325 2775 2484 2830 quem
2511 2758 2579 2813 ab
2623 2757 2850 2812 infantia
2890 2754 3135 2819 nutristi,
3169 2765 3223 2811 et
3256 2770 3434 2824 usque
3462 2755 3531 2807 ad
3569 2753 3701 2808 hanc

430 2844 604 2899 stolici
654 2848 820 2917 pedes
866 2847 1237 2903 defensionem
1289 2849 1608 2914 invenisset,
1665 2849 2011 2904 membratim
2118 2853 2260 2907 diem
2292 2852 2359 2905 de
2398 2864 2560 2904 manu
2597 2848 2905 2917 iniquorum
2939 2845 3206 2907 liberasti,
3235 2845 3327 2913 qui
3363 2861 3452 2897 me
3488 2858 3587 2912 pro
3619 2851 3698 2895 tua

429 2937 667 2995 laniatus
704 2939 987 2996 interisset
1019 2941 1424 2996 miserabiliter.
1460 2941 1719 3012 Sequenti
1755 2958 1884 2998 vero
1927 2944 2015 3001 die
2042 2968 2086 3027 ε
2121 2944 2377 2999 ﬁdelitate
2402 2942 2635 2996 oderunt
2671 2948 2728 2994 et
2766 2939 2974 2992 odiunt.
3015 2936 3095 2991 'l‘u
3132 2936 3290 2991 michi
3338 2937 3501 2992 testis
3543 2950 3622 2997 es,
3650 2944 3701 2988 et

430 3031 662 3087 domnus
687 3047 827 3102 papa
857 3048 1040 3087 coram
1064 3034 1179 3103 ipsa
1206 3035 1276 3065 "°
1300 3035 1504 3105 synodo
1536 3034 1854 3099 declaravit,
1878 3050 2012 3105 quo-
2115 3038 2331 3094 domina
2363 3049 2483 3089 mea
2512 3041 2685 3088 mater
2718 3030 2811 3087 Dei
2839 3030 2933 3096 ’3“,
2967 3040 3021 3086 et
3050 3031 3242 3085 beatus
3277 3028 3511 3090 Paulus,
3544 3027 3702 3081 frater

432 3119 575 3176 tiens
602 3130 659 3175 et
687 3130 888 3190 quanta
920 3124 1333 3178 mansuetudine
1365 3139 1544 3193 regem
1572 3126 1637 3180 de
1668 3126 1880 3196 magnis
1906 3127 2014 3181 cri-
2116 3140 2259 3195 tuus,
2286 3130 2429 3183 inter
2460 3142 2651 3183 omnes
2674 3133 2915 3189 sanctos,
2944 3124 3087 3197 quod
3113 3132 3200 3177 tua
3231 3131 3423 3176 sancta
3460 3119 3696 3174 Romana

430 3209 672 3267 minibus
701 3213 1168 3285 corripuisset,—ut
1197 3216 1263 3247 ³⁷¹
1306 3215 1592 3287 episcopos
1631 3232 1659 3270 a
1697 3219 2013 3289 captivitate
2114 3220 2344 3276 ecclesia
2375 3233 2460 3273 me
2504 3217 2731 3271 invitum
2778 3214 2843 3268 ad
2885 3226 2982 3269 sua
3023 3208 3392 3281 gubernacula
3433 3208 3624 3273 traxit,
3652 3215 3701 3262 et

432 3302 663 3358 solveret
685 3312 887 3373 quanta
908 3306 1180 3361 suavitate
1205 3316 1472 3378 rogasset,
1501 3309 1795 3376 apostolica
1827 3318 2014 3364 ancto—
2114 3327 2213 3384 ego
2252 3328 2357 3369 non
2400 3309 2643 3381 rapinam
2688 3304 2987 3362 arbitratus
3027 3320 3146 3360 sum
3193 3304 3263 3359 ad
3317 3304 3509 3359 sedem
3562 3314 3697 3357 tuam

430 3392 595 3446 ritate
614 3392 901 3461 jussisset;
938 3402 992 3449 et
1033 3410 1131 3464 pro
1172 3406 1400 3467 paterna
1431 3400 1715 3455 dulcedine
1751 3413 2010 3471 quantam
2115 3404 2432 3463 ascendere,
2458 3400 2742 3471 potiusque
2776 3397 2915 3451 volui
2947 3397 3111 3452 vitam
3136 3410 3311 3449 meam
3348 3394 3510 3449 ﬁnire
3535 3395 3589 3449 in
3616 3407 3698 3463 pe-

430 3481 702 3552 superbitc
727 3484 1147 3541 amaritudinem
1187 3490 1504 3559 recepisset.
1550 3490 1757 3546 Deinde
1799 3492 2012 3548 cunctis
2117 3496 2481 3568 regrinatione
2532 3506 2692 3562 quam
2730 3488 2908 3543 locum
2953 3499 3103 3542 tuum
3141 3501 3239 3557 pro
3280 3485 3459 3555 gloria
3490 3484 3697 3567 mundi,

432 3573 862 3629 acclamantibus
883 3590 954 3631 ne
984 3577 1108 3632 talis
1129 3580 1455 3634 contumelia
1489 3591 1795 3638 remaneret
1821 3583 2008 3647 inulta,
2114 3603 2213 3659 pro
2246 3585 2474 3641 seculari
2513 3581 2729 3654 ingenio
2756 3581 3021 3651 arripere.
3056 3579 3124 3633 Et
3158 3579 3279 3632 ideo
3309 3577 3382 3609 ’³³
3412 3594 3483 3633 ex
3522 3577 3598 3609 ’⁸⁸
3622 3585 3698 3630 tua

430 3668 673 3723 omnium
724 3669 951 3726 consilio
984 3679 1038 3726 et
1080 3687 1350 3728 consensu
1408 3674 1718 3729 lleinricum
1767 3678 2009 3748 synodali
2115 3678 2309 3749 gratia,
2344 3691 2450 3729 non
2493 3689 2559 3728 ex
2604 3673 2741 3727 meis
2780 3670 3039 3741 operibus
3076 3669 3266 3731 credo,
3317 3669 3467 3736 quod
3507 3664 3699 3737 placuit

423 3756 633 3827 judicio
668 3759 1004 3831 dampnavit,
1034 3766 1288 3834 regisque
1320 3765 1537 3822 nomine
1570 3776 1622 3821 et
1654 3767 1861 3821 honore
1896 3769 2013 3837 pri-
2117 3771 2213 3825 tibi
2240 3778 2294 3824 et
2320 3768 2530 3839 placet,
2564 3758 2624 3819 ut
2645 3764 2876 3835 populus
2903 3763 3236 3819 christianos
3266 3761 3362 3815 tibi
3397 3759 3699 3831 specialiter

433 3861 620 3906 vatum
658 3856 1017 3912 auathematis
1059 3856 1237 3928 gladio
1280 3859 1566 3927 percussit,
1608 3858 1927 3929 litterasque
1958 3861 2012 3915 in
2116 3860 2460 3926 commissus,
2498 3857 2661 3913 michi
2707 3855 2928 3911 obediat
2966 3853 3273 3926 specialiter
3315 3866 3416 3924 pro
3463 3853 3585 3906 vice
3618 3859 3696 3903 tua

430 3959 657 4015 regnum
685 3945 1143 4005 Theutonicorum
1174 3950 1343 4015 misit,
1368 3965 1596 4020 quarum
1622 3951 1711 4006 hic
1731 3952 2015 4022 exemplar
2117 3954 2279 4010 michi
2313 3951 2621 4012 commissa,
2654 3957 2711 4004 et
2748 3947 2911 4002 michi
2945 3956 3032 4001 tua
3061 3945 3236 4017 gratia
3266 3953 3354 3999 est
3396 3952 3639 4014 potestas
3667 3956 3695 3993 a

431 4050 735 4105 δυΡΡοηθτθ
762 4037 1009 4108 Placuit:
2118 4046 2228 4100 Deo
2272 4044 2395 4099 data
2440 4040 2643 4111 ligandi
2692 4048 2748 4094 ct
2794 4037 3037 4093 solvendi
3076 4037 3130 4091 in
3174 4034 3317 4091 cmlo
3347 4045 3406 4090 et
3442 4035 3500 4089 in
3542 4044 3693 4089 terra.

500 4126 589 4181 69.
643 4148 661 4179 ι
705 4126 1000 4199 Gregorius
1031 4132 1101 4162 ¹⁷²
1129 4132 1628 4202 episcopus(Gase.
1663 4135 1775 4200 Vll,
1809 4134 2011 4204 Regi”.
2119 4137 2229 4191 llac
2266 4136 2451 4205 itaque
2488 4132 2684 4188 ﬁducia
2724 4129 2916 4195 fretus,
2961 4142 3062 4199 pro
3086 4125 3333 4182 ecclesiae
3362 4136 3473 4181 tua:
3502 4126 3695 4182 honore

430 4217 608 4283 111,6),
637 4234 826 4275 servus
846 4235 1127 4276 servorum
1156 4221 1272 4287 Dei,
1301 4225 1554 4279 omnibus
1583 4225 1673 4294 qui
1700 4241 1760 4280 se
1791 4228 2015 4295 cupiunt
2117 4240 2170 4283 et
2199 4227 2535 4289 defensione,
2572 4240 2636 4279 ex
2680 4232 2836 4293 parte
2875 4219 3264 4289 omnipotentis
3301 4218 3396 4273 Dei
3434 4217 3614 4273 Patris
3647 4223 3695 4271 et

430 4312 782 4367 annumerari
829 4312 974 4368 inter
1014 4329 1144 4369 oves
1175 4299 1313 4385 quas
1354 4316 1607 4373 Christus
1651 4319 1811 4374 beato
1849 4319 2013 4374 Petro
2046 4315 2093 4373 Ι)
2119 4323 2239 4377 Filii
2268 4331 2322 4376 et
2349 4319 2591 4389 Spiritus
2623 4315 2819 4379 sancti,
2860 4329 2957 4384 per
2989 4322 3132 4367 tuam
3168 4320 3499 4382 potestatem
3530 4321 3582 4367 et
3605 4327 3694 4365 au-

434 4401 731 4467 commisit,
772 4403 1001 4460 salutem
1046 4414 1101 4460 et
1152 4409 1504 4478 apostolicam
1556 4411 2006 4468 benedictionem.
2120 4412 2429 4468 ctoritatcm
2464 4406 2720 4461 lleinrico
2758 4403 2870 4471 regi
2911 4402 3020 4456 tilio
3059 4400 3298 4455 lleinrici
3335 4396 3693 4478 Imperatoris,

432 4491 701 4555 Audistis,
734 4492 948 4558 fratres,
983 4511 1177 4551 novam
1207 4507 1262 4554 et
1301 4500 1598 4555 inauditam
1631 4504 2015 4574 prmsumptio-
2119 4504 2210 4575 qui
2236 4509 2421 4556 contra
2442 4508 2597 4552 tuam
2626 4496 2912 4551 ecclesiam
2952 4492 3190 4547 inaudita
3223 4491 3487 4562 superbia
3525 4492 3691 4545 insur-

437 4596 589 4647 nem,
627 4583 854 4640 audistis
894 4586 1325 4646 scismaticorum
1362 4592 1682 4648 sceleratam
1722 4604 1777 4650 et
1817 4609 2013 4650 nomen
2122 4594 2283 4654 rexit,
2326 4589 2493 4645 totius
2523 4592 2674 4658 regni
2714 4583 3172 4640 Theutonicorum
3213 4593 3269 4635 et
3308 4580 3477 4634 Italia:
3512 4581 3696 4650 guber-

436 4672 651 4728 Domini
680 4673 733 4728 in
756 4674 914 4731 beato
938 4676 1100 4733 Petro
1124 4679 1616 4752 blasphemantium
1639 4686 2012 4755 garrulitatem
2120 4682 2313 4738 uacula
2359 4661 2698 4740 contratlico,
2729 4685 2782 4729 et
2815 4689 3008 4729 omnes
3042 4670 3390 4726 Christianos
3420 4686 3451 4723 a
3490 4666 3692 4723 vinculo

439 4774 493 4817 et
519 4764 830 4834 audaciam;
855 4770 1080 4829 audistis
1104 4773 1411 4842 superbiam
1443 4775 1509 4831 ad
1533 4776 1782 4847 injuriam
1807 4786 1862 4832 et
1883 4792 2014 4834 con-
2115 4774 2432 4847 juramcnti,
2465 4774 2610 4841 quod
2645 4770 2747 4825 sibi
2795 4769 3042 4824 fecerunt
3078 4764 3163 4819 vel
3199 4763 3427 4828 facient,
3459 4763 3689 4823 absolvo,

1729 4910 1961 4967 VARIAE
2004 4909 2401 4968 LECTIONES.

518 5040 587 5073 ’θ’
621 5042 1007 5112 episcopalium
1051 5044 1277 5100 docendi
1320 5044 1373 5098 2.
1450 5046 1520 5076 ’⁸³
1558 5046 1698 5099 deest
1733 5046 1785 5099 1.
1861 5046 1931 5077 ’⁸⁸
1969 5045 2009 5099 l.
2055 5044 2328 5112 quoque?

2423 5044 2492 5074 ³⁵⁸
2532 5041 2715 5097 sedem
2759 5040 2815 5095 ‘2.
2893 5040 2962 5074 ’⁸⁸
3001 5037 3263 5095 violencia
3316 5040 3370 5093 ί.
3456 5038 3523 5112 ξῆῖ
3560 5038 3690 5112 dces!
