3940 5382
121 226 239 261 ὓ)ῧ

1366 207 1454 261 DE
1492 206 1714 263 BELLO
1754 208 1831 263 ελ
1844 207 2115 265 XONICO.

3305 199 3411 255 554

124 330 275 376 etut
306 319 490 375 nullus
519 321 567 376 ei
608 320 748 375 sicut
781 319 894 390 regi
930 319 1129 374 serviat
1168 319 1453 373 interdico.
1491 319 1717 391 Dignum
1757 335 1800 390 Α
1828 325 1895 377 de
1927 339 2087 376 manu
2115 333 2299 377 nos'ra
2332 322 2569 376 animam
2599 318 2743 374 illius
2766 317 3177 389 requisiturum,
3205 326 3410 388 quanto

122 423 215 468 est
256 411 430 473 enim,
472 420 533 465 ut
572 411 666 480 qui
715 411 902 466 studet
937 409 1006 443 ’⁸⁷
1050 411 1311 465 honorem
1343 410 1587 465 ecelesim
1620 420 1724 465 tuae

1829 414 1900 446 ³⁸³
1931 415 2084 471 nobis
2112 416 2179 471 ad
2211 415 2598 486 increpantium
2630 412 2776 466 illum
2815 427 2925 482 prae
2955 410 3155 466 ceteris
3188 407 3410 464 libertas

127 502 386 557 minuere
418 500 520 564 ⁸⁸⁸.
573 501 687 570 ipse
730 500 993 555 honorem
1035 499 1248 553 amittat
1295 515 1458 570 quem
1509 500 1725 556 videtur
1795 508 1950 562 .data
2010 508 2201 563 fuisset
2248 517 2303 563 et
2358 506 2679 571 auctoritas,
2737 503 2907 559 multo
2950 501 3239 558 sollicitius
3282 516 3408 557 cum

126 591 361 646 habere.
382 590 451 645 Et
469 589 595 660 quia
619 588 1109 645 sicutchristianus
1132 589 1459 659 contempsit
1480 589 1722 653 obedire,

126 698 233 738 nec
264 684 335 737 ad
363 683 540 738 Deum
566 683 732 737 rediit
766 697 927 752 quem
961 682 1192 747 dimisit,
1225 682 1601 752 participando
1632 698 1725 736 ex-

123 773 581 840 communicatis,
614 787 669 828 et
698 774 900 829 multas
924 773 1246 844 iniquitates
1270 773 1538 839 faciendo,
1580 789 1723 828 mea-

124 855 238 930 qite
270 864 502 929 monita,
534 879 656 934 quae
686 877 786 935 pro
818 879 916 920 sua
948 864 1123 920 salute
1151 865 1254 921 sibi
1300 864 1443 931 misi,
1490 874 1542 921 te
1590 874 1727 921 teste

124 955 469 1023 spernendo,
518 970 687 1025 seque
735 956 805 1011 ab
853 956 1081 1012 ecclesia
1134 968 1246 1023 tua,
1292 966 1562 1027 temptans
1606 974 1724 1013 eam

124 1045 412 1109 scindere,
434 1046 768 1114 separando,
802 1046 1021 1101 vinculo
1043 1061 1166 1102 eum
1199 1048 1567 1103 anathematis
1607 1049 1727 1103 vice

128 1147 220 1190 tua
238 1136 429 1208 alligo,
452 1147 508 1192 et
533 1139 614 1194 sic
641 1153 765 1194 eum
793 1153 861 1193 ex
893 1138 1090 1194 fiducia
1124 1149 1210 1193 tua
1241 1138 1424 1210 alligo,
1460 1149 1520 1193 ιιι
1552 1142 1728 1195 sciant

125 1236 327 1299 gentes
367 1239 425 1283 et
464 1231 846 1299 comprobent,
874 1232 999 1300 quia
1042 1239 1096 1285 tu
1128 1246 1188 1287 es
1219 1232 1430 1296 Petrus,
1465 1241 1518 1286 et
1564 1247 1730 1303 super

128 1328 285 1374 lnam
325 1321 395 1353 ³³⁸
424 1329 637 1390 petram
666 1320 808 1377 filius
854 1321 946 1375 Dei
981 1321 1087 1376 vivi
1124 1321 1413 1377 mdilicavit
1440 1323 1728 1378 ecclesiam

126 1426 312 1475 suam,
362 1420 417 1465 et
465 1421 637 1482 perite
686 1412 844 1468 inferi
895 1429 999 1468 non
1053 1414 1427 1484 przevalcbunt
1469 1416 1730 1472 adversus

126 1515 281 1555 cant.
326 1520 346 1555 l

206 1593 299 1650 71.
341 1595 547 1653 Deinde
571 1612 678 1653 non
702 1597 864 1670 longe
898 1609 1141 1669 tempore
1168 1608 1467 1664 transacto,
1501 1599 1730 1655 domnus

128 1685 495 1754 apostolicus,
553 1704 621 1743 ne
672 1705 855 1759 regem
908 1691 1083 1759 magis
1131 1690 1342 1759 injuria:
1385 1706 1497 1745 suae
1546 1691 1731 1747 dolore

130 1793 299 1846 quam
341 1778 460 1834 zelo
480 1779 711 1850 justitia:
750 1780 1255 1837 excommunicassc
1299 1791 1603 1853 putaretur,
1634 1781 1731 1836 has

131 1869 352 1924 litteras
392 1871 461 1926 ad
500 1871 756 1942 regiones
795 1871 1166 1929 Theutonicas
1213 1874 1379 1940 misit,
1427 1874 1627 1943 quibus
1674 1888 1731 1929 se

124 1963 279 2031 iuste
301 1979 427 2018 cum
453 1965 962 2021 excommunicasse
986 1973 1217 2020 testatur
1237 1966 1374 2035 (58).

206 2055 298 2108 72.
343 2073 363 2106 ο
405 2054 709 2126 Gregorius
736 2058 1022 2126 episcopus
1043 2071 1261 2122 servus,
1291 2071 1573 2112 servorum
1612 2055 1729 2120 Dei,

131 2146 393 2201 omnibus
422 2145 728 2215 episcopis,
754 2146 981 2201 ducibus
1004 2158 1058 2201 et
1078 2148 1149 2180 ’κ
1178 2150 1489 2214 comitibus,
1516 2149 1733 2205 ceteris-

132 2252 242 2304 que
294 2236 547 2292 tidelibus
583 2238 637 2291 in
684 2253 852 2309 regno
892 2238 1353 2295 Theutonicorum
1382 2241 1451 2272 ’³⁸
1484 2241 1732 2297 christia-

134 2343 265 2382 nam
294 2329 462 2384 tidem
486 2330 930 2398 defendentibus,
955 2333 1184 2387 salutem
1208 2342 1260 2388 et
1285 2334 1639 2404 apostolicam
1663 2334 1732 2366 ²⁹¹

135 2420 605 2477 benedictionem.
651 2421 995 2489 Audivimus,
1041 2425 1306 2493 quosdam
1346 2425 1490 2478 inter
1531 2440 1626 2479 vos
1666 2425 1734 2480 de

134 2514 729 2582 eseommunicatione,
770 2530 934 2585 quam
974 2516 1031 2569 in
1081 2530 1261 2587 regem
1297 2515 1544 2583 fecimus,
1576 2514 1735 2571 dubi-

138 2613 284 2668 tare,
320 2617 387 2658 ac
414 2619 667 2674 quaerere
713 2619 895 2659 utrum
932 2604 1078 2674 iuste
1104 2604 1612 2660 excommunicatns
1640 2606 1731 2670 sit,

135 2707 195 2751 ct
217 2696 269 2752 si
301 2706 488 2751 nostra
519 2696 793 2753 sententia
818 2710 886 2751 ex
913 2696 1241 2752 auctoritate
1272 2694 1462 2766 legalis
1489 2709 1735 2751 censurze

137 2801 207 2840 ea
240 2800 351 2855 qua
382 2785 573 2840 debuit
607 2786 1001 2841 deliberatione
1030 2800 1319 2856 progressa
1350 2793 1454 2839 est.
1491 2785 1734 2855 Quapro-

140 2888 289 2946 pter,
317 2874 557 2942 qualiter
597 2874 666 2928 ad
706 2874 1291 2930 excommunicandum
1333 2873 1484 2928 illum
1516 2874 1736 2929 adducti

142 2970 321 3024 simus
349 2969 443 3034 ¹⁹³,
484 2978 649 3038 prout
677 2968 862 3023 verius
890 2968 1191 3038 potuimus,
1225 2976 1362 3023 teste
1400 2968 1736 3022 conscientia

1766 1684 1803 1739 ii

141 3071 359 3126 nostra,
402 3061 576 3117 oculis
617 3071 674 3116 et
714 3061 1087 3117 intellectibus
1133 3062 1377 3116 omnium
1431 3062 1739 3133 patefacere
1766 3035 1811 3096 ί)

141 3153 486 3219 curavimus,
522 3168 632 3207 non
676 3163 784 3207 tam
825 3162 883 3206 ut
925 3152 1165 3223 singulas
1203 3167 1418 3219 causas,
1466 3169 1588 3224 qua:
1634 3154 1736 3208 heu

144 3245 382 3298 nimium
413 3253 557 3298 notae
586 3250 737 3309 sunt,
767 3244 922 3314 quasi
962 3244 1033 3275 ηδ
1062 3252 1251 3298 nostro
1282 3244 1522 3300 clamore
1553 3244 1605 3299 in
1639 3260 1740 3316 pu-

144 3337 352 3390 blicum
385 3335 763 3406 proj'ciamus.
795 3352 956 3405 quam
989 3344 1048 3389 ut
1083 3350 1271 3390 eorum
1308 3337 1551 3407 opinioni
1584 3338 1741 3392 satis-

144 3426 441 3492 faciamus,
483 3427 575 3497 qui
614 3434 828 3495 putant,
868 3441 966 3481 nos
1009 3427 1346 3496 spiritualem
1384 3427 1620 3499 gladium
1667 3437 1745 3482 te—

147 3531 305 3573 mere
327 3526 389 3573 et
419 3516 594 3588 magis
614 3526 761 3571 motu
788 3517 953 3572 animi
986 3519 1156 3573 nostri
1183 3533 1347 3590 quam
1375 3519 1561 3575 divino
1592 3529 1738 3573 metu

147 3620 203 3664 et
221 3609 458 3678 iustitia:
485 3609 606 3665 zelo
627 3610 947 3681 arripuisse.
977 3610 1112 3666 Cum
1133 3612 1314 3667 adhuc
1340 3611 1394 3665 in
1425 3611 1746 3666 diaconatus

148 3701 325 3755 olIieio
358 3701 529 3771 positi
554 3716 824 3768 essemus,
862 3702 1068 3773 perlata
1099 3704 1167 3757 ad
1210 3718 1311 3758 nos
1332 3703 1416 3758 "de
1443 3703 1747 3759 actionibus

150 3793 298 3861 regis
318 3793 551 3846 sinistra
576 3792 646 3824 ²⁹⁸
675 3801 733 3848 ct
761 3792 988 3848 multum
1019 3794 1306 3849 inhonesta
1328 3792 1499 3873 fama,
1528 3803 1750 3863 propter

152 3884 494 3956 imperialem
524 3883 842 3957 dignitatem
864 3895 922 3942 et
948 3886 1312 3941 reverentiam
1338 3885 1511 3955 patris
1538 3900 1603 3940 ac
1637 3900 1749 3939 ma-

153 3980 254 4033 tris
299 3977 447 4046 eius,
492 3991 704 4033 necnon
740 3986 962 4048 propter
1004 3976 1074 4008 ”‘
1111 3990 1262 4047 spem
1307 3989 1372 4030 ac
1415 3974 1746 4031 desiderium

154 4067 522 4122 correctionis
560 4081 676 4122 suae
705 4081 848 4137 saepe
885 4081 1007 4121 eum
1051 4080 1149 4136 per
1186 4062 1399 4121 litteras
1435 4074 1492 4119 et
1530 4064 1752 4119 nuntios

156 4158 570 4223 admonuimus,
596 4166 657 4213 ut
685 4172 715 4212 a
749 4158 1021 4228 pravitate
1044 4171 1143 4212 sua
1169 4157 1239 4191 ²¹⁷
1265 4157 1574 4222 desisteret,
1604 4164 1661 4211 et
1679 4156 1752 4189 m

158 4266 371 4306 memor
408 4250 705 4306 clarissimi
737 4252 953 4323 generis
976 4252 1057 4307 ’ac
1089 4250 1372 4321 dignitatis
1411 4266 1543 4316 suae,
1587 4251 1751 4305 vitam

161 4344 228 4375 ’τ’
256 4344 532 4410 moribus,
562 4346 759 4416 quibus
783 4361 965 4418 regem
1003 4353 1059 4401 et
1094 4344 1335 4401 futurum
1365 4344 1477 4401 Deo
1511 4345 1751 4401 donante

163 4435 382 4491 deceret
438 4437 512 4469 '”
569 4437 989 4507 imperatorem,
1048 4438 1386 4495 institueret.
1454 4437 1748 4509 Postquam

165 4543 290 4584 vero
315 4528 386 4560 '°‘
429 4528 500 4583 ad
540 4521 892 4598 pontificatus
934 4529 1141 4600 apicem
1185 4530 1311 4585 licet
1355 4529 1559 4600 indigni
1604 4530 1752 4585 veni-

172 4635 302 4679 mus.
325 4636 449 4676 cum
485 4621 636 4676 illius
669 4631 802 4676 tetas
831 4623 1039 4693 pariter
1069 4630 1343 4678 cresceret
1377 4632 1433 4677 et
1473 4622 1749 4692 iniquitas,

174 4706 531 4783 intelligentcs
556 4711 727 4768 Deum
750 4714 1178 4785 omnipotentem
1195 4721 1347 4770 tanto
1367 4712 1436 4745 '°'
1454 4713 1755 4770 diatrictius

1782 4400 1830 4459 ι)

1829 600 2003 653 modis
2029 599 2298 663 omnibus,
2329 598 2629 670 arguendo,
2658 597 3020 661 obsecrando,
3054 593 3411 664 increpando,

1829 693 1894 745 ad
1931 690 2363 745 emendationem
2398 692 2519 745 vitae
2560 705 2673 745 sua:
2715 688 2913 743 hortati
2952 702 3161 743 sumus.
3206 685 3309 754 Qui
3344 684 3413 717 ³⁰⁸

1800 797 1950 837 unum
2007 798 2148 852 saepe
2199 783 2356 838 nobis
2410 784 2638 837 devotas
2687 780 3045 835 salutationes
3100 788 3156 834 et
3205 779 3417 834 litteras

1830 872 2069 926 mitteret
2111 887 2378 925 excusans
2411 886 2490 935 se,
2519 887 2641 925 cum
2674 870 2746 902 ³⁰⁸
2773 886 2837 925 ex
2878 877 3038 924 tetate
3081 868 3226 938 quod
3269 866 3414 921 ﬂuxa

1828 973 1971 1017 esset
2016 971 2070 1018 ct
2116 961 2340 1032 fragilis,
2394 971 2503 1015 tum
2546 960 2688 1030 quod
2735 959 2803 1015 ab
2849 958 2919 989 ³⁸⁸
2952 958 3058 1022 his,
3098 957 3149 1011 in
3179 971 3413 1026 quorum

1831 1054 2079 1127 manibus
2124 1055 2275 1108 curia
2319 1063 2461 1119 erat,
2507 1052 2823 1108 ntultotieus
2873 1052 2974 1108 sibi
3009 1050 3148 1106 male
3194 1065 3416 1106 suasum

1830 1157 1992 1216 azque
2023 1144 2325 1199 consultum
2359 1144 2449 1211 sit,
2484 1145 2687 1199 monita
2727 1153 2911 1198 nostra
2954 1142 3020 1197 de
3054 1142 3142 1196 die
3186 1140 3239 1195 iu
3273 1140 3416 1195 diem

1830 1252 1888 1291 se
1917 1233 2319 1306 promptissime
2351 1241 2729 1304 suscepturum
2759 1232 2943 1287 verbis
2966 1230 3181 1301 quidem
3214 1229 3418 1300 promi-

1832 1329 1921 1393 sit,
1948 1337 2188 1382 ceterum
2223 1343 2280 1380 re
2310 1335 2362 1379 et
2394 1325 2463 1357 ³⁰⁷
2490 1324 2911 1397 exaggeratiouc
2940 1323 3219 1392 culparum
3262 1321 3415 1393 peni-

1834 1432 1917 1475 tus
1938 1418 2296 1474 conculcavit.
2326 1418 2470 1472 Inter
2501 1418 2616 1472 lucc
2647 1417 2906 1486 quosdam
2937 1412 3232 1469 familiares
3264 1427 3415 1474 suos,

1830 1527 2061 1583 quorum
2100 1511 2344 1569 consiliis
2368 1519 2423 1566 ct
2450 1506 2946 1564 machinationibus
2983 1508 3329 1578 episcopatus
3363 1514 3421 1561 et

1835 1604 1997 1659 multa
2040 1603 2392 1667 monasteria,
2446 1600 2699 1656 inductus
2744 1600 2812 1631 ³⁰⁸
2851 1615 2945 1670 per
2989 1599 3245 1668 pretium,
3279 1596 3420 1667 lupis

1835 1709 1931 1763 pro
2000 1694 2308 1765 pastoribus
2360 1692 2657 1747 simoniaca
2714 1690 2893 1745 heresi
2951 1688 3282 1752 ftedaverat,
3351 1687 3419 1740 ad

1835 1785 2211 1855 ptenitcntiam
2260 1786 2907 1852 vocavimus:quatenus
2956 1789 3009 1834 et
3058 1779 3196 1835 bona
3246 1778 3421 1834 eccle-

1836 1878 2063 1944 siarum,
2096 1891 2215 1946 quae
2255 1890 2352 1945 per
2399 1875 2764 1929 interventum
2813 1882 2922 1926 tam
2972 1869 3223 1926 scelerati
3273 1884 3422 1925 com-

1837 1970 2022 2025 mercii
2069 1967 2331 2040 sacrilega
2377 1983 2539 2022 manu
2587 1974 2959 2036 susceperant,
2998 1961 3422 2019 -vcnerabilibns

1837 2062 1968 2116 locis
2008 2061 2073 2116 ad
2123 2076 2243 2131 quae
2283 2061 2642 2131 pertinerent,
2697 2058 2824 2113 dum
2875 2058 3051 2112 adhuc
3089 2057 3240 2112 locus
3279 2062 3425 2111 esset

1834 2151 2152 2205 emendandi
2191 2194 2204 2215 ,
2268 2150 2599 2213 redderent,
2660 2161 2713 2203 ct
2771 2148 2869 2219 ipsi
2932 2163 3031 2218 pro
3108 2156 3423 2217 perpetrata

1837 2240 2123 2309 iniquitate
2172 2252 2268 2309 per
2320 2240 2554 2294 lamenta
2593 2237 2949 2309 paenitudinis
2989 2238 3101 2292 Deo
3140 2234 3426 2291 satisface—

1837 2342 1973 2388 rent.
2027 2333 2175 2401 Quos
2219 2333 2345 2387 dum
2379 2333 2445 2388 ad
2474 2333 2589 2387 haec
2627 2330 2947 2401 exequenda
2981 2335 3134 2385 datas
3175 2326 3424 2384 inducias

1834 2439 2090 2495 spernere
2125 2424 2258 2479 etin
2284 2432 2538 2479 consueta
2569 2422 2809 2493 nequitia
2858 2420 3216 2492 pertinaciter
3266 2428 3418 2474 stare

1833 2515 2203 2587 cognovimus,
2250 2515 2390 2571 sicut
2438 2516 2657 2586 dignum
2714 2523 2853 2580 erat,
2895 2513 3188 2586 sacrilegos
3238 2521 3293 2568 et
3324 2512 3422 2565 mi-

1836 2608 2037 2661 nistros
2061 2621 2124 2661 ac
2149 2606 2391 2661 membra
2422 2604 2617 2659 diaboli
2650 2619 2679 2658 a
2712 2602 3093 2657 communione
3114 2610 3169 2656 et
3191 2615 3421 2670 corpore

1837 2699 2001 2753 totius
2032 2697 2275 2752 ecclesiae
2296 2694 2689 2765 separavimus,
2705 2703 2757 2749 ct
2784 2709 2993 2765 regem,
3008 2702 3067 2748 ut
3092 2707 3185 2748 eos
3206 2707 3239 2746 a
3264 2692 3427 2746 domo

1837 2805 1955 2851 sua,
1986 2805 2014 2842 a
2056 2786 2295 2843 consiliis
2329 2794 2383 2841 et
2411 2785 2559 2842 onmi
2611 2783 2991 2840 communione
3015 2798 3111 2838 sua
3162 2782 3303 2838 sicut
3334 2797 3430 2836 ex-

1839 2880 2267 2935 cominttnicatos
2323 2877 2647 2948 expelleret,
2712 2875 3133 2931 ammonuimus.
3204 2872 3451 2935 interim,

1846 2987 1973 3028 vero
2000 2979 2420 3043 aggravescente
2467 2978 2654 3025 contra
2705 2983 2884 3041 regem
2917 2965 3191 3022 Saxonum
3241 2980 3429 3030 causa,

1844 3079 1966 3118 cum
1998 3063 2141 3118 vires
2192 3070 2248 3117 ct
2277 3062 2525 3133 prtcsidia
2577 3062 2727 3133 regni
2775 3076 2838 3116 ex
2877 3059 3110 3115 maxima
3133 3066 3287 3130 parte
3314 3074 3344 3113 a
3373 3074 3454 3136 se;

1842 3155 2073 3210 deficere
2104 3154 2240 3209 velle
2298 3153 2527 3218 videret,
2576 3154 2768 3208 iterum
2819 3151 2977 3208 nobis
3007 3152 3205 3208 direxit
3231 3150 3443 3223 cpisto-q

1843 3247 1950 3301 lam
1976 3245 2272 3315 supplicem
2299 3255 2354 3299 ct
2388 3245 2535 3300 omni
2588 3244 2894 3299 humilitate
2936 3242 3182 3313 plenam,
3240 3242 3291 3295 in
3324 3254 3453 3315 qua

1842 3336 2200 3408 omnipotenti
2250 3336 2359 3391 Deo
2388 3345 2444 3390 et
2492 3337 2651 3391 beato
2695 3335 2856 3392 Petro
2886 3349 2950 3390 ac
2980 3334 3133 3389 nobis
3170 3330 3324 3386 valde
3376 3346 3437 3387 se

1843 3429 2165 3500 culpabilem
2182 3427 2413 3483 reddens
2441 3427 2715 3498 "’preccs
2753 3428 2915 3482 etiam
2952 3426 3166 3491 obtulit,
3201 3434 3258 3476 nt
3292 3418 3467 3495 quod,

1847 3522 1917 3554 ³¹⁶
1946 3536 2013 3576 ex
2045 3536 2143 3575 sua
2163 3519 2319 3590 culpa
2350 3519 2404 3574 in
2432 3519 2817 3574 ecclesiasticis
2842 3517 3022 3573 causis
3051 3525 3240 3571 contra
3265 3529 3432 3570 cano-
3464 3571 3471 3579 ,

1847 3618 2023 3671 nicam
2043 3614 2439 3669 institutionem
2463 3612 2528 3644 ³¹¹
2557 3621 2610 3667 et
2631 3612 2848 3667 decreta
2874 3618 3187 3666 sanctorum
3212 3607 3438 3662 Patrum

1849 3709 2046 3762 factum
2076 3715 2250 3770 esset,
2295 3713 2480 3760 nostra
2534 3702 2826 3772 apostolica
2862 3698 3201 3771 providentia
3246 3708 3302 3751 et
3336 3711 3437 3749 au-

1850 3799 2102 3854 ctoritate
2150 3798 2422 3867 corrigere
2467 3794 2841 3857 studeremus;
2887 3799 3049 3859 atque
3103 3787 3160 3842 in
3186 3803 3250 3842 ea
3281 3799 3436 3841 suam

1852 3888 2008 3943 nobis
2034 3903 2135 3959 per
2161 3886 2341 3943 omnia
2374 3882 2784 3946 oboedientiam,
2833 3892 3157 3934 consensum
3194 3884 3250 3931 et
3277 3873 3435 3929 fidele

1852 3981 1920 4013 ³¹π²
1962 3980 2211 4051 promisit
2249 3977 2597 4047 adiutorium.
2650 3972 2764 4030 Hoc
2798 3972 2937 4028 idem
2990 3970 3156 4024 etiam
3192 3976 3382 4029 postea
3406 3982 3436 4021 a

1853 4069 2216 4126 ctnfratribtts
2253 4068 2321 4100 ³¹³
2367 4076 2420 4121 et
2457 4065 2650 4136 lcgatis
2700 4061 2920 4127 nostris,
2967 4058 3264 4114 [Iumberto
3296 4057 3440 4111 Prae-

1855 4164 2069 4220 ncstino
2093 4162 2368 4234 episcopo,
2400 4168 2455 4214 et
2472 4158 2706 4215 Geraldo
2731 4154 2966 4212 Ostiensi
2991 4154 3263 4224 episcopo,
3302 4163 3442 4220 quos

1856 4256 1923 4310 ad
1973 4255 2120 4310 illum
2169 4253 2441 4316 misimus,
2497 4250 2561 4306 ad
2614 4247 2992 4320 paenitentiam
3044 4249 3350 4312 susceptus,
3387 4240 3440 4293 in

1859 4347 2071 4402 illorum
2116 4362 2309 4401 manus
2346 4359 2444 4415 per
2499 4354 2746 4397 sacratas
2795 4340 2962 4396 stolas
3010 4351 3145 4409 quas
3197 4334 3252 4389 in
3303 4332 3442 4388 collo

1861 4441 2152 4505 tenebant,
2195 4436 2622 4509 repromittentlo
2660 4433 3023 4490 confirmavit.
3072 4428 3278 4485 Deinde
3322 4436 3447 4496 post

1860 4531 2075 4601 aliquod
2112 4540 2321 4600 tempus
2341 4528 2411 4561 ἰδ
2430 4528 2721 4584 commisso
2741 4540 2863 4580 cum
2893 4523 3200 4579 Saxonibus
3226 4518 3443 4591 proelio,

1862 4637 1954 4677 rex
1987 4636 2083 4693 pro
2125 4621 2350 4675 victoria
2382 4635 2543 4690 quam
2581 4619 2807 4691 adeptus
2851 4625 2933 4674 est
2954 4615 3097 4672 tales
3128 4617 3236 4669 Deo
3263 4620 3449 4685 grates

1863 4721 1919 4769 et
1957 4712 2205 4768 victimas
2232 4710 2449 4777 obtulit,
2476 4719 2536 4765 ut
2557 4718 2678 4766 vota
2702 4723 2822 4779 qua:
2843 4708 2910 4764 de
2937 4704 3318 4764 emendatione
3348 4719 3448 4759 sua

1464 4875 1545 4931 VA
1554 4874 1694 4930 RUE
1735 4873 2138 4932 LECTIONES.

238 5022 305 5059 ’⁸⁷
340 5023 531 5077 studet
561 5020 612 5075 l.
688 5018 762 5051 ’⁸⁸
797 5018 1121 5073 imminuere
1148 5016 1204 5068 2.
1282 5016 1351 5049 ’⁸⁸
1391 5004 1530 5071 lianc
1570 5014 1627 5069 2.
1705 5016 1774 5047 ²⁹⁰
1814 5018 1953 5068 deest
1978 5014 2034 5067 Ξ.
2112 5013 2181 5044 ²⁹¹
2223 5010 2499 5069 teutonico
2529 5010 2580 5064 1.
2655 5010 2725 5042 ’⁸³
2762 5008 2901 5077 deest
2941 5009 2995 5063 1.
3070 5004 3142 5038 ³⁸³
3176 4982 3371 5077 sumus
3398 5005 3456 5077 2.

182 5090 241 5122 ’⁸³³
274 5110 327 5146 ιι.
365 5094 420 5146 in
468 5094 523 5146 1.
623 5089 694 5119 ¹⁹⁵
733 5090 872 5142 des.
911 5104 949 5141 r.
984 5088 1123 5141 3.1.

1224 5086 1294 5117 ⁸⁵⁸
1326 5086 1363 5140 i.
1397 5088 1452 5140 tl.
1486 5097 1540 5138 et
1574 5101 1618 5138 r.
1654 5099 1707 5146 p.
1746 5101 1810 5139 ac
1839 5102 1911 5139 m.
1942 5099 1991 5135 e.
2040 5100 2094 5136 n.
2132 5100 2185 5136 η.
2233 5099 2289 5146 p.
2334 5088 2518 5137 desunt
2555 5081 2604 5134 1.
2651 5089 2698 5134 et
2747 5079 2801 5133 in
2846 5075 3018 5132 Paulo
3059 5075 3461 5131 Bernriedensi.
