3940 5382
504 164 613 199 ἰιιιὲ)

1490 173 1837 235 BRUNONIS
1876 180 2143 273 CLERICI
2183 187 2809 256 MACDEBURGENSIS

3674 215 3776 269 536

506 260 707 318 fecerat
757 276 1013 327 contmuo
1050 272 1341 348 frangeret,
1398 291 1453 338 et
1508 286 1675 343 nichil
1720 305 1908 348 eorum
1950 272 2158 365 qua-,1
2187 300 2482 368 catisunt,
2530 322 2591 362 se
2635 309 2909 371 abstinere
2969 318 3168 386 noluit;
3218 324 3424 382 deinde
3480 328 3634 396 quod
3682 345 3777 397 pro

506 353 825 397 nmmiepmr
897 366 1176 397 oIlnnl'nnn
1264 378 1689 397 -.......__.---,-A,_
1815 385 1828 397 .
2246 391 2257 397 -
2323 392 2335 397 -
2445 394 2454 397 -

503 353 829 421 promiserat
895 366 1219 432 attendens,
1261 378 1759 437 excomnmuicatos
1813 385 1869 439 in
1923 403 2077 445 suam

500 440 929 505 familiaritatem
957 464 1012 507 et
1037 461 1470 519 communionem
1503 470 1790 539 reciperet,
1815 483 1869 530 et
1898 478 2073 533 eccle-

499 532 612 588 sias
636 534 691 588 in
719 552 838 594 eam
866 556 1025 610 quam
1050 560 1402 606 consueverat
1421 557 1790 617 confusionem
1815 566 2072 623 traheret.

496 618 615 688 Qua
640 625 706 681 de
737 641 796 682 re
827 633 976 700 gravi
1000 634 1185 692 dolore
1212 646 1476 711 percussi,
1506 665 1836 723 quamquam
1861 657 1930 688 aut
1956 669 2076 729 post

496 722 803 755 (‘nnlnlnnra
847 722 1083 755 ηηιῐαριζο
1115 729 1252 755 -....:..
1307 733 1529 755 t._._,_u4-
1884 748 1896 755 .
2091 724 2127 755 ο

494 722 804 789 contempta
847 722 1086 781 cmlestis
1113 729 1254 799 regis
1304 733 1565 793 beneﬁcia
1591 722 1728 811 pene
1748 748 1929 805 omnis
1951 722 2074 808 sues

493 807 846 867 correctionis
866 813 982 883 ejus
1007 819 1162 876 nobis
1203 822 1383 880 ablata
1412 830 1504 897 sit,
1527 833 1703 890 adhuc
1726 844 1904 895 tamen
1957 843 2074 897 aui-

489 907 637 949 mum
693 896 812 967 ejus
862 910 1232 975 temptandum
1305 912 1424 972 fore
1483 920 1841 993 decrevimus,
1901 933 2073 1003 magis

487 991 797 1063 cupientes,
843 1013 967 1057 eum
999 1007 1348 1075 apostolicam
1379 1022 1847 1078 mansuetudinem
1884 1026 2071 1082 audire

487 1093 650 1147 quam
688 1091 920 1156 experiri
960 1099 1329 1158 severitatem.
1363 1103 1547 1176 Itaque
1580 1110 1825 1170 misimus
1860 1116 1907 1172 ei
1948 1118 2067 1188 epi-

487 1176 656 1234 stolas
682 1189 1148 1260 commouitorias,
1178 1206 1237 1253 ut
1272 1205 1580 1262 meminerit
1599 1209 1727 1278 quid
1758 1220 1815 1266 et
1836 1213 1923 1267 cui
1947 1228 2069 1284 pro.

483 1266 724 1336 miserit.
781 1290 851 1332 ne
894 1284 1081 1341 credat
1126 1304 1186 1345 se
1235 1307 1393 1362 posse
1436 1296 1623 1356 fallere
1668 1302 1857 1369 Deum,
1911 1307 2099 1377 cujus,

482 1370 688 1427 quanto
725 1368 988 1436 prolixior
1027 1386 1114 1432 est
1165 1383 1449 1453 patientia,
1484 1398 1635 1445 tanto
1675 1368 1917 1451 severior
1957 1368 2063 1466 est,

481 1466 605 1550 cum
647 1456 896 1527 judicare
940 1473 1198 1540 cceperit,
1248 1476 1357 1544 ira;
1394 1496 1497 1537 neu
1559 1486 1854 1545 iuhonoret
1892 1491 2063 1550 Deum

480 1542 841 1607 honorantem
874 1569 952 1621 se,
983 1574 1084 1616 nec
1110 1562 1180 1596 ³¹⁶
1203 1573 1501 1637 potentiam
1528 1591 1684 1632 suam
1716 1580 1785 1635 ad
1812 1581 1905 1638 Dei
1935 1600 2063 1640 con-

480 1643 744 1734 temptum
769 1653 824 1699 et
852 1652 1200 1717 apostolicam
1246 1670 1476 1734 temptet
1522 1673 1819 1729 extendere
1862 1688 2056 1734 contu-

477 1729 719 1830 meliam,
752 1738 932 1797 sciens
950 1748 1092 1813 quod
1120 1729 1374 1822 superbis
1394 1757 1536 1817 Deus
1558 1766 1787 1830 resistit,
1844 1768 2061 1827 humili-

478 1817 580 1875 bus
833 1831 926 1887 dat
962 1817 1214 1907 gratiam.
1254 1844 1522 1907 Prmterea
1553 1856 1801 1915 misimus
1837 1862 1905 1916 ad
1933 1878 2058 1921 eum

478 1919 590 1968 tres
618 1916 898 1988 religiosos
945 1930 1118 1994 viros,
1147 1947 1274 1992 suos
1315 1941 1500 2012 utique
1530 1945 1734 2014 ﬁdeles,
1786 1965 1886 2020 per
1920 1969 2059 2025 quos

476 2018 600 2113 eum
630 2022 839 2070 secreto
888 2022 1219 2091 monuimus,
1253 2038 1312 2084 ut
1358 2034 1734 2101 ptenitentiam
1759 2018 1950 2113 ageret
1990 2046 2059 2101 de

474 2096 770 2205 sceleribus
814 2109 947 2175 suis,
989 2128 1111 2184 quae
1137 2119 1352 2187 quidem
1411 2126 1680 2186 horrenda
1728 2123 1873 2190 dicta
1907 2148 2054 2205 sunt,

472 2185 716 2255 pluribus
745 2205 928 2254 autem
951 2214 1078 2259 nota
1108 2185 1167 2262 et
1191 2209 1244 2264 in
1277 2214 1462 2272 multis
1482 2221 1732 2286 partibus
1759 2185 2053 2298 divulge”;

475 2290 697 2350 propter
723 2302 845 2356 qua:
866 2306 990 2347 eum
1017 2313 1123 2353 non
1153 2308 1617 2365 excommunieari
1658 2313 1834 2370 solum
1886 2333 2057 2389 usque

471 2370 539 2424 ad
569 2375 889 2448 condignam
916 2386 1341 2449 satisfactionem
1366 2436 1382 2462 ,
1414 2400 1509 2454 sed
1553 2401 1623 2457 ab
1649 2407 1797 2462 omni
1849 2370 2057 2467 boubre

471 2463 622 2557 regni
648 2464 856 2540 absque
890 2487 987 2544 spe
1014 2485 1440 2551 recuperationis
1477 2483 1674 2551 debere
1703 2463 2054 2557 destituiﬁdi-

468 2546 718 2649 liuarum
740 2567 797 2613 et
818 2560 1174 2627 humanarum
1220 2575 1399 2648 legum
1450 2590 1682 2641 testatur
1730 2595 2050 2649 auctoritas.

469 2638 751 2752 I’ostjremo
780 2651 885 2709 nisi
912 2666 1411 2728 excommunicatos
1448 2689 1477 2727 a
1506 2690 1602 2731 sua
1636 2681 2054 2752 participatione

467 2732 751 2804 divideret,
795 2758 892 2801 nos
917 2748 1084 2807 nichil
1139 2756 1286 2814 aliud
1310 2762 1378 2817 de
1422 2780 1488 2820 eo
1528 2732 1778 2837 judicare
1825 2732 1918 2831 aut
1944 2776 2054 2833 dis-

466 2837 690 2887 cernere
720 2832 786 2865 ⁸¹“’
815 2852 999 2909 posse,
1052 2846 1153 2902 nisi
1195 2859 1255 2906 ut
1288 2867 1573 2924 separatus
1621 2863 1690 2917 ab
1719 2865 1951 2923 ecclesia
1997 2870 2050 2925 in

2179 391 2486 451 criminosis
2515 398 2727 455 actibus
2768 418 2881 460 suae
2912 407 3039 464 vita:
3070 412 3449 480 pmuileutiam
3489 391 3605 472 non
3651 391 3776 474 dico

2180 480 2452 570 suscipere
2487 488 2581 540 sed
2613 503 2715 544 nec
2743 496 3062 560 promittere
3105 502 3326 569 quidem
3358 505 3564 570 voluit,
3615 523 3771 562 men-

2179 568 2275 623 tita
2298 586 2359 626 ea
2390 572 2495 629 lide
2534 591 2699 646 quam
2752 582 2808 637 in
2861 601 3054 645 manus
3100 568 3403 661 legatorum
3450 568 3772 652 nostrorum

2177 662 2529 730 promiserat;
2564 682 2772 727 necnon
2799 663 2946 744 quod
2966 692 3164 749 corpus
3187 680 3415 751 Christi,
3452 684 3503 740 id
3527 695 3617 742 est
3642 688 3771 740 nni-

2178 759 2342 809 tatem
2382 767 2581 813 sanetae
2626 764 2903 834 ecclesiae,
2931 770 3185 828 scindere
3224 788 3331 829 nou
3377 777 3643 847 expavit:
3674 794 3771 848 pro

2175 842 2280 907 his,
2311 845 2555 917 inquam,
2583 854 2760 925 culpis
2790 859 3036 929 synodali
3060 860 3267 931 judicio
3288 880 3415 920 eum
3442 842 3771 922 excommu-

2174 935 2496 1007 nicavimus,
2528 954 2592 1015 ut
2622 962 2785 1016 quem
2812 950 2971 1008 mites
3012 968 3121 1018 non
3152 956 3450 1026 potuimus,
3474 959 3560 1014 vel
3583 961 3770 1015 severi

2172 1028 2240 1082 ad
2263 1030 2405 1086 viam
2424 1034 2634 1104 salutis,
2665 1039 2774 1097 Deo
2803 1042 3115 1113 adjuvante,
3149 1061 3406 1105 revocare
3455 1051 3770 1117 valeamus,

2171 1132 2264 1177 aut
2292 1126 2361 1189 si,
2390 1130 2534 1196 quod
2575 1130 2739 1197 absit,
2789 1137 3282 1196 nec’districtionis
3312 1143 3533 1213 quidem
3564 1160 3770 1202 censu-

2172 1229 2286 1269 ram
2313 1219 2688 1290 pertimuerit,
2721 1236 2906 1281 nostra
2935 1231 3130 1286 saltem
3168 1232 3348 1288 anima
3383 1235 3455 1267 ³²⁸
3480 1237 3769 1308 negligen-

2171 1310 2258 1365 tia:
2288 1322 2383 1367 aut
2411 1314 2621 1373 timoris
2654 1318 2957 1377 discrimini
3001 1338 3108 1378 non
3152 1328 3491 1383 succumbat.
3542 1328 3606 1385 Si
3633 1331 3767 1399 quis

2168 1399 2334 1470 igitur
2372 1401 2511 1459 hanc
2547 1408 2875 1464 sententiam
2931 1410 3129 1480 injuste
3173 1414 3256 1469 vel
3304 1417 3768 1476 irrationabiliter

2167 1491 2432 1559 prolatam
2455 1509 2579 1552 esse
2619 1502 2913 1569 putaverit,
2942 1503 2989 1558 si
3020 1504 3143 1560 talis
3187 1516 3271 1562 est
3300 1516 3361 1562 ut
3379 1510 3557 1566 sacris
3603 1526 3766 1581 regn-

2167 1580 2232 1637 lis
2258 1583 2626 1657 intelligentia:
2651 1605 2870 1648 sensum
2897 1596 3141 1665 prmbere
3154 1613 3261 1653 non
3290 1598 3441 1664 velit,
3474 1601 3763 1657 nobiscum

2165 1672 2291 1730 inde
2318 1686 2480 1748 agat,
2514 1689 2572 1735 et
2608 1697 2714 1737 non
2757 1686 2887 1755 qttid
2918 1703 3018 1744 nos
3055 1690 3150 1744 sed
3170 1690 3299 1760 quid
3330 1690 3402 1723 '“
3433 1692 3618 1747 divina
3662 1710 3763 1749 au-

2162 1766 2387 1824 ctoritas
2413 1770 2624 1840 doceat,
2653 1776 2783 1845 quid
2810 1777 3068 1834 decernat
3095 1779 3187 1845 ”’,
3215 1782 3347 1850 quid
3375 1798 3627 1839 consona
3658 1802 3760 1841 vos

2161 1867 2472 1915 sanctorum
2505 1872 2718 1933 patrum
2743 1865 2973 1936 judicet,
2994 1871 3266 1939 patienter
3291 1873 3528 1929 audiens
3546 1877 3760 1946 acquie-

2157 1960 2297 2005 scat.
2319 1950 2428 2009 Nos
2454 1962 2633 2013 tamen
2660 1972 2766 2014 non
2787 1961 3120 2018 aestimamus
3143 1979 3479 2033 quemquam
3494 1966 3756 2033 ﬁdelium,

2158 2040 2250 2109 qui
2296 2044 2667 2103 ecclesiastica
2709 2059 2911 2106 statuta
2944 2056 3175 2115 noverit.
3208 2056 3309 2111 hoc
3331 2071 3532 2113 errore
3562 2061 3753 2121 teneri.

2158 2146 2217 2190 ut
2260 2151 2366 2191 non
2424 2138 2546 2199 hoc.
2574 2154 2632 2195 et
2686 2142 2730 2197 si
2783 2144 2997 2212 publice
3045 2145 3317 2204 allirmare
3374 2166 3502 2206 non
3539 2152 3752 2214 audeat,

2158 2229 2241 2281 vel
2290 2229 2343 2283 in
2425 2231 2591 2286 corde
2634 2247 2733 2288 suo
2783 2246 2932 2291 recte
2995 2236 3196 2294 factum
3248 2254 3375 2298 esse
3433 2244 3752 2311 perhibeat;

2157 2334 2487 2391 quamquam
2558 2333 2614 2377 et
2679 2325 2722 2378 si
2780 2339 2910 2392 nos,
2965 2329 3108 2397 quod
3167 2329 3308 2387 Deus
3384 2332 3463 2365 ³⁸³
3520 2345 3752 2399 avertat,

2157 2423 2264 2463 non
2312 2411 2448 2467 satis
2469 2413 2619 2482 gravi
2646 2413 2714 2470 de
2739 2430 2908 2473 causa
2939 2428 3033 2473 aut
3083 2421 3265 2478 minus
3318 2423 3582 2482 ordinate
3630 2443 3749 2483 eum

2157 2497 2463 2567 lmjusmodi
2507 2504 2723 2561 vinculo
2762 2507 3125 2579 ligaverimus,
3157 2513 3299 2569 sicut
3346 2518 3534 2572 sancti
3571 2531 3751 2589 patres

2155 2602 2424 2658 asserunt,
2450 2608 2556 2650 non
2586 2596 2791 2652 idcirco
2807 2603 3113 2668 spernenda
3135 2615 3285 2659 esset
3325 2608 3638 2674 sententia,
3660 2610 3751 2666 sed

2155 2679 2425 2736 absolutio
2452 2698 2578 2739 cum
2618 2686 2765 2740 omni
2811 2688 3453 2761 bumilitathuaarenda.
3502 2695 3617 2753 Vos
3659 2713 3751 2752 au-

2156 2778 2285 2833 tem,
2317 2771 2681 2842 dilectissimi,
2724 2778 2819 2848 qui
2860 2776 3133 2847 justitiam
3181 2782 3278 2841 Dei
3325 2800 3437 2841 non
3467 2801 3575 2856 pro
3602 2788 3744 2858 regia

2154 2862 2545 2933 indignatione,
2587 2884 2694 2923 non
2725 2884 2825 2939 pro
2852 2870 3036 2941 aliquo
3067 2874 3311 2943 periculo
3350 2878 3614 2934 deserere
3648 2896 3741 2934 vo-

462 2926 1057 2989 excommunicatorum
1089 2945 1363 3000 consortio
1394 2946 1567 3015 foret,
1590 2968 1714 3008 cum
1742 2958 1940 3027 quibus
1976 2963 2047 2997 ³⁸⁸

462 3012 814 3046 Μιὲιιοηιιη...
853 3037 966 3046 ω---
1007 3026 1064 3046 η.
1122 3031 1133 3043 .
1174 3041 1185 3046 ,
1478 3042 1488 3046 ,
1553 3045 1556 3046 ,

2156 2926 2356 3020 luistis,
2402 2926 2958 3018 fatuitatem‘eorum'
3003 2926 3096 3035 qui
3152 2966 3225 3021 de
3284 2971 3645 3026 execratione
3686 2982 3743 3028 et

459 3012 818 3112 potiusquam
849 3037 970 3079 cum
1005 3026 1226 3088 Christo
1246 3050 1457 3103 partem
1476 3042 1675 3100 habere
1696 3012 1878 3120 elegit.
1907 3052 2052 3113 Sane

2339 3012 2352 3020 .
2606 3012 2706 3014 νην-
2764 3012 2946 3018 -ν---π-
3006 3012 3096 3035 -ιπ-
3160 3012 3224 3021 -ν
3285 3012 3645 3026 ’ν’-*νικνσνιιν
3686 3012 3740 3028 ν·

2156 3045 2441 3101 mendacio
2495 3048 2551 3103 in
2623 3055 3096 3112 consummatione
3145 3058 3215 3090 m
3258 3061 3740 3130 parvipendentcs,

463 3100 509 3154 si
533 3105 722 3214 .n‘ostra
753 3113 956 3170 monita
983 3121 1259 3191 suscipere
1280 3138 1336 3181 et
1364 3130 1529 3188 vitam
1566 3150 1720 3193 suam
1772 3100 2051 3214 :orrigere

463 3206 526 3214 Μ
699 3199 738 3214 ἢ
1183 3213 1190 3214 ,

457 3192 644 3269 vellet.
696 3199 869 3259 Deum
924 3215 1115 3265 testem
1179 3213 1549 3280 invocavimus
1609 3239 1665 3283 et
1711 3192 2048 3301 invocamus,

459 3295 723 3375 quaptum
743 3308 845 3349 nos
863 3294 933 3352 de
953 3299 1071 3368 ejus
1099 3305 1272 3363 salute
1315 3321 1371 3367 et
1403 3314 1613 3371 honore
1657 3322 2043 3389 gauderemus,

459 3384 515 3430 ct
557 3392 686 3478 cum
732 3397 934 3453 quanta
984 3395 1212 3452 caritate
1256 3417 1380 3457 eum
1431 3404 1485 3459 in
1530 3411 1793 3478 gremium
1846 3426 2049 3472 sancta:

456 3465 703 3524 ecclesia:
742 3475 1227 3554 amplecteremur,
1275 3498 1460 3562 utpote
1505 3465 1628 3552 cum
1664 3502 1752 3569 qui
1790 3505 2044 3576 princeps

453 3559 637 3630 populi
666 3569 993 3663 constitutus
1043 3585 1098 3632 et
1124 3559 1439 3651 amplissimi
1489 3592 1639 3661 regni
1678 3559 2038 3663 gubernacula

454 3657 673 3719 tenens,
718 3659 1004 3720 catholica
1052 3671 1203 3736 pacis
1254 3684 1311 3728 et
1365 3657 1593 3745 justitia':
1623 3683 1879 3743 defensor
1916 3705 2039 3746 esse

452 3741 698 3855 fieberet.
751 3752 949 3811 Verum
1013 3765 1203 3831 quanti
1244 3741 1484 3838 ipsewaut
1540 3778 1740 3849 scripta
1789 3793 1886 3839 aut
1940 3801 2039 3855 per

451 3830 661 3936 legatos
705 3842 869 3899 missa
899 3860 1087 3908 nostra
1137 3858 1300 3914 verba
1347 3860 1560 3932 fecerit,
1591 3865 1707 3936 ejus
1753 3870 1895 3927 facta
1937 3830 2034 3931 de-

453 3924 685 4036 clarant.
738 3933 840 4002 Qui
894 3941 1109 4016 indigne
1164 3947 1346 4009 ferens
1385 3969 1445 4010 se
1474 3972 1807 4031 aquoquam
1856 3981 2036 4036 repre-

447 4016 612 4118 hendi
635 4033 730 4078 aut
756 4031 980 4101 corripi,
1011 4052 1118 4093 non
1141 4040 1314 4097 solum
1342 4061 1374 4099 τι
1404 4052 1731 4118 perpetratis
1759 4055 1826 4108 ad
1846 4016 2037 4113 enica-

447 4107 720 4170 dationem
753 4127 997 4180 revocari
1048 4144 1154 4184 non
1214 4137 1410 4203 potuit,
1461 4143 1556 4195 sed
1606 4146 1857 4215 ampliori
1904 4165 2033 4206 con-

451 4199 694 4311 scientiae
726 4223 838 4266 suae
885 4214 1070 4275 furore
1114 4236 1386 4295 arreptus,
1425 4248 1531 4286 non
1573 4236 1725 4304 prius
1770 4244 2027 4311 cessavit,

446 4290 617 4395 donec
638 4299 923 4371 episcopos
954 4322 1089 4375 pene
1108 4290 1298 4370 omnes
1347 4290 1401 4373 in
1440 4290 1613 4390 Italia,
1646 4326 1699 4381 in
1743 4290 2033 4390 Theutoni:
2062 4344 2112 4403 ι)

447 4381 528 4481 eis
561 4400 711 4481 .vero
773 4393 1019 4481 partibus
1080 4412 1346 4476 quotquot
1403 4381 1612 4480 potuit,
1654 4381 1800 4476 circa
1864 4422 2027 4481 fidem

446 4470 647 4574 Emisti
698 4480 1020 4555 naufragare
1063 4470 1534 4562 fecit,-dum-eos

446 4557 695 4665 Pet-reet
726 4575 1036 4639 apostolica:
1082 4587 1197 4642 sedi
1227 4590 1616 4653 obmdientiam
1666 4611 1721 4656 ct
1764 4604 2026 4665 honorem

446 4668 476 4703 a
506 4653 577 4685 '"
605 4656 837 4720 Domino
872 4681 1059 4728 nostro
1086 4676 1213 4734 Iesu
1244 4681 1464 4742 Christo
1504 4706 1828 4751 concessum
1860 4700 2023 4757 abne-

444 4764 575 4819 gare
604 4756 837 4829 subegit.
887 4764 1021 4820 Cum
1063 4769 1226 4841 igitur
1251 4775 1590 4848 iniquitatem
1615 4785 1735 4855 ejus
1774 4790 1843 4845 ad
1872 4756 2021 4846 sum-

447 4856 597 4941 mum
642 4850 884 4915 prodisse
942 4857 1209 4941 vidimus,
1242 4880 1342 4934 pro
1387 4869 1472 4925 bis
1517 4850 1726 4941 causis,
1776 4881 2026 4938 videlicet

445 4933 712 5005 primunt,
736 4946 879 5011 quod
912 4938 982 5004 ab
1010 4966 1197 5010 eorum
1232 4964 1611 5021 communione
1655 4971 1746 5039 qui
1794 4987 1892 5041 pro
1937 4989 2025 5028 Sa~

442 5026 664 5093 crilegio
708 5044 764 5089 et
829 5047 986 5095 reatu
1021 5044 1334 5106 simoniacae
1378 5054 1602 5112 haeresis
1645 5064 2021 5118 excommuni-

2154 3134 2384 3192 viriliter
2407 3147 2551 3195 state
2597 3150 2652 3196 et
2687 3143 3069 3213 confortamini
3106 3149 3161 3203 in
3203 3150 3459 3218 Domino,
3487 3154 3737 3220 scieram.

2149 3231 2294 3299 quod
2333 3232 2477 3289 illius
2495 3244 2707 3303 partem
2746 3237 3056 3308 defenditis,
3098 3243 3191 3311 qui
3221 3243 3618 3315 insuperabilis
3648 3263 3738 3303 rex

2147 3330 2203 3376 et
2230 3323 2301 3354 ³³⁸
2335 3327 2652 3397 magnilicus
2676 3329 3041 3402 triumphator
3076 3334 3427 3405 judicaturus
3474 3350 3564 3396 est
3592 3342 3737 3396 vivos

2146 3424 2204 3469 et
2250 3424 2526 3481 mortuos,
2585 3421 2817 3477 reddens
2880 3425 3172 3495 unicuique
3233 3422 3543 3487 secundum
3606 3447 3763 3503 opus

2144 3519 2322 3560 suum.
2374 3506 2451 3562 De
2494 3510 2648 3580 cujus
2673 3512 2986 3570 multimoda
3016 3518 3376 3576 retributione
3396 3531 3455 3577 et
3480 3539 3583 3580 vos
3607 3528 3730 3581 certi

2143 3610 2264 3650 esse
2290 3598 2555 3666 poteritis,
2602 3600 2647 3655 si
2679 3617 2849 3674 usque
2887 3605 2941 3660 in
2994 3606 3157 3663 ﬁnem
3215 3610 3405 3670 fideles
3456 3625 3516 3670 et
3551 3617 3730 3671 incon-

2142 3686 2286 3740 cussi
2323 3686 2374 3740 in
2404 3686 2520 3756 ejus
2551 3690 2779 3748 veritate
2801 3697 3173 3762 perstiteritis.
3207 3699 3445 3773 Propter
3502 3709 3651 3777 quod
3677 3718 3727 3762 et

2141 3792 2242 3831 nos
2285 3777 2623 3837 incessanter
2659 3798 2759 3854 pro
2782 3786 2937 3844 vobis
2964 3804 3219 3860 rogamus
3247 3792 3542 3853 Dominum
3566 3799 3727 3865 “ﬁat

2097 3904 2105 3913 -
2141 3868 2233 3924 det
2255 3871 2410 3927 vobis
2437 3873 2692 3931 virtutem
2715 3879 3057 3937 corroborari
3088 3898 3185 3953 per
3198 3883 3465 3954 Spiritum
3481 3904 3723 3949 sanctum

2142 3958 2196 4012 in
2221 3960 2438 4015 nomine
2459 3963 2608 4032 ejus,
2634 3974 2689 4019 et
2717 3978 3000 4024 convertat
3026 3988 3123 4027 cor
3161 3975 3304 4045 regis
3352 3979 3425 4032 ad
3456 3984 3723 4050 pauitan-

2143 4052 2294 4120 tiam;
2320 4062 2379 4107 ut
2397 4065 2452 4109 et
2478 4055 2592 4126 ipse
2610 4058 2903 4129 aliquando
2918 4076 3197 4134 agnoscat,
3226 4084 3329 4127 nos
3353 4079 3410 4127 et
3436 4088 3540 4128 vos
3562 4078 3721 4130 multo
3746 4098 3749 4101 ·

2140 4143 2321 4199 verius
2347 4160 2533 4202 amare
2551 4162 2696 4215 cum,
2718 4167 2881 4222 quam
2912 4155 3001 4223 qui
3033 4172 3178 4213 nunc
3204 4159 3320 4216 suis
3349 4160 3718 4232 iniquitatibus

2134 4234 2513 4307 obsequuntur
2544 4249 2601 4296 et
2629 4240 2829 4299 favent.
2850 4244 2950 4313 Qui
2982 4247 3028 4301 si
3069 4247 3180 4304 Deo
3201 4249 3713 4320 inspirantevolue-

2138 4328 2210 4383 rit
2242 4331 2579 4401 resipiscere,
2603 4335 2860 4406 quicquid
2904 4349 3096 4395 contra
3123 4357 3222 4397 nos
3251 4343 3536 4411 moliatur,
3582 4363 3713 4404 sem-

2137 4434 2235 4491 per
2277 4430 2455 4479 tamen
2503 4440 2603 4481 nos
2657 4428 2725 4482 ad
2774 4429 3141 4499 recipiendum
3191 4448 3314 4488 eum
3366 4436 3421 4490 in
3476 4446 3707 4495 sanctam

2137 4515 2591 4582 communionem,
2640 4528 2802 4587 prout
2848 4531 3027 4576 vestra
3076 4523 3278 4581 caritas
3323 4526 3487 4583 nobis
3530 4546 3708 4587 consu-

2136 4604 2317 4668 luerit,
2345 4615 2565 4675 paratos
2593 4608 2854 4685 inveniet.
2878 4630 2898 4662 ι
3204 4678 3207 4681 Α

2203 4696 2290 4751 75.
2319 4698 2513 4754 Postea
2566 4714 2716 4764 vero,
2763 4710 2822 4754 ut
2880 4706 3505 4764 cxcommunieationem
3552 4727 3703 4780 quam

2132 4784 2336 4839 fecerat
2381 4787 2615 4857 amplius
2646 4789 3017 4856 conﬁrmaret,
3070 4795 3167 4850 has
3205 4798 3421 4853 litteras
3476 4803 3622 4857 misit
3654 4802 3703 4854 iu

2126 4874 2490 4935 'I‘heutouicas
2517 4881 2762 4952 regiones
2794 4900 2809 4936 :

2197 4987 2216 5020 α
2259 4969 2554 5042 Gregorius
2587 4974 2873 5043 episcopus
2925 4976 3119 5047 (GREG.
3163 4981 3273 5048 VII,
3309 4982 3438 5054 Reg.
3472 5003 3590 5048 vui.
3615 4986 3730 5047 2!,-

2120 5060 2250 5116 Cod.
2295 5060 2482 5117 Udalr.
2532 5065 2892 5137 l56),servus
2939 5086 3226 5130 servorum
3269 5077 3385 5142 Dei,
3425 5078 3693 5135 dilectoin

1716 5253 1943 5312 VARUS
2002 5256 2404 5314 LEC'I'IONES.
