3940 5382
32 258 167 312 ὶὸτ
201 312 207 316 .

1350 268 1437 323 ΠΕ
1477 268 1699 324 ηιςιΜ)
1735 268 2093 325 SAXONICU.

3259 262 3359 319 558

35 374 304 431 Christo
344 375 502 443 fratrj
530 374 595 433 Ν.
647 377 717 411 ⁸⁸⁷
756 378 1006 449 episcopo
1052 380 1279 435 salutem
1325 390 1379 436 et
1417 382 1672 451 apostoli-
1702 382 1973 453 ,\juditio
1990 389 2188 450 portat.
2212 379 2363 436 llanc
2387 380 2566 448 itaque
2582 376 2776 433 divinae
2814 375 3110 431 voluntatis
3140 377 3359 431 institu-

38 479 188 520 cam
238 464 700 525 benedictionem.
750 471 903 538 Quod
932 473 999 527 ad
1053 472 1405 542 perferendos
1457 475 1671 529 labores

40 572 120 611 ac
147 560 413 628 pericula
454 576 551 631 pro
577 562 894 618 defensione
939 565 1184 619 veritatis
1217 575 1268 620 te
1303 574 1555 633 paratum
1591 566 1675 618 in-

39 648 400 716 telligimus,
427 653 595 707 divini
623 654 862 708 muneris
886 669 1006 708 esse
1038 669 1143 708 non
1194 655 1527 719 dubitamus,
1582 669 1676 709 cu.

33 741 144 810 jus
170 742 397 799 "‘liaec
419 755 507 801 est
543 745 834 801 ineti'abilis
870 748 1043 818 gratia
1088 757 1144 802 et
1184 750 1319 801 mira
1366 746 1675 810 clementia,

40 833 214 899 quod
302 850 601 904 numquam
679 836 883 891 electos
954 852 1083 892 suos
1148 839 1363 907 penitus
1424 839 1681 893 aberrare

43 923 368 991 permittit,
428 942 721 997 numquam
757 928 1003 985 funditus
1040 929 1356 984 labefactari
1378 938 1471 983 aut
1520 927 1678 997 dejici

38 1014 222 1078 sinit,
258 1017 391 1069 dum
422 1031 519 1071 eos
548 1020 944 1087 persecutionis
982 1029 1229 1090 tempore
1270 1020 1505 1090 quadam
1560 1011 1679 1075 utili

45 1107 411 1175 probatione
484 1110 791 1179 discussos,
855 1117 1020 1167 etiam
1087 1122 1212 1183 post
1263 1113 1680 1184 trepidationem

44 1197 319 1268 aliquam
348 1211 519 1255 semet
569 1201 701 1270 ipsis
730 1200 985 1257 fortiores
1035 1201 1218 1257 faciat.
1261 1197 1555 1270 Quoniam
1584 1216 1682 1256 au-

46 1296 204 1351 tem,
259 1289 407 1343 sicut
454 1289 600 1343 inter
649 1290 873 1360 ignavos
920 1291 1111 1354 alium,
1148 1307 1256 1360 quo
1304 1291 1516 1360 turpius
1573 1290 1711 1345 alio'

48 1380 271 1450 fugiat,
309 1380 473 1436 timor
497 1382 778 1437 exanin'iat
798 1384 902 1445 3”,
930 1383 1002 1437 ita
1046 1382 1210 1437 etiam
1244 1382 1389 1437 inter
1423 1394 1681 1437 strenuos

46 1472 266 1537 alium,
321 1489 429 1543 quo
452 1472 649 1529 fortius
679 1473 784 1530 alio
806 1483 955 1543 agat,
976 1489 1086 1544 quo
1117 1474 1399 1528 ardentius
1435 1488 1685 1543 prorum-

47 1574 153 1633 pat
165 1563 268 1627 ³³⁸,
283 1564 440 1619 virile
454 1574 645 1635 pectus
658 1563 983 1620 inﬂammat:
999 1565 1101 1620 hoc
1120 1562 1339 1620 caritati
1358 1574 1462 1619 tute
1478 1564 1681 1618 exhor-

51 1655 306 1712 tationis
328 1671 461 1712 voce
494 1657 802 1713 curavimus
825 1656 1227 1720 commendare,
1262 1666 1319 1712 ut
1338 1671 1406 1712 eo
1431 1656 1602 1727 magis
1627 1655 1678 1709 in

1781 475 2015 535 tionem,
2047 473 2149 528 boc
2186 471 2587 525 firmamentum
2641 467 3058 538 dispensationis
3092 466 3357 530 ecclesize,

1780 565 1883 620 hoc
1912 562 2252 634 privilegium
2278 562 2439 617 beato
2467 561 2534 594 ³³⁷
2549 560 2709 615 Petro
2733 558 3103 628 apostolorum
3130 560 3359 629 principi

1781 656 1986 711 cmlesti
2016 655 2237 709 decreto
2266 650 2640 723 principaliter
2669 649 2925 704 traditum
2985 657 3148 719 atque
3177 649 3361 704 tirma-

1782 754 1895 799 tum
1925 744 2095 799 san’cti
2120 750 2305 811 patres
2318 757 2441 797 cum
2457 754 2651 810 magna
2681 736 3037 793 veneratione
3056 739 3359 808 suscipien-

1784 844 1866 888 tes
1889 842 2055 902 atquc
2078 839 2377 896 servantes,
2428 838 2676 884 sanctam
2717 829 3016 883 Romanam
3070 828 3359 883 ecclesiam

1784 933 1893 978 tam
1922 924 1975 977 in
2006 921 2352 993 generalibus
2378 918 2647 984 conciliis,
2704 933 2868 989 quam
2896 920 3060 975 etiam
3095 919 3147 973 in
3165 919 3363 973 ceteris

1783 1014 2001 1083 scriptis
2022 1022 2078 1068 et
2106 1012 2273 1083 gestis
2289 1013 2404 1065 suis
2430 1009 2797 1065 universalem
2854 1017 3082 1065 matrem
3120 1009 3357 1080 appella.

1781 1117 2004 1173 verum;
2039 1115 2093 1161 et
2125 1106 2268 1161 sicut
2330 1102 2448 1171 ejus
2491 1105 2815 1160 documenta
2866 1104 2920 1159 in
2953 1103 3365 1160 confirmatione
3398 1122 3402 1127 θ

1785 1200 1906 1254 tidei
1935 1208 1990 1255 et
2011 1199 2317 1255 eruditione
2342 1212 2511 1253 sacrae
2540 1196 2837 1269 religionis,
2871 1197 2943 1251 ita
2969 1197 3134 1250 etiam
3163 1195 3362 1251 =udicia

1783 1298 2168 1359 susceperunt;
2208 1288 2261 1342 in
2290 1289 2391 1343 hoc
2415 1288 2821 1343 consentientes
2849 1295 3077 1355 etquasn
3106 1302 3212 1340 uno
3243 1286 3364 1356 spi-

1788 1385 1893 1439 ritu
1923 1394 1979 1439 et
2012 1399 2119 1437 una
2152 1398 2287 1438 voce
2324 1384 2740 1447 concordantes,
2795 1397 2985 1438 omnes
3017 1380 3252 1449 majores
3276 1398 3365 1437 res

1784 1485 1839 1530 et
1866 1475 2138 1546 praecipua
2168 1476 2409 1546 negotia,
2450 1488 2661 1532 necnon
2719 1475 2961 1529 omnimn
3009 1474 3399 1530 ecclesiarum'

1780 1564 2002 1634 judicia,
2032 1565 2097 1620 ad
2114 1581 2236 1621 eam
2270 1567 2425 1636 quasi
2475 1566 2543 1620 ad
2590 1574 2818 1620 matrem
2858 1573 2912 1620 et
2967 1573 3128 1635 caput
3167 1564 3369 1618 debere
3419 1600 3427 1610 ι

1786 1656 2017 1723 referri;
2047 1655 2118 1711 ab
2144 1668 2206 1711 ea
2233 1671 2498 1726 nusquam
2529 1656 2814 1726 appellari,
2837 1653 3185 1727 judiciaejus
3210 1669 3240 1707 a
3274 1669 3369 1707 nc-

50 1748 521 1804 aciecbristiana:
535 1749 807 1820 religionis
822 1758 969 1805 stare
986 1749 1676 1820 tedelectetinterprimos,
1714 1733 1755 1790 Β
1789 1748 1936 1804 mine
1968 1747 2255 1803 retractari
2284 1745 2578 1810 autrefelli
2621 1747 2823 1801 debere
2876 1755 2965 1799 aut
2996 1760 3174 1816 posse.
3217 1742 3371 1799 Unde

52 1852 178 1907 quo
227 1853 329 1894 eos
375 1856 484 1895 non
535 1840 753 1895 dubitas
794 1841 988 1895 victori
1023 1841 1133 1896 Deo
1188 1842 1470 1911 proximos
1514 1850 1680 1911 atque

54 1932 448 2002 dignissimos.
484 1933 637 2000 Quod
662 1942 843 1988 autem
866 1935 1173 2004 postulasti,
1200 1946 1253 1989 te
1281 1934 1439 2006 quasi
1474 1934 1680 1990 nostris

56 2027 300 2096 scriptis
344 2026 526 2097 juvari
575 2042 641 2083 ac
688 2029 1001 2098 praemuniri
1042 2039 1237 2086 contra
1288 2029 1500 2086 illorum
1537 2030 1682 2085 insa—

57 2119 246 2184 niam,
278 2121 374 2191 qui
408 2119 644 2175 nefando
669 2135 763 2175 ore
787 2122 1057 2192 garriunt,
1102 2123 1499 2178 auctoritatem
1555 2137 1681 2178 san-

62 2219 171 2264 cte
241 2211 558 2281 apostolicae
596 2213 740 2267 sedis
795 2229 901 2267 non
933 2214 1173 2284 potuisse
1225 2229 1407 2286 regem
1469 2214 1682 2269 lloinri-

63 2302 198 2353 cum
236 2301 336 2366 ω,
369 2303 647 2358 hominem
692 2305 1007 2360 christiana:
1031 2305 1166 2375 legis
1225 2315 1678 2378 contemptorem,

65 2392 438 2449 ecclesiarum
529 2396 783 2452 videlicet
863 2406 920 2451 et
995 2397 1207 2468 imperii
1285 2400 1678 2455 destructorem

69 2496 245 2554 atque
317 2487 701 2542 lucreticorum
770 2497 1051 2545 auctorem
1118 2499 1172 2546 et
1229 2499 1678 2556 consentaneum,

68 2578 582 2643 excommunicare,
631 2594 730 2635 nec
760 2595 1093 2651 quemquam
1120 2597 1152 2636 a
1185 2592 1527 2637 sacramento
1551 2581 1681 2636 lide-

71 2668 251 2763 litatris
275 2667 394 2736 ejus
410 2668 725 2735 absolvere,
753 2686 862 2725 non
884 2673 1023 2727 adeo
1043 2671 1115 2705 ⁸³⁸
1130 2673 1500 2728 necessarium
1526 2674 1681 2728 nobis

73 2760 299 2841 videtur
321 2776 449 2817 cum
484 2760 644 2831 hujus
672 2763 751 2818 rei
777 2773 887 2818 tam
919 2764 1087 2820 multa
1136 2780 1201 2820 ac
1227 2766 1536 2820 certissima
1586 2766 1682 2821 do-

10 2924 17 2929 δ
74 2844 338 2906 ramenta
394 2854 763 2909 insacrarum
811 2855 1209 2927 scripturarum
1261 2856 1475 2926 paginis
1522 2872 1681 2927 repe-

78 2944 322 3000 riantur.
357 2942 549 3015 Neque
575 2946 720 3000 enim
745 2948 1019 3004 credimus
1044 2961 1161 3013 eos,
1194 2949 1285 3018 qui
1310 2948 1375 3002 ad
1401 2948 1678 3003 cumulum

80 3049 195 3089 suae
223 3035 629 3105 dampnatiouis
655 3038 870 3092 veritati
922 3038 1267 3109 impudenter
1295 3039 1364 3073 ³³³
1385 3039 1679 3095 detrahunt

83 3134 138 3179 et
159 3126 584 3193 contradicunt,
624 3128 727 3183 hoc
774 3130 842 3184 ad
871 3145 982 3185 sum
1004 3108 1343 3187 defensionis
1399 3132 1679 3187 audaciam
1708 3108 1755 3171 (ἶ

84 3224 197 3271 tam
229 3217 539 3288 ignorantia
579 3235 743 3290 quam
782 3224 992 3278 miserm
1051 3224 1445 3295 desperationis
1488 3240 1682 3281 vecor-

84 3310 177 3364 dia
197 3321 505 3382 coaptassc.
531 3312 640 3369 Nec
665 3315 886 3381 mirum;
937 3331 1057 3372 mos
1095 3326 1178 3373 est
1224 3317 1368 3373 enim
1421 3320 1685 3390 reprobo-

88 3418 206 3455 rum
251 3404 322 3456 ob
358 3420 486 3468 sate,
514 3406 769 3475 nequitia:
826 3408 1222 3477 protectiouem
1261 3408 1334 3442 m
1371 3410 1687 3466 consimiles

87 3497 194 3549 sibi
228 3484 567 3562 defendere:
605 3499 731 3568 quia
790 3515 888 3571 pro
918 3500 1122 3557 nicliilo
1163 3501 1364 3557 habent
1416 3502 1683 3557 mendacii

90 3587 450 3656 perditionem
476 3588 776 3645 incurrere.
806 3590 939 3645 Nam
980 3598 1042 3647 ut
1086 3591 1153 3647 de
1182 3591 1367 3646 multis
1392 3607 1560 3658 pauca
1608 3593 1687 3647 di-

91 3694 302 3743 camus,
348 3681 474 3749 quis
522 3680 738 3752 ignorat
779 3698 965 3739 vocem
1001 3683 1211 3738 Domini
1277 3698 1342 3738 ac
1391 3683 1685 3740 salvatoris

70 3771 262 3820 nostri
288 3766 416 3824 Jesu
448 3770 895 3827 Cbristidicentis
926 3773 1276 3845 inevangelio
1303 3792 1321 3832 :
1351 3796 1368 3828 ι
1391 3775 1471 3831 Tu
1498 3789 1557 3829 es
1586 3774 1687 3830 Pe-

58 3866 230 3925 μεως,
271 3867 324 3912 et
369 3874 537 3929 super
591 3861 731 3916 banc
793 3871 1002 3933 petram
1060 3865 1342 3921 tedilicabo
1391 3868 1681 3924 ecclesiam

93 3963 293 4011 meam,
332 3959 387 4003 et
416 3958 589 4018 porta:
625 3950 782 4005 inferi
842 3968 947 4008 non
1003 3955 1373 4025 prtcvalebunt
1423 3959 1685 4014 adversus

94 4057 233 4096 eam.
267 4044 330 4097 Et
357 4044 451 4098 tibi
488 4045 629 4100 dabo
671 4046 852 4102 claves
907 4050 1055 4119 regni
1106 4049 1390 4112 cminrum,
1424 4062 1479 4105 et
1516 4051 1685 4121 ψιοά-

94 4154 326 4207 cumque
361 4138 617 4207 ligaveris
670 4155 835 4212 super
881 4150 1105 4207 terram,
1159 4144 1263 4197 erit
1300 4142 1523 4213 ligatum
1551 4154 1604 4200 et
1632 4145 1683 4199 in

97 4228 270 4294 caelis,
297 4240 353 4285 et
382 4231 763 4301 quodcumque
812 4233 1040 4288 solveris
1087 4249 1250 4304 super
1297 4244 1521 4298 terram,
1579 4236 1686 4289 erit

98 4316 330 4372 solutum
374 4318 505 4373 etin
537 4321 729 4375 caelis?
765 4340 786 4375 ι
845 4321 1060 4393 (Matth.
1094 4325 1253 4400 λη),
1281 4324 1551 4395 Numquid
1600 4326 1688 4380 hic

100 4415 224 4460 sunt
249 4422 406 4479 reges
454 4410 689 4471 excepti,
749 4419 844 4465 aut
890 4427 993 4466 non
1028 4423 1173 4475 sunt,
1230 4413 1299 4469 de
1327 4415 1518 4471 ovibus
1548 4428 1686 4485 quas

104 4500 241 4554 filius
265 4501 361 4557 Dei
389 4502 550 4557 beato
577 4502 735 4558 Petro
760 4505 1065 4568 commisit?
1094 4505 1225 4574 Quis
1249 4547 1262 4569 ,
1300 4522 1451 4579 rogo,
1484 4507 1536 4562 in
1567 4481 1683 4561 bac
1719 4481 1763 4538 D

104 4591 387 4647 universali
418 4593 490 4624 ³³⁸
511 4595 863 4649 concessione
885 4595 1082 4666 ligandi
1133 4598 1297 4667 atque
1350 4597 1617 4664 solvendi,
1649 4615 1677 4652 a

104 4687 363 4749 potestate
379 4683 526 4738 Petri
552 4699 611 4739 se
632 4685 911 4739 exclusum
937 4701 1060 4742 esse
1087 4687 1389 4753 existimat,
1414 4688 1515 4741 nisi
1542 4687 1682 4743 forte

108 4771 280 4828 infelix
308 4774 424 4839 ille,
456 4776 548 4843 qui
590 4774 775 4846 jngum
823 4776 1029 4831 Domini
1082 4778 1153 4810 ³³⁸
1184 4788 1403 4846 portare
1461 4779 1673 4846 nolens,

109 4862 295 4920 diaboli
323 4880 383 4920 se
401 4866 621 4936 subjicit
645 4868 826 4932 oneri,
851 4877 906 4923 et
936 4868 987 4923 iu
1016 4884 1244 4923 numero
1272 4870 1452 4925 ovium
1480 4872 1683 4927 Christi

109 4969 224 5009 esse
273 4958 513 5012 recusat?
541 4956 639 5011 Cui
696 4968 877 5014 tamen
919 4960 1022 5015 boc
1066 4963 1132 5014 ad
1171 4961 1425 5016 miseram
1460 4963 1686 5017 liberta-

116 5052 218 5096 tem
244 5047 460 5102 minime
509 5047 755 5117 proficit,
798 5053 924 5120 quia
954 5060 1282 5120 potestatem
1311 5051 1455 5109 Petri
1488 5053 1685 5108 divini-

1783 1838 1978 1894 beatus
2003 1836 2255 1892 Gelasins
2282 1852 2419 1907 papa
2450 1836 2742 1892 Anastasio
2780 1835 3093 1906 imperaturi
3124 1835 3371 1889 scribens

1784 1930 1956 2001 (epist.
1992 1929 2100 2002 l0),
2137 1929 2321 1983 divina
2356 1929 2522 1985 fultus
2545 1929 2891 1989 auctoritate,
2929 1927 3060 1996 quid
3084 1937 3141 1981 et
3195 1926 3372 1996 quali—

1782 2032 1867 2079 ter
1891 2024 1957 2080 de
1979 2023 2287 2093 principatu
2319 2032 2524 2079 sanctae
2569 2032 2619 2078 et
2652 2023 2965 2093 apostotiem
2993 2022 3138 2076 sedis
3167 2020 3372 2076 sentire

1780 2116 2023 2180 deberet,
2053 2116 2154 2171 hoc
2203 2116 2363 2171 modo
2413 2131 2537 2171 eum
2591 2115 2939 2170 instruxit”
2985 2114 3118 2178 Etsi,
3173 2114 3367 2184 inquit,

1783 2209 2002 2264 cunctis
2023 2208 2359 2281 generaliter
2403 2208 2776 2266 sacerdotibus
2805 2216 2953 2262 recte
2994 2208 3174 2262 divina
3232 2217 3372 2261 trae-

1781 2298 2040 2364 tantibus,
2067 2298 2307 2354 fidelium
2333 2299 2401 2333 ³⁸³
2427 2298 2681 2355 convenit
2706 2297 2841 2354 colla
2875 2296 3140 2361 submitti,
3167 2306 3372 2367 quanto

1782 2392 1963 2458 potius
1992 2391 2140 2446 sedis
2181 2390 2325 2446 illius
2352 2390 2569 2461 praesuli
2600 2405 2900 2445 consensus
2921 2398 3008 2445 est
3033 2388 3374 2443 adhibendus

1782 2500 1942 2556 quem
1967 2484 2178 2539 cunctis
2197 2483 2573 2539 sacerdotibus
2588 2492 2642 2539 et
2670 2482 2930 2539 divinitas
2958 2490 3185 2551 summa.
3200 2480 3373 2536 voluit

1783 2576 2125 2648 prteminere,
2156 2588 2212 2633 et
2234 2577 2574 2645 subsequens
2598 2575 2844 2631 ecclesia:
2868 2574 3139 2645 generalis
3160 2574 3368 2645 jugiter

1782 2670 1959 2739 pietas
1983 2669 2279 2726 celebravit
2306 2672 2330 2722 ζ’
2358 2668 2489 2724 »Πιιὶ
2527 2667 2813 2739 prudentia
2841 2677 2931 2721 tua
2970 2667 3252 2720 evidenter
3277 2667 3376 2719 ad-

1783 2763 1978 2829 vertit,
2017 2776 2313 2833 numquam
2334 2762 2578 2832 quolibet
2620 2761 2839 2831 penitus
2870 2761 3108 2814 humano
3143 2757 3372 2813 consilio

1784 2869 2004 2924 requare
2023 2869 2082 2910 se
2113 2870 2437 2924 quemquam
2459 2866 2618 2924 posse
2645 2853 2787 2907 illius
2818 2851 3098 2924 privilegio
3125 2850 3370 2904 vel'con-

1785 2946 2026 3011 fessioui,
2084 2959 2245 3016 quem
2293 2946 2363 2977 '3'
2393 2944 2596 3001 Christi
2641 2960 2744 3000 vox
2794 2942 3032 3015 prtetulit
3079 2940 3369 3005 universis,

1784 3056 1948 3110 quem
1976 3038 2208 3095 ecclesia
2235 3038 2539 3094 veneranda
2558 3050 2773 3106 semper
2792 3034 3041 3091 confessa
3069 3040 3154 3087 est
3183 3042 3237 3087 et
3273 3034 3370 3086 ba-

1789 3132 1878 3187 bet
1904 3130 2096 3186 devota
2129 3131 2439 3201 primatem.
2479 3128 2609 3183 Item
2638 3126 2812 3183 Julius
2835 3140 2973 3197 papa
3016 3122 3374 3179 orientalibus

1783 3222 2053 3293 episcopis
2081 3222 2352 3284 scribens.
2380 3222 2446 3275 de
2498 3227 2770 3289 potestate
2799 3217 3039 3287 ejusdem
3085 3223 3289 3270 sancta:
3312 3222 3374 3267 et

1786 3313 2093 3383 apostolicae
2114 3312 2263 3367 sedis
2289 3311 2366 3365 ait
2395 3311 2571 3382 (epist.
2599 3309 2687 3380 2):
2722 3310 2990 3363 Dccucrat
3013 3321 3129 3371 vos,
3148 3307 3369 3365 fratres,

1785 3407 2045 3458 adversus
2078 3410 2325 3458 sanctam
2348 3399 2651 3455 Romanam
2698 3407 2753 3454 et
2804 3397 3156 3469 apostolicam
3198 3395 3374 3451 eccle-

1786 3495 1919 3550 siam
1948 3495 2130 3551 limate
2151 3494 2243 3560 m,
2270 3502 2328 3549 et
2342 3509 2448 3548 nou
2472 3493 2678 3548 ironice
2698 3490 2868 3561 loqui,
2888 3490 3151 3562 quoniam
3168 3498 3222 3544 ct
3249 3489 3370 3558 ipse

1790 3589 2045 3644 Dominus
2066 3598 2257 3643 uoster
2280 3586 2440 3642 Jesus
2468 3586 2721 3641 Christus
2745 3599 2864 3639 eam
2893 3584 3149 3640 decenter
3169 3581 3374 3637 allocu-

1789 3693 1874 3736 tus
1897 3683 1975 3736 ait
2002 3699 2051 3736 ε»
2086 3699 2105 3733 ι
2142 3679 2222 3735 Tu
2245 3695 2307 3736 es
2339 3679 2552 3741 Petrus,
2576 3685 2633 3732 et
2658 3690 2820 3746 super
2846 3676 2986 3730 hanc
3006 3683 3216 3745 petram
3238 3673 3377 3728 mdid

1789 3775 1961 3828 lieabo
1988 3771 2275 3827 ecclesiam
2304 3785 2485 3825 meam
2511 3780 2568 3822 et
2593 3776 2763 3837 porta:
2785 3765 2943 3820 inferi
2969 3781 3075 3820 non
3100 3762 3372 3833 praevale-

1789 3868 1924 3919 bunt
1944 3863 2207 3918 adversus
2242 3876 2386 3925 eam,
2413 3868 2472 3914 et
2492 3859 2587 3914 tibi
2619 3857 2758 3912 dabo
2781 3856 2961 3912 claves
2998 3855 3150 3925 regni
3207 3854 3398 3910 emlo»

1790 3969 1927 4007 rum.
1970 3971 1989 4005 ι
2027 3970 2046 4005 t
2080 3950 2256 4006 Habet
2274 3949 2420 4006 enim
2459 3945 3059 4019 potestatcntsingulari
3092 3944 3377 4015 privilegio

1788 4048 1888 4101 sibi
1921 4058 2262 4107 concessam,
2288 4042 2505 4111 aperire
2544 4050 2600 4096 et
2643 4039 2920 4095 clauderet
2943 4038 3169 4107 januam
3218 4037 3373 4104 regni

1788 4135 2032 4191 caelestis
2055 4136 2253 4205 quibus
2289 4130 2541 4188 voluerit.
2585 4151 2603 4183 ι
2658 4131 2754 4186 Cui
2809 4144 2938 4200 ergo
2987 4128 3263 4197 aperiendi
3318 4136 3375 4183 et
3458 4152 3459 4155 η

1788 4226 2070 4281 claudendi
2098 4225 2222 4280 (εει)ιί
2266 4225 2388 4278 data
2418 4232 2498 4279 est
2530 4230 2788 4293 potestas,
2827 4221 2896 4276 de
2946 4228 3092 4274 terra
3126 4216 3376 4289 judicare

1789 4334 1895 4373 non
1925 4317 2051 4373 licet
2073 4316 2286 4371 ?Absit.
2305 4314 2439 4370 Num
2469 4313 2738 4378 retinetis,
2759 4312 2902 4383 quod
2927 4310 3209 4368 aitbeatus
3238 4310 3377 4365 Pau-

1792 4407 1873 4463 lus
1901 4407 2180 4477 apostolus
2215 4423 2229 4459 :
2261 4424 2280 4457 ι
2319 4404 2554 4460 Nescitis
2575 4404 2704 4474 quia
2733 4403 2959 4478 angelos
2981 4403 3375 4476 judicabimus.

1790 4510 1994 4570 quanto
2025 4499 2197 4571 magis
2212 4498 2477 4554 secularia
2511 4538 2524 4551 .
2562 4516 2580 4549 ›
2618 4497 2821 4555 Beatus
2845 4514 3064 4570 quoque
3082 4496 3384 4568 Gregorius

1792 4609 1924 4665 papa
1949 4593 2266 4665 (Epist.-lib.
2295 4592 2355 4657 It)
2389 4606 2542 4663 reges
2576 4590 2647 4626 ³⁵⁸
2687 4610 2717 4648 a
2766 4608 2863 4649 sua
2886 4592 3153 4663 dignitate
3174 4589 3381 4644 cadere

1792 4686 2002 4751 statuit,
2037 4687 2129 4756 qui
2166 4685 2480 4755 apostolicae
2519 4687 2666 4742 sedis
2714 4687 2934 4742 decreta
2982 4683 3185 4739 violare
3232 4696 3378 4751 prae-

1792 4781 2126 4844 sumpseriut
2176 4780 2425 4835 scribens
2447 4779 2513 4833 ad
2558 4779 2830 4848 quendam
2866 4784 3175 4833 senatorem
3204 4774 3271 4805 3"
3296 4774 3384 4829 bis

1792 4870 1977 4924 verbis
2010 4887 2022 4921 :
2055 4887 2077 4928 ί
2110 4869 2167 4925 Si
2215 4870 2338 4940 quis
2369 4885 2581 4940 regum,
2633 4865 3263 4934 sacerdotum,judicum
3310 4861 3381 4894 m

1794 4972 1956 5032 atque
1999 4963 2329 5019 secularium
2370 4976 2727 5032 personarum
2779 4962 2919 5015 lianc
2970 4955 3382 5014 constitutionis

1796 5064 2001 5109 nostra:
2034 5054 2286 5124 paginam
2316 5064 2641 5121 agnoscens,
2665 5061 2857 5106 contra
2880 5065 3000 5106 eam
3028 5048 3217 5103 venire
3247 5055 3381 5100 tem-
