3940 5382
495 136 599 192 559

1452 137 1796 194 BRUNONIS
1820 138 2095 212 .CLERlCl
2135 141 2759 199 MAGDEBL‘RGENSIS

3672 151 3774 208 540

495 250 676 304 ablata
705 248 1034 315 restituerit,
1068 248 1148 303 vel
1173 248 1335 318 digna
1386 252 1703 320 puniitentia
1725 244 1729 251 ’
1751 254 1937 309 illicite
1960 265 2079 309 arta
2115 266 2153 319 Α
2185 274 2295 311 sine
2326 259 2578 327 potestati
2620 260 2913 328 subjicere,
2958 277 2988 316 a
3026 277 3134 331 quo
3159 263 3334 321 credit
3360 279 3470 349 non
3492 265 3678 321 solum
3726 237 3775 322 iu

493 340 795 405 delicverit,
826 357 854 395 a
887 340 1253 395 sacratissimo
1289 356 1517 410 corpore
1562 357 1626 397 ac
1680 344 1941 414 sanguine
1973 346 2078 400 Do-

495 434 627 488 mini
657 434 1016 504 redemptoris
1065 434 1236 488 nostri
1275 430 1402 488 Jesu
1465 434 1662 489 Christi
1716 436 1923 491 alienus
1966 438 2078 502 hat,

492 537 655 594 atque
685 526 735 580 in
760 535 965 579 mterno
981 523 1231 578 examine
1253 524 1515 580 districta:
1538 526 1725 582 ul.ioni
1742 528 2033 596 subiaceat.
2055 550 2073 581 ι

494 617 648 683 Quod
673 617 715 671 si
752 615 938 670 beatus
968 615 1288 685 Gregorius,
1318 618 1505 672 doctor
1528 618 1713 687 utique
1739 620 2077 685 mitissimus,

495 723 670 778 reges,
700 708 790 776 qui
820 716 1026 762 statuta
1060 724 1152 762 sua
1169 725 1331 779 super
1354 726 1517 764 unum
1540 713 1938 767 xeuodochium
1967 716 2081 769 vio-

494 799 686 863 larent,
716 813 821 852 non
853 798 1013 852 modo
1039 799 1249 868 deponi,
1274 801 1366 855 sed
1413 802 1576 855 etiam
1622 804 2077 858 cxcommnnicari

491 876 651 962 atque
676 892 727 946 in
755 903 959 948 aeterno
986 895 1239 948 examine
1261 894 1542 965 dampnari
1566 896 1824 959 decrevit;
1849 897 1971 966 quis
1986 898 2077 963 ³³⁸,

488 999 589 1038 nos
646 983 955 1041 llciurieum
1023 986 1112 1051 3"“,
1165 1002 1271 1040 non
1318 986 1491 1041 solum
1533 988 1958 1056 apostolieorum
1993 989 2081 1057 ju-

490 1076 756 1131 diciornm
787 1088 1242 1149 contemptorem,
1283 1096 1469 1134 verum
1499 1081 1662 1135 etiam
1693 1082 1861 1150 ipsius
1889 1083 2080 1139 matris

489 1170 757 1236 ecclesizc,
791 1184 1053 1242 quantum
1108 1174 1159 1227 in
1216 1174 1330 1242 ipso
1364 1184 1468 1237 cst,
1513 1173 2079 1238 conculcatorem,to-

492 1263 707 1331 tlustpte
743 1265 888 1336 regni
915 1275 967 1318 et
996 1265 1350 1320 ceclesiarum
1388 1264 1846 1333 improbissimum
1874 1268 2079 1335 pucdu-

493 1369 616 1406 ncm
665 1363 719 1407 et
758 1355 1159 1410 atrucissinmm
1216 1359 1639 1419 destrui-torem,
1685 1356 2001 1425 deposuisse
2026 1370 2080 1412 et

489 1447 998 1502 excoutmuuicasse
1018 1448 1400 1519 reprehendat,
1417 1447 1517 1502 utsi
1555 1450 1694 1504 lortc
1716 1449 1911 1505 similis
1935 1450 2075 1518 ejus;

490 1537 631 1591 sicut
656 1538 814 1591 ltcalu
844 1537 1006 1599 Petro
1037 1539 1263 1594 docente
1298 1539 1647 1607 cognovimus
1676 1540 1726 1593 in
1766 1540 1987 1609 epistola
2013 1540 2077 1595 de

2188 360 2352 414 terra,
2382 349 2474 404 sed
2507 350 2669 404 etiam
2699 350 2752 404 in
2775 350 2932 405 ccclis
2981 365 3041 407 se
3085 352 3238 424 ligari
3284 368 3447 423 posse
3478 364 3537 408 et
3584 356 3773 409 solvi?

2188 439 2330 501 Ihnc,
2360 439 2701 494 sicutbeatus
2724 438 3019 508 Gregorius
3043 440 3094 494 in
3122 441 3347 502 epistola
3371 443 3440 497 ad
3454 441 3769 497 Mauritium

2187 530 2567 599 imperatorem
2617 530 2820 586 directa
2853 544 3245 589 commemorat
3300 541 3479 606 (epist.
3542 551 3625 600 tv,
3658 538 3767 605 3|),

2184 622 2576 677 Constantinus
2607 636 2835 692 magnus
2864 623 3179 692 imperator,
3212 625 3458 679 omnium
3502 640 3699 695 regum
3723 635 3772 681 et

2184 710 2491 780 principum
2522 707 2633 769 fere
2663 710 2828 764 totius
2857 712 3008 767 orbis
3061 713 3335 778 dominus,
3366 713 3666 769 evidenter
3694 718 3772 770 in-

2186 801 2430 870 telligens
2453 839 2469 865 ,
2506 799 2560 853 in
2590 810 2776 854 saucta
2826 802 3032 871 synodo
3059 801 3261 860 Nicena
3290 803 3363 836 ’“
3405 815 3541 874 post
3586 822 3772 869 omnes

2182 893 2466 961 episcopos
2494 891 2716 971 ultimus
2760 892 3022 959 residens,
3070 895 3270 950 nullam
3313 896 3517 968 judicii
3556 906 3770 952 senteaw

2188 984 2315 1038 tiatn
2348 1000 2511 1054 super
2538 985 2609 1017 ³⁵⁸
2642 1002 2737 1043 eos
2764 986 2894 1042 dare
2920 990 3294 1059 prmsutnpsit,
3325 991 3422 1045 sed
3448 990 3577 1045 illos
3604 991 3766 1045 etiam

2183 1074 2313 1130 deos
2337 1090 2557 1141 vocans,
2587 1092 2691 1131 non
2718 1094 2816 1133 suo
2846 1078 3044 1135 debere
3067 1082 3291 1137 subesse
3311 1080 3553 1151 judicio,
3587 1099 3770 1138 verum

2182 1181 2242 1221 se
2277 1183 2345 1221 au
2370 1168 2580 1223 illorum
2606 1169 2840 1238 pendere
2863 1171 3088 1227 arbitrio
3112 1173 3401 1243 judicavit.
3441 1174 3770 1243 Supradicto

2182 1272 2397 1325 quoque
2425 1259 2713 1316 Anastasio
2744 1260 3062 1331 imperatori
3092 1262 3405 1333 prmlibatus
3448 1281 3591 1336 papa
3615 1265 3769 1322 Gelae

2182 1350 2297 1405 si:.s
2325 1353 2676 1421 persuadens,
2707 1370 2774 1410 ne
2805 1354 2895 1409 ille
2919 1354 3224 1411 iutimatam
3255 1358 3371 1411 suis
3397 1358 3661 1413 sensibus
3690 1374 3774 1412 ve-

2186 1440 2399 1497 ritatem
2453 1443 2814 1499 arbitraretur
2866 1444 3139 1515 iujuriam,
3204 1447 3501 1502 subiutulit
3555 1448 3770 1503 dicens:

2188 1552 2205 1585 ι
2239 1535 2351 1592 Duo
2378 1546 2504 1591 sunt
2536 1537 2755 1608 quippe,
2780 1538 3076 1610 imperator
3108 1550 3359 1608 auguste,
3390 1542 3601 1612 quibus
3628 1543 3773 1611 prin-

490 1630 831 1686 ordiuatiuue
863 1630 1177 1697 Clementis,
1206 1632 1257 1686 in
1295 1649 1398 1704 qua
1426 1649 1504 1690 suc
1526 1635 1598 1689 ait
1627 1652 1640 1688 :
1672 1654 1687 1685 ι
1725 1634 1781 1689 Si
1806 1635 2079 1704 quis.uui-
2115 1603 2157 1662 Β
2184 1630 2435 1698 ciuiliter
2461 1630 2546 1685 hic
2572 1632 2803 1688 mundus
2828 1634 3060 1704 regitur,
3093 1634 3396 1711 auctoritas
3417 1644 3617 1690 sancta
3651 1650 3772 1705 pon-

497 1738 595 1776 rns
627 1721 790 1776 fuerit
829 1723 935 1789 his,
967 1724 1164 1794 quibus
1214 1724 1328 1795 ipse
1368 1725 1528 1781 —dc
1571 1727 1761 1781 eodem
1805 1727 2082 1783 (Ilcmcute

493 1814 681 1871 dicens
709 1844 781 1854 -—-
806 1828 910 1868 non
942 1814 1201 1886 loquitur,
1243 1832 1382 1871 unus
1405 1828 1489 1873 est
1513 1826 1567 1872 ct
1592 1816 1710 1887 ipse
1733 1833 1800 1872 ex
1831 1818 1956 1884 illis,
1990 1820 2078 1888 qui

494 1904 862 1959 exterminare
886 1905 978 1961 Dei
1010 1907 1297 1962 ecclesiam
1342 1908 1560 1974 volunt;
1597 1919 1650 1963 et
1691 1924 1814 1963 cum
1858 1924 2082 1980 corpore

497 1998 776 2052 nobiscqu
799 2014 917 2054 esse
944 2000 1178 2065 videtur,
1218 2009 1400 2062 mente
1428 2010 1481 2056 et
1533 2001 1716 2056 animo
1765 2014 1951 2055 t'0:tlt'.t
1987 2017 2081 2057 nos

492 2102 598 2152 est,
632 2101 685 2146 et
714 2101 797 2146 est
826 2092 996 2147 multo
1042 2094 1269 2163 nequior
1295 2093 1470 2149 hostis
1523 2093 1630 2157 hic,
1673 2111 1833 2164 quam
1872 2094 1967 2157 illi,
1990 2095 2079 2163 qui

492 2182 628 2237 furis
654 2191 782 2237 sunt
813 2194 868 2238 et
912 2184 1192 2239 evidenter
1237 2184 1464 2240 inimici.
1500 2205 1518 2238 ι
1548 2185 1645 2242 llic
1674 2188 1817 2241 enim
1870 2186 1937 2218 ³⁸⁷
1988 2202 2084 2256 per

494 2277 861 2331 audcitiarum
890 2278 1126 2349 speciem
1150 2294 1271 2349 qua:
1303 2278 1523 2333 inimica
1565 2288 1691 2334 sunt
1714 2279 1875 2349 gerit,
1906 2285 1958 2333 et
1994 2293 2085 2333 ee-

494 2368 716 2424 clcsiatn
755 2369 1017 2441 dispergit
1044 2386 1107 2425 ac
1130 2379 1330 2425 vastat.
1361 2369 1497 2425 Nota
1526 2385 1678 2442 ergo,
1702 2371 2005 2436 carissime,
2035 2371 2081 2426 si

493 2477 640 2526 cum,
668 2462 758 2532 qui
786 2461 1026 2517 amicitia
1058 2463 1138 2517 vel
1156 2462 1427 2532 colloquio
1460 2461 1564 2527 his,
1595 2462 1790 2531 quibus
1819 2477 1957 2532 papa
1986 2477 2082 2532 pro

494 2554 705 2608 actibus
728 2555 842 2609 suis
870 2569 1097 2610 aversus
1129 2555 1196 2587 3“
1225 2557 1672 2620 est,assuciatur,
1703 2563 1810 2609 tam
1841 2556 2083 2626 graviter

487 2642 694 2711 judicat
728 2663 740 2699 :
785 2653 986 2714 quanta
1044 2646 1193 2701 illum
1226 2646 1424 2717 ipsum,
1452 2646 1536 2702 cui
1579 2661 1677 2716 pro
1718 2647 1933 2700 actibus
1971 2645 2084 2701 suis

497 2752 723 2792 aversus
745 2737 811 2769 ³⁸⁸
845 2746 948 2803 est,
975 2738 1449 2794 animadversione
1474 2740 1749 2809 dampnat.
1781 2738 1886 2794 Sed
1937 2747 1995 2793 ut
2015 2738 2082 2793 ad

504 2845 614 2882 rem
645 2829 952 2894 redeamus,
976 2831 1122 2885 itane
1148 2831 1384 2900 dignitas
1415 2849 1444 2885 a
1467 2832 1805 2887 secularibus
1827 2840 1881 2886 et
1915 2830 2082 2886 Deum

503 2915 878 2984 ignorantibus
914 2917 1159 2980 inventa,
1208 2931 1313 2970 non
1362 2917 1679 2987 subpeietur
1734 2917 1783 2970 ei
1833 2916 2077 2985 dignitati

495 3022 659 3075 quam
703 3008 1090 3071 omnipotentis
1154 3007 1247 3060 Dei
1308 3007 1645 3077 providentia
1708 3009 1771 3061 ad
1817 3010 2076 3063 hazzorcm

498 3114 654 3150 suum
725 3099 933 3152 invenit
992 3099 1302 3169 mundoque
1362 3100 1792 3156 misericorditer
1848 3102 2084 3156 triluit?

497 3187 665 3253 Cujus
698 3186 839 3242 ﬁlius
867 3190 1007 3242 sicut
1031 3189 1172 3242 Deus
1207 3198 1262 3243 et
1294 3190 1455 3243 homo
1500 3188 1869 3246 indubitanter
1902 3192 2081 3246 credi-

500 3293 586 3335 tur
618 3282 706 3346 “9,
750 3284 821 3337 ita
858 3299 1103 3339 summus
1120 3287 1395 3351 sacerdos,
1420 3294 1584 3357 caput
1614 3288 1858 3343 omnium
1894 3305 2080 3344 sacer-

503 3375 711 3437 dotum,
764 3375 829 3430 ad
879 3376 1159 3432 dexteram
1206 3379 1385 3434 Patris
1446 3380 1659 3444 sedens,
1693 3391 1748 3436 et
1788 3398 1886 3452 pro
1932 3383 2086 3439 nobis

500 3467 1090 3537 semperinterpellans
1123 3470 1372 3537 habetur,
1401 3472 1491 3542 qtti
1545 3475 1793 3530 seculare
1837 3489 2082 3545 regnum,

503 3558 645 3613 uade
678 3556 772 3613 lilii
805 3560 971 3614 seculi
1007 3569 1234 3628 tument,
1262 3563 1510 3634 despexit
1538 3574 1593 3619 et
1618 3567 1683 3619 ad
1721 3566 2084 3621 sacerdotium

499 3648 685 3704 cruris
709 3657 1043 3719 spontaneos
1071 3652 1239 3707 venit.
1269 3652 1401 3719 Quis
1431 3654 1896 3725 ueseiat,regeset
1922 3656 2087 3711 duces

498 3740 565 3791 ab
591 3740 674 3794 his
700 3740 769 3773 "°
793 3742 1048 3799 habuisse
1075 3745 1527 3816 priaeipium,qui
1554 3747 1722 3801 Demn
1751 3748 2082 3819 ignorantes,

501 3830 782 3901 superbia,
836 3835 1039 3904 rapinis
1070 3877 1085 3901 ,
1131 3837 1378 3907 perﬁdia,
1435 3838 1765 3900 homicidiis.
1816 3849 2088 3909 postremo

503 3923 773 3978 universis
799 3939 935 3994 pene
967 3926 1282 3993 sceleribus,
1336 3929 1517 3984 mundi
1567 3930 1812 3999 principe
1841 3931 2088 3986 videlicet

501 4011 568 4044 ⁸⁸¹
602 4013 816 4068 diabolo
856 4015 1120 4086 agitante,
1170 4032 1334 4087 super
1377 4034 1558 4088 pares,
1610 4018 1817 4074 scilicet
1860 4021 1953 4085 ω’,
1992 4022 2086 4075 hu-

502 4104 673 4161 mincs
717 4106 808 4172 ³³¹,
868 4109 1134 4163 dominari
1170 4126 1310 4165 eatea
1357 4111 1609 4181 cupidine
1657 4123 1708 4167 ct
1764 4112 2085 4168 intolerab‘li

501 4198 929 4268 praesumptione
948 4200 1342 4256 aliectaverunt
1366 4203 1388 4256 ?
1420 4203 1518 4269 Qui
1546 4203 1817 4274 videlicet,
1851 4204 1978 4260 dum
2003 4223 2089 4259 sa-

2187 1725 2389 1778 tilicnm
2422 1732 2476 1778 et
2506 1724 2700 1795 regalis
2740 1734 3021 1797 potestas;
3054 1727 3107 1781 in
3145 1727 3346 1797 quibus
3370 1736 3529 1783 tanto
3559 1728 3773 1798 gravies

2184 1827 2267 1873 cst
2299 1819 2507 1888 patulus
2532 1819 2897 1883 sacerdotum,
2927 1827 3188 1889 quantum
3215 1819 3382 1873 etiam
3399 1834 3502 1888 pro
3525 1819 3662 1889 ipsis
3694 1836 3773 1874 re-

2184 1908 2340 1978 gibus
2373 1910 2653 1964 hominum
2692 1912 2747 1963 in
2805 1910 2989 1965 divino
3035 1909 3304 1966 reddituri
3344 1920 3479 1965 sunt
3528 1914 3774 1966 examine

2187 2003 2471 2058 rationem.
2521 2022 2539 2055 ι
2574 2003 2640 2057 Et
2687 2002 2877 2073 paucis
2932 2003 3266 2073 interpositis
3308 2002 3493 2073 inquit
3530 2021 3545 2057 :
3580 2022 3600 2055 ι
3628 2003 3772 2057 Nosti

2188 2092 2370 2160 itaque
2404 2092 2546 2147 inter
2576 2092 2692 2148 hmc
2734 2092 2947 2148 illorum
3006 2101 3057 2148 te
3115 2093 3356 2164 pendere
3396 2091 3632 2162 judicio,
3675 2111 3771 2148 non

2187 2185 2305 2239 illus
2345 2185 2410 2239 ad
2442 2194 2586 2239 tuam
2612 2185 2748 2241 velle
2777 2186 2846 2217 ³⁸⁸
2880 2186 3045 2257 redigi
3102 2186 3465 2243 voluntatem.
3502 2206 3523 2239 ι
3559 2184 3771 2240 Talibus

2183 2290 2315 2346 ergo
2347 2276 2609 2332 institutis
2634 2276 2939 2347 talibusque
2978 2275 3095 2330 fulti
3120 2276 3576 2341 auctoritatibus,
3619 2277 3770 2347 pleri-

2184 2374 2290 2438 que
2321 2368 2738 2438 poutilieumalii
2767 2383 2942 2439 reges,
2970 2367 3061 2422 alii
3090 2368 3453 2438 imperatores
3466 2381 3745 2421 cxconunn

2188 2460 2522 2514 nicavcrunt.
2538 2457 2672 2513 Nam
2698 2459 2741 2513 si
2766 2457 3001 2528 speciale
3023 2458 3238 2528 aliquod
3267 2459 3334 2513 de
3349 2458 3610 2527 personis
3633 2457 3767 2529 prin-

2185 2551 2365 2619 t-ipum
2420 2550 2728 2621 requiratur
2778 2550 3108 2621 exemplum,
3168 2551 3363 2605 beatus
3423 2549 3766 2605 innocentius

2186 2656 2320 2711 papa
2348 2640 2677 2696 Arcbadium
2720 2641 3126 2710 imperatorem,
3178 2641 3305 2709 quia
3363 2641 3670 2702 consensit,
3714 2650 3766 2691 ut

2186 2742 2411 2788 sanctus
2440 2733 2719 2788 .Iobanues
2748 2732 3120 2789 Crisostomus
3157 2734 3223 2765 ³⁵⁷
3254 2749 3284 2787 a
3309 2734 3441 2788 sede
3494 2749 3596 2789 sua
3624 2732 3766 2803 pelle-

2190 2833 2360 2889 retur,
2389 2824 2896 2879 excomtnunicavit.
2927 2825 3078 2879 Alius
3106 2826 3233 2879 item
3286 2824 3579 2878 Romanus
3606 2824 3767 2892 ponti-

2188 2916 2269 2969 lex
2296 2914 2366 2947 ³⁸⁸
2392 2930 2572 2987 regem
2601 2914 2956 2981 Francorum,
2981 2933 3085 2970 nun
3109 2929 3214 2971 tam
3255 2932 3352 2984 pro
3373 2917 3491 2972 suis
3522 2917 3766 2987 iniquitaa

2190 3010 2353 3073 tibus,
2384 3024 2547 3079 quam
2585 3024 2685 3080 pro
2714 3022 2778 3063 co
2812 3009 2953 3078 quod
2990 3017 3148 3063 tantm
3188 3009 3449 3078 potestati
3504 3024 3615 3062 non
3662 3016 3767 3062 erat

2188 3103 2256 3135 "‘9
2286 3102 2454 3167 utilis,
2480 3118 2508 3156 a
2549 3117 2713 3172 regno
2740 3103 3009 3170 deposuit,
3038 3111 3093 3157 et
3121 3101 3373 3172 Pipinum
3389 3101 3580 3157 Karoli
3602 3101 3765 3172 ﬂagiti

2188 3195 2529 3263 imperatoris
2555 3206 2762 3263 patrem
2796 3195 2848 3249 in
2873 3195 2987 3265 ejus
3009 3193 3128 3250 loco
3152 3195 3451 3256 substituit,
3479 3210 3766 3264 omnemue

2189 3284 2555 3355 Franeigenas
2581 3301 2609 3339 a
2636 3284 3238 3353 iuramentolidelitatis
3259 3286 3407 3355 quod
3429 3285 3508 3340 illi
3540 3286 3769 3341 fecerant

2188 3377 2439 3431 absolvit.
2473 3376 2624 3442 Quod
2649 3378 2812 3435 etiam
2836 3392 2899 3432 ex
2954 3372 3248 3447 frequenti
3273 3377 3612 3434 auctoritate
3638 3391 3767 3444 saepe

2187 3471 2300 3541 agit
2329 3469 2559 3525 ecclesia
2603 3480 2813 3534 sancta,
2844 3485 2969 3525 cum
3004 3458 3202 3529 milites
3228 3469 3463 3524 absolvit
3489 3484 3523 3523 a
3565 3467 3771 3524 vinculo

2185 3562 2505 3628 ptrameuti:
2539 3559 2682 3631 quod
2706 3560 2908 3617 factum
2937 3572 3018 3617 est
3042 3561 3125 3616 his
3177 3560 3474 3631 cpisc0pis,
3502 3560 3595 3631 qui
3650 3572 3768 3628 apo.

2189 3651 2381 3704 stotiea
2428 3649 2755 3706 auctoritate
2783 3665 2814 3704 a
2868 3648 3168 3721 pontiﬁcali
3196 3649 3371 3721 gradu
3410 3649 3765 3719 deponuntur.

2190 3741 2249 3795 Et
2275 3742 2466 3796 beatus
2491 3738 2811 3795 Ambrosius
2838 3740 2968 3795 licet
2994 3749 3235 3804 sanctus,
3292 3747 3613 3794 nontamen
3662 3737 3770 3791 uni.

2189 3834 2417 3889 versalis
2445 3831 2693 3889 ecclesia:
2714 3833 3027 3903 episcopus,
3056 3846 3154 3901 pro
3181 3830 3338 3901 culpa
3387 3844 3513 3901 quae
3544 3828 3664 3883 aliis
3688 3841 3766 3881 sa-

2189 3927 2501 3982 cerdotibus
2531 3940 2634 3981 non
2673 3924 2810 3979 adeo
2838 3924 3020 3996 gravis
3052 3923 3364 3988 videbatur,
3411 3920 3769 3977 Theodosium

2192 4031 2447 4088 magnum
2494 4017 2878 4088 imperatorem
2914 4014 3401 4072 exeonnnnnicans
3451 4014 3521 4066 ab
3550 4010 3767 4067 ecclesia

2190 4107 2439 4162 exclusit.
2468 4105 2621 4173 Quod
2650 4106 2813 4160 etiam
2844 4106 2896 4160 in
2927 4105 3040 4161 suis
3078 4104 3299 4174 scriptis
3340 4102 3602 4167 ostendit,
3635 4098 3770 4171 quod

2192 4216 2381 4255 aurtnn
2408 4215 2515 4255 non
2539 4208 2613 4254 tta
2635 4199 2926 4269 pretiosius
2955 4199 3026 4255 sit
3054 4197 3291 4269 plumbo,
3317 4210 3486 4266 quam
3517 4194 3666 4265 regia
3686 4205 3771 4263 po-

500 4291 747 4345 terdotes
770 4289 1064 4347 Domiuiad
1092 4292 1311 4363 vestigia
1333 4294 1710 4350 suaincliuare
1730 4298 2085 4365 contendunt,
2122 4310 2166 4368 ι)
2196 4303 2388 4349 testate
2425 4293 2587 4349 altior
2636 4293 2708 4348 sit
2741 4292 2978 4363 dignitas
3030 4288 3406 4356 sacerdotalis,
3467 4288 3572 4343 hoc
3620 4284 3771 4341 modo

500 4379 586 4433 cui
622 4380 821 4435 rectius
853 4391 1264 4449 conparantur,
1318 4399 1477 4453 quam
1509 4385 1557 4439 ei
1590 4386 1657 4417 ³⁵²
1681 4387 1771 4455 qui
1818 4396 1900 4442 est
1928 4398 2087 4457 caput

501 4480 667 4534 super
713 4482 903 4524 omnes
935 4469 1074 4525 lilios
1112 4473 1399 4541 superbia),
1445 4475 1533 4543 qui
1590 4475 1763 4545 ipsum
1814 4492 2084 4533 summum

502 4556 835 4625 pontiﬁcem,
867 4562 1209 4615 sacerdotum
1259 4574 1445 4634 caput,
1493 4566 1757 4622 Altissimi
1789 4568 1859 4599 ³⁵³
1917 4569 2084 4623 lilium

502 4648 575 4679 ³⁵³
605 4661 897 4721 temptans,
927 4663 981 4709 et
1009 4655 1191 4709 omnia
1219 4655 1291 4710 illi
1331 4657 1512 4712 mundi
1565 4673 1726 4729 regna
1769 4660 2021 4730 promitte
2064 4677 2090 4716 s

502 4741 576 4794 ait
603 4762 616 4797 :
649 4762 667 4794 ιι
705 4742 827 4799 Haec
854 4745 1037 4801 omnia
1071 4747 1164 4801 tibi
1189 4748 1348 4813 dabo,
1381 4750 1424 4803 si
1456 4750 1743 4818 procidens
1774 4752 2088 4807 arietaveris

505 4834 622 4888 me!
656 4854 675 4886 ›
703 4835 916 4907 (Matth.
947 4855 1016 4903 tv,
1042 4840 1121 4909 9.)
1145 4838 1276 4906 Quis
1298 4840 1530 4906 dubitet,
1553 4845 1867 4900 sacerdotes
1887 4844 2085 4899 Christi

506 4943 692 4976 remitti
716 4936 766 4976 et
805 4929 1106 4976 nrinrrimtm
1149 4932 1500 4976 ntnninmnnp
1529 4934 1765 4976 [idolium
1806 4944 1989 4976 nnlrnc
2034 4947 2085 4976 m

2193 4386 2337 4440 circa
2363 4383 2690 4454 priueipimn
2726 4384 2810 4438 sui
2845 4380 3129 4451 pastoralis
3174 4378 3424 4435 scribens
3455 4396 3470 4433 :
3508 4396 3529 4429 ί
3576 4375 3767 4436 Honor,

2198 4475 2412 4541 fratres,
2443 4484 2498 4531 et
2528 4474 2837 4529 sublimitas
2864 4464 3186 4542 episcopalis
3216 4469 3379 4524 nullis
3396 4468 3600 4539 poterit
3630 4480 3768 4520 com-

2195 4567 2572 4638 parationibus
2600 4565 2897 4636 aquuari.
2939 4563 2993 4618 Si
3028 4577 3211 4632 regum
3265 4559 3465 4630 irrigari
3493 4569 3766 4628 compares

2192 4670 2243 4715 et
2274 4661 2579 4731 priueipmn
2609 4656 2927 4722 diademati,
2979 4655 3135 4725 longe
3170 4652 3277 4708 erit
3328 4650 3586 4712 inferius,
3612 4660 3764 4717 quam

2196 4752 2238 4807 si
2285 4750 2485 4820 plumbi
2529 4746 2807 4802 metallum
2854 4747 2922 4801 ad
2969 4745 3087 4798 auri
3149 4741 3413 4810 fulgorem
3455 4747 3761 4807 compares:

2192 4844 2390 4914 quippe
2416 4855 2539 4897 eum
2569 4839 2756 4894 videas
2779 4853 2965 4907 regum
2995 4836 3134 4892 colla
3166 4843 3221 4890 et
3266 4833 3596 4905 principum,
3627 4843 3762 4883 smu-

2196 4934 2333 4976 mitti
2359 4931 2588 4976 coitibus
2617 4929 2985 4976 sacerdotum.
3015 4935 3069 4976 el
3095 4924 3410 4976 exosculata
3433 4938 3619 4976 eorum
3643 4920 3763 4973 dct-
