3940 5382
97 160 213 214 5H

1354 154 1443 209 DE
1479 154 1698 208 θεαί)
1739 152 2099 209 SAXONlCO.

3261 153 3371 208 5&2

96 274 225 328 chil
249 289 384 329 esse
436 274 491 328 in
523 274 628 330 hoc
679 272 864 328 seculo
907 269 1279 326 sacerdotibus
1327 269 1700 332 excellentius,
1730 276 1774 332 Α
1803 265 1937 318 alios
1958 264 2237 333 tyrannice
2283 262 2613 333 opprimunt.
2644 263 2709 317 Hi
2739 263 2847 317 veri
2882 263 3023 332 regis
3041 262 3263 331 Christi,
3295 268 3369 323 illi

101 363 297 417 nichil
312 363 604 420 sublimius
620 362 889 430 episcopis
900 360 1144 430 reperiri.
1175 379 1194 410 ι
1214 358 1523 413 Meminisse
1542 359 1705 411 etiam

99 449 289 505 debet
321 450 634 507 fraternitas
657 460 770 511 tua,
792 450 919 517 quia
945 450 1115 516 major
1161 454 1400 516 potestas
1427 447 1709 500 exorcisue

100 541 471 606 concedi-tur,
498 556 621 595 cum
666 538 962 608 spiritualis
991 538 1285 606 imperator
1319 536 1387 589 ad
1415 536 1711 605 abigendos

100 636 414 685 dmnones
449 629 817 691 constituitur,
855 643 1017 696 quam
1061 626 1222 679 alicui
1252 626 1512 680 laicorum
1541 640 1706 678 causa

99 720 397 775 secuturis
423 718 806 773 dominationis
835 716 996 771 tribui
1049 715 1240 783 possit.
1275 713 1536 769 Omnibus
1570 713 1712 782 regi-

102 813 217 865 bus
248 824 458 878 nempe
481 818 538 863 et
570 808 902 877 principibus
930 817 1109 868 terrae,
1165 805 1258 873 qui
1303 804 1552 873 religiose
1603 818 1708 857 non

101 903 345 964 vivunt,
368 908 426 952 et
453 900 504 952 in
528 899 595 930 “°
622 897 835 952 actibus
863 897 976 951 suis
1024 896 1191 950 Deum
1244 903 1303 949 ut
1330 902 1565 962 oportet,
1600 908 1707 946 non

104 997 404 1053 utetuunt,
428 988 695 1041 daemones
722 986 822 1039 heu
849 985 983 1053 prob
1010 984 1163 1037 dolor
1188 983 1202 1035 !
1256 981 1622 1044 dominantur,
1654 988 1711 1035 et

101 1083 332 1135 misera
359 1080 617 1135 servitute
642 1078 994 1133 confundunt.
1023 1074 1182 1131 Tales
1221 1073 1362 1128 enim
1396 1087 1500 1127 non
1527 1072 1709 1126 divino

104 1172 275 1226 ducti
304 1186 518 1234 amore,
553 1172 693 1224 sicut
725 1168 958 1236 rcligiosi
1007 1166 1316 1220 sacerdotes
1353 1163 1417 1216 ad
1449 1164 1709 1218 honorem

106 1262 215 1316 Dei
251 1270 313 1314 et
347 1260 635 1314 utilitatem
694 1260 996 1312 animarum
1047 1271 1280 1325 praeesse
1336 1254 1582 1324 cupiunt,
1613 1255 1708 1309 sed

104 1363 169 1407 nt
208 1353 613 1408 intolerabilem
637 1351 946 1421 superbiam
976 1360 1250 1405 ostentent
1277 1348 1553 1415 animique
1587 1346 1710 1400 libi-

106 1443 314 1496 dinem
345 1441 620 1510 expleant,
655 1440 851 1495 ceteris
878 1440 1143 1493 dominari
1175 1438 1450 1492 allectaat.
1476 1438 1550 1490 De
1589 1436 1710 1505 qui-

109 1532 227 1584 bus
251 1531 453 1585 beatus
480 1530 809 1600 Augustinus
862 1530 915 1583 in
968 1528 1105 1583 libro
1143 1529 1319 1597 primo
1344 1528 1409 1581 de
1463 1527 1707 1582 doctrina

1809 370 1934 408 vero
1970 354 2168 408 diaboli
2210 371 2403 423 corpus
2427 365 2575 410 sunt.
2604 355 2700 409 lsti‘
2724 356 2789 408 ad
2820 356 2923 410 hoc
2949 358 3049 410 sibi
3082 358 3369 427 imperant,

1808 453 1866 496 ut
1899 458 2023 497 eum
2037 443 2104 474 "'
2135 458 2343 498 summo
2376 446 2699 513 imperatore
2746 445 3074 501 teterualiter
3108 458 3368 519 regnent;

1808 533 2020 587 illorum
2051 548 2178 587 vero
2221 533 2274 587 id
2317 542 2555 603 potestas
2583 536 2730 604 agit,
2769 545 2825 590 ut
2861 553 2982 590 cum
3027 540 3373 594 tenebrarum

1807 624 2069 693 principe,
2118 624 2208 692 qui
2246 638 2341 677 rex
2369 634 2451 679 est
2488 640 2650 694 super
2678 640 2868 681 omnes
2922 627 3059 682 lilios
3085 631 3375 697 superbiae,

1807 722 2006 768 aeterna
2058 714 2437 785 dampnatione
2493 717 2820 787 dispereunt.
2892 717 2999 773 Nec
3048 720 3198 774 valde
3243 734 3376 774 sane

1809 807 2110 861 mirandum
2170 816 2275 873 est,
2329 808 2472 877 quod
2516 810 2642 863 mali
2686 811 2965 878 pontiﬁces
3014 812 3198 881 iniquo
3239 814 3374 880 regi,

1807 908 1966 963 quem
1993 894 2201 964 adeptis
2232 896 2373 952 male
2419 912 2514 966 per
2532 912 2651 951 eum
2694 899 2984 954 honoribus
3012 900 3375 969 diliguntme-

1810 992 2072 1052 tuumque
2094 984 2183 1049 "‘,
2225 986 2607 1051 consentiunt;
2640 988 2729 1055 qui
2759 987 3056 1043 simoniace
3107 989 3378 1057 quoslibet

1808 1074 2127 1140 ordinando,
2178 1075 2345 1129 Deum
2394 1090 2491 1145 pro
2540 1076 2632 1129 vili
2672 1077 2834 1130 etiam
2894 1080 3065 1146 pretio
3117 1079 3376 1133 vendunt.

1810 1163 1942 1218 Nam
1972 1171 2113 1220 sicut
2140 1165 2292 1220 electi
2334 1167 2649 1221 insolubiter
2672 1166 2736 1198 ³⁸⁷
2772 1184 2866 1223 suo
2900 1170 3057 1238 capiti
3096 1170 3377 1235 uninntur,

1810 1254 1881 1307 ita
1917 1264 1972 1308 et
1999 1255 2208 1324 reprobi
2243 1256 2474 1310 anaxime
2509 1266 2696 1311 contra
2747 1258 2935 1323 bonos,
2966 1260 3013 1312 ei
3045 1259 3132 1326 qui
3163 1259 3380 1313 malitiae

1809 1356 1970 1415 caput
2017 1355 2121 1410 est,
2184 1348 2533 1416 pertinaciter
2579 1349 2927 1403 ftederantur.
2992 1349 3189 1404 Contra
3246 1366 3380 1419 quos

1809 1434 2050 1501 profecto
2107 1451 2211 1488 non
2262 1444 2367 1489 tam
2420 1436 2816 1503 disserendum,
2856 1454 3014 1507 quant
3058 1454 3153 1508 pro
3199 1439 3279 1495 eis
3301 1450 3382 1494 est

1813 1526 2109 1581 lacrimosis
2155 1526 2460 1596 planctibus
2516 1527 2913 1599 ingemendnm,
2961 1530 3382 1598 utomnipoteus

109 1621 435 1675 christiana
459 1621 590 1676 dicit
620 1638 635 1673 :
664 1638 683 1671 ‹
713 1619 847 1674 Cum
888 1634 1015 1673 vero
1042 1619 1202 1674 etiam
1235 1618 1337 1680 eis,
1362 1617 1452 1686 qui
1481 1617 1580 1672 sibi
1608 1631 1706 1670 na-
1743 1615 1786 1673 Β
1817 1617 1953 1671 Deus
1977 1617 2094 1672 illos
2124 1633 2153 1671 a
2184 1617 2391 1687 laqueis
2415 1618 2667 1672 Sathanae
2689 1619 2881 1688 quibus
2911 1620 3101 1689 captivi
3137 1629 3383 1673 tenentur

116 1710 389 1766 turaliter
419 1724 577 1780 pares
602 1718 753 1773 sunt,
777 1710 877 1764 hoc
902 1718 984 1763 cst
1014 1707 1338 1771 hominibus,
1364 1707 1588 1776 quilibet
1618 1707 1711 1762 do-

114 1800 330 1854 minari
345 1799 654 1864 aﬂ‘ectatur,
680 1798 1033 1855 intolerabilis
1053 1798 1275 1852 omnino
1293 1797 1540 1866 superbia
1569 1805 1671 1852 est.
1686 1816 1705 1846 ι

117 1889 302 1944 Porro
330 1900 514 1944 autem
537 1890 841 1952 exorcistze,
880 1896 936 1943 ut
974 1888 1230 1949 diximus.
1254 1902 1414 1955 supra
1441 1887 1713 1940 daemones

117 1999 148 2033 a
182 1980 306 2034 Deo
331 1980 619 2049 imperium
666 1979 898 2045 habent;
928 1988 1135 2049 quanto
1176 1980 1336 2050 igitur
1358 1977 1528 2048 magis
1549 1991 1713 2046 super

118 2088 245 2137 eos,
266 2072 366 2139 qui
394 2071 727 2126 daemonibus
763 2071 989 2141 subjecti
1022 2080 1076 2125 et
1104 2071 1343 2125 membra
1374 2079 1497 2124 sunt
1519 2071 1713 2124 daemo-

121 2178 259 2216 num
292 2161 399 2216 ?Si
425 2178 553 2231 ergo
606 2161 689 2215 his
746 2170 951 2214 tantum
1006 2160 1358 2230 praecutiuent
1408 2161 1711 2226 exorcisee,

122 2262 346 2320 quanto
394 2251 627 2318 amplius
676 2249 1031 2305 sacerdotes?
1090 2249 1352 2304 Praeterea
1389 2249 1562 2303 omnis
1616 2263 1713 2303 rex

123 2342 476 2397 christianos
505 2345 574 2396 ad
595 2351 799 2396 exitum
824 2357 1044 2396 vemens
1072 2341 1225 2395 ut-m
1256 2356 1529 2395 carcerem
1576 2355 1701 2395 eva-

126 2434 227 2487 dat
292 2432 520 2497 inferni,
555 2442 611 2487 ut
650 2435 715 2487 de
756 2433 991 2487 tenebris
1017 2433 1069 2487 in
1109 2432 1280 2487 lucem
1316 2432 1496 2487 tendat
1538 2440 1597 2487 ut
1647 2433 1714 2488 de

126 2535 492 2594 peccatorum
523 2526 750 2582 vinculis
785 2526 839 2579 in
892 2526 986 2580 Dei
1029 2525 1233 2595 judicio
1286 2526 1564 2582 absolutus
1620 2543 1718 2597 ap-

130 2625 373 2683 pareat,
429 2614 735 2671 sacerdotis
771 2632 924 2686 opem
951 2617 1175 2688 supplex
1256 2634 1319 2673 ac
1378 2618 1715 2673 miserandus

131 2709 393 2778 requirit.
454 2708 594 2777 Quis
667 2721 847 2765 autem
919 2727 1026 2765 non
1082 2712 1257 2777 modo
1332 2713 1712 2781 sacerdotum,

130 2815 330 2853 verum
358 2802 523 2855 etiam
554 2801 809 2857 laicormn
834 2803 887 2857 in
917 2804 1177 2857 extremis
1215 2804 1442 2873 positus,
1475 2822 1575 2875 pro
1604 2821 1716 2861 suae

132 2891 336 2945 animae
389 2892 567 2947 salute
625 2893 818 2947 terreni
877 2894 1017 2963 regis
1065 2893 1371 2963 imploravit
1418 2895 1716 2949 auxilium?

132 2984 356 3050 Quis'"
422 3000 551 3039 vero
615 3002 813 3055 regum
884 2994 977 3040 aut
1047 2986 1429 3056 imperatorum
1482 2989 1714 3059 aliquem

131 3077 502 3130 ibristianmn
558 3093 622 3131 ex
674 3078 925 3147 imposito
978 3079 1077 3133 sibi
1134 3078 1308 3153 ollicio
1370 3080 1512 3143 valet
1558 3097 1717 3155 sacro

133 3168 485 3236 baptismatis
515 3184 582 3223 ex
624 3169 818 3225 diaboli
880 3178 1146 3238 potestate
1199 3171 1429 3240 eripere,
1482 3176 1535 3226 et
1579 3173 1719 3228 inter

135 3261 280 3314 tilos
340 3259 432 3313 Dei
488 3272 900 3323 connumerare,
981 3269 1275 3329 sancteque
1308 3260 1379 3290 ³⁸³
1428 3261 1719 3316 chrismate

134 3349 514 3417 praemunire?
567 3349 633 3403 Et
680 3352 823 3420 quod
875 3350 1166 3404 maximum
1222 3359 1306 3405 est
1338 3352 1389 3405 in
1421 3353 1717 3407 christiana

135 3439 419 3510 religione,
480 3441 602 3509 quis
649 3454 833 3495 eorum
867 3444 1009 3496 valet
1054 3443 1269 3511 proprio
1295 3458 1389 3497 ore
1440 3459 1635 3513 corpus
1666 3453 1719 3498 et

134 3533 460 3599 sanguinem
490 3530 693 3586 Domini
714 3528 1023 3587 conﬁcere?
1063 3532 1143 3586 vel
1174 3534 1257 3586 cui
1286 3548 1470 3587 eorum
1493 3535 1614 3587 data
1638 3543 1721 3589 est

134 3631 386 3689 potestas
433 3622 631 3693 ligandi
662 3623 1013 3693 solvendique
1056 3625 1105 3676 in
1151 3624 1289 3679 ccelo
1348 3636 1401 3679 et
1448 3625 1500 3678 in
1535 3627 1720 3680 terra?

137 3712 210 3764 liv
238 3713 442 3777 quibus
480 3722 661 3782 aperte
708 3716 997 3785 colligitur,
1046 3726 1244 3782 quanta
1289 3724 1553 3785 potestate
1580 3733 1717 3786 pra:-

135 3804 297 3855 c.:llat
348 3804 590 3874 dignitas
642 3807 1001 3860 sacerdotum.
1032 3806 1137 3861 Aut
1164 3807 1283 3877 quis
1312 3823 1498 3861 eorum
1545 3817 1722 3876 potest

136 3896 379 3964 aliquem
448 3896 701 3950 clericum
778 3897 832 3950 in
899 3906 1087 3952 sancta
1147 3898 1375 3952 ecclesia
1426 3898 1723 3953 ordinare?

136 3998 343 4055 quanto
367 3988 553 4039 minus
574 4003 663 4056 pro
683 3988 859 4057 aliqua
892 3988 1043 4057 culpa
1074 4004 1194 4043 eum
1230 3990 1539 4057 deponere?
1562 3989 1720 4044 Nam-

136 4094 241 4146 que
269 4078 323 4131 in
349 4078 737 4135 ecclesiasticis
761 4081 1041 4134 ordinibus
1075 4079 1292 4147 majoris
1321 4081 1603 4149 potestatis
1638 4092 1720 4136 est

137 4171 417 4235 deponere
472 4183 629 4235 quam
676 4169 949 4224 ordinare.
981 4169 1225 4239 Episcopi
1288 4171 1429 4222 enim
1500 4180 1721 4239 possunt

138 4260 275 4315 alios
299 4261 588 4330 episcopos
618 4262 883 4324 ordinare,
910 4261 1003 4314 sed
1032 4261 1176 4314 nullo
1207 4262 1364 4316 modo
1390 4261 1504 4314 sine
1536 4271 1719 4315 aucto-
1748 4284 1795 4343 ο

141 4352 302 4405 ritate
362 4349 670 4421 apustolicae
709 4354 851 4406 sedis
905 4352 1193 4420 deponere.
1251 4351 1383 4419 Quis
1436 4352 1595 4419 igitur
1640 4350 1719 4405 vel

142 4443 386 4495 tenuiter
416 4441 617 4496 sciolus
648 4443 853 4497 dubitet
882 4442 1189 4498 sacerdotes
1244 4444 1457 4513 regibus
1490 4442 1722 4496 antefer-

143 4548 199 4585 re
224 4531 332 4585 ""?
361 4530 517 4598 Quod
547 4534 587 4586 si
612 4547 761 4602 rcges
790 4548 888 4601 pro
911 4532 1143 4601 peccatis
1166 4534 1278 4587 suis
1300 4550 1328 4586 a
1360 4534 1723 4587 sacerdotibus

142 4630 268 4675 sunt
292 4619 599 4689 judicandi,
650 4637 678 4673 a
711 4636 818 4689 quo
862 4622 1060 4674 rectius
1085 4635 1243 4689 quam
1272 4636 1299 4672 a
1328 4619 1568 4674 Romano
1594 4637 1725 4691 pon-

145 4712 289 4765 titice
330 4719 461 4765 sunt
505 4710 926 4778 iudicandi?‘Ad
971 4728 1232 4766 summam
1257 4712 1522 4780 quoslibet
1552 4715 1719 4768 bonos

144 4803 481 4856 christianos
528 4803 691 4856 multo
730 4803 1141 4857 convenientius
1186 4819 1342 4871 quam
1376 4804 1542 4859 malos
1572 4807 1720 4875 priu-

145 4894 293 4963 cipcs
346 4909 507 4964 rcges
564 4893 780 4965 intelligi
831 4895 998 4948 decet.
1056 4894 1144 4947 lsti
1174 4894 1316 4947 enim
1361 4895 1582 4966 gloriam
1629 4895 1718 4948 Dei

147 4985 440 5052 quaerendo
485 4986 802 5056 semetipsos
841 4995 1059 5039 strenue
1098 4994 1317 5056 regunt;
1367 4996 1423 5039 at
1490 4987 1562 5040 illi
1615 5001 1718 5039 non

148 5089 265 5145 quae
295 5073 393 5131 Dei
430 5084 560 5130 sunt
603 5076 699 5131 sed
743 5091 837 5129 sua
888 5083 1210 5144 quaerentes,
1263 5076 1477 5134 sibimet
1518 5064 1740 5140 hostes,‘

1811 1709 2023 1779 eripiat,
2064 1718 2115 1762 et
2159 1711 2372 1764 tandem
2433 1709 2721 1780 aliquando
2771 1710 2851 1764 vel
2900 1718 3019 1779 post
3043 1710 3278 1779 pericula
3315 1711 3383 1763 ad

1811 1800 2138 1870 agnitionem
2188 1801 2432 1855 veritatis
2478 1801 2753 1870 perducat.
2805 1800 2927 1855 llaec
2971 1802 3038 1857 de
3092 1801 3302 1867 regibus
3331 1811 3385 1854 et

1813 1892 2250 1963 imperatoribus,
2303 1892 2509 1961 quia”
2540 1891 2795 1962 singulari
2836 1892 3007 1961 gloria
3039 1897 3263 1945 nimium
3296 1900 3381 1945 tu-

1813 1981 1963 2044 midi,
2000 1995 2104 2034 non
2148 1979 2256 2033 Deo
2288 1980 2381 2034 sed
2410 1979 2509 2033 sibi
2541 1988 2787 2049 regnant.
2822 1979 2927 2035 Sed
2957 1980 3082 2050 quia
3108 1980 3274 2034 nostri
3304 1989 3386 2036 est

1812 2070 1997 2137 olIicii,
2024 2073 2310 2140 unicuique
2340 2072 2633 2125 secundum
2659 2072 2903 2127 ordinem
2935 2071 3014 2126 vel
3044 2071 3380 2139 dignitatem,

1813 2177 1919 2231 qua
1977 2163 2187 2217 videtur
2254 2164 2458 2234 vigere,
2538 2162 2966 2217 exhortationem
3024 2164 3382 2218 distribuere:

1814 2254 2229 2322 imperatoribus
2272 2263 2326 2309 et
2375 2254 2588 2324 regibus
2604 2255 2672 2289 ³⁶⁹
2703 2255 3004 2323 ceterisque
3033 2254 3384 2323 principibus,

1816 2355 1873 2398 ut
1900 2344 2159 2398 elationes
2191 2345 2356 2399 maris
2385 2354 2439 2398 et
2479 2346 2745 2415 superbia:
2783 2344 2979 2399 ﬂuctus
3024 2346 3382 2413 comprimere

1814 2433 2051 2500 valeant,
2103 2450 2251 2487 arma
2306 2434 2625 2489 humilitatis
2689 2435 2798 2490 Deo
2840 2443 3056 2491 auctore
3104 2436 3389 2505 providere

1815 2539 2086 2582 curamus.
2140 2525 2352 2579 Scimus
2408 2526 2572 2589 enim,
2628 2526 2754 2596 quia
2803 2527 3073 2580 mundana
3134 2525 3301 2596 gloria
3333 2536 3388 2582 et

1816 2619 2074 2673 sccularis
2132 2633 2258 2670 cura
2309 2629 2405 2671 eos
2469 2619 2818 2686 permaxime,
2868 2620 2956 2688 qui
3010 2626 3266 2688 praesunt,
3321 2619 3389 2672 ad

1816 2709 2100 2763 elationem
2130 2708 2342 2761 trahere
2387 2708 2557 2773 solet;
2583 2724 2685 2777 qua
2714 2723 2924 2778 semper
2961 2709 3196 2780 neglecta
3214 2706 3391 2763 humi-

1817 2796 1989 2861 litate,
2018 2797 2288 2866 propriam
2309 2798 2597 2866 quaerendo
2615 2796 2857 2867 gloriam,
2890 2796 3146 2852 fratribus
3173 2798 3392 2866 cupiant

1818 2887 2155 2954 praemittere.
2193 2885 2395 2941 Deinde
2422 2886 2490 2917 ³⁷⁰
2548 2886 2757 2940 videtur
2800 2886 2928 2941 utile
2959 2887 3190 2942 maxime
3223 2888 3391 2955 impc-

1821 2977 2089 3031 ratoribus
2132 2985 2185 3030 et
2226 2976 2460 3043 regibus,
2518 2985 2575 3028 ut
2614 2981 2733 3030 cum
2787 2992 2937 3032 mens
2984 2977 3191 3032 illorum
3213 2979 3278 3009 ³⁷¹
3314 2980 3382 3033 ad

1819 3070 1925 3123 alta
1948 3084 2005 3123 se
2032 3069 2242 3139 erigere
2268 3076 2319 3121 et
2339 3082 2436 3136 pro
2464 3066 2718 3136 singulari
2749 3068 2859 3121 vult
2890 3068 3056 3139 gloria
3084 3068 3382 3135 oblectare,

1820 3163 2057 3217 inveniat
2116 3163 2309 3231 quibus
2361 3176 2418 3216 se
2473 3161 2644 3215 modis
2677 3145 2681 3148 ’
2716 3162 2980 3225 humiliet,
3032 3173 3193 3232 atque
3248 3164 3392 3217 unde

1819 3252 2183 3324 gaudebat'",
2234 3251 2433 3306 sentiat
2494 3250 2611 3320 plus
2677 3249 2993 3305 timendum.
3051 3250 3389 3320 Perspiciant

1819 3362 1949 3415 ergo
1976 3344 2277 3414 diligenter,
2325 3357 2484 3411 quam
2529 3341 2849 3409 periculosa,
2880 3356 3108 3413 quamve
3151 3342 3383 3397 timenda

1820 3437 1888 3489 sit
1914 3433 2256 3503 imperatoria
2289 3434 2371 3485 vel
2404 3432 2548 3502 regia
2579 3432 2831 3503 dignitas,
2864 3431 2915 3486 in
2942 3448 3045 3503 qua
3076 3433 3390 3502 paucissimi

1820 3525 2114 3589 salvantur,
2172 3531 2227 3577 et
2288 3522 2360 3575 illi
2409 3522 2499 3592 qui
2552 3523 2661 3576 Deo
2710 3522 3003 3576 miserante
3042 3524 3107 3576 ad
3163 3522 3392 3578 salutem

1820 3617 2059 3680 veniunt,
2089 3630 2193 3669 non
2225 3630 2375 3684 mque
2405 3622 2460 3667 ut
2486 3614 2635 3667 multi
2661 3615 3193 3684 pauperum,jt-.dicio
3218 3616 3391 3671 sancti

1822 3708 2054 3777 Spiritus
2083 3708 2133 3759 in
2167 3715 2346 3761 sancta
2378 3705 2603 3759 ecclesia
2634 3703 3105 3774 glorilicantur'".
3142 3705 3182 3757 A
3208 3706 3390 3759 tuumli

1822 3801 1961 3853 enim
2002 3798 2264 3869 principio
2314 3810 2482 3866 usque
2535 3796 2600 3847 ad
2652 3796 2765 3849 haec
2803 3805 2984 3849 nostra
3032 3804 3273 3864 tempora
3335 3796 3388 3848 in

1824 3901 1930 3944 tota
1974 3888 2281 3942 authentica
2333 3887 2597 3954 scriptura
2655 3900 2760 3938 non
2830 3883 3130 3938 invenimus
3184 3894 3389 3954 septem

1824 3982 2173 4050 imperatores
2246 3975 2327 4031 vel
2392 3990 2567 4045 reges,
2621 3989 2847 4044 quorum
2892 3974 2998 4028 vita
3040 3973 3200 4028 fuerit
3258 3974 3392 4028 adeo

1823 4085 2088 4140 pruzctpua
2162 4068 2417 4137 religione
2464 4074 2518 4119 et
2550 4065 2746 4119 virtute
2793 4065 3065 4136 signorum
3114 4064 3389 4132 decorata,

1824 4163 1962 4217 sicut
1994 4158 2315 4213 univchalis
2352 4155 2424 4189 ⁸⁷⁵
2455 4154 2813 4209 multitudinis
2856 4154 3021 4209 seculi
3054 4163 3392 4224 contempto—

1825 4268 1970 4317 rmn,
1996 4252 2122 4305 hcet
2148 4264 2334 4303 eorum
2355 4260 2538 4316 ptures
2577 4245 2862 4299 credamus
2884 4243 3023 4313 apud
3052 4244 3395 4314 omnipoten-'

1824 4355 1929 4399 tem
1967 4343 2132 4396 Deum
2164 4335 2551 4393 misericordiae
2578 4334 2804 4389 salutem
2832 4332 3120 4388 invenisse.
3152 4330 3394 4402 Namque

1823 4441 1881 4487 nt
1908 4434 1973 4486 de
2000 4428 2259 4499 apostolis
2294 4436 2347 4481 et
2386 4426 2714 4496 martyribus
2752 4434 3047 4487 taceamus,
3080 4422 3200 4492 quis
3230 4423 3396 4493 impe-

1822 4534 2060 4579 ratorum
2090 4521 2174 4575 vel
2229 4534 2411 4588 regum
2442 4534 2593 4590 atque
2617 4527 2675 4571 ιιι
2705 4517 2895 4571 beatus
2921 4515 3201 4579 Martinus,
3229 4515 3396 4569 Auto-

1824 4619 1963 4679 nius,
2043 4622 2096 4668 et
2173 4612 2494 4666 Benedictus
2552 4608 2825 4662 miraculis
2884 4605 3109 4662 claruit?
3181 4603 3394 4673 Quis’"

1827 4709 2120 4778 imperator
2186 4713 2279 4755 aut
2340 4715 2432 4753 rex
2505 4709 2746 4753 mortuos
2800 4695 3097 4758 suscitavit,
3152 4694 3399 4764 leprosos

1827 4798 2128 4857 inundavit,
2183 4808 2362 4848 caicus
2405 4791 2757 4846 illuminavit?
2805 4790 2942 4844 Ecce
2987 4786 3397 4842 Constantinum

1827 4894 1926 4961 pia:
1959 4885 2234 4942 memoriae
2269 4885 2673 4954 imperatorem,
2718 4878 3099 4942 Theodosium,
3132 4886 3186 4931 et
3215 4877 3397 4931 Hono-

1831 4983 1966 5035 rium
2018 4974 2290 5038 Carolum,
2342 4984 2397 5025 et
2444 4970 2811 5035 Ludowicum,
2841 4967 3066 5038 iustitia:
3107 4974 3398 5030 amatores,

1829 5067 2141 5127 christiana:
2212 5063 2489 5132 religionis
2562 5072 2965 5132 propagatores,
3050 5056 3401 5112 ecclesiarum

1427 5223 1654 5283 VARI/IS
1692 5216 2092 5279 LECTIONES.

1068 5359 1136 5382 ηε
1180 5357 1275 5382 n..-.
1308 5360 1325 5382 Ι

1564 5368 1778 5382 -..λιιι-α...

1921 5372 1945 5382 Α
1976 5353 1997 5382 ΑΙ
2106 5350 2176 5382 364
2206 5350 2420 5382 nuru-non
2445 5353 2465 5382 Ι
2571 5352 2637 5382 3613
2682 5351 2819 5382 Λ.».ιρι
2854 5354 2874 5382 Ι
2980 5346 3047 5378 366
3076 5352 3314 5382 ινιριιιιιιιι
3348 5346 3370 5382 Ι
