3940 5382
559 251 665 307 5ἱό

1511 257 1595 311 llil
1609 257 1857 313 ΕΝοᾶιὸ
1901 255 2172 312 CLERICI
2208 252 2632 310 MACDEBURG
2644 250 2837 306 ENSIS
3735 267 3827 324 5“

559 367 896 432 defensores,
947 375 1135 422 sancta
1202 366 1417 451 quidem
1478 369 1706 425 ecclesia
1759 370 1941 445 laudat
1965 370 2035 415 ³1⁸
2089 377 2144 424 et
2175 377 2216 431 Λ
2248 378 2472 424 vomunt
2513 384 2635 425 cum
2689 383 2883 440 magno
2937 368 3132 423 timore
3161 387 3175 423 :
3206 370 3274 424 ad
3310 370 3462 441 regni
3487 369 3693 426 solium
3718 388 3831 427 cum

558 468 868 523 veneratur,
924 475 1028 514 non
1058 468 1236 513 tamen
1270 474 1363 514 eos
1387 459 1454 491 ³⁷⁷
1480 460 1699 517 fulsisse
1732 469 1879 516 tanta
1911 462 2163 516 miracu-'

560 550 737 605 lorum
788 551 958 620 gloria
1004 549 1234 620 jndicat.
1299 549 1568 607 Praeterea
1626 554 1692 607 ad
1748 563 1879 622 quot
1926 553 2165 608 nomina

559 655 746 710 regum
792 640 874 693 vel
924 639 1307 708 imperatorum
1356 641 1609 697 basilicas
1631 657 1727 697 seu
1768 641 1960 697 altaria
1989 643 2143 697 dedi-

559 733 692 797 cari,
719 732 801 786 vel
850 731 917 785 ad
946 746 1136 785 eorum
1169 732 1426 787 honorem
1469 743 1654 788 sancta
1687 733 1918 789 ecclesia
1951 733 2144 789 missas

560 824 750 876 statuit
802 820 1104 892 celebrati?
1150 822 1398 877 'l‘imeant
1442 839 1593 894 reges
1624 825 1822 894 aliique
1850 825 2142 894 principes,

560 931 627 969 ne
650 924 855 993 quanto
896 931 954 971 se
980 918 1179 973 ceteris
1209 918 1515 975 hominibus
1546 921 1600 975 in
1639 923 1739 978 hac
1766 925 1872 979 vita
1903 915 2162 993 praeferri

560 1006 813 1072 gaudent,
837 994 998 1061 lauto
1028 1009 1261 1078 amplius
1295 998 1513 1064 arternis
1554 1011 1816 1067 incendiis
1845 1012 2160 1086 subjicianA

562 1110 665 1152 tur.
704 1098 856 1155 Unde
905 1102 1167 1171 scriptum
1216 1110 1303 1158 est
1330 1119 1345 1161 :
1372 1086 1402 1155 .r
1435 1085 1691 1160 Potentes
1741 1085 1994 1175 potenter
2034 1116 2144 1162 tor-

559 1195 739 1246 menta
772 1193 1047 1263 patientur
1068 1192 1220 1265 (Sap.
1254 1211 1328 1258 γι.
1357 1196 1434 1267 7).
1462 1217 1480 1249 ι
1522 1198 1599 1251 De
1636 1205 1713 1251 tot
1738 1198 1881 1253 enim
1913 1199 2143 1254 homini-

557 1281 656 1338 bus
684 1282 796 1338 Deo
819 1283 1080 1339 reddituri
1125 1295 1252 1340 sunt
1300 1290 1585 1354 rationem,
1611 1298 1746 1360 quot
1765 1306 1876 1346 suae
1904 1290 2142 1346 domina-

559 1374 688 1429 tioni
744 1376 990 1432 subditos
1042 1378 1366 1434 habuerunt.
1411 1378 1564 1449 Quod
1612 1381 1660 1437 si
1702 1380 1862 1437 alicui
1892 1381 2143 1452 religioso

555 1465 767 1535 privato
815 1481 920 1522 non
954 1484 1152 1539 parvus
1190 1468 1344 1525 labor
1395 1480 1481 1527 est
1522 1487 1683 1527 uuam
1722 1487 1874 1528 suam
1905 1473 2139 1528 animam

555 1559 848 1625 custodire,
881 1572 1118 1631 quantus
1159 1561 1308 1619 labor
1340 1564 1588 1621 imminet
1615 1566 1952 1638 principibus
1978 1581 2143 1638 super

556 1649 741 1705 multis
786 1652 1003 1708 milibus
1049 1655 1390 1712 animarum?
1457 1657 1727 1714 Praeterea
1770 1658 1815 1714 si
1876 1659 2138 1730 judicium

555 1752 756 1797 saneta:
805 1744 1047 1801 ecclesiae
1100 1747 1255 1804 valde
1283 1750 1603 1821 constringit
1654 1758 1995 1821 peccatorem
2043 1765 2143 1822 pro

557 1832 716 1888 unius
761 1834 996 1894 hominis
1056 1839 1458 1910 iuterfectione,
1501 1845 1629 1914 quid
1684 1844 1789 1900 erit
1818 1845 1886 1900 de
1932 1845 2017 1901 his
2049 1844 2142 1914 qui

556 1922 722 1979 multa
756 1927 898 1982 milia
928 1932 1088 1986 morti
1123 1934 1339 1989 tradunt
1368 1950 1467 2006 pro
1499 1936 1659 2006 hujus
1690 1937 1874 1992 mundi
1906 1937 2138 2003 honore;

553 2012 644 2081 qui
693 2013 819 2071 licet
848 2033 944 2075 ore
987 2021 1280 2092 aliquando
1310 2026 1496 2082 dicant
1530 2041 1546 2080 :
1582 2046 1600 2079 ι
1631 2026 1746 2082 Mea
1772 2026 1948 2100 culpa,
1989 2048 2008 2081 ι
2044 2045 2143 2101 pro

556 2105 848 2163 multorum
877 2111 1153 2170 occisione
1184 2104 1384 2172 tamen
1417 2118 1469 2172 in
1495 2120 1663 2175 corde
1683 2120 1943 2191 gaudent,
1979 2121 2032 2176 in
2058 2121 2142 2177 sui

556 2196 712 2266 quasi
769 2200 992 2258 honoris
1045 2207 1382 2272 extensione,
1440 2208 1737 2280 noluntq».e
1781 2224 1890 2266 non
1950 2211 2144 2269 fecisse

556 2291 699 2358 quod
740 2304 987 2363 egerunt,
1033 2312 1208 2366 neque
1265 2299 1448 2356 dolent
1497 2302 1640 2372 quod
1674 2303 1870 2359 fratres
1903 2320 2032 2360 suos
2083 2306 2137 2362 in

557 2389 821 2437 tartarum
865 2387 1264 2457 compulerunt.
1302 2390 1548 2463 Cumque
1597 2380 1664 2450 ex
1713 2405 1824 2451 toto
1853 2397 2018 2454 corde
2045 2413 2141 2455 eos

553 2487 661 2527 non
693 2475 941 2543 pmnitet,
967 2466 1153 2550 neque
1178 2482 1363 2539 volunt
1394 2484 1632 2543 humano
1657 2503 1919 2561 sangutne
1951 2492 2139 2563 adqui-

552 2564 659 2621 sita
707 2567 790 2622 vel
832 2569 1049 2626 detenta
1079 2574 1352 2642 omittere,
1398 2577 1609 2634 illorum
1639 2564 1958 2651 poenitentia
1998 2584 2139 2655 apud

557 2657 723 2713 Deum
752 2660 871 2747 sine
912 2664 1077 2735 digno
1129 2668 1464 2737 pomitentiz:
1510 2671 1689 2729 fructu
1749 2685 1951 2731 manet.
1986 2675 2139 2732 Unde

551 2751 797 2819 profecto
852 2746 1011 2813 valde
1058 2769 1144 2813 est
1173 2761 1468 2817 timendum
1500 2773 1664 2834 atque
1704 2765 1773 2821 ad
1820 2767 2136 2822 memoriam

550 2860 738 2901 eorum
789 2854 984 2905 crebro
1038 2856 1425 2925 revocandum,
1474 2858 1599 2926 quia
1639 2858 1781 2914 sicut
1810 2858 2016 2929 praefati
2048 2875 2139 2915 su-

552 2951 692 3003 mus,
723 2952 754 2992 a
800 2941 984 2996 mundi
1032 2944 1296 3017 principio
1320 2947 1632 3016 paucissimi
1670 2965 1765 3019 per
1785 2949 1998 3005 diversa
2030 2958 2138 3005 ter-

2247 471 2451 529 quauto
2481 454 2673 515 timore
2688 452 2758 492 ³⁶³
2794 457 3182 525 accedendmn,
3232 460 3287 514 in
3324 466 3456 531 quo
3494 461 3673 516 etiam
3718 462 3829 517 boni

2245 559 2301 605 et
2350 551 2601 617 numilcs,
2644 552 2788 607 sicut
2833 552 2886 605 in
2934 550 3062 606 Saul
3118 560 3175 607 et
3243 551 3412 607 David
3459 555 3824 624 cognoscitur,

2245 637 2541 694 deteriores
2571 639 2737 693 fiunt?
2763 639 2896 694 Nam
2920 640 3065 711 quod
3093 640 3160 696 de
3190 640 3490 711 apostolica
3534 641 3670 695 sede
3707 656 3828 709 pra-

2245 727 2551 795 libavitnus,
2582 729 2637 784 in
2663 730 2896 785 decretis
2916 731 3058 786 beati
3086 729 3396 803 Symmachi
3419 731 3494 764 ³³⁵
3516 747 3699 802 papae,
3721 732 3828 786 licet

2245 820 2618 890 experimento
2652 823 2913 888 sciamus,
2936 823 3019 878 sic
3038 823 3347 879 continetur
3383 841 3397 877 :
3435 843 3456 877 ι
3486 823 3604 889 Ille,
3632 824 3829 879 scilicet

2244 912 2440 967 beatus
2486 912 2702 981 Petrus,
2755 916 3089 985 perhennem
3119 914 3437 971 meritorum
3489 916 3687 971 dotem
3718 931 3824 970 eam

2246 996 2548 1060 hereditate
2576 1005 2901 1062 innocentia:
2952 1007 3101 1062 misit
3143 1005 3209 1062 ad
3252 1018 3528 1077 posteros.
3570 1006 3828 1077 t'Etpost

2244 1110 2454 1165 pauca:
2497 1115 2515 1148 ι
2545 1096 2678 1164 Quis
2714 1099 2859 1154 enim
2912 1110 3163 1155 sanctum
3215 1101 3426 1156 dubitet
3480 1115 3634 1167 esse,
3682 1118 3825 1172 quem

2244 1201 2381 1257 apex
2437 1196 2602 1244 tanta:
2653 1189 2933 1258 dignitatis
2980 1190 3200 1257 attollit,
3246 1190 3301 1246 in
3334 1207 3447 1262 qua
3486 1194 3535 1249 si
3566 1194 3825 1249 desintan

2244 1276 2383 1331 bona
2434 1278 2697 1348 acquisita
2747 1294 2844 1350 per
2884 1280 3474 1346 meritum,suﬁiciunt
3511 1300 3641 1355 quae
3670 1301 3702 1339 a
3739 1287 3825 1341 loci

2244 1368 2530 1426 decessore
2594 1381 2959 1442 prtestantur;
3013 1384 3106 1431 aut
3158 1379 3301 1433 enim
3359 1375 3546 1433 clarus
3597 1380 3672 1434 ad
3729 1379 3826 1434 hac

2243 1460 2459 1530 lastigia
2483 1460 2552 1494 ³³⁸
2573 1462 2755 1533 erigit,
2797 1473 2890 1518 aut
2933 1480 3028 1521 eos
3064 1467 3154 1535 qui
3197 1468 3487 1540 eriguntur
3514 1468 3775 1523 illustrat.
3806 1487 3822 1518 ι

2243 1553 2582 1625 Quapropter
2630 1571 2769 1627 quos
2826 1568 3014 1613 sancta
3063 1560 3293 1616 ecclesia
3352 1576 3463 1615 sua
3525 1572 3733 1631 sponte
3770 1562 3826 1615 ad

2245 1644 2532 1717 imperium
2564 1648 2649 1703 vel
2696 1651 2941 1720 regimen
2965 1651 3033 1686 ³³⁷
3081 1651 3383 1708 deliberan
3408 1653 3648 1708 consilio
3680 1653 3827 1707 advo-

2245 1748 2354 1803 cat,
2400 1755 2508 1795 non
2560 1755 2660 1810 pro
2692 1742 2999 1797 transitoria
3044 1736 3211 1813 gloria
3258 1744 3354 1799 sed
3383 1758 3513 1814 “pro
3541 1744 3824 1800 tinniturum

2244 1831 2418 1887 salute
2445 1831 2723 1888 humiliter
2754 1834 3032 1899 obediant,
3068 1843 3122 1890 et
3165 1849 3384 1906 semper
3419 1845 3657 1892 caveant
3693 1836 3822 1905 quod

2244 1924 2436 1979 beatus
2481 1923 2777 1996 Gregorius
2830 1925 2883 1979 in
2923 1926 3111 1982 eodem
3150 1926 3290 1982 libro
3340 1927 3617 1982 Pasturali
3672 1936 3825 1982 testa-

2245 2025 2334 2070 tur
2361 2034 2373 2070 :
2405 2035 2424 2068 ι
2464 2016 2739 2087 Apostata:
2764 2017 2960 2088 quippe
2989 2017 3178 2087 angelo
3197 2020 3392 2075 similis
3418 2020 3680 2083 cﬂicitur,
3712 2020 3824 2074 dum

2244 2106 2407 2162 homo
2435 2108 2743 2164 hominibus
2788 2124 2910 2163 esse
2954 2108 3146 2165 similis
3195 2111 3547 2179 dedignatur.
3584 2109 3677 2164 Sic
3710 2108 3824 2164 Saul

2242 2207 2366 2268 post
2427 2199 2749 2254 humilitatis
2805 2199 3059 2255 meritum
3114 2201 3169 2255 in
3232 2208 3506 2257 tumorem
3571 2201 3825 2271 superbia

2244 2292 2480 2349 culmine
2507 2292 2793 2353 noteStatis
2818 2293 3085 2348 excrevit.
3115 2291 3221 2349 Per
3240 2294 3612 2348 humilitatem
3641 2293 3825 2364 quippe

2242 2386 2500 2457 praelatus
2545 2395 2650 2450 est,
2703 2400 2800 2458 per
2863 2387 3171 2459 superbiam
3213 2387 3564 2457 reprobatus.
3611 2384 3825 2440 Domino

2241 2486 2553 2541 attestante,
2577 2479 2667 2548 qui
2721 2461 2846 2534 ait':
2885 2498 2904 2530 ι
2938 2477 3126 2534 Nonne
3159 2494 3283 2534 cum
3307 2491 3461 2532 esses
3498 2475 3753 2547 parvulus
3775 2474 3822 2528 in

2240 2570 2412 2627 oculis
2460 2570 2586 2637 tuis,
2630 2582 2791 2641 caput
2823 2582 2875 2629 te
2902 2573 3158 2629 constitui
3192 2573 3245 2627 in
3276 2570 3530 2627 tribubus
3581 2570 3773 2626 lsrael?
3801 2589 3820 2621 ι

2242 2650 2295 2733 (Ι
2327 2659 2457 2732 Reg.
2511 2677 2611 2727 xv,
2665 2662 2774 2731 Π.)
2797 2661 2862 2717 Et
2909 2662 3067 2731 paulo
3112 2662 3383 2718 inferius:
3420 2680 3440 2713 ί
3480 2660 3622 2717 Miro
3656 2672 3820 2715 autem

2241 2755 2402 2810 modo
2428 2770 2550 2810 cum
2595 2756 2734 2825 apud
2763 2769 2821 2809 se
2848 2754 3120 2825 parvulus,
3174 2754 3316 2824 apud
3363 2754 3663 2808 Dominum
3692 2768 3820 2821 mag-

2242 2866 2381 2919 nus;
2437 2866 2561 2907 eum
2613 2866 2741 2906 vero
2778 2852 2917 2922 apud
2964 2867 3024 2906 se
3077 2865 3303 2922 magnus
3355 2851 3639 2921 apparuit,
3696 2851 3820 2919 apud

2240 2943 2525 2999 Dominum
2550 2942 2806 3013 parvulus
2834 2941 2951 2998 fuit.
2978 2962 2997 2994 ι
3024 2943 3324 3013 Vigilanter
3346 2957 3571 3013 quoque
3596 2943 3819 2997 retinea-

553 3041 735 3083 rarum
767 3045 931 3101 regna
986 3047 1144 3103 reges
1194 3036 1368 3090 sancti
1403 3052 1470 3093 ex
1502 3038 1895 3107 innumerabili
1943 3057 2132 3097 eorum
2167 3077 2211 3138 Ο
2243 3028 2393 3100 dum,
2416 3034 2561 3105 qu0d
2607 3033 2864 3089 Dominus
2894 3036 2947 3088 in
2973 3033 3255 3105 evangelio
3279 3033 3413 3089 dicit
3441 3052 3457 3087 :
3496 3051 3519 3085 ι
3554 3033 3673 3104 Ego
3716 3032 3820 3105 glo-

555 3121 899 3180 mnltitndine
948 3126 1324 3195 reperiuntur;
1359 3145 1481 3184 cum
1508 3131 1558 3185 in
1592 3147 1694 3187 una
1723 3142 1931 3189 tantum
1956 3136 2139 3205 ponti-

557 3212 716 3268 ﬁcum
766 3218 1010 3272 sertatiat
1043 3218 1114 3250 ⁸⁷³⁸
1145 3220 1294 3287 sede,
1347 3223 1597 3279 videlicet
1630 3224 1895 3293 Romana,
1929 3244 1957 3282 a
1999 3237 2138 3285 tem-

553 3320 686 3373 pure
717 3306 857 3362 beati
907 3307 1054 3379 Petri
1086 3312 1314 3382 apostoli
1351 3312 1462 3372 fere
1492 3326 1711 3373 centum
1747 3320 1888 3375 inter
1914 3322 2139 3378 sanctis-

555 3398 724 3454 simos
748 3410 1152 3470 computentur.
1185 3403 1296 3460 Cur
1317 3416 1496 3462 autem
1550 3407 1685 3477 hoc,
1703 3409 1809 3465 nisi
1838 3411 1962 3482 quia
1987 3428 2141 3485 reges

558 3497 718 3545 terra:
742 3499 798 3545 et
833 3493 1107 3565 principes
1142 3512 1279 3553 vana
1312 3499 1492 3577 gloria
1524 3501 1802 3569 delectati,
1828 3506 1972 3561 sicut
2003 3522 2141 3577 pra:-

554 3579 781 3637 lihatum
815 3594 917 3650 est,
958 3602 1091 3656 quae
1106 3604 1203 3644 sua
1236 3600 1356 3645 sunt
1383 3593 1758 3662 spiritualibus
1799 3598 2134 3668 praeferunt;

559 3672 793 3743 religiosi
837 3685 1015 3734 autem
1062 3681 1345 3750 pontifices
1365 3698 1555 3741 vanam
1579 3685 1808 3757 gloriam
1838 3689 2132 3762 despicien-

559 3773 660 3829 Ies,
696 3780 816 3835 qua:
849 3768 941 3824 Dei
988 3779 1116 3826 sunt
1144 3774 1454 3832 carnalibus
1478 3777 1640 3833 rebus
1688 3792 2025 3848 praaponunt.
2060 3784 2137 3839 Illi

556 3856 696 3914 inse
731 3860 1106 3932 delinquentes
1129 3865 1198 3900 ἠ
1224 3852 1386 3923 facile
1437 3872 1686 3941 puniunt,
1723 3876 1774 3929 in
1805 3873 1972 3930 Deum
2016 3892 2143 3946 pec-

554 3960 740 4006 cantes
768 3967 923 4023 aequo
973 3956 1157 4014 animo
1191 3958 1430 4026 ferunt;
1486 3964 1572 4018 isti
1615 3965 1667 4018 in
1697 3980 1757 4020 se
1787 3968 2140 4036 peccantibus

554 4043 664 4097 ciln
714 4044 1111 4114 ignoscunt'”,
1148 4051 1333 4107 Deum'
1359 4052 1757 4113 offendentibus
1811 4073 1917 4114 non
1949 4059 2141 4115 leviter

556 4146 800 4205 parcunt.
861 4139 939 4193 Illi
973 4142 1204 4198 terrenis
1233 4145 1447 4201 actibus
1499 4147 1729 4202 nimium
1778 4148 1945 4204 dediti
1979 4150 2140 4221 spiri-

557 4227 722 4281 tualia
752 4230 904 4297 parvi
938 4235 1212 4301 pendunt;
1251 4236 1337 4290 isti
1367 4237 1606 4293 cmlcstia
1637 4240 1826 4295 scdqu
1873 4242 2139 4297 meditan-

557 4327 635 4374 tes
696 4336 817 4388 qum
862 4334 988 4378 sum
1044 4334 1256 4380 terrena
1326 4337 1740 4399 contempnunt.
1796 4331 2134 4390 Adntonendi

2242 3125 2379 3180 riam
2431 3141 2606 3181 meam
2658 3141 2765 3183 non
2796 3142 2982 3197 quteto
3009 3126 3191 3197 (Joun.
3225 3141 3343 3189 vm,
3377 3125 3504 3196 50);
3550 3145 3571 3175 δ
3602 3137 3661 3181 et
3691 3145 3708 3178 ι
3738 3125 3819 3195 qui

2241 3216 2357 3273 vult
2411 3219 2555 3275 inter
2595 3234 2693 3276 vos
2747 3234 2869 3274 esse
2916 3220 3144 3290 primus,
3196 3219 3269 3274 sit
3337 3220 3589 3274 omnium
3645 3232 3820 3299 servus

2242 3309 2437 3383 (Marc.
2465 3329 2521 3379 κ,
2550 3311 2663 3383 44).
2704 3331 2723 3365 ι
2777 3310 3051 3367 Honorem
3094 3310 3189 3367 Dei
3236 3324 3455 3379 semper
3498 3325 3601 3364 suo
3630 3322 3820 3379 prapo-

2241 3413 2410 3471 uant;
2463 3403 2755 3474 justitiam,
2820 3404 3021 3474 unique
3072 3418 3227 3458 suum
3296 3400 3576 3457 servando
3628 3398 3815 3468 jus”,

2240 3496 2636 3566 amplectantur
2658 3504 2823 3565 atque
2851 3494 3159 3550 custodiant
3182 3510 3198 3560 ;
3220 3508 3326 3548 non
3356 3500 3490 3547 eant
3520 3494 3579 3546 in
3604 3489 3815 3546 consilio

2242 3586 2554 3656 impiorum,
2586 3586 2677 3642 sed
2704 3586 2972 3658 religiosis
2999 3600 3214 3655 semper
3238 3572 3644 3654 acquieseendo
3672 3581 3815 3637 corde

2240 3677 2582 3743 adluereant;
2631 3685 2873 3733 sanctam
2929 3677 3212 3734 ecclesiam
3255 3692 3363 3731 non
3393 3684 3649 3746 quaerant
3693 3675 3816 3731 sicut

2242 3769 2497 3826 ancillam
2529 3770 2630 3826 sibi
2662 3768 2953 3839 subjicere,
2978 3769 3296 3840 subfugere;
3348 3770 3445 3824 sed
3492 3768 3816 3838 permaxime

2240 3862 2427 3918 oculos
2458 3863 2601 3919 illius
2624 3863 2715 3930 ³⁸⁹,
2766 3862 3017 3918 videlicet
3064 3861 3301 3927 Domini,
3345 3861 3687 3925 sacerdotes,
3714 3874 3816 3914 nta-

2240 3953 2440 4023 gistros
2482 3963 2536 4009 et
2570 3964 2752 4023 patres
2808 3951 3265 4023 recognoscendo,
3312 3948 3660 4005 decenterm
3713 3957 3812 4002 stu-

2240 4045 2407 4102 deant
2434 4048 2727 4102 bonorare.
2769 4045 2901 4100 Nam
2953 4046 2998 4101 si
3049 4043 3303 4100 carnales
3329 4052 3535 4098 matres
3565 4049 3622 4097 et
3649 4050 3814 4110 patres

2237 4136 2511 4192 honorare
2526 4135 2802 4206 iubemur,
2830 4144 3034 4207 quanto
3057 4133 3229 4203 magis
3250 4129 3565 4202 spirituales
3589 4131 3613 4184 2
3654 4129 3712 4185 Si
3741 4128 3815 4182 ille

2238 4229 2329 4299 qui
2359 4229 2562 4286 carnali
2614 4229 2756 4299 patri
2783 4229 2864 4281 vel
2896 4227 3052 4282 n-atri
3080 4224 3445 4289 maledixerit,
3478 4230 3659 4278 morte
3688 4218 3814 4275 mul-

2237 4323 2466 4379 ctaudus
2499 4334 2581 4379 est
2611 4339 2627 4390 ;
2660 4322 2790 4394 quid
2831 4320 2922 4375 ille
2949 4320 3043 4390 qui
3083 4316 3362 4374 maledicit
3389 4316 3535 4388 patri
3558 4311 3815 4385 spiritali

555 4420 679 4464 sunt
699 4428 827 4483 ergo
856 4416 1046 4470 omnes
1072 4416 1375 4480 christiani,
1418 4421 1509 4490 qui
1537 4438 1660 4477 cmn
1695 4423 1915 4479 Christo
1949 4441 2133 4498 regna-

2241 4418 2319 4474 vel
2348 4416 2531 4481 matri,
2591 4414 2874 4470 meretur?
2919 4411 3036 4468 Non
3058 4410 3262 4468 carnali
3300 4424 3490 4464 amore
3516 4407 3684 4463 illecti
3707 4415 3814 4461 sta-

557 4518 614 4555 re
639 4503 887 4572 cupiunt,
916 4520 984 4561 ne
1008 4506 1301 4566 ambitione
1320 4512 1581 4569 secularis
1598 4518 1882 4584 potestatis
1906 4533 2134 4591 regnare

556 4589 830 4659 affectent,
860 4595 953 4650 sed
988 4598 1168 4666 potius
1204 4615 1314 4670 prae
1332 4603 1502 4659 oculis
1532 4603 1787 4673 habeant,
1811 4608 1957 4679 quod
2005 4589 2131 4664 bet?

556 4692 645 4739 tus
693 4684 989 4757 Gregorius
1018 4704 1153 4762 papa
1201 4694 1577 4753 sanctissimus
1617 4698 1669 4752 in
1700 4698 1837 4756 libro
1867 4700 2132 4756 Pasturali

552 4779 808 4835 admonet
827 4780 917 4848 ⁸⁸¹,
953 4784 1141 4842 dicens
1174 4804 1187 4841 :
1222 4806 1241 4840 ι
1295 4788 1444 4844 Inter
1489 4790 1605 4849 haec
1640 4791 1823 4864 itaque
1876 4795 2005 4864 quid
2050 4809 2135 4850 sc-

552 4872 849 4940 quendum,
903 4876 1101 4947 quidve
1181 4879 1502 4947 timendum,
1555 4881 1655 4939 nisi
1730 4895 1788 4939 ut
1838 4885 2133 4941 virtutibus

552 4961 1007 5032 pullenscoactus
1039 4970 1107 5024 ad
1135 4985 1360 5040 regnum
1383 4974 1584 5041 veniat,
1613 4974 1903 5030 virtutibus
1932 4990 2135 5032 vacuus

555 5070 621 5108 ne
650 5066 869 5115 coactus
901 5062 1145 5117 accedat.
1169 5064 1322 5131 Quod
1371 5065 1416 5120 si
1457 5066 1523 5121 ad
1551 5066 1903 5137 apostolicam
1925 5068 2131 5130 sedem.

552 5147 605 5201 in
647 5166 754 5220 qua
801 5156 902 5207 rite
951 5154 1185 5211 ordinati
1257 5157 1470 5213 meritis
1519 5159 1659 5213 beati
1707 5159 1852 5215 Petri
1901 5161 2131 5230 apostoli

551 5242 805 5300 nti-liores
846 5246 1168 5304 elliciuntut'.
1230 5251 1320 5304 oui
1375 5250 1541 5304 Deum
1593 5251 1900 5304 timent'“.
1960 5255 2131 5304 cczztti

2240 4511 2404 4567 deant
2430 4510 2599 4564 filium
2646 4521 2803 4563 suum
2848 4508 3020 4576 gregi,
3048 4519 3147 4575 pro
3172 4518 3279 4574 quo
3304 4501 3558 4558 Christus
3604 4498 3814 4570 sangui-

2240 4617 2363 4659 nem
2411 4617 2566 4657 suum
2618 4599 2774 4665 fudit,
2826 4612 3157 4669 praeponere,
3210 4595 3256 4651 si
3291 4594 3577 4650 meliorem
3630 4592 3720 4646 illo
3764 4598 3812 4642 et

2241 4698 2512 4753 utiliorem
2549 4701 2775 4765 possunt
2816 4691 3095 4758 invenire;
3126 4704 3195 4745 ne
3240 4688 3362 4760 plus
3408 4687 3522 4743 Deo
3547 4683 3813 4754 diligendo

2240 4793 2433 4857 filium,
2464 4791 2758 4846 maximum
2813 4797 3017 4844 sanctae
3060 4785 3305 4841 ecclesize
3358 4780 3604 4837 inferant
3654 4775 3811 4833 detri-

2241 4890 2504 4939 mentum.
2548 4880 2805 4936 Patenter
2843 4877 2990 4933 enim
3024 4876 3191 4931 Deum
3238 4881 3293 4928 et
3317 4885 3654 4942 proxumum,
3684 4868 3811 4923 sicut

2236 4974 2594 5031 christianum
2638 4978 2873 5042 oportet,
2919 4983 3028 5024 non
3088 4979 3275 5021 amare
3320 4962 3685 5024 convincitur,
3727 4956 3807 5026 qui

2236 5073 2398 5121 tantze
2447 5063 2665 5118 utilitati
2720 5071 2939 5132 tamque
2991 5055 3311 5114 necessariae
3375 5063 3582 5110 sancta:
3632 5050 3810 5105 matris

2235 5157 2496 5221 ecclesiae,
2536 5163 2697 5228 prout
2748 5155 2940 5211 melius
2994 5158 3192 5221 potest,
3242 5147 3469 5221 negligit
3512 5142 3805 5216 providere.

2238 5250 2351 5304 Hac
2376 5261 2612 5303 aaatcee
2641 5246 2870 5304 .virtute.
2898 5243 2951 5300 id
2978 5251 3064 5301 est
3091 5240 3343 5304 caritate,
3372 5237 3643 5304 neglecta,
3667 5234 3806 5304 quic-
