3940 5382
104 300 230 355 5,5
1362 290 1451 346 DE
1489 289 1709 346 nemo
1745 289 2112 346 saxomco.
2404 304 2411 309 -
3303 304 3408 358 me

108 411 259 481 quid
292 409 424 464 boni
471 406 667 479 aliquis
723 405 937 467 fecerit,
966 403 1110 458 onmi
1139 401 1317 457 fructu
1347 401 1537 458 salutis
1565 416 1722 457 carc-
1756 414 1801 466 Α
1831 400 1958 455 dum
1989 410 2221 469 poterat,
2265 414 2576 472 przecavere
2602 406 2791 464 noluit.
2824 408 2891 463 Et
2919 426 3018 466 cur
3055 428 3179 470 eum
3233 416 3407 475 solum

110 499 226 553 bit.
269 497 404 553 Hac
428 498 612 567 itaque
636 493 916 549 humiliter
940 494 1171 565 agendo,
1202 500 1257 546 et
1287 505 1527 547 amorem
1558 491 1650 546 Dei
1669 501 1725 547 et
1830 491 1953 547 dico
1974 491 2355 549 miserabiliter
2381 495 2604 551 obisse?
2631 513 2753 552 cum
2781 500 3127 559 manifestum
3159 505 3261 571 sit,
3286 522 3406 562 om-

108 586 393 656 proximi,
443 587 582 641 sicut
646 594 879 656 oportet,
930 584 1234 647 servando,
1285 594 1619 652 praesumant
1655 581 1723 637 de
1827 597 1926 637 nes
1947 582 2063 639 fere
2090 582 2328 639 lleinrici
2362 585 2655 645 familiares
2682 602 2736 647 et
2777 592 2963 649 fideles
2998 610 3152 666 atque
3180 599 3408 655 miseras

100 677 276 733 illius
329 676 727 742 misericordia,
756 676 846 746 qui
887 675 1061 731 dixit:
1094 692 1114 725 ι
1149 672 1349 729 Discite
1383 688 1414 726 a
1443 685 1553 737 me,
1597 671 1722 741 quia
1829 682 2035 729 mortes
2063 675 2379 740 incurrisse,
2407 687 2461 731 et
2483 688 2577 735 eos
2607 681 2938 751 miseriores,
2973 686 3065 754 qui
3092 686 3306 743 fuerant
3332 690 3406 745 illi

111 770 280 825 ruitis
310 783 436 824 sum
484 778 540 824 et
570 767 786 823 humilis
810 767 976 822 corde
1002 765 1220 838 (Matth.
1247 780 1323 828 ιι,
1343 764 1457 834 29).
1497 782 1516 817 ι
1548 763 1722 831 Quem
1828 762 2127 831 ﬁdeliores,
2159 766 2287 835 quia
2318 766 2452 823 fides
2479 768 2567 824 illa
2596 787 2725 827 vere
2740 783 2858 827 crat
2878 775 3124 844 perfidia.

104 860 159 915 si
186 859 487 915 humiliter
513 859 705 914 imitati
732 857 952 921 fuerint,
977 856 1045 911 de
1070 871 1237 929 regno
1262 854 1445 911 servili
1468 863 1524 910 et
1547 862 1726 910 trans-
1898 856 1985 911 75.
2029 856 2099 913 Ut
2123 873 2268 913 enim
2298 873 2395 928 per
2423 875 2708 918 excessum
2738 866 2985 935 quaedam
3027 868 3115 924 vel
3161 882 3404 941 repetam

112 953 298 1006 itorio
332 953 403 1006 ad
430 966 655 1021 regnum
686 946 1727 1015 vertelibertatis‘et:eternitatistrans-
1824 947 1909 1003 vel
1936 964 2290 1019 praecurram,
2316 953 2648 1022 patriarcha,
2701 956 2792 1024 qui
2835 957 3048 1029 legatus
3097 963 3405 1032 apostolici,

108 1044 282 1098 ibunt
306 1043 404 1106 ⁸⁸⁸,
434 1041 628 1096 Amen.
656 1040 1043 1095 Ammonemus
1070 1054 1167 1095 vos
1215 1038 1411 1094 fratres
1449 1047 1505 1093 et
1537 1036 1721 1106 coepi-
1824 1038 2094 1094 maximus
2138 1048 2331 1096 auctor
2382 1042 2743 1112 abjurationis
2774 1048 3035 1106 extiterat
3077 1050 3314 1108 Heinrici
3349 1065 3407 1111 et

106 1150 325 1204 scopas
344 1135 417 1167 ³³³
452 1142 685 1197 nostros,
710 1148 780 1187 ue
799 1131 995 1188 faciem
1022 1131 1324 1202 principum
1364 1129 1721 1200 trepidantes,
1823 1130 1948 1185 novi
1979 1131 2121 1203 regis
2152 1132 2491 1202 instituendi,
2543 1147 2826 1207 postquam
2864 1141 3047 1213 exregi
3089 1143 3244 1213 quasi
3290 1145 3404 1217 regi

106 1225 416 1280 veritatem
445 1224 526 1279 eis
548 1224 731 1278 dicere
756 1222 1010 1287 timentis,
1064 1222 1402 1276 incurrentes
1427 1220 1556 1275 illud
1588 1218 1724 1275 ϐινε-
1823 1222 2061 1278 sociatus
2086 1225 2440 1294 retrogradus
2461 1224 2718 1293 efﬁcitur,
2744 1230 3028 1299 repentina
3053 1245 3230 1290 morte
3259 1250 3399 1305 pra:-

102 1317 258 1387 gorit
289 1317 344 1387 εζι
380 1315 518 1371 Cum
542 1316 760 1370 interra
792 1315 1063 1370 hominem
1089 1322 1277 1375 contra
1303 1314 1586 1368 veritatem
1610 1316 1724 1384 qui-
1827 1321 2037 1381 ventus,
2096 1315 2222 1384 quia
2269 1316 2709 1372 communicabat
2758 1320 3265 1389 excommunicatis,
3322 1323 3404 1379 in-

106 1406 251 1461 libet
274 1414 462 1475 pavet,
487 1404 726 1473 ejusdem
748 1404 998 1459 veritatis
1022 1404 1155 1457 ira'.n
1179 1402 1397 1458 caelitus
1418 1405 1671 1459 sustinet.
1696 1425 1714 1457 ι

184 1498 283 1552 74.
328 1497 570 1567 Legatus
612 1495 758 1567 regis
787 1509 1040 1550 reversus
1068 1495 1180 1566 (au.
1213 1495 1372 1562 i076,
1399 1495 1564 1550 Mart.
1587 1496 1709 1568 27),

111 1602 247 1642 cum
282 1586 426 1655 regi,
457 1587 547 1656 qui
574 1598 703 1641 tunc
738 1594 857 1639 erat
880 1585 1140 1655 Traiecti,
1171 1587 1315 1656 quod
1354 1596 1716 1643 eratexcom-

102 1674 436 1731 municatus
461 1676 745 1740 indicaret,
761 1675 1113 1737 Willehalmi,
1142 1676 1473 1746 ipsiusurbis
1497 1679 1713 1747 episco-

104 1768 184 1837 pi.
212 1767 457 1823 consilio
482 1780 577 1823 rex
607 1767 1227 1824 escommnnicatiouem
1260 1768 1404 1823 illam
1432 1769 1619 1825 nichili
1639 1770 1711 1804 ³⁸³
1746 1795 1787 1854 Β

100 1865 323 1935 pendit.
352 1863 657 1935 Episcopus
672 1878 887 1935 quoque
908 1863 1051 1918 idem
1072 1863 1291 1929 timens,
1322 1877 1392 1919 ne
1419 1863 1462 1919 si
1482 1864 1711 1935 populus

103 1958 225 2013 hzee
248 1958 533 2023 audisset,
559 1972 588 2010 a
614 1968 739 2028 rege
776 1956 914 2011 sicut
945 1955 1015 2010 ab
1037 1956 1510 2012 excommunicato
1535 1958 1710 2013 disce-

108 2048 295 2112 deret,
326 2047 480 2101 inter
505 2047 703 2102 missas
738 2060 1043 2101 sermonem
1098 2045 1302 2101 faciens
1332 2046 1399 2102 ad
1429 2048 1683 2118 populum

105 2138 562 2208 derisorie,quod
586 2153 681 2192 rex
696 2145 841 2193 esset
864 2139 1388 2203 excommunicatus,
1416 2137 1705 2207 indicavit,

108 2232 208 2286 sed
231 2231 386 2285 hanc
416 2229 1034 2284 exeommunieationem
1080 2228 1245 2283 nichil
1274 2227 1479 2295 valere,
1508 2231 1707 2300 quibus

104 2331 336 2393 poterat
357 2321 569 2389 verbis,
597 2330 783 2392 utpote
810 2319 1076 2376 facundus
1100 2325 1283 2387 nemo,
1334 2320 1702 2376 confirmavit.

108 2415 218 2469 Sed
244 2412 520 2485 quantum
550 2413 770 2475 valeret,
803 2413 855 2467 in
884 2428 943 2468 se
970 2412 1085 2483 ipso
1135 2421 1358 2468 coactus
1387 2429 1701 2484 agnoscere,

99 2508 155 2561 si
184 2508 380 2561 liceret
407 2506 457 2560 ei
506 2506 817 2576 pmulteudo
841 2520 869 2558 a
901 2504 1155 2576 superbia
1200 2505 1542 2575 resipiscere.
1568 2508 1701 2563 Nam

108 2592 166 2652 in
223 2598 347 2669 ipso
388 2596 526 2657 loco,
580 2596 632 2650 in
680 2611 789 2666 quo
838 2596 1084 2651 Romano
1116 2596 1359 2666 pontifici
1407 2598 1704 2670 derogabat

109 2688 348 2759 ejusque
379 2696 710 2759 potestatem
741 2686 1002 2743 verbosus
1019 2687 1359 2744 adnicbilare
1400 2689 1701 2759 laborabat,

112 2782 232 2851 ipse
287 2781 432 2836 mala
487 2779 798 2835 valetudine
851 2780 1166 2850 corripitur,
1218 2781 1271 2835 in
1302 2797 1406 2852 qua
1439 2798 1608 2853 usque
1635 2784 1703 2839 ad

111 2873 492 2930 miserandum
525 2874 739 2928 misera:
792 2871 918 2927 vitae
970 2873 1133 2927 finem
1183 2872 1472 2929 detinetur.
1519 2874 1703 2945 Itaque

115 2966 311 3020 morbo
362 2965 535 3035 magis
582 2979 645 3018 ac
689 2964 860 3033 magis
905 2964 1334 3034 ingravescente,
1388 2967 1515 3021 dum
1556 2977 1704 3023 esset

117 3075 241 3113 cum
273 3072 341 3114 eo
370 3058 590 3127 quidam
624 3057 789 3112 homo
816 3058 978 3129 regis,
1020 3072 1253 3128 eumque
1281 3058 1350 3090 ³⁸⁸
1372 3068 1611 3130 rogaret,
1639 3069 1700 3115 ut

1821 1405 2254 1462 communicatus
2276 1415 2331 1461 et
2360 1407 2703 1466 inconfessus
2732 1410 2858 1466 huic
2882 1410 3007 1466 vitae
3043 1411 3402 1482 subtrahitur.

1822 1492 2021 1550 Verum
2042 1497 2169 1566 quia
2202 1506 2365 1552 tantte
2386 1498 2664 1570 dignitatis
2695 1501 2871 1555 virum
2917 1515 3027 1557 non
3069 1504 3294 1560 decebat
3322 1506 3402 1561 ire

1819 1586 1991 1642 solum
2015 1587 2083 1642 ad
2113 1587 2405 1653 infernum,
2463 1591 2877 1663 quinquaginta,
2905 1594 3047 1649 sicut
3071 1595 3399 1664 audivimus,

1817 1679 1885 1734 de
1911 1679 2025 1735 suis
2071 1680 2261 1735 balmit
2305 1682 2507 1747 socios,
2542 1684 2734 1738 eadem
2764 1693 2941 1739 morte
2969 1686 3251 1756 repentina
3275 1702 3399 1744 cor-

1818 1779 2028 1842 reptos;
2057 1786 2125 1827 ne
2148 1786 2285 1841 quos
2313 1771 2548 1828 habebat
2579 1773 2633 1827 in
2657 1773 2726 1805 ³⁸⁷
2756 1774 3045 1846 iniquitate
3088 1787 3397 1845 consortes,

1817 1860 2173 1915 retributione
2200 1876 2308 1916 non
2337 1862 2562 1917 haberet
2579 1864 2892 1934 participes.

1882 1949 1971 2005 76.
1998 1951 2116 2007 Udo
2142 1951 2501 2007 Treverensis
2526 1954 2995 2025 archiepiscopus,
3024 1958 3173 2013 omni
3198 1958 3401 2028 pietate

1812 2043 2022 2114 plenus,
2038 2044 2164 2099 dum
2186 2045 2347 2101 nimis
2363 2055 2681 2102 mansuetus
2700 2048 2972 2118 tyrannidi
2991 2064 3096 2104 non
3113 2050 3397 2116 resistens,

1812 2136 2066 2194 Heinrico
2098 2137 2219 2209 plus
2245 2153 2410 2208 quam
2445 2138 2673 2195 decebat
2712 2140 3052 2211 obsequitur,
3103 2142 3221 2211 ejus
3246 2141 3399 2196 flam-

1810 2244 1934 2284 meo
1956 2229 2125 2285 furori
2152 2245 2263 2286 sum
2289 2231 2668 2287 consensionis
2688 2232 2865 2288 oleum
2898 2233 3195 2299 ministrat,
3228 2246 3284 2289 et
3339 2243 3396 2290 ut

1808 2319 2053 2376 ecclesiae
2074 2321 2455 2392 depraedentur
2477 2322 2751 2379 licentiam
2778 2324 2979 2394 donat(
2998 2319 3056 2376 ν.
3076 2339 3195 2393 cap.
3224 2324 3384 2395 103);

1807 2421 1860 2466 et
1892 2413 2089 2467 mox‘in
2113 2413 2355 2468 crastino
2405 2427 2564 2467 mane
2602 2413 2669 2445 "'
2713 2422 2960 2469 mortuus
3002 2412 3301 2478 invenitur,
3334 2422 3394 2469 ut

1807 2502 2064 2557 omnibus
2093 2511 2279 2572 aperte
2299 2510 2573 2557 constaret
2604 2504 2725 2557 ideo
2753 2507 2843 2556 tab
2874 2517 2997 2563 eum
3041 2511 3215 2559 morte
3250 2504 3399 2560 obis-
3432 2520 3437 2525 ·

1806 2607 1887 2659 se,
1938 2593 2064 2663 quia
2109 2593 2165 2647 in
2207 2592 2567 2648 ecclesiarum
2610 2593 2945 2662 praedatione
2982 2593 3183 2648 mnou
3218 2595 3398 2651 timuit

1805 2699 2084 2740 assensum
2110 2687 2370 2756 praebere.

1880 2773 1969 2829 77.
2014 2775 2164 2845 Eppo
2204 2775 2450 2831 Cicensis
2500 2775 2812 2846 episcopus,
2858 2775 2988 2831 dum
3040 2777 3094 2832 iu
3121 2777 3397 2849 episcupio

1806 2868 1979 2921 sancti
2021 2866 2221 2921 Kiliaui
2254 2867 2369 2937 (59)
2409 2867 2699 2937 quemdam
2730 2868 2904 2923 rivum
2952 2867 3080 2924 forti
3104 2871 3303 2926 sedens
3332 2871 3389 2925 in

1804 2978 1949 3034 equo
1978 2963 2257 3027 transiret,
2285 2976 2449 3031 quem
2482 2962 2711 3031 quilibet
2758 2964 2925 3032 pedes
2979 2964 3097 3019 sine
3154 2963 3396 3034 periculo

1810 3054 2048 3109 transire
2096 3063 2303 3124 posset,
2335 3054 2422 3108 ubi
2451 3067 2551 3108 uec
2592 3054 2752 3109 timor
2794 3052 2937 3109 ullus
2972 3054 3093 3121 fuit,
3137 3056 3278 3125 e'tpto
3304 3070 3397 3111 ca-

109 3166 166 3204 s'
193 3163 324 3204 cum
350 3162 451 3203 suo
472 3149 727 3203 mandato
754 3148 1057 3203 remitteret
1085 3151 1152 3203 ad
1182 3163 1364 3218 regem
1396 3168 1409 3204 :
1445 3148 1579 3215 Hoc,
1623 3151 1705 3205 in-
1735 3140 1778 3200 C
1813 3146 1975 3201 dente
2024 3148 2266 3201 moriens
2323 3147 2404 3201 sic
2444 3146 2663 3201 interiit
2716 3147 2826 3218 (Cf.
2875 3148 3070 3201 Annal.
3110 3142 3268 3212 Sana,
3300 3164 3393 3202 an.

112 3242 253 3310 quit,
280 3242 332 3295 ei
367 3242 515 3295 mitto
546 3240 876 3305 mandatum,
908 3240 1049 3311 quod
1082 3244 1190 3310 ipse
1210 3251 1257 3295 et
1296 3258 1415 3312 ego,
1444 3251 1492 3296 et
1523 3259 1703 3297 omnes

111 3333 227 3400 ejus
267 3330 539 3400 iniquitati
588 3328 842 3397 fauentes,
894 3330 1167 3398 dampnati
1216 3347 1398 3384 sumus
1443 3332 1497 3385 in
1531 3348 1708 3401 perpe-

110 3434 289 3475 tuum.
321 3423 569 3490 Cumque
595 3437 625 3474 a
661 3420 774 3477 suis
815 3420 904 3491 qui
938 3421 1164 3475 aderant
1192 3420 1429 3489 clericis,
1480 3437 1548 3477 ne
1573 3422 1701 3476 talia

109 3515 454 3582 loqueretur,
506 3519 655 3567 esset
709 3511 1079 3566 ammonitus:
1111 3510 1253 3576 Quid
1295 3510 1464 3577 aliud,
1507 3512 1704 3582 inquit,

107 3602 325 3673 loquar,
373 3601 474 3656 nisi
533 3601 672 3671 quod
745 3616 921 3656 verum
970 3617 1081 3655 esse
1145 3600 1417 3655 uisibiliter
1472 3617 1702 3657 intueor.

110 3694 251 3750 Ecce
314 3697 455 3750 enim
513 3696 776 3750 dammae:
838 3695 1029 3749 lectum
1089 3712 1261 3750 meum
1321 3694 1700 3756 circumstant,

108 3792 371 3857 quatenus
436 3803 539 3852 me,
594 3802 714 3840 mox
776 3794 832 3839 ut
878 3787 1180 3855 expiravere
1224 3787 1453 3857 rapiant.
1518 3788 1705 3860 Itaque

110 3894 229 3931 cum
256 3877 412 3947 fuero
434 3877 501 3931 de
521 3884 736 3946 corpore
758 3876 1001 3940 eductus,
1035 3893 1160 3947 rogo
1186 3894 1273 3932 vos
1299 3887 1347 3932 et
1372 3895 1549 3934 omnes
1572 3880 1704 3948 ﬁde—

113 3970 210 4033 !es,
258 3984 327 4022 ne
359 3984 416 4023 se
450 3967 672 4037 fatigent
711 3983 809 4037 pro
856 3983 938 4021 me
985 3967 1229 4036 faciendo
1276 3966 1699 4039 supplicationes.

116 4058 230 4114 llac
266 4058 440 4128 igitur
466 4057 521 4110 in
545 4057 922 4126 desperatione
948 4054 1261 4121 defunctus,
1308 4057 1471 4113 nullis
1496 4059 1700 4113 oratio-

114 4151 278 4205 nibus
340 4150 451 4204 Deo
501 4148 919 4214 reconciliatus,
976 4148 1066 4202 diu
1112 4145 1330 4215 jacebat
1383 4153 1699 4218 insepultus,

114 4245 289 4299 donec
326 4241 555 4296 Romam
587 4241 840 4303 mittitur,
871 4250 926 4295 et
958 4241 1082 4296 inde
1106 4241 1337 4310 quaesito
1360 4241 1607 4307 consilio,
1635 4246 1703 4295 ue

112 4336 346 4407 populus
393 4332 589 4390 faetore
625 4335 1027 4402 corrumpatur,
1081 4331 1380 4402 apostolico
1404 4332 1557 4401 jussu
1584 4333 1703 4388 sine

113 4426 680 4484 commendationibus
708 4424 989 4496 sepelitur.
1036 4423 1153 4480 Non
1185 4425 1346 4494 longe
1371 4436 1551 4483 autem
1574 4437 1699 4498 post

116 4530 346 4574 mortem
404 4534 559 4574 suam
624 4516 805 4571 abbati
874 4515 1214 4572 Cluniacensi
1272 4517 1341 4549 ³⁸⁸
1393 4518 1690 4589 apparuit,

117 4610 431 4677 priusquam
477 4623 604 4663 cum
670 4605 837 4661 fuisse
878 4612 1154 4659 mortuum
1194 4607 1554 4675 cognovisset,
1593 4616 1691 4662 et:

120 4697 242 4753 Non
269 4716 405 4762 sum,
429 4698 626 4769 inquit,
670 4700 837 4762 vivus,
889 4698 981 4752 sed
1020 4713 1132 4753 rere
1180 4698 1478 4768 defunctus,
1537 4712 1584 4755 et
1643 4703 1697 4756 in

117 4790 325 4858 inferno
347 4790 596 4859 sepultus.
632 4789 722 4845 Sic
747 4790 838 4844 ille
884 4790 1205 4859 sapiens-ct
1252 4806 1350 4860 per
1399 4794 1582 4848 omnia
1614 4795 1698 4848 vir

119 4882 380 4936 honestus
421 4883 597 4938 sinon
647 4889 795 4935 esset
816 4881 1056 4935 avaritias
1091 4882 1318 4936 venenis
1347 4882 1416 4915 ⁸³⁸
1440 4884 1693 4950 infectus,

122 4971 350 5027 stultum
397 4982 448 5029 et
490 4970 862 5029 miserabilem
894 4968 1054 5027 finem
1105 4971 1320 5037 habuit;
1362 4973 1487 5041 quia
1536 4977 1701 5036 hunc,

1766 3273 1778 3283 ο
1811 3238 2025 3309 1078);“
2054 3248 2242 3293 sancto
2290 3236 2508 3294 liiliano
2557 3239 2637 3294 sic
2675 3239 3017 3310 disponente,
3062 3247 3120 3295 ut
3160 3240 3252 3310 qui
3279 3240 3397 3310 ejus

1808 3335 1960 3389 urbis
1992 3334 2264 3388 violentus
2293 3333 2579 3387 incubator
2604 3331 2800 3401 injuste
2827 3333 3201 3389 vinum‘suum
3235 3332 3389 3388 hibe-

1807 3425 1919 3488 bat,
1948 3439 2143 3495 aquam
2173 3438 2390 3494 quoque
2417 3439 2572 3479 suam
2606 3422 2755 3493 juste
2792 3424 3006 3487 bibens,
3036 3422 3176 3477 ultra
3206 3425 3392 3478 vinum

1804 3529 1916 3570 non
1942 3523 2183 3584 qurerat;
2216 3522 2271 3569 et
2313 3514 2439 3583 quia
2487 3513 2643 3569 nobis
2676 3514 3114 3569 cinconciliabilis
3154 3514 3230 3546 ⁸⁸⁸
3268 3527 3393 3583 per-

1807 3604 2032 3671 mansit,
2051 3604 2162 3659 Deo
2188 3603 2630 3660 inreconeiliatus
2656 3605 2724 3659 ab
2752 3605 2855 3661 hac
2880 3604 2948 3637 ⁴⁰¹
2976 3606 3085 3660 vita
3119 3605 3390 3677 migravit.

1876 3695 1964 3750 78.
2004 3693 2330 3750 Godefrious
2359 3693 2582 3760 “'dux,
2625 3697 2716 3765 qui
2748 3693 2851 3749 fuit
2896 3696 3166 3751 maximus
3220 3695 3392 3750 hostis

1806 3784 2078 3853 Saxonire,
2094 3787 2254 3857 periit
2275 3786 2330 3841 in
2357 3787 2639 3842 secretiori
2667 3788 2916 3857 corporis
2935 3797 3088 3858 parte
3113 3787 3391 3857 perfossus

1804 3892 1949 3933 saevo
1998 3892 2278 3941 mucrone,
2326 3891 2428 3933 nec
2477 3886 2741 3948 purgatus
2796 3875 2983 3930 ultima
3023 3874 3387 3939 confessione,

1804 3983 1908 4024 nec
1935 3969 2177 4023 munitus
2200 3983 2356 4023 sacra
2383 3969 2791 4024 communione.
3016 3996 3017 3999 η
3076 4006 3079 4011 .

1876 4059 1965 4115 79.
1991 4057 2337 4115 Godebaldus
2361 4058 2458 4125 ⁴⁰³,
2487 4059 2614 4113 dum
2651 4072 2792 4129 equo
2818 4072 2917 4113 suo
2943 4057 3157 4114 noviter
3185 4055 3390 4113 ferrato

1806 4150 1995 4222 pedem
2019 4151 2378 4220 posteriorem
2404 4151 2634 4216 levaret,
2664 4160 2724 4205 ut
2761 4166 2829 4205 an
2858 4160 2985 4220 apte
3016 4149 3219 4205 ferrum
3242 4161 3390 4204 esset

1798 4240 2117 4313 impositum
2167 4242 2238 4276 ⁸⁵⁸
2275 4243 2630 4313 perspiceret,
2681 4240 2751 4296 ab
2805 4241 2921 4311 ipso
2965 4239 3102 4310 pede
3129 4241 3183 4295 in
3210 4240 3389 4296 fronte

1804 4336 2127 4405 percutitur,
2151 4344 2207 4391 et
2233 4336 2313 4391 sic
2339 4336 2408 4391 ab
2435 4335 2537 4391 hac
2568 4333 2678 4389 vita
2710 4332 3067 4389 abstrahitur.

1876 4424 1963 4482 80.
2001 4424 2350 4480 Burchardus
2378 4424 2666 4480 Misnensis
2714 4422 3006 4493 praelectus
3051 4421 3144 4486 ‘°',
3177 4422 3305 4478 dum
3328 4423 3387 4478 in

1801 4516 2034 4585 quadam
2062 4531 2183 4582 sua,
2204 4516 2290 4570 cui
2318 4525 2573 4587 praeerat,
2598 4516 2733 4571 urbe
2758 4516 2827 4569 ab
2852 4513 3386 4578 urbanisinvaditur,

1802 4623 1943 4678 equo
1955 4607 2040 4662 cui
2059 4607 2331 4663 insidebat
2350 4607 2548 4662 frustra
2567 4607 2716 4662 calca
2726 4605 2872 4659 ribus
2887 4605 3186 4669 vulnerato,
3203 4601 3391 4676 fugere

1804 4700 2040 4763 molitur,
2070 4701 2197 4769 quia
2245 4712 2418 4768 equus
2444 4711 2587 4767 smpe
2607 4696 2757 4766 prius
2794 4696 2864 4749 de
2885 4694 3169 4749 velocitate
3198 4692 3392 4749 lauda-

1806 4801 1915 4860 tus,
1943 4790 2125 4855 modo,
2155 4804 2278 4845 cum
2305 4787 2544 4843 maxime
2578 4783 2818 4840 maximo
2861 4798 3025 4839 cursu
3066 4770 3203 4853 opus
3251 4790 3398 4849 erat,

1808 4885 1865 4939 fit
1915 4883 2291 4946 stationarius,
2340 4880 2494 4951 quasi
2541 4879 2782 4934 diceret:
2809 4875 2945 4930 Mihi
2998 4890 3099 4928 non
3133 4872 3254 4927 licet
3287 4886 3406 4931 eunt

1812 4990 1951 5028 nunc
1993 4996 2023 5026 ιι
2066 4974 2205 5027 vobis
2235 4963 2453 5040 eripere,
2479 4970 2569 5038 qui
2590 4967 2717 5021 dum
2765 4966 2875 5037 sibi
2898 4965 3073 5030 licuit,
3103 4960 3328 5023 nolebat
3360 4975 3413 5014 se

1398 5081 1628 5140 ΨΑΒΙᾸΞ
1669 5084 2073 5141 ιιεετιοκιςδ.

195 5219 269 5251 ’θ’
296 5176 418 5275 lists
442 5220 620 5275 ldibus
648 5215 1003 5273 Martiiaddit
1032 5216 1160 5276 Rea.
1188 5216 1277 5269 ubi
1300 5215 1508 5276 ‘reliaua
1532 5221 1742 5273 desunt.
1778 5222 1900 5275 Alia
1937 5223 2138 5276 addunt
2166 5219 2332 5274 codex
2367 5217 2536 5273 Musei
2574 5212 2878 5267 Britannici
2908 5207 3158 5267 Arundel.
3197 5204 3259 5258 Ν
3274 5249 3297 5264 ,
3330 5207 3417 5263 77-
