3940 5382
570 397 668 454 ευ

1515 383 1856 440 ΒΒίΙΝΟΝΙΞ
1887 377 2151 436 CLI-ZRICI
2191 371 2814 431 MAGDEBURGENSIS

3729 373 3827 426 διε

567 506 848 577 corrigere.
906 499 1128 555 Moritur
1164 512 1293 569 ergo
1347 512 1468 551 eum
1528 511 1722 565 magno
1776 492 1970 546 aninnc
2023 503 2133 542 sum
2166 493 2207 545 Α.
2243 493 2329 536 tur
2356 498 2384 536 a
2420 484 2580 537 litore
2610 483 2842 553 longius,
2868 483 3150 550 nautisque
3180 498 3247 537 ne
3269 482 3483 556 longius
3500 486 3693 540 abiret
3718 488 3825 541 ela-

569 594 832 670 periculo,
862 596 984 666 quia
1017 607 1156 661 saepe
1188 603 1508 645 consensum
1552 586 1779 657 prazbuit
1832 580 2138 652 periculoso

572 691 852 749 saevissimi
887 689 1026 758 regis
1055 684 1305 740 consilio.

642 785 726 840 8|.
771 778 1060 849 Liupoldus
1089 775 1178 838 ⁸⁸⁸,
1206 773 1374 827 frater
1402 766 1676 824 Berlboldi
1714 763 1857 835 regis
1887 761 2141 817 consilia-

574 875 662 938 rii,
702 871 791 942 qui
832 877 886 923 et
934 867 1048 936 ipse
1069 865 1186 933 ejus
1209 861 1549 918 consiliarius
1578 865 1717 920 erat,
1751 856 1881 908 dum
1908 852 2137 920 quadam

574 964 659 1018 die
682 963 835 1029 juxta
870 973 1047 1029 regem
1071 956 1337 1024 equitans,
1371 966 1494 1007 cum
1527 967 1592 1004 eo
1620 947 1890 1016 quoslibet
1937 957 2141 998 sermo-

576 1072 670 1111 nes
716 1052 1007 1115 conferret,
1060 1048 1317 1117 accipiter
1370 1058 1532 1113 quem
1589 1040 1809 1095 sinistra
1868 1036 2139 1108 portabat,

575 1147 797 1201 volitare
817 1143 1001 1212 erepit,
1020 1141 1170 1211 quasi
1195 1145 1474 1207 capturum
1500 1141 1730 1204 peteret.
1755 1132 1846 1186 ille
1872 1145 2000 1185 vero
2021 1137 2144 1199 post

576 1255 730 1295 avem
759 1252 1049 1307 parumper
1075 1250 1134 1288 se
1157 1232 1447 1295 inclinans,
1479 1230 1546 1283 ab
1569 1243 1707 1296 equo
1725 1225 1901 1297 gravis
1926 1223 2141 1285 cecidit,

576 1340 629 1384 et
652 1343 836 1384 ensem
865 1341 972 1396 quo
1000 1326 1211 1379 cinctus
1254 1330 1371 1376 erat
1401 1336 1430 1375 e
1456 1320 1643 1390 vagina
1688 1317 1921 1386 lapsum,
1953 1311 2144 1383 capulo

577 1429 733 1474 terra:
763 1416 938 1473 deﬁxo
979 1416 1032 1470 in
1082 1423 1299 1484 pectore
1323 1411 1499 1466 medio
1526 1409 1758 1476 recepit;
1785 1414 1839 1461 et
1887 1404 1977 1474 qui
2003 1416 2144 1472 saepe

576 1510 725 1582 pravi
749 1506 958 1564 consilii
990 1520 1213 1561 consors
1246 1503 1328 1557 vel
1384 1510 1573 1556 auctor
1608 1499 1731 1562 fuit,
1773 1497 1891 1550 sine
1920 1491 2145 1549 consilio

574 1608 847 1670 perpetuae
875 1596 1066 1653 salutis
1115 1596 1184 1650 ab
1226 1594 1329 1648 liae
1358 1593 1467 1645 vita
1501 1589 1742 1644 recessit.
1776 1586 1869 1640 llis
1901 1600 1966 1639 ex
1993 1590 2145 1651 parte

578 1688 849 1752 tractatis,
876 1684 1041 1741 multa
1080 1684 1166 1739 bis
1192 1681 1386 1738 similia
1436 1678 1772 1749 przetcriens,
1812 1675 1878 1728 ad
1923 1674 2026 1727 iter
2066 1671 2147 1724 in-

578 1789 791 1852 ceptum
814 1779 935 1834 volo
957 1776 1179 1841 reverti,
1203 1775 1347 1845 quod
1372 1787 1478 1828 non
1508 1769 1811 1825 aberraudo
1834 1766 1927 1822 sed
1953 1774 2143 1836 sponte

578 1872 839 1929 deviando
864 1868 1095 1926 deserui.

649 1962 737 2019 82.
776 1959 898 2032 (Au.
924 1957 1078 2022 1076,
1103 1951 1466 2026 April.-Mai.)
1489 1952 1658 2022 igitur
1686 1955 1961 2018 comperta
1993 1945 2145 2016 lega-

581 2055 724 2109 tione
743 2050 1013 2123 poutillcis
1039 2060 1093 2103 et
1114 2044 1617 2101 excomunieationc
1664 2041 1778 2095 sive
1815 2037 2146 2108 depositione

580 2149 817 2205 lleinrici
849 2147 1009 2218 regis,
1047 2157 1235 2199 omnes
1287 2140 1377 2210 qui
1424 2146 1640 2192 nostros
1693 2134 1937 2205 captivos
1981 2131 2148 2185 habe-

577 2241 731 2308 bant,
762 2240 885 2310 quia
927 2236 1129 2293 nullam
1152 2232 1292 2304 apud
1324 2245 1504 2299 regem
1537 2224 1989 2285 misericordiam,
2018 2221 2143 2275 dum

578 2350 675 2389 rex
708 2340 848 2397 erat,
895 2328 1138 2383 invenire
1176 2322 1450 2395 poterant,
1499 2331 1556 2376 et
1607 2321 1654 2375 ei
1703 2318 1902 2374 nullam
1965 2315 2145 2378 modo,

577 2439 699 2480 cum
733 2438 827 2477 rex
859 2436 962 2477 non
992 2427 1154 2483 esset,
1207 2416 1366 2471 fidem
1411 2413 1494 2468 vel
1547 2410 1938 2480 subiectionem
1989 2408 2146 2461 debe-

577 2517 726 2580 baut,
757 2525 944 2569 omnes
972 2525 1065 2566 eos
1112 2510 1167 2564 in
1214 2506 1450 2578 patriam
1507 2502 1699 2575 gratis,
1746 2499 1998 2555 lleinrico
2049 2512 2144 2551 ne-

578 2607 802 2668 sciente,
822 2604 1160 2658 dimiserunt.

648 2698 736 2751 85.
773 2695 877 2748 Sed
913 2691 1255 2746 Burcltardus
1269 2690 1336 2730 “7
1367 2685 1839 2742 Halbcrstadensis
1863 2686 2147 2753 episcopus

578 2802 737 2857 quam
769 2783 1086 2839 mirabiliter
1102 2797 1131 2835 a
1149 2780 1445 2835 miserabili
1464 2779 1845 2848 dampnatione
1873 2777 1944 2832 sit
1965 2776 2145 2829 divina

577 2879 778 2949 pietate
806 2875 1090 2937 liberatus,
1119 2874 1183 2927 ad
1216 2872 1309 2926 Dei
1337 2872 1552 2926 laudem
1581 2881 1637 2925 et
1683 2872 1747 2924 ad
1778 2869 2018 2925 omnium
2046 2868 2145 2922 mi-

580 2983 824 3023 serorum
883 2964 1304 3021 consolationem
1368 2961 1620 3016 referam.
1674 2961 1809 3014 Dum
1866 2960 2147 3014 lieiurieus

579 3067 722 3116 esset
744 3056 897 3127 juxta
922 3055 1246 3119 Danubium,
1274 3062 1330 3108 et
1355 3067 1536 3107 secum
1560 3052 1787 3107 haberet
1808 3051 2012 3104 sororis
2037 3065 2146 3104 sum

582 3152 836 3206 maritum
867 3148 1234 3209 Salomonem,
1268 3144 1519 3199 similiter
1541 3145 1608 3197 ab
1639 3143 1852 3213 Ungi-ine
1884 3142 1954 3173 ⁸⁰³
1982 3156 2146 3212 regno
2174 3160 2218 3222 ρ

584 3240 885 3310 depulsum,
934 3238 1060 3307 quia
1099 3234 1430 3305 temporibus
1477 3233 1580 3288 illis
1628 3233 1841 3304 vigebat
1883 3232 2146 3300 depositio

585 3346 800 3402 regum;
828 3343 1028 3400 genero
1050 3341 1147 3381 suo
1171 3326 1280 3394 jam
1304 3324 1544 3379 redituro
1567 3324 1616 3377 in
1641 3324 1889 3392 patriam,
1918 3323 1969 3376 in
1995 3323 2149 3390 cujus

583 3421 927 3478 extremitate
974 3431 1173 3486 paucas
1226 3416 1387 3470 urbes
1430 3413 1677 3469 habendo
1739 3413 1826 3466 vix
1886 3413 2146 3476 haerebat,

583 3513 892 3583 episcopum
926 3507 1294 3563 Burcltardum
1319 3503 1735 3567 commendavit,
1763 3518 1994 3572 eumque
2019 3502 2150 3555 mul-

591 3613 726 3666 tum,
759 3609 816 3656 ut
839 3613 1133 3668 numquam
1165 3598 1219 3651 in
1252 3594 1602 3650 Tlteutonicis
1630 3593 1826 3648 ﬁnibus
1855 3593 2148 3658 videretur,

588 3690 920 3756 obsecravit;
944 3689 1082 3759 quod
1098 3698 1151 3751 et
1168 3688 1255 3743 illc
1277 3686 1545 3758 promisit.
1562 3685 1712 3752 Quod
1734 3684 2152 3755 cumepiscopus

585 3782 973 3853 praesensisset,
991 3782 1215 3843 amicos,
1244 3795 1379 3850 quos
1407 3778 1641 3834 habebat
1664 3777 1734 3832 ibi
1763 3792 1983 3845 paucos,
2016 3791 2149 3844 pau-

587 3874 683 3935 cis,
704 3872 841 3927 sicut
866 3881 1075 3941 tempus
1099 3869 1372 3932 mouebat,
1397 3868 1578 3923 verbis
1603 3867 1887 3932 allocutus,
1943 3866 2151 3935 regavit

586 3978 772 4019 omnes
798 3979 892 4033 per
912 3961 1001 4017 Dei
1030 3977 1246 4021 nomen,
1282 3968 1550 4030 quatenus
1596 3959 1663 4013 de
1707 3974 1803 4013 sua
1852 3959 2155 4028 cogitarent

585 4055 879 4124 ereptione.
913 4054 1064 4107 'l'unc
1087 4050 1474 4107 OthelricusMm
1504 4049 1722 4119 quidam
1754 4048 1887 4102 dixit
1921 4049 2153 4111 ei,stare

587 4146 853 4215 quandam
884 4144 1100 4200 domum
1134 4144 1402 4198 desertam
1431 4156 1536 4195 non
1563 4140 1719 4211 longe
1756 4156 1784 4193 a
1815 4140 2001 4202 litore,
2033 4154 2150 4195 tuo—

585 4237 810 4303 nuitque
830 4249 953 4288 eum
983 4242 1042 4286 ut
1068 4232 1210 4286 hanc
1237 4237 1355 4285 arte
1381 4229 1621 4299 qualibet
1661 4237 1952 4298 temptaret
1981 4230 2150 4282 intra—

584 4339 666 4379 re.
692 4322 972 4392 Episcopis
996 4336 1123 4391 ergo
1154 4330 1360 4375 tantum
1386 4333 1506 4374 cum
1539 4333 1644 4372 uno
1700 4319 1976 4388 eapellano
2029 4320 2149 4373 navi

586 4413 896 4483 impositus,
923 4425 1174 4478 exregetn
1199 4408 1417 4477 jubetur
1449 4409 1789 4472 antecedere,
1824 4410 1997 4464 donec
2039 4410 2152 4479 ipse

2246 575 2544 637 ulantibus,
2562 574 2958 644 appropinquat
2986 574 3186 636 domui,
3211 574 3519 644 leniterque
3575 577 3825 646 pulsans,

2241 661 2517 732 Deumque
2543 664 2858 732 suppliciter
2872 678 3092 729 vocans,
3108 665 3276 719 dixit:
3301 666 3483 733 Aperi.
3514 666 3827 736 Numquam

2242 754 2378 809 dixit
2405 770 2579 825 neque
2604 756 2845 810 dicturus
2874 766 2957 811 est
2987 772 3108 810 cum
3137 756 3343 824 majore
3369 758 3683 813 devotione
3712 775 3828 812 cor—

2242 845 2342 907 dis,
2369 845 2548 916 Aperi,
2579 847 2681 902 nisi
2712 848 2757 902 si
2788 849 3090 917 speraverit
3118 850 3218 904 sibi
3246 850 3583 919 quandoque
3599 850 3828 919 ianuam

2245 937 2395 1004 regni
2445 937 2684 993 caelestis
2711 939 2932 1007 aperiri.
2967 938 3274 993 Othelricus
3317 941 3531 1008 paratis
3582 941 3751 1012 equis
3782 952 3829 995 et

2242 1029 2406 1082 sociis
2430 1030 2743 1100 episeOpum
2787 1032 3047 1101 suscepit,
3078 1039 3132 1085 et
3173 1033 3260 1087 die
3299 1034 3622 1101 quiescens,
3681 1043 3829 1088 nocte

2242 1132 2369 1172 vero
2400 1117 2684 1183 festinans,
2712 1134 2837 1174 eum
2867 1120 2957 1173 Dei
3015 1122 3384 1177 misericordia
3439 1125 3755 1177 comitante
3782 1125 3826 1176 in

2246 1206 2587 1263 Halberstedi
2611 1210 2678 1243 ’δυ
2708 1211 2976 1280 perduxit.
3027 1210 3238 1279 Quanta
3269 1213 3651 1283 gratulatione
3681 1217 3830 1269 totius

2242 1298 2425 1366 populi
2458 1297 2644 1353 fuisset
2670 1311 2943 1369 acceptus.
2969 1316 3120 1355 meus
3146 1302 3314 1357 hebes
3346 1318 3454 1358 non
3484 1305 3639 1357 valet
3663 1305 3826 1373 expli-

2244 1401 2372 1443 care
2396 1388 2572 1444 stilus.
2601 1389 2776 1444 Etiam
2806 1392 2898 1460 qui
2944 1405 3066 1445 eum
3093 1392 3243 1462 prius
3263 1390 3388 1448 odio
3417 1393 3758 1459 habuerunt,
3782 1396 3828 1447 in

2242 1492 2471 1534 occursu
2500 1479 2604 1534 lrcti
2634 1482 3044 1551 gaudentesque
3070 1491 3436 1537 cucurrerunt
3472 1483 3568 1536 δι’.

2316 1571 2404 1626 84.
2444 1571 2724 1640 Principes
2757 1586 2886 1640 ergo
2913 1572 3080 1627 nostri
3111 1571 3342 1627 diversis
3372 1572 3441 1627 ab
3503 1573 3700 1627 exiliis
3726 1590 3829 1627 om-

2245 1674 2340 1715 nes
2369 1674 2505 1729 pene
2532 1658 2690 1713 simul
2723 1661 2773 1713 in
2798 1661 3027 1729 patriam
3058 1660 3282 1725 reversi,
3325 1675 3587 1733 magnam
3618 1662 3711 1716 his
3744 1664 3824 1731 qui

2245 1752 2385 1808 domi
2417 1759 2570 1806 erant
2593 1752 2853 1806 dederunt
2906 1753 3188 1808 materiam
3217 1753 3420 1822 gaudii,
3453 1762 3511 1807 et
3536 1753 3827 1808 multorum

2175 1827 2221 1887 Β
2247 1856 2310 1896 os
2332 1851 2660 1910 aperuerunt
2690 1841 2741 1895 in
2770 1841 2981 1896 laudem
2998 1842 3111 1898 Dei.
3143 1844 3476 1898 invenerunt
3498 1844 3651 1899 enim
3669 1852 3827 1898 totam

2247 1949 2385 2004 pene
2414 1933 2619 2003 plebem
2645 1937 3207 2005 congregataru,exigi
3238 1936 3445 1990 tributa
3477 1937 3701 2004 praediis
3726 1936 3827 1989 suis

2247 2025 2625 2095 persolvetula,
2648 2025 2760 2092 jam
2793 2024 3178 2095 libertatis_5pe
3221 2026 3525 2081 retinenda:
3568 2027 3827 2096 deposita,

2248 2116 2665 2187 quagjuberetu'r
2691 2128 2882 2171 cuncta
2912 2116 3197 2173 facturam.
3226 2117 3600 2172 ilerimannus
3628 2129 3823 2181 autem,

2250 2216 2477 2278 patruus
2509 2206 2683 2279 Magni
2710 2207 2885 2271 ducis,
2924 2219 2978 2262 et
3030 2207 3369 2265 Tltiedricus
3405 2211 3477 2263 de
3541 2210 3826 2264 Kathalanv

2254 2297 2600 2367 burgm—lii
2622 2314 2854 2368 namque
2870 2298 3018 2368 prius
3040 2299 3320 2369 aliquanto
3345 2301 3555 2355 ceteris
3572 2314 3827 2356 venerunt

2246 2386 2702 2457 -—-ubstupefactis
2717 2389 2967 2444 omnibus
2994 2390 3471 2445 exclamaverunt;
3494 2410 3513 2443 ι
3537 2390 3729 2456 Nolite,
3761 2393 3830 2446 di-

2248 2487 2452 2542 centes,
2465 2478 2655 2547 optimi
2673 2478 2935 2546 Saxones,
2958 2482 3123 2535 nolite
3136 2482 3415 2536 servitutis
3421 2482 3444 2550 j
3451 2500 3557 2552 uga
3574 2484 3827 2552 recipere,

2250 2568 2412 2622 nolite
2429 2569 3126 2627 “‘bmreditatemvestram
3156 2573 3499 2629 tributariam
3524 2573 3720 2631 facere.
3745 2592 3830 2626 uo-

2248 2661 2338 2715 lite
2357 2663 2422 2717 de
2439 2661 2804 2717 misericordia
2821 2663 2912 2717 Dei
2928 2663 3237 2732 desperare!
3270 2665 3411 2719 Ecce
3427 2680 3551 2724 nos.
3572 2665 3665 2733 qui
3682 2658 3825 2718 vestri

2248 2771 2409 2810 causa
2443 2771 2540 2810 nos
2572 2755 2628 2809 in
2678 2756 3041 2825 captivitatem
3070 2756 3336 2820 dedimus,
3395 2758 3494 2812 Dei
3528 2757 3823 2815 clementia.

2249 2844 2339 2898 illo
2391 2846 2482 2913 qui
2519 2860 2616 2899 nos
2652 2846 2866 2899 tenebat
2888 2846 3073 2908 invito,
3104 2846 3363 2911 redimus,
3416 2862 3521 2916 pro
3579 2847 3731 2899 vobis
3780 2862 3827 2914 θι

2247 2937 2444 2990 vestris
2511 2937 2797 3006 pugnaturi
2856 2937 3107 3005 quamdiu
3164 2937 3417 2993 vivimus.
3469 2937 3684 3009 Erigite
3713 2952 3825 3004 ergo

2246 3026 2515 3079 cervicem
2542 3022 2670 3094 jugo
2694 3025 2971 3079 servitutis
2998 3041 3228 3081 excusso
3261 3026 3514 3089 liberam,
3545 3042 3824 3096 numquam

2249 3116 2475 3184 posthac
2503 3116 2762 3172 servitute
2797 3116 3165 3185 premendam,
3202 3116 3496 3186 adjuvante
3532 3117 3668 3172 Deo.
3702 3118 3825 3170 licti-

2250 3216 2375 3262 nete
2400 3222 2588 3261 manus
2611 3223 2641 3261 a
2664 3206 2877 3263 tributis
2904 3207 3196 3272 solvendis,
3227 3209 3455 3263 retinete
3469 3211 3825 3277 possess-ianva

2250 3304 2460 3353 vestras
2499 3298 2721 3362 liberas,
2754 3298 2894 3353 sicut
2921 3298 3116 3353 liberas
3137 3314 3228 3352 eas
3254 3298 3293 3351 a~
3310 3299 3509 3353 vestris
3530 3314 3679 3369 pare:
3705 3303 3824 3352 titius

2254 3389 2558 3458 accepistis.
2613 3387 2719 3442 Vos
2742 3397 2920 3442 autem
2965 3387 3204 3442 fautores
3249 3389 3576 3457 iniquitatis,
3610 3390 3701 3459 qui
3737 3389 3823 3441 mi-

2252 3497 2386 3537 sera:
2398 3482 2567 3551 plebis
2581 3482 2928 3550 oppressione
2948 3480 3180 3535 crudelis
3205 3482 3419 3551 tyranni
3444 3482 3679 3552 gratiam
3701 3496 3823 3549 quac-

2253 3572 2423 3635 sistis,
2465 3572 2532 3625 ab
2562 3572 3150 3641 Opprimendocessate,
3185 3573 3535 3641 abexigendo
3558 3574 3821 3643 quiescitc,

2253 3674 2308 3719 et
2353 3680 2418 3719 ex
2450 3665 2552 3719 hac
2576 3666 2709 3718 hora
2735 3663 2819 3717 vel
2847 3663 3121 3719 nobiscum
3152 3679 3249 3732 pro
3274 3665 3529 3718 libertate
3558 3664 3821 3735 pugnaturi

2255 3754 2484 3811 fideliter
2517 3764 2573 3811 et
2614 3754 2782 3823 jurati
2836 3764 3167 3824 permanete,
3194 3755 3276 3809 vel
3323 3754 3375 3808 in
3409 3755 3511 3809 bac
3543 3755 3678 3809 hora
3702 3753 3823 3806 velut

2252 3849 2435 3903 hostes
2482 3847 2629 3903 infidi
2674 3855 2729 3903 et
2774 3844 2977 3915 perjuri
3013 3862 3041 3899 a
3081 3846 3233 3901 nobis
3294 3854 3404 3899 eta
3458 3844 3634 3914 patria
3659 3855 3822 3899 nostra

2252 3956 2542 4011 numquam
2599 3939 2867 3994 reversuri
2917 3938 3195 3993 discedite.
3231 3956 3250 3990 ι
3299 3936 3525 3992 Talibus
3591 3936 3823 3993 verbiset

2253 4032 2436 4087 hostes
2476 4031 2713 4093 confusi,
2741 4046 2768 4084 a
2801 4029 3081 4085 ferocitate
3110 4029 3416 4097 quiescunt,
3456 4037 3513 4082 et
3548 4029 3823 4084 civescono

2251 4123 2454 4186 fortati.
2491 4125 2717 4192 pristina
2772 4125 2971 4179 virtute
3026 4131 3263 4192 recepta,
3326 4122 3380 4175 in
3423 4123 3818 4175 unanimitatern

2252 4211 2409 4266 facile
2437 4213 2769 4267 coalescunt.
2794 4212 3091 4268 Coadnnati
3121 4213 3378 4281 denique,
3405 4212 3659 4280 przesidia
3683 4210 3821 4264 Hein-

2253 4306 2349 4361 rici
2389 4306 2456 4360 ab
2481 4305 2733 4360 omnibus
2779 4304 3014 4360 castellis
3035 4303 3276 4370 ejiciunt,
3307 4312 3361 4357 et
3392 4303 3498 4355 illis
3523 4317 3590 4355 ea
3614 4314 3818 4371 quorum

2252 4398 2467 4451 fuerant
2511 4394 2678 4449 libera
2731 4394 3058 4459 restituunt;
3113 4394 3487 4462 possessiones
3526 4392 3681 4457 alias,
3707 4404 3819 4459 quas

586 4519 708 4558 cum
738 4517 927 4557 socero
956 4515 1199 4570 pransus,
1231 4514 1354 4554 eum
1386 4514 1505 4554 cum
1534 4500 1744 4571 gurgite
1792 4516 2016 4556 currens
2055 4516 2148 4556 vc-
2184 4500 2228 4557 ο
2258 4502 2516 4560 tyrannus
2565 4489 2762 4559 injuste
2785 4489 2869 4542 his
2892 4502 3117 4557 quorum
3148 4495 3306 4539 erant
3327 4494 3566 4553 ereptas,
3593 4483 3819 4549 injustins

587 4592 777 4646 lociter
803 4590 873 4623 δίο
899 4592 1231 4660 insequatur.
1269 4588 1488 4643 Leniter
1511 4604 1641 4659 ergo
1667 4589 1907 4646 deﬂuens
1939 4591 2149 4661 episco-

586 4695 689 4749 pus
719 4694 823 4735 non
847 4680 900 4734 in
931 4693 1176 4734 somnum
1204 4678 1539 4743 dissolvitur,
1567 4693 1671 4732 non
1707 4679 1758 4731 in
1781 4680 1938 4734 vanis
1967 4680 2155 4735 confa-

588 4770 949 4826 bulationibus
977 4777 1290 4839 occupatur,
1315 4768 1409 4823 sed
1459 4784 1555 4823 cor
1576 4783 1697 4823 cum
1734 4777 1843 4823 tota
1868 4771 2152 4825 devodone

586 4863 733 4918 levat
755 4863 820 4918 ad
847 4862 1036 4925 Deum,
1063 4861 1249 4915 oculos
1278 4860 1330 4914 in
1361 4857 1489 4913 litus
1515 4868 1662 4914 tenet
1688 4858 1947 4923 intentos,
1981 4862 2153 4915 donec

587 4960 1052 5023 prmmonstratam
1082 4950 1381 5020 conspiciat
1430 4948 1647 5003 domum
1689 4947 1840 5019 (Jun.
1885 4950 2001 5019 24).
2035 4951 2150 5016 Qua

587 5039 702 5072 ινῖοα
740 5048 895 5072 rrum!
949 5044 1138 5072 naulum
1205 5043 1261 5072 nl
1310 5035 1362 5072 in
1419 5033 1542 5072 little
1573 5048 1633 5072 cn
1659 5033 1823 5072 \voiinl
1853 5049 2126 5072 avnnnnrn

2262 4581 2365 4635 illis
2414 4582 2481 4634 ad
2527 4595 2664 4649 quos
2700 4580 2847 4633 nullo
2900 4578 3021 4647 jure
3056 4577 3403 4647 pertinebant
3433 4576 3721 4630 donaverat
3742 4572 3816 4631 ⁸¹⁵.

2261 4670 2598 4732 auferunt,et
2622 4684 2714 4724 eas
2736 4654 2807 4723 ad
2825 4667 3000 4737 justos
3028 4682 3366 4738 possessores
3389 4667 3568 4720 redire
3612 4664 3815 4717 iaciunt.

2262 4759 2357 4813 His
2386 4759 2638 4814 omnibus
2696 4759 2747 4812 in
2795 4760 2985 4813 finibus
3029 4758 3228 4811 nostris
3277 4757 3380 4809 rite
3408 4755 3663 4824 peractis,
3694 4754 3816 4806 diem

2258 4862 2314 4904 et
2350 4849 2523 4903 locum
2556 4848 2936 4910 delerminant,
2969 4848 3055 4901 ubi
3108 4848 3450 4901 concordiam
3486 4847 3549 4900 ad
3571 4842 3817 4899 defensio.

2261 4954 2379 4993 nem
2418 4940 2605 5008 patria:
2628 4938 2930 4993 renovaturi
2964 4939 3306 5001 conveniant,
3338 4945 3396 4991 et
3432 4951 3526 4991 eos
3556 4936 3608 4988 in
3641 4933 3815 5003 quibus

2260 5030 2590 5072 inﬁrlplitntie
2652 5030 2886 5072 enenioin
2949 5031 3223 5072 rpeirlprpt
3272 5038 3423 5072 nuta
3480 5027 3672 5072 fil-ilum
3719 5022 3815 5072 suis
