3940 5382
139 234 253 287 529

1409 230 1494 284 DE
1530 227 1754 284 θειιο
1794 228 2159 286 SAXONICO.

3317 227 3422 282 530

139 346 272 402 duci
300 348 572 418 praecepit,
603 356 659 401 et
687 362 810 403 cum
841 346 922 401 eis
950 347 1019 402 de
1045 346 1241 415 pretio,
1266 360 1374 415 quo
1402 361 1460 401 se
1500 346 1729 400 redime-
1761 350 1806 406 Α
1835 360 1932 414 per
1954 360 2012 399 se
2043 346 2123 400 vel
2146 363 2241 416 per
2269 356 2515 402 nuntntnt
2569 344 2712 415 genti
2743 356 2880 411 pene
2917 339 3139 410 perdita!
3167 341 3409 395 consola-

141 450 273 495 rent
301 450 362 495 ut
410 440 834 502 dimitterentur,
888 438 1019 509 egit.
1068 438 1278 493 interea
1322 448 1439 492 orta
1469 438 1736 493 sedi1ione

138 531 297 585 inter
325 530 663 601 Mogontinos
691 539 748 585 et
786 529 1268 600 Babenbergenses
1292 529 1513 594 milites,
1543 529 1736 583 civitas

137 637 173 676 a
228 621 778 688 Babenbergensibus
831 619 1162 683 incenditur,
1225 619 1299 673 ita
1357 626 1415 672 ut
1470 628 1580 672 tota
1654 618 1737 673 vel

137 714 394 768 maxima
413 726 539 781 pars
557 711 675 781 ejus
701 725 894 764 arsura
921 709 1217 763 videretur.
1247 706 1328 761 Ad
1364 721 1527 777 quam
1544 708 1740 762 restin-

136 804 420 873 guendam
456 803 526 835 ⁸¹⁷
557 802 684 858 dum
713 801 998 857 Heiuricus
1035 802 1149 871 ipse
1175 800 1460 869 omnisque
1508 800 1737 871 populus

92 960 99 966 _
140 895 459 959 festinaret,
482 895 680 965 captivi
705 893 876 949 nostri
907 895 1026 949 sine
1053 893 1279 948 custode
1303 892 1500 957 relicti,
1522 892 1737 949 inventa

138 986 275 1039 navi
326 985 578 1039 Rhenum
637 986 996 1049 transierunt,
1044 993 1100 1038 et
1150 983 1238 1037 die
1287 991 1556 1051 noctuque
1592 983 1740 1038 festi-

140 1086 374 1141 nantes,
405 1076 456 1129 in
486 1075 720 1146 patriam
771 1089 924 1131 suam
972 1080 1359 1143 pervenerunt.
1406 1071 1552 1126 inter
1602 1087 1739 1143 quos

138 1177 271 1224 erat
298 1169 467 1223 etiam
509 1168 746 1224 Gertrud
792 1168 888 1234 ⁸¹⁸,
937 1167 1262 1223 nobilissimi
1322 1167 1537 1223 Ottonis
1588 1169 1741 1225 ducis

140 1258 341 1314 fratris
370 1257 685 1313 Herimanni
716 1257 901 1321 vidua,
935 1272 1099 1328 quam
1126 1256 1381 1326 Lodewig
1416 1266 1545 1313 ante
1588 1258 1741 1314 bien-

140 1349 302 1402 nium
355 1346 478 1404 fere
506 1356 765 1419 ceperat,
795 1355 852 1402 et
880 1348 1100 1403 domino
1130 1363 1231 1403 suo
1262 1347 1534 1413 Heinrico,
1583 1359 1638 1403 ut
1670 1354 1740 1404 ab

138 1454 209 1493 ea
251 1439 542 1508 pecuniam
571 1445 937 1508 extorqueret,
967 1438 1111 1507 quod
1135 1447 1190 1492 et
1223 1437 1371 1501 fecit.
1416 1439 1738 1495 adduxerat.

217 1531 315 1587 86.
367 1531 658 1587 lleiuricus
694 1547 825 1601 ergo
880 1545 1047 1587 exrex
1093 1532 1282 1587 videns
1312 1548 1424 1587 sua!
1478 1532 1739 1587 voluntati

141 1630 379 1677 cunctas
401 1635 490 1676 res
517 1622 819 1689 adversari,
840 1636 963 1676 cum
1006 1621 1351 1690 intelligeret.
1386 1637 1444 1678 se
1464 1623 1532 1678 de
1560 1622 1740 1693 lupina

146 1711 446 1766 ferocitate
494 1726 684 1780 parum
732 1711 1020 1782 prolicere,
1049 1712 1319 1782 pelliciam
1343 1713 1413 1745 ⁸¹⁹
1441 1730 1548 1769 non
1571 1690 1741 1770 corvi-
1775 1690 1815 1746 Β

151 1819 288 1859 nam
344 1803 608 1874 cogitavit
635 1802 883 1869 induere,
910 1812 970 1859 ut
992 1804 1301 1860 ostensione
1329 1805 1546 1875 pietatis
1576 1814 1630 1860 et
1647 1803 1740 1873 ju-

148 1894 325 1949 stitia:
354 1893 654 1962 deciperet,
702 1908 837 1962 quos
885 1894 1203 1950 crudelitate
1227 1895 1461 1952 violenta
1487 1911 1743 1968 superare

145 2000 259 2039 non
315 1993 522 2054 posset.
559 1982 786 2039 Volebat
838 2000 1071 2052 namque
1118 1983 1323 2054 legatos
1347 1986 1414 2041 ad
1448 1985 1743 2042 Saxoniam

146 2065 397 2143 niittere,
429 2076 521 2145 qui
545 2075 811 2139 dicerent,
874 2091 932 2130 se
985 2074 1066 2132 eis
1095 2076 1215 2148 plus
1244 2093 1405 2148 quam
1453 2079 1557 2149 ipsi
1577 2093 1743 2149 cupe-

144 2176 280 2223 rent
332 2167 537 2223 bonum
578 2181 698 2222 esse
740 2164 901 2230 velle,
933 2181 992 2221 se
1020 2167 1233 2236 penitus
1264 2166 1585 2237 injustitiam
1619 2187 1744 2227 cum

148 2265 305 2320 vitiis
368 2264 645 2330 omnibus,
704 2263 881 2335 quoad
929 2269 1132 2335 posset,
1186 2262 1444 2333 abjicere,
1474 2278 1533 2318 se
1582 2265 1663 2319 eis
1692 2264 1783 2318 in.

145 2358 412 2413 omnibus
452 2357 757 2428 pariturum
799 2357 1026 2419 dedere;
1081 2355 1178 2410 sed
1230 2353 1456 2417 nullum,
1486 2355 1577 2423 qui
1606 2356 1747 2411 hanc

150 2448 484 2517 legationem
528 2458 747 2518 portare
796 2455 1176 2518 praesumeret,
1227 2444 1465 2512 invenit;
1515 2445 1640 2514 quia
1682 2449 1748 2502 de

151 2541 270 2597 suis
295 2554 514 2609 quoque
539 2556 663 2594 eum
704 2539 908 2605 nullus,
937 2539 1082 2609 quod
1123 2553 1219 2593 ore
1242 2538 1443 2602 emisit,
1486 2539 1537 2591 in
1584 2539 1748 2594 corde

152 2631 367 2686 habere
388 2631 664 2696 credebat,
694 2645 796 2686 nec
823 2630 1020 2701 aliquis
1065 2629 1351 2693 dubitavit,
1388 2628 1518 2697 quin
1548 2628 1592 2682 si
1626 2628 1750 2697 quis

156 2722 475 2777 Saxonibus
516 2721 671 2777 valde
710 2722 827 2792 jam
873 2721 1205 2791 exasperatis
1230 2720 1332 2774 hoc
1372 2719 1620 2774 nuntium
1653 2718 1751 2773 fa!-

156 2813 342 2883 sitatis
368 2812 610 2877 aderret,
633 2827 731 2882 pro
762 2810 914 2866 falsis
954 2809 1240 2881 promissis
1269 2824 1459 2879 pinnas
1484 2804 1752 2862 veraciter

154 2906 339 2958 daret.
376 2903 772 2958 Remanserant
804 2911 988 2956 autem
1037 2902 1217 2957 adhuc
1277 2901 1385 2957 duo
1432 2901 1497 2957 de
1551 2902 1751 2956 nostris

157 3000 305 3068 apud
324 2996 846 3063 eum,Werinherus
868 2994 1395 3066 Magedaburgensis,
1423 3006 1479 3051 et
1508 2994 1744 3063 ejusdem

160 3092 404 3147 nominis
424 3089 887 3160 Merseburgensis
917 3088 1233 3160 episcopus;
1260 3088 1495 3157 quicum
1525 3095 1745 3157 possent

157 3184 338 3239 invito
384 3197 512 3252 rege
552 3180 693 3237 sicut
741 3179 833 3235 alii
891 3179 1211 3249 repatriare,
1236 3178 1515 3242 nolebant,
1547 3176 1673 3247 quia
1699 3177 1750 3229 in

157 3274 256 3329 illo
302 3274 429 3329 licet
458 3273 647 3342 impio,
700 3273 889 3335 Deum,
913 3285 945 3324 a
974 3286 1089 3340 quo
1131 3279 1215 3326 est
1253 3256 1432 3325 omnis
1484 3278 1749 3338 potestas,

160 3362 445 3418 offendere
476 3363 759 3438 timebant.
810 3361 920 3417 llos
948 3375 1078 3431 ergo
1108 3375 1231 3415 cum
1274 3359 1579 3430 supradicta
1610 3358 1751 3430 lcga-

155 3462 315 3516 tione
341 3459 409 3513 ad
440 3457 734 3513 Saxoniam
766 3455 937 3520 misit,
994 3455 1087 3510 sed
1115 3454 1182 3509 de
1216 3468 1403 3509 eorum
1442 3451 1751 3507 reversione

124 3549 329 3605 'nichil
349 3552 432 3605 eis
453 3549 607 3604 dixit.
638 3547 712 3601 llli
740 3561 869 3602 vero
901 3545 1209 3601 Saxonibus
1260 3558 1383 3597 cum
1416 3550 1525 3595 tota
1557 3540 1748 3594 volun-

156 3655 273 3698 tate
304 3646 451 3710 quod
476 3650 632 3697 erant
652 3638 790 3708 jussi
821 3637 1161 3701 suadebant,
1192 3635 1286 3689 sed
1319 3632 1596 3695 Saxones,
1628 3646 1753 3700 cog-

152 3736 293 3791 nitis
345 3742 427 3789 tot
478 3732 595 3802 ejus
651 3730 991 3792 mendaciis,
1044 3727 1159 3782 haec
1217 3738 1432 3794 quoque
1483 3723 1752 3793 promissa

156 3840 374 3885 veneno
426 3822 676 3878 falsitatis
726 3820 928 3875 infecta
983 3834 1090 3873 non
1144 3812 1752 3882 dubitabant.Cumque

152 3918 362 3973 vellent
411 3914 647 3985 episc0pi
695 3928 885 3968 eorum
936 3925 1200 3981 responsa
1258 3915 1574 3977 reportare,
1611 3901 1749 3972 jussi

151 4020 288 4067 sunt
339 4025 509 4065 unum
541 4022 572 4063 e
595 4006 809 4088 duobus
836 4006 1060 4073 eligere,
1111 4012 1206 4056 aut
1258 4001 1350 4056 hic
1398 3998 1558 4055 modo
1583 4005 1749 4063 stare,

152 4111 251 4156 aut
284 4101 395 4155 huc
427 4112 720 4167 numquam
754 4097 981 4166 posthac
1013 4091 1211 4148 redire.

224 4194 322 4249 87.
364 4190 651 4260 Principes
678 4190 842 4258 igitur
885 4184 1058 4241 nostri
1104 4181 1264 4240 simul
1314 4179 1558 4245 adunati,
1601 4176 1754 4246 jura-

155 4283 362 4339 mentis
393 4291 451 4336 et
472 4279 754 4335 obsidibus
805 4276 1035 4331 invicem
1083 4272 1223 4329 datis
1255 4272 1308 4325 in
1339 4286 1504 4325 unttm
1537 4284 1594 4323 se
1625 4284 1754 4323 cons

156 4376 420 4435 firmant,
452 4381 508 4427 et
539 4379 598 4424 ut
649 4369 716 4425 ad
770 4367 1003 4422 invicem
1051 4364 1357 4420 fit'tnissime
1395 4364 1749 4424 colimrerent,

160 4481 347 4538 regem
374 4465 463 4520 cui
493 4462 814 4533 subjaceant
842 4475 1032 4516 omnes
1059 4458 1260 4529 eligere
1288 4455 1609 4510 deliberant.
1647 4452 1755 4507 Sed

156 4573 288 4613 cum
317 4557 623 4618 audissent,
674 4554 819 4624 quod
875 4551 1083 4605 Suevos
1132 4557 1239 4603 tam
1294 4545 1585 4601 crudeliter
1622 4544 1791 4605 anti-,

158 4665 333 4719 quam
378 4647 561 4706 foedus
592 4643 881 4713 infregisse
932 4641 1204 4713 paenituit,
1233 4639 1300 4694 ad
1346 4653 1440 4695 eos
1467 4638 1669 4708 legatos
1690 4640 1756 4692 de

161 4740 477 4801 renovando
516 4740 723 4796 {cedere
780 4738 996 4791 mittere
1041 4732 1402 4803 complacuit,
1452 4739 1512 4786 ut
1560 4732 1752 4785 iterum

161 4835 557 4889 convenientes
606 4832 661 4885 in
694 4845 887 4893 unum,
940 4825 1350 4882 inimicitiarum
1400 4825 1751 4879 acerbitatem

163 4926 337 4983 multa
359 4923 674 4980 dilectionis
706 4919 976 4976 suavitate
1012 4925 1356 4989 superarent,
1416 4925 1472 4972 et
1523 4915 1756 4970 invicem

165 5018 272 5071 sibi
311 5018 598 5082 donantes,
644 5022 834 5069 contra
858 5023 1202 5066 communem
1231 5008 1483 5063 omnibus
1514 5007 1754 5069 hostem,

169 5123 279 5169 uno
301 5108 365 5166 de
391 5125 449 5166 se
476 5123 611 5179 rege
652 5104 820 5167 facto,
866 5088 1211 5158 concorditer
1254 5106 1483 5154 starent.
1550 5097 1759 5150 Domno

167 5216 379 5271 quoque
399 5198 707 5273 apostolico
752 5196 961 5250 litteras
993 5194 1286 5255 miserunt,
1325 5190 1542 5259 quibus,
1582 5196 1642 5239 ut
1676 5185 1761 5239 vel

1842 444 1928 490 tor
1947 436 2182 499 adesset,
2215 438 2532 507 suppliciter
2560 441 2875 490 oraverunt.

1909 524 1997 581 88.
2040 527 2154 583 Non
2205 530 2420 584 modico
2482 528 2645 597 igitur
2676 524 2922 585 Saxones
2973 522 3218 578 exercitu
3258 522 3422 578 colle-

1840 627 1929 674 cto
1956 618 2147 691 (0a.),
2171 630 2527 689 perrexerunt
2548 620 2615 674 ad
2639 617 2887 673 Rhenum
2908 626 3096 672 contra
3120 616 3296 671 vicum
3327 616 3419 686 qui

1840 709 2039 764 dicitur
2060 708 2414 781 Oppenlteim,
2451 724 2560 780 quo
2585 718 2640 763 et
2668 707 2977 778 patriarcha
3008 722 3131 760 cum
3164 707 3420 776 episcopo

1840 800 2171 868 Pataviensi,
2211 803 2481 873 pontificis
2531 800 2761 856 Romani
2810 800 3009 868 legato,
3067 806 3418 861 convenerat,

1839 904 1896 949 et
1921 910 2022 949 una
2052 894 2353 960 Suevorum
2400 910 2504 950 non
2557 908 2721 964 parva
2758 892 3066 957 multitudo,
3098 891 3189 962 qui
3231 908 3422 947 oiimes

1841 988 2147 1043 exercitum
2202 987 2557 1050 Saxonicnm,
2594 985 2720 1039 dum
2777 985 3006 1048 veniret,
3037 984 3419 1053 expectabant.

1841 1076 2049 1142 Quibus
2077 1076 2636 1147 appropinquantibus
2663 1073 2806 1145 (Oct.
2852 1074 2938 1145 l6)
2968 1074 3274 1142 patriarcha
3332 1089 3423 1129 ce-

1843 1169 2056 1239 terique
2083 1169 2362 1238 primates,
2394 1169 2521 1237 quia
2563 1168 2629 1222 de
2657 1166 2859 1221 recenti
2909 1165 3102 1236 proelio
3150 1175 3424 1222 utrorum-

1842 1278 1946 1332 que
1982 1261 2143 1331 gladii
2181 1262 2359 1316 adhuc
2416 1276 2612 1316 cruore
2662 1259 2975 1323 madebant,
3026 1259 3274 1328 quamvis
3326 1274 3425 1330 per

1844 1354 2140 1422 legationes
2163 1363 2378 1408 mutuas
2401 1353 2631 1408 invicem
2653 1352 2755 1406 sibi
2782 1351 3097 1415 donasseut,
3124 1359 3301 1405 tamen
3332 1366 3423 1416 ne,

1841 1445 1983 1515 quod
2016 1445 2169 1499 facile
2199 1454 2285 1499 est
2333 1443 2579 1506 armatis,
2625 1441 2818 1497 seditio
2865 1441 3062 1495 vilibus
3108 1454 3138 1493 a
3179 1442 3425 1511 personis

1843 1546 2030 1595 exorta
2066 1536 2267 1592 factum
2297 1534 2472 1591 ftedus
2494 1534 2566 1565 “"
2586 1542 2983 1602 corrumperet,
3010 1530 3225 1587 obviam
3253 1532 3426 1587 Saxo-

1845 1627 2004 1682 nibus
2032 1625 2198 1688 ibant,
2243 1633 2300 1680 et
2352 1622 2670 1687 amicitiam,
2713 1637 2876 1691 quam
2914 1622 3426 1677 renovaverantab-

1842 1728 2049 1785 sentes,
2083 1732 2227 1773 nunc
2259 1725 2555 1787 praesentes
2581 1714 2908 1771 confirmare
2947 1713 3257 1769 monebant.
3292 1712 3429 1767 Hinc

1844 1811 2014 1883 igitur
2043 1812 2150 1864 dux
2198 1808 2346 1873 Otto,
2404 1806 2674 1861 violenter
2735 1806 2942 1861 honore
2994 1820 3094 1859 suo
3163 1802 3422 1872 privatus,

1844 1900 1991 1955 illinc
2028 1899 2215 1970 Welph
2241 1898 2309 1930 ⁴¹¹
2338 1897 2468 1962 dux,
2492 1897 2681 1951 eodem
2719 1895 2924 1949 honore
2955 1910 3059 1949 non
3085 1894 3230 1962 juste
3258 1892 3427 1967 subii-

1846 1999 2042 2054 matus,
2089 1990 2192 2044 hac
2243 1988 2557 2044 conditione
2607 1984 2711 2040 sibi
2756 1985 2986 2040 invicem
3039 1985 3186 2053 pacis
3236 1985 3426 2039 oscula

1844 2082 2130 2145 dederunt,
2154 2091 2212 2136 ut
2234 2080 2428 2145 electo,
2490 2088 2710 2150 propter
2743 2078 2884 2148 quod
2911 2093 2976 2133 cx
3009 2087 3241 2147 utraque
3271 2086 3425 2146 parte

1845 2188 2234 2240 convenerant,
2296 2190 2438 2232 novo
2493 2189 2640 2243 rege,
2673 2174 3001 2243 quicumque
3032 2186 3219 2225 eorum
3249 2170 3425 2241 ipsum

1847 2269 2103 2324 honorem
2127 2268 2251 2337 jure
2280 2268 2563 2333 retineret,
2588 2266 2728 2321 alter
2754 2266 2803 2321 ei
2841 2281 2946 2319 non
2980 2263 3226 2319 invidens
3257 2262 3431 2318 liben-

1848 2375 1930 2419 ter
1982 2363 2328 2419 concederet.
2394 2359 2661 2415 Similiter
2719 2357 2872 2428 pacis
2928 2355 3114 2411 oscula
3164 2354 3432 2410 dederunt

1848 2454 2057 2509 ordinis
2077 2453 2298 2508 secundi
2330 2450 2444 2505 sive
2470 2449 2639 2514 tertii,
2670 2450 2839 2519 partis
2862 2446 3165 2514 utriusque,
3204 2444 3427 2506 milites,

1847 2550 2100 2621 quicquid
2131 2549 2360 2604 invicem
2405 2561 2463 2601 se
2494 2534 2757 2600 laeserant
2796 2557 2900 2596 non
2938 2541 3055 2595 sine
3104 2536 3274 2592 multo
3300 2535 3424 2590 ﬂetu

1849 2645 2131 2699 donantes.
2158 2640 2312 2695 Tunc
2335 2652 2524 2693 omnes
2575 2635 2703 2689 facti
2734 2647 2802 2688 ex
2834 2631 3079 2688 hostibus
3101 2627 3263 2683 amici
3301 2626 3429 2680 lide—

1851 2734 1949 2797 lcs,
1978 2740 2156 2788 castra
2180 2737 2476 2800 posuerunt
2499 2734 2606 2779 tam
2635 2738 2821 2795 prope,
2857 2732 2915 2776 ut
2944 2716 3183 2774 vicissim
3201 2714 3429 2786 populus

1852 2834 2079 2893 uterque
2153 2834 2433 2891 sermones
2478 2816 2762 2882 utriusque
2807 2828 2914 2867 non
2973 2808 3191 2865 dilﬁcile
3242 2815 3428 2877 poaset

1851 2917 2058 2971 audire.
2083 2915 2327 2983 Cumque
2346 2909 2460 2978 jam
2488 2908 2783 2976 coepissent
2810 2906 2875 2959 de
2903 2918 3026 2973 rege
3048 2899 3429 2956 constituendo

1796 3045 1818 3065 η
1853 3019 2133 3063 sermones
2200 3002 2472 3066 conferre,
2526 2997 2774 3061 Saxones
2816 3010 2882 3049 ex
2930 2994 3140 3052 Suevis.
3173 2992 3429 3046 Suevi'ex

1858 3095 2168 3152 Saxonibus
2218 3088 2686 3160 ttntnnqnemlibet
2718 3085 2969 3140 volebant
2997 3083 3225 3154 eligere;
3264 3080 3428 3135 “cin-

1859 3189 2032 3242 ricum
2086 3199 2216 3240 vero
2249 3180 2467 3236 tenebat
2525 3179 2576 3232 in
2622 3179 2792 3232 altera
2848 3174 2963 3244 ripa
3021 3173 3195 3228 Rheni
3239 3172 3433 3227 civitas

1858 3276 2190 3348 Mogontina,
2215 3271 2363 3328 omni
2391 3285 2487 3341 spe
2516 3269 2664 3339 regni
2700 3264 2968 3322 retinendi
2997 3263 3259 3333 deposita.
3291 3259 3435 3315 Misit

1857 3384 2037 3428 tamen
2067 3368 2306 3432 nuntios,
2329 3365 2420 3434 qui
2456 3369 2783 3432 temptarent
2817 3359 2951 3414 istos
2999 3357 3066 3413 ad
3122 3355 3434 3411 misericor-

1855 3466 1998 3519 diam
2025 3462 2260 3521 ﬂectere,
2285 3466 2341 3510 ut
2368 3455 2485 3525 ejus
2505 3454 2616 3524 jam
2637 3453 2768 3507 satis
2780 3448 3013 3518 correpti
3038 3447 3431 3503 correctionem

1857 3556 2209 3624 dignarentur
2250 3549 2516 3617 accipere.
2578 3544 2684 3599 Sed
2727 3557 2915 3598 eorum
2948 3540 3146 3595 nullius
3175 3539 3371 3600 legatio
3402 3552 3431 3589 a

1858 3657 2133 3715 quoquam
2191 3646 2435 3694 nostrate
2496 3633 2785 3703 accipitur,
2826 3630 2931 3684 nisi
2973 3636 3123 3699 prius
3163 3643 3260 3700 per
3309 3642 3438 3697 apo-

1857 3737 2034 3795 SLolici
2060 3736 2295 3804 legatum
2327 3731 2396 3784 ab
2422 3723 2788 3783 anathematis
2825 3721 3040 3776 vinculo
3067 3719 3324 3775 solvatur.
3366 3718 3436 3774 Ut

1856 3831 2021 3901 igitur
2064 3826 2223 3882 stilus
2268 3820 2526 3877 velociter
2579 3824 2797 3880 currat,
2858 3811 3220 3867 humilitatem
3259 3809 3437 3879 poeni-

1859 3925 2022 3980 tentis
2056 3928 2377 3989 accepturos
2428 3930 2486 3970 se
2529 3910 2856 3980 promittunt
2917 3922 2982 3961 ea
3040 3904 3368 3967 conditione,
3390 3902 3437 3956 si

1856 4017 2021 4073 vellet
2086 4012 2309 4082 implere
2340 4016 2534 4063 cuncta
2593 4017 2716 4074 qua:
2754 4002 2804 4056 ei
2859 4005 3130 4053 nostrates
3188 3995 3435 4050 facienda

1855 4113 2186 4179 proponunt.
2211 4099 2364 4168 Quod
2389 4114 2515 4154 cum
2543 4095 2631 4150 ille
2654 4090 3051 4164 spopondisset,
3097 4088 3200 4142 hoc.
3234 4085 3282 4139 ei
3329 4084 3439 4179 ριίῗ

1858 4173 2006 4255 inuia
2039 4200 2351 4267 praponuut
2384 4199 2445 4244 ut
2473 4187 2785 4256 episcopum
2832 4179 3314 4241 Wormatienscm,
3345 4173 3436 4243 qui
3496 4256 3505 4269 ‘

1851 4293 1964 4363 jam
1994 4265 2085 4344 diu
2133 4287 2313 4341 fuerat
2375 4280 2664 4351 expulsus,
2722 4282 2998 4345 potentem
3039 4270 3242 4323 fugeret
3291 4265 3441 4320 urbis

1858 4357 2005 4445 suae;
2036 4379 2231 4433 deinde
2269 4384 2329 4429 ut
2360 4388 2479 4427 mox
2512 4370 2723 4425 litteras
2757 4364 2926 4420 scribi
2966 4362 3203 4424 faceret,
3234 4358 3289 4412 in
3316 4357 3441 4431 qui-

1860 4477 1961 4531 bus
1984 4487 2043 4529 se
2061 4471 2321 4526 fateretur
2344 4465 2548 4534 injuste
2588 4460 2832 4516 Saxones
2873 4453 3165 4517 alilixisse,
3215 4462 3356 4519 quas
3412 4462 3442 4499 a

1860 4564 2065 4621 nostris
2086 4564 2423 4630 perspectas,
2466 4552 2702 4621 imagine
2724 4562 2821 4601 sua
2856 4543 3060 4599 nostris
3085 4538 3444 4611 praesentibus

1860 4653 2059 4727 signari
2083 4627 2310 4711 faceret,
2359 4654 2416 4700 et
2436 4643 2679 4712 signatas
2709 4651 2806 4706 per
2840 4633 3048 4689 italiam
3101 4639 3158 4684 et
3202 4627 3448 4727 :l‘heuto-

1860 4720 2037 4801 meam
2066 4751 2267 4795 terram
2301 4733 2592 4789 mittendas
2641 4742 2738 4799 per
2793 4733 3010 4779 nostros
3061 4720 3309 4784 nuntios,
3355 4732 3452 4773 no-

1858 4831 2117 4893 stratibus
2141 4830 2323 4890 daret;
2359 4825 2583 4893 ipseque
2601 4820 2833 4873 Romam
2854 4812 3097 4873 veniens,
3122 4824 3217 4878 per
3228 4807 3454 4878 dignam

1860 4921 2286 4982 satisfactionem
2310 4909 2673 4967 anathematis
2699 4902 2920 4955 vinculo
2946 4904 3178 4954 careret.
3216 4894 3455 4964 Episco-

1861 5031 1961 5088 pus
1986 5025 2118 5079 ergo
2157 5005 2339 5063 statim
2389 5015 2513 5056 cum
2551 5007 2754 5066 magno
2782 4990 3004 5046 honore
3030 4986 3081 5040 in
3118 4984 3317 5039 urbem
3369 4985 3457 5088 de-

1862 5072 2104 5168 ducitur;
2140 5100 2330 5154 littera:
2355 5092 2425 5124 ⁸²¹
2472 5092 2527 5145 in
2584 5083 2880 5160 prmsentia
2937 5075 3257 5133 nostratium
3294 5072 3461 5168 _bulla

1863 5160 2007 5267 regis
2030 5160 2274 5263 signatae,
2301 5182 2634 5255 periuostros
2659 5168 2885 5229 nuntios
2908 5182 3004 5238 per
3026 5163 3274 5219 civitates
3294 5160 3462 5214 Italia:

1466 5337 1698 5382 vuum.
1741 5328 2146 5382 LRC'I‘IONES.
