3940 5382
566 354 659 414 57;]

1534 350 1906 417 ⁸ΒΙίῐΞΝΟΝΙΞ
1936 349 2201 407 CLERICI
2244 346 2866 405 MAGDI-JBURGENSIS

3742 351 3835 403 $52

568 471 826 545 regnique
854 466 1169 524 'I‘beutonici
1219 465 1562 537 diriguntur;
1621 467 1734 535 ipse
1788 480 1846 521 se
1896 440 2004 521 tota
2063 464 2138 519 fe-
2170 471 2214 526 Λ
2246 473 2395 518 tanta
2422 463 2727 518 humilitate
2771 462 3003 528 laetatus,
3056 463 3312 533 prmcepit
3354 463 3431 528 ei,
3481 472 3543 518 ut
3599 464 3830 532 malum

564 563 863 620 stiuatione
899 567 1076 630 parat,
1104 565 1164 611 ut
1188 571 1289 627 per
1312 556 1541 612 Romani
1574 556 1842 625 poutiticis
1870 554 2146 626 indulgen-

563 655 695 711 tiam
715 653 943 725 ligamen
968 648 1329 703 anatbematis
1347 657 1532 703 exuat.
1563 647 1843 703 Nostrates
1866 661 1998 701 vero
2025 648 2142 702 sin-

564 750 675 822 guli
731 749 1073 804 sacramento
1125 739 1501 796 ﬁrmaverunt.
1552 747 1614 789 ut
1692 738 1797 795 nisi
1853 736 2145 793 Heinricus

563 851 810 911 quartus,
865 835 1103 892 Heinrici
1144 831 1492 903 imperatoris
1544 828 1708 892 lilius,
1746 828 1800 882 in
1857 826 2141 883 Februarii

563 932 766 988 mensis
794 931 947 985 initio
971 946 998 983 a
1028 928 1207 984 banuo
1232 940 1330 996 per
1358 923 1715 995 apostolicum
1751 920 2034 977 absolutus
2070 920 2142 952 ⁸⁸³

562 1020 778 1085 fuisset,
831 1032 1126 1087 numquam
1187 1014 1421 1085 amplius
1470 1012 1578 1067 ullo
1640 1012 1856 1083 ingenio
1902 1024 2000 1065 suo
2045 1024 2141 1065 rex

561 1125 748 1165 eorum
778 1124 880 1163 nec
898 1105 1264 1178 appellaretur
1290 1118 1393 1160 nec
1420 1112 1586 1158 esset.
1632 1100 1786 1169 Quod
1827 1114 2143 1156 sacramen-

563 1209 676 1256 tum
703 1200 877 1270 primo
900 1197 1028 1254 fecit
1055 1196 1381 1267 patriarcha,
1437 1203 1494 1249 et
1546 1193 1597 1247 iu
1627 1193 1837 1247 litteras
1859 1193 2141 1247 redactum

524 1306 527 1309 '
563 1292 618 1347 in
644 1306 801 1346 suum
829 1289 976 1344 misit
1002 1288 1372 1357 marsupium;
1406 1286 1548 1356 quod
1582 1293 1761 1338 tamen
1792 1282 1919 1354 quia
1951 1282 2143 1338 melius

562 1381 801 1438 servavit
829 1381 881 1437 in
913 1379 1115 1451 scripto
1151 1393 1312 1451 quam
1353 1378 1406 1432 in
1428 1392 1611 1448 opere,
1655 1377 1795 1431 sicut
1826 1374 1988 1444 paulo
2016 1383 2144 1430 ante

562 1473 766 1531 dictum
802 1479 905 1537 est,
929 1471 1147 1526 crudele
1196 1469 1515 1541 supplicium
1563 1467 1731 1523 dedit.
1788 1466 1989 1523 Deinde
2017 1464 2143 1521 fecit

521 1594 531 1605 ο
563 1562 706 1618 idem
731 1561 1069 1616 Pataviensis
1091 1562 1401 1631 cpiscopus,
1433 1557 1578 1613 sedis
1611 1558 1867 1612 Romana:
1894 1556 2138 1629 legatus;

561 1665 619 1710 et
667 1663 789 1725 post
828 1656 928 1708 bos
975 1667 1164 1709 omnes
1220 1651 1313 1721 qui
1366 1650 1595 1705 aderant
1646 1649 1909 1718 episcopi,
1957 1652 2141 1712 duces,

522 1765 531 1771 ο
563 1748 816 1813 comites,
842 1745 1116 1815 ceterique
1139 1746 1372 1814 majores
1399 1750 1453 1797 et
1475 1743 1747 1807 minores;
1777 1742 1871 1796 sed
1902 1742 2140 1811 episcopi

563 1838 685 1908 plus
710 1810 829 1892 aliis
853 1837 908 1892 in
947 1810 1051 1891 hoc
1096 1810 1351 1906 egerunt,
1402 1834 1530 1903 quia
1569 1831 1941 1903 jurameutum
1974 1832 2027 1887 iu
2058 1810 2145 1887 lit-
2176 1810 2218 1868 Β

566 1929 697 1985 teris
743 1927 908 1984 etiam
938 1932 1313 1983 servaverunt.
1365 1924 1519 1979 Tunc
1577 1924 1743 1979 misso
1782 1923 1961 1995 legato
1988 1937 2148 1995 roga:

564 2027 760 2075 verunt
792 2018 1173 2091 apostolicum,
1200 2026 1260 2071 ut
1288 2017 1342 2070 in
1378 2015 1647 2086 principio
1673 2014 1954 2070 Februarii
1986 2016 2146 2071 vellet

563 2117 862 2185 Augustam
918 2111 1130 2177 venire,
1194 2120 1254 2165 ut
1314 2124 1474 2166 causa
1497 2108 1787 2180 diligenter
1834 2108 2143 2163 examinata

565 2219 749 2260 coram
779 2203 1049 2267 omnibus,
1092 2201 1179 2257 vel
1227 2216 1352 2256 eum
1405 2198 1660 2266 solveret,
1712 2197 1795 2254 vel
1833 2213 1900 2253 eo
1948 2197 2146 2256 fortius

564 2296 747 2350 adhuc
773 2294 958 2364 ligato,
990 2292 1152 2346 alium
1186 2291 1289 2347 sibi
1323 2305 1447 2347 cum
1498 2291 1664 2361 ipsius
1694 2305 1965 2349 consensu
1992 2306 2143 2362 qua:-

566 2397 769 2453 rereut,
800 2386 893 2458 qui
919 2399 1147 2456 regnare
1173 2386 1361 2440 sciret.
1388 2381 1486 2438 llis
1506 2384 1759 2439 omnibus
1781 2384 1855 2439 ibi
1885 2384 2141 2453 peractis,

563 2480 837 2536 exercitus
896 2488 1128 2547 uterque
1168 2492 1290 2531 cum
1332 2476 1498 2531 multa
1521 2476 1752 2532 caritate
1780 2476 2060 2542 dividitur,
2089 2486 2175 2532 et'

532 2576 793 2636 uterque
847 2566 1149 2637 tripudians
1204 2565 1275 2597 ⁸³⁸
1311 2574 1369 2620 et
1406 2564 1515 2621 Deo
1550 2564 1737 2620 laudes
1791 2574 2019 2620 cantans
2075 2565 2144 2619 ad

562 2672 659 2715 sua
693 2661 1002 2715 revertitur.

632 2753 722 2810 89.
761 2752 1105 2825 Apostolicus
1125 2762 1304 2807 autem
1352 2766 1497 2817 cum,
1560 2752 1702 2807 sicut
1755 2760 1975 2824 rogatus
2000 2760 2144 2816 erat,

561 2845 860 2917 Augustam
909 2860 1100 2903 versus
1157 2845 1405 2901 tenderet
1443 2856 1502 2898 ut
1546 2845 1617 2899 ibi
1651 2845 1986 2916 ingreJiente
2040 2842 2142 2899 Fe-

561 2937 809 3004 bruario,
839 2938 931 3007 qui
989 2946 1111 2992 erat
1167 2951 1344 2991 annus
1397 2934 1609 2989 Domini
1644 2934 1803 3001 1077,
1834 2934 1976 2990 sicut
2033 2935 2147 3005 pla-

562 3037 758 3084 cuerat
786 3027 1146 3100 principibus,
1179 3028 1414 3092 adesset,
1444 3035 1501 3080 et
1530 3035 1803 3081 nostrates
1828 3026 1953 3081 illuc
1980 3040 2147 3081 econ-

2246 562 2523 617 ornatum,
2553 553 2726 608 donec
2755 553 2869 622 ipse
2899 552 3255 622 permitteret,
3283 552 3389 607 sibi
3428 567 3541 607 non
3593 552 3831 621 impone-

2246 653 2348 707 ret,
2378 652 2650 713 quatenus
2670 643 3024 714 omnipotenti
3055 645 3166 699 Deo
3213 644 3495 715 acceptior
3516 655 3677 700 esset
3720 660 3831 699 cor-

2245 736 2330 791 dis
2348 735 2466 804 ejus
2490 736 2769 800 contritio,
2809 750 2916 805 quo
2942 750 3061 791 eam
3093 745 3151 791 et
3179 734 3310 791 foris
3347 736 3678 792 ostenderet
3721 736 3831 793 vilis

2247 826 2468 881 babitus
2502 826 2845 891 testimonio;
2870 835 2927 879 et
2973 835 3031 880 ut
3058 842 3175 891 eos,
3211 826 3300 896 qui
3323 833 3485 881 erant
3513 841 3831 883 excommu.

2246 918 2431 982 nicati,
2462 917 2712 972 convivio
2738 916 2824 974 vel
2848 917 3118 987 colloquio
3146 917 3377 983 vitaret;
3423 932 3491 972 ne
3518 919 3681 987 quod
3703 918 3755 972 in
3779 931 3830 972 se

2244 1010 2460 1082 propria
2490 1009 2843 1066 conversione
2871 1009 3062 1064 fuisset
3108 1008 3200 1063 Dei
3254 1009 3434 1081 gratia
3482 1008 3826 1071 mundatus,

2244 1102 2472 1158 aliorum
2499 1101 2750 1172 contagio
2780 1100 2931 1156 ﬁeret
2975 1100 3145 1172 magis
3166 1115 3331 1170 quam
3387 1099 3569 1154 fuerat
3617 1100 3828 1154 inruun-

2245 1195 2393 1251 dum.
2419 1192 2573 1262 Quod
2605 1202 2894 1263 utrumque
2922 1207 3045 1248 cum
3071 1206 3130 1248 se
3157 1190 3429 1247 facturum
3457 1191 3823 1260 polliceretur,

2246 1285 2645 1341 absolutus'bac
2675 1297 2790 1355 tege
2813 1283 3125 1347 dimittitur,
3174 1281 3401 1337 multum
3442 1282 3508 1315 δ’*
3568 1282 3823 1345 monitus,

2245 1398 2314 1437 ne
2334 1381 2446 1437 Deo
2474 1381 2800 1445 mentiatur;
2831 1378 2957 1448 quia
2985 1378 3029 1432 si
3057 1375 3323 1448 premissa
3347 1390 3456 1431 non
3499 1372 3824 1444 impleveit,

2206 1482 2207 1485 ‘
2244 1488 2353 1531 non
2393 1472 2565 1529 solum
2592 1472 2774 1543 priora
2803 1469 3019 1526 vincula
3043 1484 3149 1525 non
3173 1467 3515 1530 auferantur,
3550 1466 3654 1521 sed
3676 1466 3826 1522 etiam

2245 1567 2351 1623 alia
2400 1566 2679 1623 strictiora
2725 1556 3174 1634 superaddantur.
3218 1561 3407 1631 Itaque
3460 1573 3728 1613 reversus
3771 1560 3828 1612 ad

2245 1674 2392 1724 suos,
2424 1674 2547 1715 cum
2589 1657 2845 1728 coepisset
2895 1671 2990 1711 eos
3039 1670 3069 1710 a
3111 1670 3210 1711 suo
3261 1651 3512 1709 convivio
3560 1665 3827 1721 separare,

2246 1764 2500 1821 magnum
2552 1755 2838 1818 cmpcruut
2889 1745 3174 1800 tumultum
3219 1742 3420 1809 facere,
3472 1742 3728 1797 dicentes
3766 1739 3828 1802 ei,

2247 1842 2373 1913 quia
2403 1842 2449 1896 si
2484 1855 2601 1896 eos.
2648 1853 2880 1910 quorum
2911 1836 3175 1907 sapientia
3201 1844 3258 1890 et
3278 1834 3482 1887 virtute
3513 1830 3833 1887 obtinuisset

2246 1932 2316 1968 ⁸³⁸
2337 1933 2604 1989 hactenus
2629 1944 2879 2002 regnum,
2914 1943 3058 1984 nunc
3094 1943 3125 1983 a
3150 1942 3210 1983 se
3238 1924 3554 1998 repelleret.
3587 1921 3826 1995 apostoli-

2247 2039 2343 2080 cus
2373 2023 2423 2080 εἰ
2452 2038 2552 2079 nec
2581 2021 2708 2076 illud
2736 2019 2964 2075 reddere
2987 2034 3087 2075 nec
3114 2018 3257 2073 aliud
3282 2019 3585 2088 acquirere
3640 2014 3832 2086 potuis~

2247 2127 2349 2174 set.
2384 2114 2480 2172 IIis
2505 2121 2561 2170 et
2585 2113 2708 2169 aliis
2733 2112 2931 2168 talibus
2982 2111 3165 2167 verbis
3188 2109 3407 2165 animus
3431 2108 3559 2179 ejus
3592 2107 3831 2160 immuta:

2247 2219 2359 2273 tur,
2387 2215 2444 2262 et
2464 2205 2533 2261 ad
2576 2212 2858 2267 consueta,
2911 2215 3082 2273 pravo
3124 2212 3537 2270 pravorumque
3598 2197 3830 2259 consitio,

2247 2298 2541 2354 revertitur
2612 2293 2847 2365 Iinponit
2875 2292 3040 2363 capiti
3080 2304 3307 2346 aureum
3356 2288 3645 2353 diadema,
3690 2297 3743 2344 et
3786 2290 3831 2341 in

2245 2390 2410 2450 corde
2441 2390 2643 2445 retinet
2682 2386 2831 2444 ferro
2853 2384 3049 2442 fortius
3074 2383 3393 2439 anathema.
3457 2380 3834 2436 Excommuni'

2245 2491 2494 2538 catorum
2521 2478 2888 2535 communioni
2919 2477 3202 2541 miscetur,
3227 2482 3284 2528 et
3300 2489 3332 2528 a
3353 2482 3681 2529 sanctorum
3705 2486 3835 2526 com-

2246 2573 2695 2630 munioucmiscr
2739 2572 2828 2626 ille
2857 2570 3158 2641 repellitur.
3211 2566 3365 2622 Nunc
3423 2566 3563 2622 fecit
3603 2566 3833 2619 omnibus

2248 2664 2617 2729 manifestum,
2646 2665 2774 2734 quia
2804 2678 2911 2719 non
2953 2676 3140 2717 verum
3171 2660 3331 2731 esset;
3350 2659 3500 2730 quod
3532 2658 3696 2719 dixit,
3722 2657 3831 2726 plus

2247 2773 2307 2814 se
2342 2770 2528 2812 amare
2555 2769 2780 2823 regnum
2823 2754 3047 2809 cmlcste
3070 2766 3232 2823 quam
3265 2760 3578 2805 terrenum.
3632 2742 3833 2815 Quodsi

2248 2861 2542 2920 parumper
2590 2847 2644 2901 in
2696 2844 3002 2901 obedientia
3050 2840 3469 2912 permansisset,
3522 2848 3581 2893 ct
3632 2851 3831 2908 regnum

2208 2959 2393 3003 .nunc
2424 2952 2699 2997 terrenum
2752 2954 2875 2994 eum
2927 2951 3059 3008 pace
3103 2942 3333 2999 teneret,
3399 2941 3458 2988 et
3518 2933 3833 3002 quandoque

2249 3036 2468 3092 caleste
2490 3034 2607 3091 sine
2644 3033 2750 3087 linc
2775 3043 3128 3100 posscssurus
3163 3026 3462 3096 acciperet.
3520 3021 3683 3077 Nunc
3722 3035 3832 3075 vero

563 3129 652 3175 tra
685 3123 870 3176 venire
915 3120 1256 3187 festinarent,
1287 3127 1347 3174 ut
1381 3120 1639 3174 domuum
1697 3133 1890 3190 papam
1924 3132 2146 3174 venera-
2174 3153 2220 3212 ο
2253 3128 2426 3184 racius
2453 3123 2792 3188 impediens,
2817 3131 2871 3177 ct
2906 3122 3007 3176 hoc
3046 3118 3188 3191 quod
3238 3123 3385 3172 amat
3435 3128 3551 3170 non
3612 3112 3831 3173 habebit.

562 3211 768 3277 biliter,
818 3212 960 3267 sicut
991 3213 1239 3276 decebat,
1294 3210 1635 3280 acciperent,
1694 3225 1826 3267 ecce
1868 3214 2149 3267 nuntiatur

532 3301 883 3372 'apostolico,
924 3300 1237 3357 Heinricum
1259 3314 1383 3355 cum
1433 3314 1629 3369 magno
1672 3302 1915 3356 exercitu
1940 3302 2147 3356 Italiam

564 3391 820 3455 intrasse,
849 3398 906 3446 et
930 3391 977 3446 si
1018 3391 1135 3462 ipse
1181 3397 1418 3456 montes,
1485 3388 1629 3444 sicut
1676 3391 1911 3457 volebat,
1969 3401 2147 3448 trans-

562 3483 858 3551 cendisset,
888 3482 1060 3537 aliam
1080 3496 1276 3553 papam
1329 3482 1477 3537 illum
1511 3482 1587 3516 ⁵³⁵
1629 3486 1964 3540 constituere
1990 3485 2146 3539 Velle.

564 3572 755 3643 Itaque
787 3574 953 3628 misso
1001 3575 1488 3632 vetociternostris
1532 3575 1748 3632 obviam
1795 3576 1990 3648 legato,
2035 3576 2149 3646 ipse

529 3668 742 3727 -tristis
770 3668 939 3725 itnmo
992 3668 1098 3725 sibi
1153 3672 1226 3707 ⁸³⁸
1284 3670 1449 3727 multa
1482 3673 1681 3729 timens
1730 3672 2042 3739 revertitur,
2090 3680 2151 3726 ut

562 3763 773 3819 Italiam
803 3779 832 3819 a
864 3762 1042 3836 gladio
1067 3774 1123 3820 et
1154 3766 1276 3837 igne
1306 3776 1543 3823 tueatur.

637 3855 724 3911 90.
773 3852 1063 3912 Heinrieus
1107 3869 1289 3912 autem
1344 3866 1442 3930 per
1492 3860 1699 3915 Italiam
1748 3876 1954 3933 vagans
2000 3852 2148 3923 loco.

564 3947 658 4002 sed
694 3949 867 4020 magis
905 3949 1106 4015 animo,
1130 3951 1258 4019 quid
1283 3961 1491 4021 ageret,
1515 3951 1811 4019 nesciebat,
1858 3954 1984 4022 quia
2008 3954 2154 4023 quic-

562 4038 693 4108 quid
733 4048 941 4109 ageret,
972 4053 1193 4110 regnum
1234 4042 1464 4111 perdere
1525 4045 1769 4099 timebat.
1830 4042 1944 4099 Nisi
2006 4046 2151 4099 enim

564 4130 789 4201 supplex
817 4131 884 4186 ad
906 4131 1260 4200 apostolicum
1299 4134 1513 4189 veniret
1551 4144 1606 4189 et
1633 4151 1730 4206 per
1758 4150 1880 4190 eum
1946 4136 2154 4192 solutus

565 4236 598 4275 a
638 4222 820 4276 hanno
860 4220 1070 4288 fuisset,
1138 4238 1363 4295 regnum
1396 4241 1454 4281 se
1485 4241 1593 4281 non
1657 4228 1998 4298 recepturum
2056 4246 2156 4301 pro

565 4325 718 4375 certo
741 4315 966 4370 sciebat.
1011 4312 1071 4369 Si
1128 4330 1259 4370 vero
1320 4315 1547 4386 supplex
1604 4318 1670 4372 ad
1725 4317 2154 4376 satisfactionem

568 4407 818 4471 veniret,
868 4406 1099 4461 timebat
1131 4448 1147 4473 ,
1207 4423 1275 4461 ne
1319 4408 1421 4463 sibi
1471 4424 1569 4479 pro
1622 4411 1987 4481 magnitudine
2048 4413 2158 4468 cri-

2252 3220 2354 3275 nisi
2380 3234 2504 3273 cum
2537 3230 2734 3287 magno
2757 3214 2970 3278 labore;
3002 3223 3057 3269 et
3111 3211 3245 3268 illud
3274 3224 3382 3266 non
3436 3207 3698 3280 accipiet,
3744 3205 3829 3260 nisi

2251 3325 2443 3375 magna
2482 3308 2647 3363 totius
2675 3307 2797 3361 vita:
2824 3305 3149 3360 mutatione.

2319 3399 2647 3456 9I.lnterca
2697 3396 2941 3452 Saxones
2987 3404 3043 3450 et
3091 3391 3253 3449 Suevi
3301 3388 3597 3445 Forclieim
3650 3400 3832 3443 conve-

2254 3496 2433 3562 niunt,
2462 3496 2557 3551 sed
2588 3504 2641 3548 rt
2668 3493 2733 3549 de
2757 3491 2878 3547 aliis
2904 3488 3214 3561 regionibus
3258 3485 3421 3557 legati
3449 3485 3707 3546 aderant,
3753 3479 3830 3551 qui

2251 3589 2322 3621 η’
2351 3585 2608 3658 quicquid
2641 3585 2729 3640 isti
2761 3585 2828 3639 de
2867 3597 2926 3638 re
2958 3581 3168 3652 publica
3194 3579 3483 3635 commode
3519 3576 3594 3608 "°
3624 3574 3829 3629 delinie-

2252 3678 2386 3745 rint,
2424 3677 2562 3731 idem
2595 3675 2818 3730 laudare
2850 3687 2979 3728 suos
3017 3670 3285 3726 iudicant.
3338 3668 3546 3722 Aderat
3573 3667 3740 3721 etiam
3768 3662 3828 3715 le-

2216 3763 2222 3769 ’
2252 3783 2412 3844 gatus
2440 3768 2750 3839 apostolici,
2778 3769 2869 3837 qui
2897 3773 3093 3820 cuncta
3127 3776 3247 3831 (III'J!
3270 3761 3338 3815 de
3373 3775 3543 3831 regno
3578 3764 3831 3812 nostrates

2253 3862 2459 3917 utiliter
2490 3860 2858 3930 disponerent,
2907 3854 3217 3926 apostolica:
3246 3848 3607 3907 sublimitatis
3656 3855 3830 3902 auctu-

2255 3955 2416 4010 ritate
2448 3953 2712 4007 firmaret.
2740 3947 2815 4003 Ex
2845 3946 3050 4012 multis,
3078 3958 3214 4016 quos
3265 3941 3545 4013 probitate
3577 3939 3767 4009 dignos
3786 3938 3829 3989 in

2254 4047 2523 4105 electione
2550 4052 2969 4117 proposuerunt,
3033 4039 3251 4094 tandem
3289 4034 3612 4099 Rodulfum,
3655 4034 3829 4087 ducem

2214 4140 2218 4144 ’
2256 4140 2577 4200 Suevorum,
2611 4149 2789 4207 regem
2815 4133 2879 4165 “‘
2914 4132 3016 4188 sibi
3061 4130 3305 4185 Saxones
3327 4138 3383 4183 ct
3408 4126 3573 4182 Sucvi
3623 4138 3830 4180 concor-

2216 4234 2219 4241 ’
2256 4234 2395 4287 diter
2433 4231 2734 4300 elegerunt.
2783 4226 2855 4281 At
2901 4240 3023 4281 cum
3053 4222 3249 4294 singuli
3289 4220 3557 4275 deberent
3585 4232 3710 4272 cum
3763 4230 3832 4270 re-

2256 4340 2375 4398 gem
2402 4324 2641 4383 laudare.
2672 4319 2894 4391 quidam
2921 4317 3208 4373 voluerunt
3236 4312 3452 4383 aliquas
3500 4309 3831 4366 conditiones

2258 4417 2600 4486 interponere
2643 4422 2702 4469 ut
2731 4413 2835 4468 hac
2864 4411 2979 4482 lege
3001 4424 3124 4466 eum
3158 4422 3322 4478 super
3375 4418 3435 4461 se
3484 4404 3729 4460 levarent
3759 4415 3832 4453 rc-

526 4504 531 4515 '
568 4497 776 4551 minam
839 4513 1068 4568 regnum
1124 4499 1365 4568 pontifex
1416 4501 1707 4567 auferret,
1748 4504 1833 4558 vel
1864 4504 1968 4559 sibi
2035 4505 2153 4560 ino-
2189 4523 2232 4579 υ
2259 4523 2400 4580 gem,
2425 4507 2681 4577 quatinus
2704 4504 2805 4559 sibi
2831 4503 2897 4558 de
2946 4501 3058 4557 suis
3109 4498 3324 4567 injuriis
3371 4493 3689 4566 specialiter
3724 4503 3831 4562 pro-

530 4588 814 4643 'bedicnti
880 4590 1092 4644 vincula
1133 4592 1421 4661 poteSIatis
1480 4595 1790 4663 apostolicae
1839 4595 2154 4665 duplicaret.

572 4678 713 4749 Ergo
752 4679 805 4734 in
855 4680 1041 4735 multis
1083 4682 1229 4737 curis
1284 4683 1339 4736 in
1382 4683 1594 4739 diversa
1638 4685 1913 4740 dividitur.
1952 4685 2157 4752 Quam-

572 4769 654 4824 vis
673 4781 850 4826 autem
875 4782 1106 4844 utroque
1129 4773 1288 4828 modo
1314 4790 1372 4829 se
1415 4774 1684 4845 perditum
1724 4787 1780 4832 et
1822 4778 2156 4848 perditurum

574 4876 680 4918 non
733 4863 1024 4930 dubitaret,
1083 4866 1439 4922 tamenillam
1468 4879 1697 4940 partem,
1736 4869 1920 4942 inqua
1952 4871 2155 4942 aliquid

574 4952 685 5022 spei
710 4968 833 5009 esse
858 4957 1104 5026 putabat,
1153 4957 1343 5029 elegit;
1399 4968 1454 5014 et
1484 4959 1654 5015 laneis
1702 4961 1939 5028 indutus,
1999 4963 2158 5019 nudis

2265 4603 2501 4655 mitteret
2524 4598 2987 4668 justificationem.
3016 4594 3143 4651 Otto
3169 4590 3402 4660 namque
3424 4590 3530 4643 dux
3563 4602 3671 4642 non
3700 4584 3831 4655 prius

2263 4694 2480 4748 volebat
2503 4706 2625 4747 eum
2649 4689 2750 4745 sibi
2782 4702 2961 4756 regem
2989 4683 3340 4747 constituere,
3370 4674 3477 4735 nisi
3501 4677 3830 4751 promitteret

2264 4786 2520 4839 honorem
2546 4782 2645 4838 sibi
2684 4781 2880 4851 injuSte.
2905 4778 3142 4834 ablatura
3195 4774 3508 4831 restituere.
3563 4769 3656 4825 Sic
3677 4777 3730 4823 et
3751 4764 3828 4820 alii

2221 4942 2223 4945 η
2262 4873 2416 4928 multi
2457 4888 2586 4927 suas
2617 4870 2918 4942 singulares
2970 4880 3162 4921 causas
3195 4864 3571 4931 interponunt.
3623 4871 3754 4927 quas
3779 4863 3830 4907 ut

2262 4967 2352 5022 ille
2377 4982 2434 5022 se
2461 4974 2829 5022 correcturum
2855 4956 3218 5032 promitteret,
3251 4957 3453 5011 \nlunt.
3504 4953 3657 5021 Quod
3688 4947 3825 5004 intel-
