3940 5382
113 203 237 258 553

1372 196 1457 254 DE
1496 199 1715 254 ΒΗΜΛ)
1759 196 2122 254 SAXONICO.

3293 195 3394 252 55$

114 328 236 383 rat,
264 317 716 390 promissionibus
733 313 1044 384 singillatim
1060 312 1378 383 praemissis,
1398 313 1710 384 eligeretur,
1743 320 1787 375 Α
1815 313 1908 375 cti,
1941 311 2174 367 curiales
2197 310 2430 366 inermes
2454 311 2735 368 incurrunt
2773 311 2988 375 armati,
3021 320 3075 369 et
3098 312 3294 369 multos
3325 331 3394 370 ex

117 413 248 480 ipsa
262 410 457 466 electio
469 424 571 463 non
585 409 832 470 Sincera,
848 406 940 460 sed
955 403 1175 458 haeresis
1188 403 1497 459 sinioniaca:
1511 418 1716 458 veneno

114 502 340 572 polluta
357 501 650 555 videretur.
674 497 878 552 Tamen
896 495 1144 565 qumdam
1166 503 1292 549 sunt
1310 494 1382 549 ibi
1405 510 1582 550 causa:
1599 510 1717 564 spe-

112 593 352 650 cialiter
378 599 636 662 exceptae.
670 603 828 656 quas,
855 587 980 656 quia
1014 584 1211 654 injuste
1239 585 1538 655 viguerant,
1556 585 1718 640 debe-

113 695 214 740 ret
238 683 566 748 emendare;
593 681 803 737 scilicet
833 687 890 732 ut
910 678 1259 748 episcopatus
1282 691 1388 732 non
1419 691 1518 746 pro
1541 676 1717 746 pretio

113 789 231 828 nec
255 790 359 843 pro
385 771 621 827 amicitia
651 771 824 834 daret,
878 769 973 822 sed
1021 767 1314 837 unicuique
1365 766 1606 822 ecclesia:
1653 767 1718 821 de

114 864 248 918 suis
287 863 626 927 electionem,
650 861 789 915 sicut
815 859 1008 930 juhent
1049 871 1308 921 canones,
1357 859 1713 926 permitteret.

113 953 244 1009 Iloc
293 953 458 1008 etiam
493 952 568 1006 ibi
631 964 898 1005 consensu
952 947 1224 1002 communi
1290 945 1715 1017 comprobatum,

115 1043 368 1099 Romani
394 1041 662 1114 pontiﬁcis
691 1041 1149 1097 auctoritaterest
1191 1038 1627 1101 corroboratum,
1660 1044 1718 1091 ut

113 1151 284 1205 regia
309 1143 548 1206 potestas
573 1132 701 1188 nulli
735 1147 832 1200 per
858 1130 1253 1194 hereditatem,
1298 1129 1438 1183 sicut
1465 1136 1591 1182 ante
1619 1127 1719 1181 fuit

115 1227 493 1290 consuetudo,
530 1227 764 1289 cederet,
797 1223 889 1278 sed
921 1222 1062 1276 ﬁlius
1094 1223 1258 1290 regis.
1303 1221 1467 1275 etiam
1490 1221 1534 1275 si
1565 1219 1720 1274 valde

115 1320 332 1389 dignus
356 1327 524 1383 esset,
554 1318 736 1388 potius
780 1315 849 1346 ⁶³¹
881 1328 978 1384 per
1009 1312 1330 1368 electionem
1359 1320 1717 1382 spontaneam

115 1427 295 1480 quam
346 1426 443 1480 per
496 1409 855 1464 successionis
897 1406 1092 1460 lineam
1141 1420 1238 1459 rex
1290 1403 1629 1474 proveniret;
1673 1402 1719 1458 si

119 1518 262 1555 vero
302 1516 414 1555 non
452 1508 596 1554 esset
620 1499 812 1568 dignus
842 1498 985 1568 regis
1018 1496 1180 1560 filius,
1213 1494 1301 1550 vel
1327 1495 1373 1550 si
1403 1493 1569 1550 nollet
1595 1507 1718 1549 eum

115 1591 386 1662 populus,
417 1605 575 1659 quem
617 1605 796 1658 regem
829 1587 1009 1642 facere
1043 1586 1206 1641 vellet
1235 1586 1456 1640 haberet
1479 1586 1531 1638 in
1574 1594 1721 1654 pote~

118 1658 274 1738 state
305 1658 555 1750 populus.
588 1680 681 1735 llis
711 1680 964 1734 omnibus
993 1677 1580 1748 legalitcrconslitutis,
1613 1674 1720 1730 Ro-
1751 1658 1792 1716 Β

119 1774 340 1829 dulfum
372 1773 599 1829 electum
635 1787 813 1843 regem
841 1770 1207 1840 Mogontinam
1236 1768 1306 1799 ⁸³³
1350 1783 1474 1822 cum
1525 1782 1719 1832 magno

116 1867 340 1920 honore
372 1864 660 1926 deducunt,
692 1874 745 1916 et
780 1863 828 1917 ei
886 1862 1012 1916 dum
1050 1860 1517 1916 consecrationem
1574 1859 1718 1930 regis

117 1955 456 2026 accipiebat,
486 1953 865 2009 venerabiliter
893 1962 948 2006 et
984 1950 1216 2016 fortiter,
1268 1953 1406 2008 sicut
1456 1970 1580 2009 mox
1621 1967 1719 2022 ap-

117 2046 384 2114 parebat,
441 2045 718 2100 assistunt.
776 2044 1140 2098 Consecratur
1192 2051 1372 2097 autem
1405 2043 1720 2114 aSigifrido

122 2135 461 2206 Hagontina:
487 2135 727 2191 civitatis
778 2134 1211 2204 archiepiscopo,
1265 2137 1624 2203 praesentibus
1667 2147 1722 2191 ct

120 2229 516 2300 adjuvantibus
550 2229 676 2284 aliis
707 2227 1120 2300 quampluritnis
1145 2244 1289 2282 anno
1319 2227 1530 2283 Domini
1561 2229 1718 2295 l077,

119 2323 155 2375 7
190 2322 316 2376 Kal.
352 2321 572 2391 Aprilis.

196 2413 288 2469 92.
322 2414 447 2483 Ipso
475 2427 605 2467 vero
633 2412 719 2468 die
749 2413 1181 2468 consecrationis
1211 2413 1326 2482 ejus
1353 2427 1492 2482 pene
1544 2414 1720 2469 conti-

121 2504 206 2573 git
236 2504 612 2558 miserandum
662 2503 896 2568 facinus,
932 2516 989 2558 ut
1020 2505 1176 2559 lieret
1197 2505 1313 2560 dies
1349 2521 1490 2560 unus
1517 2506 1723 2576 princi-

125 2595 277 2663 pium
306 2602 365 2648 et
401 2594 527 2648 linis
554 2595 700 2664 regni
732 2594 919 2663 ipsius,
951 2609 1004 2648 et
1033 2594 1098 2648 de
1129 2610 1193 2649 eo
1225 2610 1350 2651 vere
1371 2599 1551 2664 possit.
1569 2596 1719 2651 nasci

126 2683 506 2751 proverbium,
534 2684 658 2752 quia
684 2691 794 2736 tam
825 2683 947 2754 vigil
1003 2698 1092 2737 rex
1124 2693 1290 2749 esset,
1344 2693 1402 2739 ut
1446 2686 1499 2740 in
1553 2700 1721 2757 regno

128 2789 230 2828 suo
257 2787 556 2843 numquam
587 2774 811 2829 vidisset
847 2790 1121 2828 somnum.
1149 2775 1394 2845 Namque
1441 2792 1566 2832 cum
1602 2779 1718 2848 ipsa

129 2865 218 2920 die
245 2864 367 2932 ejus
397 2866 669 2920 unctionis
697 2867 749 2920 in
783 2867 1008 2921 introitu
1040 2868 1218 2923 missa:
1243 2868 1571 2924 invitaretur
1617 2870 1720 2926 sub

131 2957 356 3011 nomine
385 2955 674 3010 Ierusalem
704 2966 816 3012 tota
849 2957 1084 3012 ﬁdelium
1123 2959 1351 3014 ecclesia
1382 2961 1447 3014 ad
1476 2961 1717 3017 laetitiam

131 3047 514 3117 spiritualem,
564 3058 619 3103 et
668 3049 792 3104 inde
846 3049 1046 3104 habeat
1091 3051 1266 3105 omnis
1312 3050 1424 3106 fere
1463 3052 1716 3120 ecclesia,

129 3139 300 3193 etiam
337 3140 391 3194 in
419 3140 686 3211 religiosis
733 3141 1004 3210 personis,
1050 3141 1164 3212 ipso
1214 3142 1302 3198 die
1345 3143 1561 3199 ludendi
1614 3159 1721 3200 non

131 3231 500 3298 spernendam
528 3219 973 3287 consuetudinem
1007 3251 1019 3286 :
1052 3233 1284 3304 prandio
1313 3233 1436 3288 novi
1489 3235 1632 3306 regis
1659 3235 1724 3290 ﬁ-

135 3319 275 3384 nito,
317 3321 554 3391 juvenes
606 3323 721 3393 ejus
774 3323 840 3377 ad
888 3322 1069 3378 ludum
1118 3338 1314 3380 venere
1353 3340 1720 3392 communem,

132 3428 357 3468 causam
404 3414 477 3468 ob
526 3416 812 3485 duplicem,
868 3431 990 3472 cum
1039 3416 1199 3487 regiae
1253 3419 1720 3487 consecrationis,

137 3512 252 3556 tum
286 3503 356 3534 ⁴³⁴
388 3504 562 3574 magis
596 3505 830 3575 antiqua:
856 3506 1283 3562 consuetudinis.
1337 3507 1543 3563 Urbani
1591 3525 1721 3566 vero

137 3594 381 3650 videntes
404 3598 551 3652 hunc
581 3597 786 3662 Indum,
819 3598 868 3652 in
893 3598 1163 3654 crudelem
1197 3608 1324 3654 sunt
1370 3602 1585 3657 accensi
1631 3619 1722 3658 ze-

136 3685 281 3749 lum;
315 3696 371 3741 et
392 3688 518 3756 quia
551 3690 720 3758 magis
748 3689 995 3743 favebant
1017 3691 1203 3759 exregi
1230 3708 1392 3761 quam
1443 3695 1578 3764 regi,
1631 3712 1722 3750 co—

136 3778 383 3848 gitabant
425 3779 577 3833 illum
611 3780 791 3834 ludum
839 3783 1074 3846 turbare,
1140 3793 1193 3838 ct
1241 3799 1422 3838 semen
1479 3787 1716 3856 aliquod,

139 3871 282 3923 unde
312 3870 512 3924 seditio
538 3882 872 3938 nasceretur,
911 3873 1209 3937 inmittere,
1239 3879 1307 3930 ad
1337 3891 1497 3946 quam
1529 3879 1721 3934 sedan-

138 3959 261 4013 dam
291 3960 420 4014 dum
455 3976 548 4014 rex
574 3963 908 4031 procederet,
934 3964 1092 4020 modo
1140 3965 1377 4037 quolibet
1403 3968 1614 4024 occisus
1641 3970 1721 4024 in-

140 4052 347 4106 teriret.
381 4051 647 4108 Miserum
696 4069 828 4124 ergo
885 4056 1146 4125 quosdam
1198 4072 1325 4113 suos
1371 4052 1616 4129 juvenes,
1661 4071 1720 4116 ut

138 4143 428 4198 curialium
459 4144 588 4199 ludo
617 4160 674 4200 se
731 4146 1043 4213 miscerent,
1090 4158 1145 4203 et
1194 4149 1429 4220 aliquam
1482 4152 1722 4223 qualibet

136 4240 256 4288 arte
284 4235 571 4289 materiam
620 4234 744 4289 belli
801 4246 1196 4294 construerent.
1260 4239 1445 4310 Itaque
1473 4258 1609 4298 unus
1652 4259 1720 4298 ex

1745 3000 1792 3061 C

1818 401 1897 455 eis
1922 399 2120 454 acriter
2142 399 2580 465 vulneraverunt,
2608 401 2818 470 aliquos
2859 402 3024 456 etiam
3053 404 3391 458 occiderunt.

1818 490 1952 546 Nam
1974 507 2126 546 arma
2154 491 2436 547 curialium
2483 493 2538 547 in
2561 493 2805 562 hospitiis
2835 493 3110 558 derelicta,
3142 494 3268 549 dum
3295 496 3397 565 ipsi

1818 584 1960 638 circa
1997 601 2177 655 regem
2201 587 2511 655 frequentes
2539 595 2740 651 essent,
2765 587 2955 642 urbani
2984 588 3395 658 prmripucrant,

1818 685 1873 730 et
1897 690 1966 729 ne
1991 674 2086 738 illi,
2114 691 2343 745 quorum
2365 685 2540 742 erant,
2569 692 2633 732 ea
2674 678 2916 733 invenire
2944 687 3162 749 possent
3205 677 3397 735 eﬁ‘ece-

1820 777 1964 821 rant.
1998 767 2114 821 Rex
2141 766 2268 821 talia
2301 768 2508 834 videns,
2537 769 2750 824 volebat
2779 785 2840 827 se
2868 771 3109 841 periculo
3148 771 3298 839 dare,
3341 782 3400 828 et

1818 855 1903 910 vel
1927 871 2054 910 suos
2081 857 2296 925 eripere
2318 857 2402 913 vel
2427 874 2550 914 cum
2573 859 2655 914 eis
2679 859 2840 915 simul
2885 863 3241 928 occumbere;
3301 863 3399 918 sed

1817 945 1910 1016 qui
1947 946 2092 1002 circa
2121 961 2245 1001 eum
2271 958 2449 1015 erant,
2479 956 2649 1003 totum
2681 949 2825 1005 hunc
2863 951 3147 1007 tumultum
3181 961 3400 1022 propter

1819 1050 1943 1089 eum
1979 1033 2148 1090 fuisse
2172 1037 2442 1107 inceptum
2476 1048 2862 1109 cognoverunt.
2909 1049 2964 1095 et
3002 1043 3122 1097 ideo
3176 1057 3299 1097 eum
3330 1043 3400 1098 de

1819 1125 2020 1196 palatio
2048 1127 2118 1158 ⁸³⁸
2142 1127 2471 1184 descendere
2514 1146 2620 1184 non
2670 1131 3052 1201 permiserunt.
3095 1132 3396 1188 Contr-axe-

1821 1229 1947 1274 runt
1968 1234 2098 1291 ergo
2128 1221 2440 1276 securiales
2461 1230 2516 1277 et
2569 1223 2748 1277 omnis
2800 1225 3067 1279 exercitus
3119 1225 3172 1280 in
3231 1225 3400 1296 majo—

1822 1326 1934 1366 rem
1957 1311 2240 1367 ecclesiam
2268 1311 2451 1368 Sancti
2479 1312 2718 1378 Martini,
2742 1323 2795 1368 et
2818 1315 2889 1368 ibi
2920 1315 3242 1384 conglobati,
3265 1331 3397 1371 con-

1820 1403 2246 1476 siliisarmisque
2294 1404 2508 1468 muniti,
2562 1404 2738 1459 subito
2782 1419 2904 1460 cum
2955 1421 3148 1476 magno
3200 1407 3400 1476 impetu

1821 1496 2093 1562 exierunt,
2127 1504 2182 1553 et
2208 1497 2449 1554 urbanos
2499 1509 2587 1551 aut
2620 1498 2939 1552 occiderunt
2983 1506 3076 1550 aut
3118 1508 3397 1568 ceperunt,

1821 1596 2018 1658 praeter
2045 1603 2140 1642 eos
2163 1587 2255 1658 qui
2281 1587 2419 1657 fuga:
2441 1602 2502 1643 se
2542 1589 2846 1654 credentes,
2883 1590 3074 1644 timore
3114 1589 3403 1659 pernicita-

1823 1689 1929 1734 tem
1959 1681 2234 1750 praahente
2263 1681 2514 1735 abierunt
2542 1681 2816 1735 vtlociter.
2868 1679 2925 1734 In
2977 1681 3217 1735 crastino
3272 1695 3402 1736 vero

1821 1785 2008 1826 omnes
2031 1787 2098 1826 ex
2134 1773 2265 1828 urbe
2287 1772 2518 1842 majores
2544 1785 2668 1828 ante
2695 1787 2873 1845 regem
2920 1774 3186 1843 supplices
3235 1787 3400 1828 vene-

1823 1870 1967 1926 runt,
1991 1871 2045 1916 et
2066 1861 2132 1917 de
2163 1862 2366 1916 malitia
2389 1878 2548 1932 quam
2581 1862 2846 1941 fecerant,
2874 1863 3131 1933 supplicia
3162 1877 3281 1932 quae
3306 1876 3403 1916 rex

1823 1952 2033 2008 volebat
2061 1955 2308 2023 accipere
2339 1955 2622 2020 dederunt,
2653 1965 2707 2010 et
2751 1964 2810 2009 ut
2855 1955 3079 2024 posthac
3135 1954 3406 2024 imperpe-

1824 2053 1972 2099 tuum
2001 2045 2182 2101 ﬁdeles
2205 2046 2254 2101 ei
2286 2056 2588 2110 manerent,
2612 2047 2952 2117 juraverunl.

1892 2137 1983 2192 95.
2021 2137 2126 2192 Sed
2159 2155 2250 2194 rex
2293 2155 2400 2194 non
2432 2139 2637 2194 habens
2666 2140 2746 2194 eis
2785 2139 2964 2206 ﬁdem,
3005 2137 3278 2194 civitatem
3330 2137 3404 2193 di-

1823 2230 1990 2296 misit,
2016 2240 2071 2286 et
2100 2232 2168 2286 ad
2192 2231 2398 2287 Suevos
2421 2231 2586 2297 abiit;
2620 2231 2798 2300 ibique
2825 2247 3014 2301 parum
3045 2239 3305 2296 moratus,
3336 2230 3405 2284 ad

1823 2319 2114 2376 Saxoniam
2151 2323 2420 2377 transivit.
2472 2321 2607 2376 Nam
2651 2322 2946 2377 Dominicze
2988 2321 3402 2376 resurrectionis

1822 2410 2116 2468 festivitate
2147 2413 2214 2444 ⁸³⁸
2249 2413 2388 2484 apud
2442 2414 2742 2483 Augustatn
2786 2413 3062 2468 civitatem
3105 2412 3402 2477 celebrata,

1822 2503 1874 2557 in
1907 2503 2262 2560 Pentecosten
2287 2506 2352 2559 ad
2375 2504 2652 2574 Erpesfort
2679 2505 2847 2570 venit,
2880 2515 2935 2560 et
2961 2505 3086 2561 inde
3111 2521 3214 2558 non
3237 2520 3404 2574 parva

1823 2594 2096 2650 Saxonum
2126 2596 2467 2652 multitudine
2494 2613 2616 2653 cum
2644 2598 2808 2669 regali
2858 2597 3062 2654 honore
3116 2599 3402 2666 deductus,

1821 2686 2184 2752 apostolorum
2242 2687 2546 2757 principum
2601 2688 2950 2759 principalem
3019 2688 3088 2721 ⁸³⁷
3154 2689 3211 2744 in
3270 2691 3405 2747 urbe

1822 2773 2248 2848 Merseburgensi
2284 2778 2572 2834 devotione
2614 2778 2779 2833 multa
2800 2779 3112 2835 celebravit.
3142 2779 3258 2846 Quo
3277 2795 3406 2836 cum

1819 2864 1888 2921 de
1917 2867 2128 2922 cunctis
2153 2865 2406 2922 Saxonis:
2439 2868 2686 2937 partibus
2731 2869 2962 2938 majores
3017 2878 3071 2925 et
3103 2870 3404 2926 mediocres

1821 2958 2224 3024 convenissent,
2247 2974 2556 3031 regemque,
2583 2961 2725 3016 sicut
2753 2977 2782 3015 a
2807 2961 3138 3032 principibus
3157 2972 3274 3017 erat
3295 2963 3404 3018 ele-

1824 3057 1964 3112 ctus,
1994 3049 2326 3104 unanimiter
2356 3050 2411 3103 in
2441 3065 2608 3120 regno
2647 3050 3080 3118 conﬁrmassent,
3134 3052 3269 3108 dixit
3306 3068 3405 3109 rex

1822 3139 1926 3195 sibi
1952 3154 2058 3193 non
2089 3138 2257 3194 videri
2283 3138 2483 3195 decens
2504 3139 2588 3194 vel
2622 3139 2776 3208 utile,
2799 3139 3042 3196 Saxones
3065 3143 3218 3212 quasi
3246 3141 3403 3212 plena

1821 3248 1955 3306 pace
1995 3233 2199 3306 potitos
2229 3234 2375 3289 domi
2423 3234 2639 3304 quietos
2687 3238 2907 3302 sedere;
2961 3237 3240 3307 suasitque
3299 3237 3404 3294 illis

1823 3335 1903 3394 ut,
1919 3326 2160 3383 exercitu
2175 3325 2426 3392 collecto,
2451 3327 2673 3384 hostiles
2697 3329 2842 3384 ultro
2863 3338 3044 3400 partes
3065 3331 3402 3396 invaderent,

1821 3415 2076 3486 quatinus
2101 3414 2303 3486 aliquid
2330 3413 2548 3474 fortiter
2594 3417 2820 3488 agendo,
2877 3427 2933 3474 et
2977 3433 3009 3474 a
3051 3433 3111 3476 se
3164 3419 3400 3487 desidiae,

1821 3522 1927 3576 qua
1963 3507 2132 3562 notati
2163 3515 2341 3573 erant,
2370 3517 2556 3564 notam
2581 3509 2650 3543 ⁸³⁸
2677 3509 2995 3580 abjicerent,
3019 3519 3075 3568 et
3114 3513 3280 3581 hosti,
3313 3514 3410 3584 quI

1823 3597 1888 3653 de
1917 3596 2144 3652 victoria
2187 3599 2450 3668 superbus
2477 3599 2738 3664 tumebat,
2787 3604 3150 3673 arrogantiam
3196 3603 3406 3659 minue-

1825 3697 1962 3744 rent.
1993 3688 2145 3756 Quod
2175 3699 2229 3743 et
2255 3689 2358 3759 ipsi
2388 3689 2497 3744 laeti
2525 3689 2786 3745 fecerunt.

1891 3778 1980 3834 94.
2019 3778 2184 3850 Igitur
2212 3779 2265 3834 in
2293 3778 2538 3850 Augusto
2562 3795 2747 3835 mense
2767 3796 2889 3835 cum
2935 3797 3128 3850 magno
3162 3783 3403 3838 exercitu

1822 3885 1916 3925 rex
1943 3868 2205 3926 Rodulfus
2240 3870 2429 3925 urbem
2474 3868 2818 3942 Wirtzeburg
2865 3871 3098 3938 obsedit,
3149 3872 3214 3926 ad
3239 3887 3401 3941 quam

1820 3959 2233 4031 expugnandam
2291 3959 2571 4014 machinas
2599 3959 2801 4015 diversi
2848 3961 3064 4031 generis
3089 3962 3264 4030 parari
3288 3961 3404 4031 jus-

1820 4052 1910 4108 sit.
1943 4050 2072 4120 Qua:
2095 4051 2220 4108 dum
2247 4051 2595 4122 parabantur,
2625 4052 2738 4123 ipse
2762 4053 2902 4108 sicut
2927 4069 3022 4109 rex
3041 4053 3402 4120 Christianus,

1825 4147 1991 4203 Deum
2029 4147 2249 4214 timens,
2287 4161 2472 4203 secum
2497 4146 2794 4218 cogitabat,
2843 4147 2970 4217 quia
3001 4147 3046 4202 si
3080 4147 3208 4202 urbs
3245 4157 3403 4218 capta

1821 4239 2031 4304 fuisset,
2057 4238 2125 4294 ab
2147 4237 2398 4295 ecclesiis
2419 4237 2502 4294 vel
2525 4239 2913 4295 ecclesiasticis
2935 4239 3095 4294 rebus
3124 4239 3405 4296 diruendis

140 4325 269 4393 ipsis
296 4325 579 4394 cujusdam
609 4328 803 4384 nobilis
832 4344 898 4383 ex
924 4331 1072 4384 curia
1094 4331 1371 4386 crusinam
1425 4333 1536 4406 (40)
1577 4335 1716 4406 gulis
1747 4338 1794 4398 D
1820 4332 1905 4388 vel
1931 4332 2248 4403 diripiendis
2275 4330 2468 4403 vulgus
2507 4331 2675 4388 semel
2727 4331 3098 4386 intromissum
3147 4345 3248 4386 nec
3292 4332 3408 4401 ipse

141 4417 252 4487 (ll)
293 4427 546 4472 ornatam
573 4421 724 4488 quasi
764 4419 948 4475 furtim
981 4423 1247 4490 praecidit,
1296 4429 1352 4478 et
1398 4427 1554 4494 quasi
1607 4425 1718 4480 fur-

142 4522 252 4564 tum
277 4511 466 4566 volens
495 4513 830 4568 abscondere
856 4515 1100 4581 recessit,
1131 4516 1204 4569 'et
1250 4524 1428 4570 tamen
1482 4517 1719 4572 malebat

143 4604 498 4670 deprehendi,
553 4614 612 4658 ut
660 4607 933 4677 acciperet
979 4608 1123 4676 quod
1172 4610 1402 4678 accepit.
1463 4610 1596 4664 Nam
1630 4611 1718 4665 ille

141 4695 292 4760 cujus
321 4696 551 4750 honesta
583 4697 748 4752 vestis
771 4706 889 4752 erat
917 4698 1289 4766 dehonestata,
1320 4710 1380 4755 ut
1430 4703 1579 4757 illum
1627 4704 1719 4773 qui

145 4801 250 4840 suae
273 4787 444 4842 vestis
463 4797 672 4858 partem
704 4789 954 4859 gestabat
980 4790 1257 4847 insecutus
1285 4802 1387 4856 est,
1433 4794 1718 4864 colaphum

143 4878 192 4932 ei
227 4887 434 4932 tantum
483 4879 650 4944 dedit,
687 4881 878 4949 suique
921 4880 1224 4935 vestimenti
1277 4882 1595 4950 particulam
1638 4898 1723 4937 re-

146 4968 301 5038 cepit.
330 4967 483 5023 Tunc
513 4967 702 5024 urbani
725 4970 779 5024 in
803 4968 1060 5024 subsidiis
1099 4967 1166 5021 ad
1215 4968 1316 5024 hoc
1347 4970 1522 5041 ipsum
1563 4968 1723 5026 colle-

1823 4443 1919 4484 rex
1943 4441 2200 4482 revocare
2219 4434 2423 4496 posset.
2464 4425 2605 4496 Ergo
2631 4425 2811 4479 lentus
2842 4425 2912 4479 ibi
2944 4423 3185 4489 sedebat,
3230 4433 3284 4478 et
3310 4438 3405 4478 oc-

1823 4520 2070 4576 casiones
2089 4519 2330 4572 diversas
2353 4531 2419 4571 ne
2442 4516 2860 4588 pugnaretur'ad
2883 4515 3069 4570 urbem
3094 4515 3402 4584 qumrendo,

1823 4611 2092 4681 integrum
2128 4609 2242 4663 fere
2273 4622 2514 4662 mensem
2542 4606 2673 4660 nihil
2701 4607 2990 4675 proﬁciens
3019 4605 3091 4659 ibi
3119 4606 3402 4670 manebat;

1824 4701 2120 4768 maluitque
2148 4698 2461 4770 gloriosam,
2511 4696 2667 4765 quasi
2701 4694 2890 4750 urbem
2918 4709 3113 4763 capere
3142 4710 3248 4750 non
3278 4711 3407 4765 pos-

1823 4799 1928 4854 set,
1975 4789 2174 4842 habere
2219 4785 2602 4842 contumeliam
2630 4824 2645 4847 ,
2699 4799 2863 4853 quam
2915 4783 3296 4856 periculosam,
3354 4795 3412 4841 ut

1828 4879 1962 4933 urbe
1983 4875 2262 4930 destructa
2291 4875 2418 4930 nulli
2452 4872 2524 4904 "’
2553 4886 2721 4928 sacra:
2749 4872 2824 4928 rei
2845 4880 3186 4943 parceretur,
3215 4873 3410 4942 adqui-

1825 4983 1946 5024 rere
1973 4965 2221 5038 gloriam.

1440 5127 1530 5182 VA
1540 5124 1679 5182 ΙὶίᾹΞ
1707 5122 2114 5183 LECTIONES.

215 5266 454 5347 “:deeu
487 5266 537 5318 I.
566 5264 652 5316 Ib.
727 5264 794 5295 ⁸³⁸
829 5265 904 5318 ita
934 5264 1002 5348 1.⁸
1029 5261 1112 5316 Ib.
1190 5262 1259 5293 W‘
1297 5272 1472 5319 tamen
1530 5267 1580 5320 I.
1660 5265 1733 5297 ⁸³⁸
1761 5264 1988 5335 pallacio
2019 5263 2067 5318 1.
2143 5264 2218 5296 ⁸⁸⁸
2249 5265 2605 5348 festivitatem
2634 5261 2684 5315 I.
2761 5263 2829 5296 ⁸³⁷
2867 5261 3321 5330 sollempnimtcm
3354 5263 3410 5316 2.

151 5347 215 5379 ηδ
239 5336 305 5382 ττι
332 5349 351 5382 Ι
413 5361 606 5382 nrt-nan
641 5345 702 5382 Ib
799 5345 868 5376 δι’
896 5344 1038 5382 nullo
1079 5345 1126 5382 Ι.
