3926 5326
115 338 237 396 557

1408 323 1495 389 DE
1533 332 1754 390 BELLO
1793 332 2158 390 SAXONICO.

3308 336 3411 395 533

117 478 258 519 eum
313 470 441 517 tunc
481 450 1001 532 in'gratia'domini
1050 452 1174 519 sui,
1229 450 1364 509 sicut
1412 451 1539 506 olim
1580 450 1719 516 fuit,
1752 458 1793 518 Α
1827 450 1930 506 diis
1959 460 2323 518 vastaverunt,
2361 451 2485 523 quia
2536 452 2723 511 incolze
2754 452 2827 508 illi
2858 455 3032 526 pridie
3074 469 3288 515 nostros
3330 464 3413 518 ῖι.

117 557 469 624 aspicerent,
499 550 589 606 ille
648 549 794 603 sicut
844 548 927 600 vir
980 544 1218 617 prudens
1276 543 1350 596 ita
1407 542 1727 612 temperavit

117 656 486 713 ι’ρδιιοιιειιιιι,
528 650 587 695 ιιι
614 655 713 694 nec
753 634 1093 692 mendacium
1126 633 1424 701 proferret,
1457 643 1509 687 et
1545 642 1723 688 tamen

115 750 225 788 eos
277 732 514 789 fallendo
562 730 860 802 periculum
915 741 1154 798 praesens
1204 724 1491 779 devitaret.
1526 723 1721 779 Paucis

115 825 305 888 enim,
356 825 497 877 sicut
533 832 743 891 tempus
777 818 1085 889 postulabat
1111 857 1124 878 ,
1176 815 1359 869 verbis
1391 814 1675 882 respondit
1703 830 1717 866 :

118 915 285 971 Sicut
309 913 480 980 video,
508 911 725 975 dicens,
760 909 811 962 in
838 905 1077 961 cubiculo
1101 905 1278 959 donmi
1321 905 1454 975 regis
1480 905 1722 957 hesterna

118 1018 285 1060 nocte
337 1003 517 1059 nullus
571 984 796 1057 castrum
846 1016 927 1054 me
961 999 1106 1053 ridit.
1148 997 1254 1052 Sed
1297 997 1602 1065 festinemus
1652 995 1722 1049 ad

116 1100 328 1153 nm'cos
357 1106 584 1161 nostros,
614 1112 674 1148 ne
714 1111 807 1147 nos
850 1091 1052 1146 inimici
1086 1099 1289 1159 repente
1325 1088 1719 1159 deprehendant

117 1188 406 1244 incautos!
429 1188 595 1243 Erant
618 1194 794 1241 autem
826 1200 929 1238 non
954 1182 1111 1253 longe
1128 1199 1156 1236 a
1175 1181 1243 1212 "’
1260 1196 1424 1252 parva
1442 1178 1719 1235 Saxonum

120 1280 375 1351 legione;
406 1295 543 1351 quos
580 1294 703 1334 cum
734 1277 807 1331 illi
840 1291 966 1331 suos
1000 1282 1253 1344 putarent
1277 1283 1332 1328 et
1354 1270 1467 1341 jam
1494 1288 1552 1327 se
1584 1282 1722 1343 pene

117 1383 321 1443 captos
361 1380 723 1443 agnoscerent
768 1388 781 1424 ;
820 1365 1061 1435 Pergite,
1086 1365 1217 1420 dixit
1250 1364 1357 1430 ille,
1387 1382 1490 1436 quo
1522 1364 1720 1431 vultis;

117 1482 218 1536 ego
246 1466 380 1518 meis
412 1466 679 1534 adjungar
710 1461 933 1516 nntius!

194 1555 291 1611 99.
331 1551 709 1613 Willelialmus
742 1550 832 1616 ⁵⁸³,
878 1550 1107 1605 (iet-onis
1139 1548 1357 1603 comitis
1405 1546 1570 1613 filius,
1595 1559 1719 1602 cum

124 1657 338 1702 temere
365 1645 555 1716 paucis
577 1658 636 1698 se
662 1641 732 1674 ⁸⁸⁸
758 1641 1147 1697 comitantibus
1175 1640 1310 1704 iret,
1353 1638 1421 1693 ab
1451 1637 1722 1692 Everliar-

121 1735 194 1790 do
224 1735 332 1798 ⁸³³,
353 1735 446 1806 qui
475 1735 541 1789 de
564 1732 931 1804 magnitudine
960 1730 1139 1785 barba?
1164 1744 1431 1801 agnomen
1466 1729 1719 1795 habebat,

118 1845 191 1885 ex
230 1828 535 1899 improviso
563 1827 793 1898 capitur,
824 1833 878 1879 et
923 1822 1178 1879 lleinrico
1208 1822 1428 1876 domino
1463 1836 1562 1877 suo
1603 1837 1718 1875 tna-
1753 1812 1791 1871 Β

121 1936 229 1990 gna
273 1934 404 1989 pars
462 1915 718 1986 triumphi
760 1913 1172 1986 praesentandns
1227 1929 1255 1966 a
1292 1912 1554 1967 militibus
1598 1911 1717 1967 suis

118 2012 375 2075 ducitur;
418 2009 534 2080 ipse
558 2024 689 2064 vero
719 2023 824 2063 non
863 2007 1039 2079 longe,
1071 2006 1224 2077 quasi
1255 2021 1323 2060 ne
1353 2006 1420 2059 ab
1447 2003 1717 2074 aliquibus

119 2099 395 2170 eripiatur
441 2099 824 2171 prospiciens,
883 2098 1204 2168 insequitur.
1259 2096 1326 2151 Et
1378 2111 1505 2151 ecce
1548 2095 1717 2167 copia!

122 2176 429 2248 Saxonum;
467 2191 702 2261 majores
742 2190 815 2246 illi
872 2192 938 2246 de
986 2190 1159 2245 latere
1207 2189 1452 2255 veniunt,
1492 2199 1548 2243 et
1591 2203 1715 2244 eum

123 2300 232 2339 non
265 2283 499 2338 multum
529 2293 918 2354 repugnantem
950 2282 1114 2337 citius
1140 2280 1412 2335 occidunt.
1443 2279 1595 2347 Quod
1636 2280 1716 2333 vi-

120 2381 321 2433 dentes
372 2377 452 2433 illi
510 2376 605 2449 qui
646 2377 717 2409 “°
770 2375 1180 2432 Willehalmum
1231 2374 1543 2442 ducebant,
1599 2372 1716 2442 ejus

122 2470 313 2535 obliti,
344 2470 413 2523 ad
443 2484 603 2524 suum
644 2468 923 2523 dominum
960 2465 1308 2521 festinabant.
1338 2465 1432 2521 Ille
1462 2481 1610 2531 vero,
1633 2466 1714 2521 sui

122 2576 234 2615 non
265 2559 502 2626 oblitus,
532 2567 733 2629 quanta
781 2559 953 2629 potuit
1003 2558 1288 2613 velocitate
1337 2557 1404 2611 ad
1454 2571 1580 2612 suos
1632 2565 1715 2611 est

125 2667 402 2707 reversus.

198 2743 323 2797 100.
359 2742 571 2798 Interea
603 2743 706 2797 dux
744 2740 871 2797 Otto
904 2749 959 2796 et
998 2739 1308 2795 Fridericus
1347 2737 1529 2809 palatii
1576 2754 1715 2808 pra:-

126 2833 304 2889 fcctns
327 2832 397 2863 “7
433 2833 499 2887 de
532 2831 1021 2904 Symmersenburg
1050 2830 1144 2893 ⁸³⁸,
1183 2829 1413 2884 diversis
1458 2829 1510 2882 in
1549 2829 1717 2898 parti-

125 2924 228 2977 bus
256 2924 461 2978 acriter
492 2929 818 2994 pugnantes,
853 2936 957 2976 non
983 2928 1109 2974 ante
1149 2926 1519 2982 cessaverunt,
1552 2931 1713 2986 quam

128 3014 446 3069 lleinricum
476 3029 598 3069 cum
627 3013 881 3069 omnibus
915 3012 1029 3068 suis
1077 3012 1144 3066 ad
1182 3008 1360 3079 fugam
1398 3017 1709 3080 coegerunt,

125 3120 330 3176 eosque
370 3104 637 3175 fugientes
686 3112 796 3158 tam
848 3102 936 3157 diu
975 3110 1100 3157 sunt
1136 3100 1389 3165 insecuti,
1424 3100 1595 3154 donec
1620 3113 1715 3153 eos

128 3215 285 3253 muro
316 3190 781 3270 “’irtieburgcnsi
819 3196 1070 3250 videbant
1094 3190 1165 3227 “’
1200 3194 1420 3248 includi.
1455 3191 1561 3247 Sed
1592 3189 1713 3244 Fri-

127 3292 346 3347 dericus
382 3291 629 3346 nesciens
652 3330 665 3354 ,
703 3289 830 3360 quid
861 3286 988 3343 Otto
1014 3289 1118 3342 dux
1149 3288 1378 3358 egisset,
1423 3286 1491 3339 ad
1538 3283 1714 3339 locum

128 3386 307 3455 prmlii
350 3387 654 3456 tripudians
693 3385 1014 3450 revertitur;
1056 3384 1181 3455 quia
1235 3384 1326 3441 ille
1371 3383 1460 3453 qui
1517 3380 1716 3451 fugatis

131 3478 380 3533 hostibus
400 3478 580 3545 locum
609 3477 774 3533 cmdis
803 3476 1102 3532 obtinuerit
1132 3476 1221 3541 ‘“°,
1256 3475 1428 3531 victor
1459 3476 1711 3531 habetur.

129 3568 261 3627 Otto
307 3586 437 3627 vero
485 3572 593 3625 dux
653 3588 758 3625 non
818 3567 977 3639 longe
1016 3578 1138 3641 post
1187 3569 1376 3624 eodem
1424 3582 1710 3634 reversus,

130 3665 246 3719 visa
277 3672 426 3718 tanta
474 3663 841 3728 multitudine,
887 3664 1112 3733 putabat
1137 3676 1230 3716 eos
1261 3662 1446 3715 hostes
1487 3675 1627 3727 esse,
1660 3669 1717 3715 et

130 3757 260 3828 quia
294 3756 364 3787 ⁸⁸⁸
400 3756 556 3811 valde
581 3756 757 3812 fessus
786 3764 928 3821 erat,
964 3771 1071 3811 non
1120 3753 1380 3810 credebat
1427 3753 1559 3808 utile
1590 3768 1712 3808 cum

129 3851 212 3905 eis
260 3855 496 3922 pugnam
555 3851 815 3921 incipere.
867 3848 1010 3903 Misit
1063 3859 1239 3903 tamen
1276 3846 1712 3918 exploratorem,

131 3941 222 4010 qui
276 3941 380 3996 sibi
433 3941 775 4013 perquireret
830 3941 1139 3996 veritatem.
1200 3939 1303 4007 Qui
1351 3955 1473 3994 cum
1524 3937 1594 3969 ⁸⁸³
1639 3937 1713 3993 ibi

132 4048 345 4088 moram
377 4031 597 4101 faceret,
634 4042 891 4102 reputans
923 4031 1035 4099 ille,
1068 4031 1211 4103 quod
1242 4032 1311 4087 ab
1337 4031 1495 4087 hoste
1523 4037 1715 4100 captus

130 4123 215 4179 vel
245 4126 458 4181 occisus
487 4135 652 4191 esset,
691 4125 818 4196 quia
850 4123 1054 4179 nullum
1090 4123 1157 4179 de
1205 4123 1369 4179 sociis
1416 4138 1577 4193 quem
1624 4136 1718 4177 co-

130 4224 421 4285 gnosceret
466 4215 695 4281 invenit,
743 4215 917 4271 victor
957 4214 1197 4287 quidem,
1234 4215 1331 4270 sed
1380 4229 1488 4270 non
1538 4214 1713 4280 lzetus,

130 4309 259 4376 quia
291 4307 589 4373 nesciebat,
621 4307 687 4363 ad
726 4307 962 4378 patriam
995 4308 1306 4363 revertitur.

201 4400 328 4456 101.
361 4398 678 4455 Fridericus
707 4409 915 4464 autem,
944 4399 1188 4455 collectis
1219 4399 1287 4453 ad
1314 4414 1374 4456 se
1399 4399 1465 4455 de
1486 4397 1716 4455 diversis

1741 3155 1791 3221 (Σ

1826 545 2035 617 gicntes
2104 545 2469 615 Spoliaverant
2528 547 2612 604 vel
2684 550 3021 607 occiderant.
3084 551 3401 624 Sigil‘ridum

1824 651 2039 708 quoque
2090 636 2457 708 Mogontinum
2503 641 2812 710 prm‘sulem,
2844 657 3003 711 quem
3035 657 3251 716 captum
3284 664 3409 706 cum

1826 730 2009 785 multis
2071 730 2192 784 aliis
2250 731 2428 786 adhuc
2484 736 2778 790 servabant
2824 734 3089 794 violenter
3150 738 3409 809 cripiun’,

1823 826 2113 890 secumque
2162 822 2455 893 gaudentes
2504 835 2558 879 et
2611 825 2841 897 hymnos
2887 826 2995 883 Deo
3044 842 3304 887 canentes
3338 834 3410 889 ad

1824 911 2116 967 Saxoniam
2173 913 2456 969 reducunt.
2513 913 2804 986 Postquam
2866 931 2997 974 vero
3050 919 3283 977 diversis
3337 936 3410 979 et

1821 1006 2063 1078 partibus
2084 1021 2275 1062 onmes
2312 1008 2481 1062 nostri
2521 1021 2917 1072 convenerunt.
2944 1021 2998 1065 et
3030 1012 3157 1082 quid
3196 1010 3412 1069 fortztcr

1822 1099 2059 1171 egissent
2112 1098 2196 1151 vel
2247 1108 2449 1169 quanta
2502 1100 2741 1169 pericula
2794 1100 3028 1173 qualiter
3083 1104 3413 1170 evasissent,"

1824 1190 2053 1246 invicem
2100 1190 2296 1261 singuli
2360 1190 2681 1255 retulerunt.
2732 1206 2838 1245 non
2892 1193 3008 1247 sine
3065 1191 3231 1247 ninlzo
3277 1190 3410 1249 ﬂetu

1823 1290 2020 1336 mmtas
2048 1280 2232 1334 laudes
2257 1280 2593 1334 uttanimiter
2630 1281 2738 1336 fleo
2783 1282 3130 1337 reddiderunt
3156 1282 3249 1339 "'.
3282 1296 3408 1338 (tun

1821 1385 1921 1441 pro
1946 1372 2105 1426 victis
2134 1380 2187 1425 et
2210 1369 2406 1442 fugatis
2439 1371 2707 1438 hostibus,
2742 1384 2852 1425 tum
2894 1371 3058 1426 etiam
3089 1387 3185 1444 pro
3213 1372 3408 1430 libi-r1-

1823 1463 1893 1519 tis
1920 1464 2087 1519 tantis
2116 1463 2516 1519 sacerdotibus.

1895 1557 2016 1613 102.
2045 1556 2122 1612 Ex
2146 1556 2347 1611 nostris
2380 1558 2561 1627 itaque
2596 1555 2839 1626 partibus
2867 1565 3064 1627 praeter
3087 1557 3401 1629 episcopum

1822 1644 2392 1719 Magedaburgensem,
2430 1647 2520 1718 qui
2567 1647 2763 1702 cecidit
2813 1649 2865 1702 in
2908 1647 3029 1720 fuga
3058 1688 3074 1715 ,
3121 1665 3281 1704 nemo
3307 1651 3404 1719 qui

1822 1742 2016 1811 dignus
2064 1741 2134 1796 sit
2177 1742 2397 1796 nomine
2428 1741 2591 1811 periit
2640 1740 2693 1795 in
2745 1740 2831 1795 illa
2881 1756 3089 1811 pugna;
3122 1756 3186 1796 ex
3221 1740 3406 1798 hostili

1820 1848 1949 1889 vero
1987 1841 2139 1905 parte
2176 1833 2465 1903 iacuerunt
2488 1832 2560 1887 ibi
2599 1833 2663 1888 de
2693 1832 3026 1902 principibus
3056 1832 3406 1887 nobilissimis

1822 1925 2164 1981 Everltardus
2193 1923 2482 1989 Barbatus,
2525 1924 2617 1993 qui
2653 1922 2811 1993 hujus
2838 1923 2960 1979 belli
3008 1933 3127 1979 erat
3156 1926 3407 1980 incentor

1819 2018 2168 2081 saevissimus,
2212 2017 2395 2087 Poppo
2435 2016 2595 2071 simul
2639 2026 2695 2072 et
2734 2016 3084 2081 'l‘hiebaldus,
3117 2015 3403 2072 lleinricus

1817 2110 1883 2165 de
1934 2109 2353 2164 Lecbesnmndi.
2406 2107 2632 2163 Factum
2686 2117 2772 2162 est
2826 2123 2956 2179 ergo
3002 2110 3104 2164 hoc
3149 2108 3403 2179 prmlinm

1817 2203 2116 2259 secnmlnm
2148 2216 2292 2256 anno
2349 2202 2562 2256 Domini
2608 2200 2777 2268 £078,
2816 2199 2848 2255 7
2888 2201 3013 2257 ldus
3046 2201 3294 2272 Augusti,
3328 2200 3407 2256 fe-

1818 2295 1897 2349 ria
1926 2297 1981 2351 5.
3106 2309 3111 2315 ·

1888 2389 2008 2442 105.
2055 2384 2342 2441 Heinricus
2390 2400 2521 2441 vero
2577 2385 2632 2440 in
2689 2384 2910 2440 Octobri
2953 2384 3200 2455 proximo
3245 2381 3406 2453 Regi~

1818 2479 2050 2548 nesburg
2094 2477 2356 2541 veniens,
2426 2476 2765 2547 principibus
2821 2476 3066 2531 collectis
3118 2477 3403 2541 narravit,

1816 2570 1959 2639 quod
1983 2570 2096 2640 jam
2143 2568 2301 2637 longo
2329 2568 2499 2622 labori
2533 2568 2692 2622 tinem
2722 2566 2962 2632 fecisset,
2995 2567 3271 2637 nichilque
3298 2569 3403 2623 sibi

1818 2665 2123 2721 faciendum
2155 2663 2523 2730 restaret,nisi
2553 2670 2611 2716 ut
2642 2661 2765 2716 illos
2787 2663 2877 2730 qui
2900 2678 3083 2717 secum
3109 2662 3402 2731 participes

1817 2767 1974 2813 erant
2004 2755 2524 2823 laboris,consortcs
2553 2752 2717 2807 etiam
2741 2750 2949 2806 faceret
2973 2750 3149 2821 dignae
3167 2751 3403 2806 retribu-

1821 2849 2000 2904 tionis.
2031 2847 2176 2902 Dixit
2208 2861 2440 2918 namque
2466 2844 2708 2900 Saxones
2732 2844 2784 2898 in
2812 2840 3043 2914 proximi
3075 2843 3252 2912 proelii
3279 2858 3405 2899 con-

1817 2941 1964 2997 ﬂictu
1992 2942 2071 2995 sic
2098 2954 2219 2995 esse
2246 2945 2569 3008 prostratos,
2590 2944 2669 3002 ut,
2695 2935 2798 2990 nisi
2831 2935 2898 2990 de
2926 2934 3173 3005 gentibus
3201 2932 3404 2991 exteris

1818 3045 2071 3103 agrorum
2099 3029 2335 3085 cultores
2371 3027 2716 3089 advenirent,
2749 3024 3020 3081 Saxonica
3049 3024 3119 3058 ⁸⁸⁸
3149 3025 3307 3082 tellus
3346 3025 3401 3081 in

1819 3120 2165 3177 solitudinem
2242 3132 2399 3173 versa
2461 3117 2650 3173 bestiis
2707 3115 3050 3173 silvestribus
3108 3117 3404 3173 habitanda

1823 3222 2147 3268 remaneret.
2206 3209 2375 3278 igitur
2424 3218 2482 3263 ut
2545 3207 2692 3262 illam
2761 3215 2962 3261 terram
3020 3207 3230 3262 cunctis
3287 3207 3400 3262 fru-

1818 3322 1946 3377 gum
2000 3304 2290 3375 generibus
2346 3301 2657 3373 opulentam
2704 3315 2886 3355 secum
2939 3299 3141 3354 vellent
3195 3300 3403 3357 intrare

1819 3396 2050 3468 rogavit,
2108 3394 2368 3464 ipsisque,
2397 3393 2543 3462 quod
2571 3390 2776 3446 nullum
2809 3389 2899 3459 qui
2948 3389 3027 3445 eis
3070 3391 3401 3446 intrantibus

1816 3491 2061 3545 obstaret
2108 3486 2452 3549 invenirent,
2501 3483 2733 3538 fideliter
2780 3482 3086 3552 spopondit.
3139 3482 3293 3550 Quod
3342 3484 3427 3537 ut‘

1819 3579 1924 3634 illis
1961 3576 2114 3634 ﬁeret
2151 3575 2433 3640 credibile,
2467 3573 2752 3629 simulatos
2793 3575 3009 3626 nuntios
3051 3572 3177 3627 fecit
3218 3588 3405 3642 proce-

1818 3668 1946 3724 dere
1973 3682 2097 3723 cum
2138 3665 2319 3721 verbis
2368 3661 2706 3732 compositis,
2737 3661 2850 3731 qui,
2883 3660 3093 3717 cunctis
3138 3660 3405 3716 audienti-

1818 3758 1939 3823 bus,
1972 3755 2109 3827 regi,
2140 3753 2280 3809 sicut
2331 3760 2487 3807 erant
2540 3751 2715 3817 docti,
2767 3749 3021 3805 dicebant
3066 3763 3134 3806 ex
3170 3765 3403 3821 persona
3440 3748 3443 3749 ⁷
3484 3738 3487 3739 ν

1817 3850 1973 3905 ducis
2015 3845 2233 3902 Ottonis
2269 3853 2323 3901 et
2361 3843 2679 3899 Herimanni
2728 3840 2983 3905 comitis,
3036 3856 3095 3896 se
3150 3840 3295 3897 solos
3333 3854 3404 3897 ex

1817 3940 2002 3997 liberis
2031 3936 2374 4004 hominibus,
2409 3934 2662 3991 omnibus
2690 3932 2812 3987 aliis
2847 3932 2903 3987 in
2941 3932 3237 3986 novissimo
3258 3946 3404 4001 prce-

1817 4034 1890 4090 lio
1919 4030 2243 4095 interfectis,
2286 4027 2551 4084 benelicio
2601 4026 2740 4097 fugae
2780 4024 2833 4080 in
2870 4023 3108 4080 Saxonia
3158 4024 3399 4088 relictos,

1818 4140 1961 4182 nunc
1997 4122 2159 4178 nimis
2183 4135 2308 4177 sero
2336 4118 2601 4191 paenitere
2632 4115 2727 4181 ⁸⁸⁸,
2751 4117 2894 4187 quod
2925 4129 3185 4185 umquam
3212 4112 3402 4167 multi-

1820 4214 2007 4271 tudine
2055 4226 2276 4269 suorum
2329 4208 2520 4267 conlisi
2547 4249 2561 4274 ,
2607 4207 3081 4278 praesumpsissent
3118 4204 3280 4276 regia:
3309 4218 3402 4275 po-

1818 4304 2002 4362 testati
2049 4303 2338 4369 re.~.istere;
2392 4314 2451 4354 se
2506 4298 2650 4371 regis
2702 4298 3033 4360 adventum,
3084 4309 3193 4365 quo
3242 4304 3404 4349 terra:

1818 4397 1975 4454 daret
2021 4392 2291 4457 cultores,
2338 4389 2617 4446 humiliter
2671 4396 2990 4459 expectare;
3035 4400 3094 4442 se
3127 4383 3245 4441 sibi
3290 4396 3398 4438 non

132 4490 382 4560 partibus
411 4506 443 4545 a
494 4490 687 4561 prcclio
742 4491 1162 4555 revertentibus,
1213 4499 1425 4545 noctem
1466 4489 1607 4543 illam
1660 4496 1714 4543 in
1748 4488 2104 4566 Dbonorem,
2133 4499 2242 4540 non
2265 4481 2593 4546 libertatem,
2635 4479 2728 4535 sed
2761 4479 2933 4535 solam
2979 4477 3164 4541 vitam,
3204 4489 3398 4546 quam-

136 4585 340 4647 lmtitia,
381 4593 439 4641 et
488 4585 727 4640 maxime
778 4584 832 4640 in
887 4585 1067 4639 divina
1118 4583 1276 4639 laude
1324 4582 1605 4653 transegit.
1657 4579 1715 4635 in

135 4677 378 4732 crastino
411 4692 539 4731 vero
590 4676 826 4748 receptis
866 4676 1119 4731 omnibus
1154 4690 1273 4745 quae
1323 4672 1408 4729 vel
1442 4673 1577 4729 socii
1631 4671 1716 4728 vel

136 4769 319 4826 hostes
354 4770 423 4825 ibi
459 4769 813 4841 reliquerant,
839 4769 1084 4832 meliora,
1104 4783 1221 4837 quae
1249 4776 1498 4838 poterant
1526 4780 1714 4836 aspor-

140 4868 273 4927 tare,
324 4876 511 4916 secum
564 4860 843 4931 tulerunt;
881 4870 1061 4915 cetera
1111 4873 1268 4922 vero,
1301 4872 1368 4912 ne
1396 4852 1716 4928 prodessent

139 4953 397 5020 hostibus,
420 4953 528 5024 igni
569 4953 861 5009 dederunt.
887 4950 1014 5006 Inde
1038 4965 1167 5004 vero
1198 4965 1320 5003 cum
1362 4962 1558 5019 magno
1584 4962 1716 5017 gau-

138 5045 223 5099 dio
246 5054 514 5115 cantuque
538 5045 849 5108 redeuntes,
892 5038 1248 5098 Smelekallan
1285 5039 1396 5112 (4‘2)
1423 5048 1479 5093 et
1505 5047 1716 5095 ceteros

141 5136 193 5190 in
232 5137 458 5192 circuitu
493 5137 640 5192 vicos
671 5144 768 5191 aut.
806 5133 961 5189 villas
988 5130 1414 5203 praedationibus
1436 5138 1490 5183 et
1528 5128 1718 5185 incen-

1819 4578 1904 4634 vis
1931 4578 2017 4632 vel
2047 4576 2148 4631 hac
2176 4584 2358 4631 essent
2380 4572 2612 4644 indigni,
2645 4569 2940 4642 postulare.
2967 4568 3174 4636 Quibus
3200 4567 3400 4628 verbis,

1820 4671 1962 4728 sicut.
2011 4669 2126 4739 ipse
2155 4667 2383 4722 callidus
2426 4665 2751 4727 dictaverat,
2799 4661 3068 4733 peroratis
3096 4701 3110 4726 ,
3170 4660 3246 4715 illi
3306 4658 3409 4733 qui.

1822 4764 1938 4819 hare
1976 4758 2196 4816 credula
2257 4756 2421 4812 nimis
2482 4768 2615 4809 aure
2668 4758 3065 4824 perceperant,
3115 4749 3264 4804 inani
3306 4745 3421 4833 spe;

1812 4852 1926 4924 jam
1979 4859 2147 4906 totam
2201 4847 2494 4903 Saxoniam
2549 4843 2932 4914 possidebant,
2989 4849 3045 4896 ct
3085 4840 3238 4909 quasi
3289 4836 3409 4910 jam’

1821 4942 2180 5016 possidentes,
2211 4938 2358 4992 inani
2387 4948 2483 5005 spe
2526 4933 2771 5003 decepti;
2790 4933 2972 4988 animo
3005 4930 3399 4986 tumcscebant.

1822 5032 1958 5086 Tota
1996 5030 2164 5100 igitur
2207 5023 2595 5088 festinatione,
2643 5036 2752 5090 quo
2798 5035 2922 5093 spes
2970 5034 3065 5075 eos
3109 5018 3404 5083 trahebat,

1823 5124 1971 5197 sequi
1994 5122 2390 5195 properabant;
2419 5135 2520 5176 nec
2556 5119 2856 5174 exercitum
2882 5114 3037 5171 valde
3058 5130 3313 5185 magnum
3335 5117 3405 5151 δε*

1435 5240 1593 5278 VARI
1611 5242 1668 5278 δι’
1721 5242 1742 5278 ῐ
1767 5235 2122 5278 FCTIONPS-
