  <div class='ocr_page' id='page_1' title='image "/cluster/home/n/w/nwhite01/storage/ocr_20150623/147/hvd.32044010574002/285.png"; bbox 0 0 3926 5326; ppageno 0'>
   <div class='ocr_carea' id='block_1_1' title="bbox 555 202 660 257">
    <p class='ocr_par' dir='ltr' id='par_1_1' title="bbox 555 202 660 257">
     <span class='ocr_line' id='line_1_1' title="bbox 555 202 660 257; baseline 0 0"><span class='ocrx_word' id='word_1_1' title='bbox 555 202 660 257; x_wconf 78' lang='lat'><strong>559</strong></span> 
     </span>
    </p>
   </div>
   <div class='ocr_carea' id='block_1_2' title="bbox 1482 191 2793 252">
    <p class='ocr_par' dir='ltr' id='par_1_2' title="bbox 1482 191 2793 252">
     <span class='ocr_line' id='line_1_2' title="bbox 1482 191 2793 252; baseline 0 -2"><span class='ocrx_word' id='word_1_2' title='bbox 1482 194 1824 252; x_wconf 68' lang='lat' dir='ltr'><strong>BRL&#39;NONIS</strong></span> <span class='ocrx_word' id='word_1_3' title='bbox 1864 194 2130 252; x_wconf 75' lang='lat' dir='ltr'><strong>CLENCI</strong></span> <span class='ocrx_word' id='word_1_4' title='bbox 2172 191 2793 250; x_wconf 74' lang='lat' dir='ltr'><strong>MAGDEBURGENSIS</strong></span> 
     </span>
    </p>
   </div>
   <div class='ocr_carea' id='block_1_3' title="bbox 3702 202 3790 256">
    <p class='ocr_par' dir='ltr' id='par_1_3' title="bbox 3702 202 3790 256">
     <span class='ocr_line' id='line_1_3' title="bbox 3702 202 3790 256; baseline 0.011 -1"><span class='ocrx_word' id='word_1_5' title='bbox 3702 202 3790 256; x_wconf 65' lang='lat'><strong>{£63</strong></span> 
     </span>
    </p>
   </div>
   <div class='ocr_carea' id='block_1_4' title="bbox 552 307 3789 382">
    <p class='ocr_par' dir='ltr' id='par_1_4' title="bbox 552 307 3789 382">
     <span class='ocr_line' id='line_1_4' title="bbox 552 307 3789 382; baseline -0.001 -12"><span class='ocrx_word' id='word_1_6' title='bbox 552 332 671 370; x_wconf 78' lang='lat' dir='ltr'><strong>esse</strong></span> <span class='ocrx_word' id='word_1_7' title='bbox 694 312 973 378; x_wconf 84' lang='lat' dir='ltr'><strong>volebant,</strong></span> <span class='ocrx_word' id='word_1_8' title='bbox 1003 326 1074 368; x_wconf 84' lang='lat' dir='ltr'><strong>ne</strong></span> <span class='ocrx_word' id='word_1_9' title='bbox 1118 310 1314 382; x_wconf 79' lang='lat' dir='ltr'><strong>singuli</strong></span> <span class='ocrx_word' id='word_1_10' title='bbox 1364 325 1429 366; x_wconf 88' lang='lat' dir='ltr'><strong>eo</strong></span> <span class='ocrx_word' id='word_1_11' title='bbox 1481 311 1661 364; x_wconf 91' lang='lat' dir='ltr'><strong>minus</strong></span> <span class='ocrx_word' id='word_1_12' title='bbox 1696 310 1838 364; x_wconf 92' lang='lat' dir='ltr'><strong>illius</strong></span> <span class='ocrx_word' id='word_1_13' title='bbox 1881 308 2119 380; x_wconf 84' lang='lat' dir='ltr'><strong>regionis</strong></span> <span class='ocrx_word' id='word_1_14' title='bbox 2148 315 2433 373; x_wconf 64' lang='lat' dir='ltr'><strong>Aanontes</strong></span> <span class='ocrx_word' id='word_1_15' title='bbox 2478 307 2747 377; x_wconf 90' lang='lat' dir='ltr'><strong>proﬁcisci</strong></span> <span class='ocrx_word' id='word_1_16' title='bbox 2794 307 3154 377; x_wconf 80' lang='lat' dir='ltr'><strong>nequivimus.</strong></span> <span class='ocrx_word' id='word_1_17' title='bbox 3201 310 3469 376; x_wconf 84' lang='lat' dir='ltr'><strong>Quocirca</strong></span> <span class='ocrx_word' id='word_1_18' title='bbox 3522 326 3789 368; x_wconf 80' lang='lat' dir='ltr'><strong>monemus</strong></span> 
     </span>
    </p>
   </div>
   <div class='ocr_carea' id='block_1_5' title="bbox 553 396 2120 475">
    <p class='ocr_par' dir='ltr' id='par_1_5' title="bbox 553 396 2120 475">
     <span class='ocr_line' id='line_1_5' title="bbox 553 396 2120 475; baseline -0.005 -17"><span class='ocrx_word' id='word_1_19' title='bbox 553 406 880 475; x_wconf 86' lang='lat' dir='ltr'><strong>acciperent,</strong></span> <span class='ocrx_word' id='word_1_20' title='bbox 915 416 1023 473; x_wconf 90' lang='lat' dir='ltr'><strong>quo</strong></span> <span class='ocrx_word' id='word_1_21' title='bbox 1050 401 1232 473; x_wconf 84' lang='lat' dir='ltr'><strong>plures</strong></span> <span class='ocrx_word' id='word_1_22' title='bbox 1262 400 1406 455; x_wconf 89' lang='lat' dir='ltr'><strong>illam</strong></span> <span class='ocrx_word' id='word_1_23' title='bbox 1436 400 1659 456; x_wconf 83' lang='lat' dir='ltr'><strong>divisuri</strong></span> <span class='ocrx_word' id='word_1_24' title='bbox 1689 398 1948 464; x_wconf 82' lang='lat' dir='ltr'><strong>fuissent;</strong></span> <span class='ocrx_word' id='word_1_25' title='bbox 1994 396 2120 466; x_wconf 89' lang='lat' dir='ltr'><strong>quia</strong></span> 
     </span>
    </p>
   </div>
   <div class='ocr_carea' id='block_1_6' title="bbox 553 490 2120 561">
    <p class='ocr_par' dir='ltr' id='par_1_6' title="bbox 553 490 2120 561">
     <span class='ocr_line' id='line_1_6' title="bbox 553 490 2120 561; baseline -0.008 -8"><span class='ocrx_word' id='word_1_26' title='bbox 553 506 747 553; x_wconf 87' lang='lat' dir='ltr'><strong>natura</strong></span> <span class='ocrx_word' id='word_1_27' title='bbox 777 495 882 551; x_wconf 92' lang='lat' dir='ltr'><strong>fert</strong></span> <span class='ocrx_word' id='word_1_28' title='bbox 911 502 971 548; x_wconf 91' lang='lat' dir='ltr'><strong>ut</strong></span> <span class='ocrx_word' id='word_1_29' title='bbox 1008 502 1160 547; x_wconf 84' lang='lat' dir='ltr'><strong>tanto</strong></span> <span class='ocrx_word' id='word_1_30' title='bbox 1190 492 1285 547; x_wconf 85' lang='lat' dir='ltr'><strong>ﬁat</strong></span> <span class='ocrx_word' id='word_1_31' title='bbox 1322 491 1560 561; x_wconf 87' lang='lat' dir='ltr'><strong>partium</strong></span> <span class='ocrx_word' id='word_1_32' title='bbox 1603 491 1783 546; x_wconf 87' lang='lat' dir='ltr'><strong>minor</strong></span> <span class='ocrx_word' id='word_1_33' title='bbox 1819 490 2120 560; x_wconf 89' lang='lat' dir='ltr'><strong>quantitas,</strong></span> 
     </span>
    </p>
   </div>
   <div class='ocr_carea' id='block_1_7' title="bbox 551 580 2124 657">
    <p class='ocr_par' dir='ltr' id='par_1_7' title="bbox 551 580 2124 657">
     <span class='ocr_line' id='line_1_7' title="bbox 551 580 2124 657; baseline -0.005 -17"><span class='ocrx_word' id='word_1_34' title='bbox 551 596 756 657; x_wconf 88' lang='lat' dir='ltr'><strong>quanto</strong></span> <span class='ocrx_word' id='word_1_35' title='bbox 781 587 943 640; x_wconf 86' lang='lat' dir='ltr'><strong>fuerit</strong></span> <span class='ocrx_word' id='word_1_36' title='bbox 962 585 1257 639; x_wconf 88' lang='lat' dir='ltr'><strong>earundem</strong></span> <span class='ocrx_word' id='word_1_37' title='bbox 1290 583 1528 653; x_wconf 91' lang='lat' dir='ltr'><strong>partium</strong></span> <span class='ocrx_word' id='word_1_38' title='bbox 1570 582 1913 637; x_wconf 84' lang='lat' dir='ltr'><strong>numerosior</strong></span> <span class='ocrx_word' id='word_1_39' title='bbox 1941 580 2124 652; x_wconf 86' lang='lat' dir='ltr'><strong>plura-</strong></span> 
     </span>
    </p>
   </div>
   <div class='ocr_carea' id='block_1_8' title="bbox 549 664 2119 746">
    <p class='ocr_par' dir='ltr' id='par_1_8' title="bbox 549 664 2119 746">
     <span class='ocr_line' id='line_1_8' title="bbox 549 664 2119 746; baseline -0.008 -13"><span class='ocrx_word' id='word_1_40' title='bbox 549 676 694 733; x_wconf 87' lang='lat' dir='ltr'><strong>litas.</strong></span> <span class='ocrx_word' id='word_1_41' title='bbox 725 676 1015 733; x_wconf 73' lang='lat' dir='ltr'><strong>Venientes</strong></span> <span class='ocrx_word' id='word_1_42' title='bbox 1054 688 1186 746; x_wconf 91' lang='lat' dir='ltr'><strong>ergo</strong></span> <span class='ocrx_word' id='word_1_43' title='bbox 1234 673 1301 728; x_wconf 89' lang='lat' dir='ltr'><strong>ad</strong></span> <span class='ocrx_word' id='word_1_44' title='bbox 1338 672 1531 728; x_wconf 84' lang='lat' dir='ltr'><strong>silvam</strong></span> <span class='ocrx_word' id='word_1_45' title='bbox 1571 686 1692 742; x_wconf 70' lang='lat' dir='ltr'><strong>quae</strong></span> <span class='ocrx_word' id='word_1_46' title='bbox 1721 670 2024 740; x_wconf 87' lang='lat' dir='ltr'><strong>Thuringos</strong></span> <span class='ocrx_word' id='word_1_47' title='bbox 2052 664 2119 700; x_wconf 76' lang='lat'><strong>“’</strong></span> 
     </span>
    </p>
   </div>
   <div class='ocr_carea' id='block_1_9' title="bbox 549 764 2119 840">
    <p class='ocr_par' dir='ltr' id='par_1_9' title="bbox 549 764 2119 840">
     <span class='ocr_line' id='line_1_9' title="bbox 549 764 2119 840; baseline -0.006 -16"><span class='ocrx_word' id='word_1_48' title='bbox 549 778 817 840; x_wconf 78' lang='lat' dir='ltr'><strong>separata</strong></span> <span class='ocrx_word' id='word_1_49' title='bbox 844 768 1079 824; x_wconf 75' lang='lat' dir='ltr'><strong>Francia</strong></span> <span class='ocrx_word' id='word_1_50' title='bbox 1104 807 1119 832; x_wconf 91' lang='lat'><strong>,</strong></span> <span class='ocrx_word' id='word_1_51' title='bbox 1168 766 1481 831; x_wconf 85' lang='lat' dir='ltr'><strong>audiebant,</strong></span> <span class='ocrx_word' id='word_1_52' title='bbox 1511 764 1655 834; x_wconf 90' lang='lat' dir='ltr'><strong>quod</strong></span> <span class='ocrx_word' id='word_1_53' title='bbox 1679 773 1734 819; x_wconf 91' lang='lat' dir='ltr'><strong>et</strong></span> <span class='ocrx_word' id='word_1_54' title='bbox 1763 778 1949 818; x_wconf 83' lang='lat' dir='ltr'><strong>verum</strong></span> <span class='ocrx_word' id='word_1_55' title='bbox 1978 769 2119 827; x_wconf 89' lang='lat' dir='ltr'><strong>erat,</strong></span> 
     </span>
    </p>
   </div>
   <div class='ocr_carea' id='block_1_10' title="bbox 548 853 2123 929">
    <p class='ocr_par' dir='ltr' id='par_1_10' title="bbox 548 853 2123 929">
     <span class='ocr_line' id='line_1_10' title="bbox 548 853 2123 929; baseline -0.004 -15"><span class='ocrx_word' id='word_1_56' title='bbox 548 861 673 929; x_wconf 84' lang='lat' dir='ltr'><strong>quia</strong></span> <span class='ocrx_word' id='word_1_57' title='bbox 704 859 947 915; x_wconf 75' lang='lat' dir='ltr'><strong>Saxones</strong></span> <span class='ocrx_word' id='word_1_58' title='bbox 970 873 1039 914; x_wconf 81' lang='lat' dir='ltr'><strong>ex</strong></span> <span class='ocrx_word' id='word_1_59' title='bbox 1082 858 1252 921; x_wconf 86' lang='lat' dir='ltr'><strong>altera</strong></span> <span class='ocrx_word' id='word_1_60' title='bbox 1280 866 1434 926; x_wconf 89' lang='lat' dir='ltr'><strong>parte</strong></span> <span class='ocrx_word' id='word_1_61' title='bbox 1454 857 1603 912; x_wconf 70' lang='lat' dir='ltr'><strong>silva:</strong></span> <span class='ocrx_word' id='word_1_62' title='bbox 1641 870 1763 910; x_wconf 92' lang='lat' dir='ltr'><strong>cum</strong></span> <span class='ocrx_word' id='word_1_63' title='bbox 1797 863 1943 910; x_wconf 83' lang='lat' dir='ltr'><strong>tanta</strong></span> <span class='ocrx_word' id='word_1_64' title='bbox 1986 853 2123 908; x_wconf 82' lang='lat' dir='ltr'><strong>mul-</strong></span> 
     </span>
    </p>
   </div>
   <div class='ocr_carea' id='block_1_11' title="bbox 542 945 2122 1023">
    <p class='ocr_par' dir='ltr' id='par_1_11' title="bbox 542 945 2122 1023">
     <span class='ocr_line' id='line_1_11' title="bbox 542 945 2122 1023; baseline -0.007 -15"><span class='ocrx_word' id='word_1_65' title='bbox 542 952 779 1023; x_wconf 28' lang='lat' dir='ltr'><strong>ltitudine</strong></span> <span class='ocrx_word' id='word_1_66' title='bbox 827 952 1101 1016; x_wconf 85' lang='lat' dir='ltr'><strong>sederent,</strong></span> <span class='ocrx_word' id='word_1_67' title='bbox 1158 960 1414 1019; x_wconf 84' lang='lat' dir='ltr'><strong>quantum</strong></span> <span class='ocrx_word' id='word_1_68' title='bbox 1472 948 1624 1018; x_wconf 89' lang='lat' dir='ltr'><strong>prius</strong></span> <span class='ocrx_word' id='word_1_69' title='bbox 1670 960 1965 1016; x_wconf 87' lang='lat' dir='ltr'><strong>numquam</strong></span> <span class='ocrx_word' id='word_1_70' title='bbox 2011 945 2122 1000; x_wconf 89' lang='lat' dir='ltr'><strong>sint</strong></span> 
     </span>
    </p>
   </div>
   <div class='ocr_carea' id='block_1_12' title="bbox 544 1035 2120 1116">
    <p class='ocr_par' dir='ltr' id='par_1_12' title="bbox 544 1035 2120 1116">
     <span class='ocr_line' id='line_1_12' title="bbox 544 1035 2120 1116; baseline -0.006 -19"><span class='ocrx_word' id='word_1_71' title='bbox 544 1042 718 1099; x_wconf 88' lang='lat' dir='ltr'><strong>auditi</strong></span> <span class='ocrx_word' id='word_1_72' title='bbox 768 1041 1068 1116; x_wconf 81' lang='lat' dir='ltr'><strong>collegisse.</strong></span> <span class='ocrx_word' id='word_1_73' title='bbox 1102 1037 1236 1094; x_wconf 81' lang='lat' dir='ltr'><strong>Nam</strong></span> <span class='ocrx_word' id='word_1_74' title='bbox 1272 1039 1338 1095; x_wconf 93' lang='lat' dir='ltr'><strong>de</strong></span> <span class='ocrx_word' id='word_1_75' title='bbox 1391 1038 1655 1092; x_wconf 88' lang='lat' dir='ltr'><strong>militibus</strong></span> <span class='ocrx_word' id='word_1_76' title='bbox 1704 1035 1927 1090; x_wconf 81' lang='lat' dir='ltr'><strong>armatis</strong></span> <span class='ocrx_word' id='word_1_77' title='bbox 1976 1035 2120 1089; x_wconf 90' lang='lat' dir='ltr'><strong>milia</strong></span> 
     </span>
    </p>
   </div>
   <div class='ocr_carea' id='block_1_13' title="bbox 545 1127 2119 1205">
    <p class='ocr_par' dir='ltr' id='par_1_13' title="bbox 545 1127 2119 1205">
     <span class='ocr_line' id='line_1_13' title="bbox 545 1127 2119 1205; baseline -0.005 -16"><span class='ocrx_word' id='word_1_78' title='bbox 545 1133 661 1192; x_wconf 80' lang='lat' dir='ltr'><strong>fere</strong></span> <span class='ocrx_word' id='word_1_79' title='bbox 688 1134 970 1205; x_wconf 81' lang='lat' dir='ltr'><strong>sexaginta</strong></span> <span class='ocrx_word' id='word_1_80' title='bbox 1011 1132 1304 1197; x_wconf 86' lang='lat' dir='ltr'><strong>habebant,</strong></span> <span class='ocrx_word' id='word_1_81' title='bbox 1350 1131 1441 1201; x_wconf 90' lang='lat' dir='ltr'><strong>qui</strong></span> <span class='ocrx_word' id='word_1_82' title='bbox 1473 1129 1559 1186; x_wconf 89' lang='lat' dir='ltr'><strong>vel</strong></span> <span class='ocrx_word' id='word_1_83' title='bbox 1608 1128 1821 1185; x_wconf 89' lang='lat' dir='ltr'><strong>fortiter</strong></span> <span class='ocrx_word' id='word_1_84' title='bbox 1864 1128 1999 1183; x_wconf 87' lang='lat' dir='ltr'><strong>mori</strong></span> <span class='ocrx_word' id='word_1_85' title='bbox 2037 1127 2119 1181; x_wconf 83' lang='lat' dir='ltr'><strong>vel</strong></span> 
     </span>
    </p>
   </div>
   <div class='ocr_carea' id='block_1_14' title="bbox 545 1216 2118 1286">
    <p class='ocr_par' dir='ltr' id='par_1_14' title="bbox 545 1216 2118 1286">
     <span class='ocr_line' id='line_1_14' title="bbox 545 1216 2118 1286; baseline -0.005 -8"><span class='ocrx_word' id='word_1_86' title='bbox 545 1231 746 1278; x_wconf 85' lang='lat' dir='ltr'><strong>terram</strong></span> <span class='ocrx_word' id='word_1_87' title='bbox 788 1238 943 1279; x_wconf 89' lang='lat' dir='ltr'><strong>suam</strong></span> <span class='ocrx_word' id='word_1_88' title='bbox 986 1221 1125 1276; x_wconf 90' lang='lat' dir='ltr'><strong>tueri</strong></span> <span class='ocrx_word' id='word_1_89' title='bbox 1172 1219 1443 1275; x_wconf 85' lang='lat' dir='ltr'><strong>volebant.</strong></span> <span class='ocrx_word' id='word_1_90' title='bbox 1500 1218 1652 1286; x_wconf 85' lang='lat' dir='ltr'><strong>Quod</strong></span> <span class='ocrx_word' id='word_1_91' title='bbox 1706 1216 1949 1272; x_wconf 86' lang='lat' dir='ltr'><strong>auditum</strong></span> <span class='ocrx_word' id='word_1_92' title='bbox 1995 1232 2118 1271; x_wconf 89' lang='lat' dir='ltr'><strong>cum</strong></span> 
     </span>
    </p>
   </div>
   <div class='ocr_carea' id='block_1_15' title="bbox 540 1308 2118 1387">
    <p class='ocr_par' dir='ltr' id='par_1_15' title="bbox 540 1308 2118 1387">
     <span class='ocr_line' id='line_1_15' title="bbox 540 1308 2118 1387; baseline -0.004 -18"><span class='ocrx_word' id='word_1_93' title='bbox 540 1316 719 1387; x_wconf 89' lang='lat' dir='ltr'><strong>primo</strong></span> <span class='ocrx_word' id='word_1_94' title='bbox 767 1329 872 1370; x_wconf 90' lang='lat' dir='ltr'><strong>non</strong></span> <span class='ocrx_word' id='word_1_95' title='bbox 912 1314 1218 1377; x_wconf 86' lang='lat' dir='ltr'><strong>crederent,</strong></span> <span class='ocrx_word' id='word_1_96' title='bbox 1246 1323 1537 1383; x_wconf 78' lang='lat' dir='ltr'><strong>postquam</strong></span> <span class='ocrx_word' id='word_1_97' title='bbox 1580 1310 1763 1365; x_wconf 89' lang='lat' dir='ltr'><strong>missis</strong></span> <span class='ocrx_word' id='word_1_98' title='bbox 1812 1308 2118 1381; x_wconf 75' lang='lat' dir='ltr'><strong>explorato-</strong></span> 
     </span>
    </p>
   </div>
   <div class='ocr_carea' id='block_1_16' title="bbox 540 1400 2115 1475">
    <p class='ocr_par' dir='ltr' id='par_1_16' title="bbox 540 1400 2115 1475">
     <span class='ocr_line' id='line_1_16' title="bbox 540 1400 2115 1475; baseline -0.005 -12"><span class='ocrx_word' id='word_1_99' title='bbox 540 1407 692 1463; x_wconf 85' lang='lat' dir='ltr'><strong>ribns</strong></span> <span class='ocrx_word' id='word_1_100' title='bbox 741 1406 901 1461; x_wconf 89' lang='lat' dir='ltr'><strong>nimis</strong></span> <span class='ocrx_word' id='word_1_101' title='bbox 929 1419 1115 1460; x_wconf 86' lang='lat' dir='ltr'><strong>verum</strong></span> <span class='ocrx_word' id='word_1_102' title='bbox 1159 1419 1312 1460; x_wconf 89' lang='lat' dir='ltr'><strong>essse</strong></span> <span class='ocrx_word' id='word_1_103' title='bbox 1348 1403 1767 1475; x_wconf 81' lang='lat' dir='ltr'><strong>cognoscebant,</strong></span> <span class='ocrx_word' id='word_1_104' title='bbox 1799 1400 1967 1456; x_wconf 82' lang='lat' dir='ltr'><strong>multo</strong></span> <span class='ocrx_word' id='word_1_105' title='bbox 1999 1417 2115 1455; x_wconf 85' lang='lat' dir='ltr'><strong>ma-</strong></span> 
     </span>
    </p>
   </div>
   <div class='ocr_carea' id='block_1_17' title="bbox 539 1486 2119 1572">
    <p class='ocr_par' dir='ltr' id='par_1_17' title="bbox 539 1486 2119 1572">
     <span class='ocr_line' id='line_1_17' title="bbox 539 1486 2119 1572; baseline -0.005 -19"><span class='ocrx_word' id='word_1_106' title='bbox 539 1500 624 1570; x_wconf 84' lang='lat' dir='ltr'><strong>gis</strong></span> <span class='ocrx_word' id='word_1_107' title='bbox 654 1498 831 1553; x_wconf 89' lang='lat' dir='ltr'><strong>redire</strong></span> <span class='ocrx_word' id='word_1_108' title='bbox 857 1537 872 1563; x_wconf 97' lang='lat'><strong>,</strong></span> <span class='ocrx_word' id='word_1_109' title='bbox 918 1496 1111 1572; x_wconf 81' lang='lat' dir='ltr'><strong>timore</strong></span> <span class='ocrx_word' id='word_1_110' title='bbox 1142 1502 1403 1566; x_wconf 91' lang='lat' dir='ltr'><strong>cogente,</strong></span> <span class='ocrx_word' id='word_1_111' title='bbox 1436 1510 1596 1563; x_wconf 91' lang='lat' dir='ltr'><strong>quam</strong></span> <span class='ocrx_word' id='word_1_112' title='bbox 1626 1486 1844 1559; x_wconf 88' lang='lat' dir='ltr'><strong>venire,</strong></span> <span class='ocrx_word' id='word_1_113' title='bbox 1880 1507 1975 1562; x_wconf 88' lang='lat' dir='ltr'><strong>spe</strong></span> <span class='ocrx_word' id='word_1_114' title='bbox 2008 1500 2119 1546; x_wconf 85' lang='lat' dir='ltr'><strong>tra-</strong></span> 
     </span>
    </p>
   </div>
   <div class='ocr_carea' id='block_1_18' title="bbox 540 1584 2108 1659">
    <p class='ocr_par' dir='ltr' id='par_1_18' title="bbox 540 1584 2108 1659">
     <span class='ocr_line' id='line_1_18' title="bbox 540 1584 2108 1659; baseline -0.008 -14"><span class='ocrx_word' id='word_1_115' title='bbox 540 1593 723 1656; x_wconf 88' lang='lat' dir='ltr'><strong>hente,</strong></span> <span class='ocrx_word' id='word_1_116' title='bbox 753 1587 1134 1659; x_wconf 87' lang='lat' dir='ltr'><strong>properabant.</strong></span> <span class='ocrx_word' id='word_1_117' title='bbox 1169 1584 1273 1641; x_wconf 86' lang='lat' dir='ltr'><strong>Sed</strong></span> <span class='ocrx_word' id='word_1_118' title='bbox 1297 1584 1580 1640; x_wconf 79' lang='lat' dir='ltr'><strong>lieiuricus</strong></span> <span class='ocrx_word' id='word_1_119' title='bbox 1597 1598 1784 1648; x_wconf 78' lang='lat' dir='ltr'><strong>exrcx,</strong></span> <span class='ocrx_word' id='word_1_120' title='bbox 1809 1598 1875 1637; x_wconf 87' lang='lat' dir='ltr'><strong>ne</strong></span> <span class='ocrx_word' id='word_1_121' title='bbox 1905 1587 2108 1636; x_wconf 90' lang='lat' dir='ltr'><strong>tantum</strong></span> 
     </span>
    </p>
   </div>
   <div class='ocr_carea' id='block_1_19' title="bbox 2225 397 3787 471">
    <p class='ocr_par' dir='ltr' id='par_1_19' title="bbox 2225 397 3787 471">
     <span class='ocr_line' id='line_1_19' title="bbox 2225 397 3787 471; baseline 0.006 -20"><span class='ocrx_word' id='word_1_122' title='bbox 2225 412 2340 463; x_wconf 88' lang='lat' dir='ltr'><strong>vos,</strong></span> <span class='ocrx_word' id='word_1_123' title='bbox 2381 407 2436 452; x_wconf 91' lang='lat' dir='ltr'><strong>et</strong></span> <span class='ocrx_word' id='word_1_124' title='bbox 2486 414 2552 453; x_wconf 82' lang='lat' dir='ltr'><strong>ex</strong></span> <span class='ocrx_word' id='word_1_125' title='bbox 2595 397 2747 467; x_wconf 77' lang='lat' dir='ltr'><strong>par&#39;te</strong></span> <span class='ocrx_word' id='word_1_126' title='bbox 2784 397 2930 454; x_wconf 86' lang='lat' dir='ltr'><strong>beati</strong></span> <span class='ocrx_word' id='word_1_127' title='bbox 2992 397 3139 454; x_wconf 72' lang='lat' dir='ltr'><strong>Peri</strong></span> <span class='ocrx_word' id='word_1_128' title='bbox 3180 402 3550 471; x_wconf 68' lang='lat' dir='ltr'><strong>praecipimus,</strong></span> <span class='ocrx_word' id='word_1_129' title='bbox 3600 413 3657 457; x_wconf 91' lang='lat' dir='ltr'><strong>ut</strong></span> <span class='ocrx_word' id='word_1_130' title='bbox 3684 403 3787 460; x_wconf 88' lang='lat' dir='ltr'><strong>fulti</strong></span> 
     </span>
    </p>
   </div>
   <div class='ocr_carea' id='block_1_20' title="bbox 2223 488 3789 567">
    <p class='ocr_par' dir='ltr' id='par_1_20' title="bbox 2223 488 3789 567">
     <span class='ocr_line' id='line_1_20' title="bbox 2223 488 3789 567; baseline 0.005 -24"><span class='ocrx_word' id='word_1_131' title='bbox 2223 492 2543 545; x_wconf 85' lang='lat' dir='ltr'><strong>auctoritate</strong></span> <span class='ocrx_word' id='word_1_132' title='bbox 2571 490 2730 559; x_wconf 89' lang='lat' dir='ltr'><strong>hujus</strong></span> <span class='ocrx_word' id='word_1_133' title='bbox 2756 488 2822 522; x_wconf 69' lang='grc'><strong>⁸⁷⁸</strong></span> <span class='ocrx_word' id='word_1_134' title='bbox 2852 491 3023 545; x_wconf 84' lang='lat' dir='ltr'><strong>nostri</strong></span> <span class='ocrx_word' id='word_1_135' title='bbox 3044 492 3323 561; x_wconf 73' lang='lat' dir='ltr'><strong>prmcepti,</strong></span> <span class='ocrx_word' id='word_1_136' title='bbox 3360 504 3667 567; x_wconf 49' lang='lat' dir='ltr'><strong>nostraque</strong></span> <span class='ocrx_word' id='word_1_137' title='bbox 3690 499 3789 553; x_wconf 72' lang='lat' dir='ltr'><strong>vice</strong></span> 
     </span>
    </p>
   </div>
   <div class='ocr_carea' id='block_1_21' title="bbox 2223 581 3791 653">
    <p class='ocr_par' dir='ltr' id='par_1_21' title="bbox 2223 581 3791 653">
     <span class='ocr_line' id='line_1_21' title="bbox 2223 581 3791 653; baseline 0.003 -17"><span class='ocrx_word' id='word_1_138' title='bbox 2223 581 2292 636; x_wconf 91' lang='lat' dir='ltr'><strong>ab</strong></span> <span class='ocrx_word' id='word_1_139' title='bbox 2328 584 2518 638; x_wconf 83' lang='lat' dir='ltr'><strong>eodem</strong></span> <span class='ocrx_word' id='word_1_140' title='bbox 2560 581 2927 653; x_wconf 84' lang='lat' dir='ltr'><strong>apostolorum</strong></span> <span class='ocrx_word' id='word_1_141' title='bbox 2984 582 3230 653; x_wconf 90' lang='lat' dir='ltr'><strong>principe</strong></span> <span class='ocrx_word' id='word_1_142' title='bbox 3275 584 3533 650; x_wconf 84' lang='lat' dir='ltr'><strong>accincti,</strong></span> <span class='ocrx_word' id='word_1_143' title='bbox 3602 594 3791 640; x_wconf 79' lang='lat' dir='ltr'><strong>utrum-</strong></span> 
     </span>
    </p>
   </div>
   <div class='ocr_carea' id='block_1_22' title="bbox 2223 673 3786 745">
    <p class='ocr_par' dir='ltr' id='par_1_22' title="bbox 2223 673 3786 745">
     <span class='ocr_line' id='line_1_22' title="bbox 2223 673 3786 745; baseline 0.002 -17"><span class='ocrx_word' id='word_1_144' title='bbox 2223 688 2331 744; x_wconf 87' lang='lat' dir='ltr'><strong>que</strong></span> <span class='ocrx_word' id='word_1_145' title='bbox 2359 688 2562 745; x_wconf 87' lang='lat' dir='ltr'><strong>regem,</strong></span> <span class='ocrx_word' id='word_1_146' title='bbox 2608 674 2917 729; x_wconf 88' lang='lat' dir='ltr'><strong>Hcinricnm</strong></span> <span class='ocrx_word' id='word_1_147' title='bbox 2972 673 3227 731; x_wconf 79' lang='lat' dir='ltr'><strong>videlicet</strong></span> <span class='ocrx_word' id='word_1_148' title='bbox 3279 684 3442 745; x_wconf 90' lang='lat' dir='ltr'><strong>atque</strong></span> <span class='ocrx_word' id='word_1_149' title='bbox 3480 675 3786 743; x_wconf 81' lang='lat' dir='ltr'><strong>Rodultum,</strong></span> 
     </span>
    </p>
   </div>
   <div class='ocr_carea' id='block_1_23' title="bbox 2225 764 3787 836">
    <p class='ocr_par' dir='ltr' id='par_1_23' title="bbox 2225 764 3787 836">
     <span class='ocr_line' id='line_1_23' title="bbox 2225 764 3787 836; baseline 0 -12"><span class='ocrx_word' id='word_1_150' title='bbox 2225 766 2645 833; x_wconf 88' lang='lat' dir='ltr'><strong>commoneatis,</strong></span> <span class='ocrx_word' id='word_1_151' title='bbox 2695 764 2965 836; x_wconf 77' lang='lat' dir='ltr'><strong>quatenus</strong></span> <span class='ocrx_word' id='word_1_152' title='bbox 3029 766 3186 822; x_wconf 88' lang='lat' dir='ltr'><strong>nobis</strong></span> <span class='ocrx_word' id='word_1_153' title='bbox 3232 767 3377 822; x_wconf 81' lang='lat' dir='ltr'><strong>viam</strong></span> <span class='ocrx_word' id='word_1_154' title='bbox 3437 768 3555 824; x_wconf 85' lang='lat' dir='ltr'><strong>illic</strong></span> <span class='ocrx_word' id='word_1_155' title='bbox 3620 784 3787 824; x_wconf 81' lang='lat' dir='ltr'><strong>secure</strong></span> 
     </span>
    </p>
   </div>
   <div class='ocr_carea' id='block_1_24' title="bbox 2225 857 3787 932">
    <p class='ocr_par' dir='ltr' id='par_1_24' title="bbox 2225 857 3787 932">
     <span class='ocr_line' id='line_1_24' title="bbox 2225 857 3787 932; baseline 0.002 -19"><span class='ocrx_word' id='word_1_156' title='bbox 2225 860 2541 916; x_wconf 87' lang='lat' dir='ltr'><strong>transeundi</strong></span> <span class='ocrx_word' id='word_1_157' title='bbox 2591 859 2861 930; x_wconf 89' lang='lat' dir='ltr'><strong>aperiant,</strong></span> <span class='ocrx_word' id='word_1_158' title='bbox 2895 870 2949 914; x_wconf 90' lang='lat' dir='ltr'><strong>et</strong></span> <span class='ocrx_word' id='word_1_159' title='bbox 2979 857 3303 927; x_wconf 82' lang='lat' dir='ltr'><strong>adjutorium</strong></span> <span class='ocrx_word' id='word_1_160' title='bbox 3347 870 3512 932; x_wconf 84' lang='lat' dir='ltr'><strong>atque</strong></span> <span class='ocrx_word' id='word_1_161' title='bbox 3546 861 3787 916; x_wconf 71' lang='lat' dir='ltr'><strong>ducatum</strong></span> 
     </span>
    </p>
   </div>
   <div class='ocr_carea' id='block_1_25' title="bbox 2223 949 3783 1020">
    <p class='ocr_par' dir='ltr' id='par_1_25' title="bbox 2223 949 3783 1020">
     <span class='ocr_line' id='line_1_25' title="bbox 2223 949 3783 1020; baseline 0 -16"><span class='ocrx_word' id='word_1_162' title='bbox 2223 964 2319 1020; x_wconf 88' lang='lat' dir='ltr'><strong>per</strong></span> <span class='ocrx_word' id='word_1_163' title='bbox 2350 949 2483 1004; x_wconf 83' lang='lat' dir='ltr'><strong>tales</strong></span> <span class='ocrx_word' id='word_1_164' title='bbox 2525 964 2807 1020; x_wconf 86' lang='lat' dir='ltr'><strong>personas,</strong></span> <span class='ocrx_word' id='word_1_165' title='bbox 2838 950 2904 1004; x_wconf 90' lang='lat' dir='ltr'><strong>de</strong></span> <span class='ocrx_word' id='word_1_166' title='bbox 2933 949 3130 1019; x_wconf 86' lang='lat' dir='ltr'><strong>quibus</strong></span> <span class='ocrx_word' id='word_1_167' title='bbox 3174 964 3269 1005; x_wconf 84' lang='lat' dir='ltr'><strong>vos</strong></span> <span class='ocrx_word' id='word_1_168' title='bbox 3299 950 3437 1005; x_wconf 73' lang='lat' dir='ltr'><strong>bere</strong></span> <span class='ocrx_word' id='word_1_169' title='bbox 3483 950 3783 1014; x_wconf 73' lang='lat' dir='ltr'><strong>conﬁdats,</strong></span> 
     </span>
    </p>
   </div>
   <div class='ocr_carea' id='block_1_26' title="bbox 2222 1040 3783 1112">
    <p class='ocr_par' dir='ltr' id='par_1_26' title="bbox 2222 1040 3783 1112">
     <span class='ocr_line' id='line_1_26' title="bbox 2222 1040 3783 1112; baseline 0.002 -18"><span class='ocrx_word' id='word_1_170' title='bbox 2222 1040 2516 1111; x_wconf 70' lang='lat' dir='ltr'><strong>praebeant,</strong></span> <span class='ocrx_word' id='word_1_171' title='bbox 2557 1052 2613 1095; x_wconf 91' lang='lat' dir='ltr'><strong>ut</strong></span> <span class='ocrx_word' id='word_1_172' title='bbox 2642 1041 2748 1095; x_wconf 88' lang='lat' dir='ltr'><strong>iter</strong></span> <span class='ocrx_word' id='word_1_173' title='bbox 2768 1041 2950 1107; x_wconf 90' lang='lat' dir='ltr'><strong>nobis,</strong></span> <span class='ocrx_word' id='word_1_174' title='bbox 2972 1042 3192 1096; x_wconf 82' lang='lat' dir='ltr'><strong>Christo</strong></span> <span class='ocrx_word' id='word_1_175' title='bbox 3218 1052 3566 1112; x_wconf 81' lang='lat' dir='ltr'><strong>protegente,</strong></span> <span class='ocrx_word' id='word_1_176' title='bbox 3604 1051 3783 1112; x_wconf 82' lang='lat' dir='ltr'><strong>pateat.</strong></span> 
     </span>
    </p>
   </div>
   <div class='ocr_carea' id='block_1_27' title="bbox 2222 1130 3785 1203">
    <p class='ocr_par' dir='ltr' id='par_1_27' title="bbox 2222 1130 3785 1203">
     <span class='ocr_line' id='line_1_27' title="bbox 2222 1130 3785 1203; baseline 0.002 -18"><span class='ocrx_word' id='word_1_177' title='bbox 2222 1132 2606 1187; x_wconf 84' lang='lat' dir='ltr'><strong>Desiderantus</strong></span> <span class='ocrx_word' id='word_1_178' title='bbox 2628 1132 2774 1187; x_wconf 89' lang='lat' dir='ltr'><strong>enim</strong></span> <span class='ocrx_word' id='word_1_179' title='bbox 2821 1147 2944 1187; x_wconf 89' lang='lat' dir='ltr'><strong>cum</strong></span> <span class='ocrx_word' id='word_1_180' title='bbox 3001 1134 3229 1189; x_wconf 89' lang='lat' dir='ltr'><strong>consilio</strong></span> <span class='ocrx_word' id='word_1_181' title='bbox 3266 1130 3601 1189; x_wconf 88' lang='lat' dir='ltr'><strong>clericorum</strong></span> <span class='ocrx_word' id='word_1_182' title='bbox 3647 1144 3785 1203; x_wconf 85' lang='lat' dir='ltr'><strong>atque</strong></span> 
     </span>
    </p>
   </div>
   <div class='ocr_carea' id='block_1_28' title="bbox 2220 1218 3786 1293">
    <p class='ocr_par' dir='ltr' id='par_1_28' title="bbox 2220 1218 3786 1293">
     <span class='ocr_line' id='line_1_28' title="bbox 2220 1218 3786 1293; baseline 0.002 -19"><span class='ocrx_word' id='word_1_183' title='bbox 2220 1220 2484 1275; x_wconf 88' lang='lat' dir='ltr'><strong>laicurnm</strong></span> <span class='ocrx_word' id='word_1_184' title='bbox 2543 1221 2789 1292; x_wconf 84' lang='lat' dir='ltr'><strong>ejusdem</strong></span> <span class='ocrx_word' id='word_1_185' title='bbox 2822 1222 2975 1293; x_wconf 80' lang='lat' dir='ltr'><strong>regni</strong></span> <span class='ocrx_word' id='word_1_186' title='bbox 3022 1222 3114 1291; x_wconf 89' lang='lat' dir='ltr'><strong>qui</strong></span> <span class='ocrx_word' id='word_1_187' title='bbox 3148 1218 3314 1277; x_wconf 88' lang='lat' dir='ltr'><strong>Deum</strong></span> <span class='ocrx_word' id='word_1_188' title='bbox 3360 1224 3553 1279; x_wconf 90' lang='lat' dir='ltr'><strong>timent</strong></span> <span class='ocrx_word' id='word_1_189' title='bbox 3602 1234 3661 1279; x_wconf 87' lang='lat' dir='ltr'><strong>et</strong></span> <span class='ocrx_word' id='word_1_190' title='bbox 3686 1225 3786 1278; x_wconf 82' lang='lat' dir='ltr'><strong>dili-</strong></span> 
     </span>
    </p>
   </div>
   <div class='ocr_carea' id='block_1_29' title="bbox 2219 1300 3783 1380">
    <p class='ocr_par' dir='ltr' id='par_1_29' title="bbox 2219 1300 3783 1380">
     <span class='ocr_line' id='line_1_29' title="bbox 2219 1300 3783 1380; baseline 0.003 -17"><span class='ocrx_word' id='word_1_191' title='bbox 2219 1302 2370 1380; x_wconf 84' lang='lat' dir='ltr'><strong>guut,</strong></span> <span class='ocrx_word' id='word_1_192' title='bbox 2403 1300 2624 1367; x_wconf 84' lang='lat' dir='ltr'><strong>causam</strong></span> <span class='ocrx_word' id='word_1_193' title='bbox 2680 1314 2823 1368; x_wconf 89' lang='lat' dir='ltr'><strong>inter</strong></span> <span class='ocrx_word' id='word_1_194' title='bbox 2851 1328 2946 1369; x_wconf 92' lang='lat' dir='ltr'><strong>eos</strong></span> <span class='ocrx_word' id='word_1_195' title='bbox 2977 1313 3087 1368; x_wconf 85' lang='lat' dir='ltr'><strong>Deo</strong></span> <span class='ocrx_word' id='word_1_196' title='bbox 3146 1314 3360 1368; x_wconf 81' lang='lat' dir='ltr'><strong>favente</strong></span> <span class='ocrx_word' id='word_1_197' title='bbox 3416 1315 3783 1377; x_wconf 80' lang='lat' dir='ltr'><strong>discntere,et</strong></span> 
     </span>
    </p>
   </div>
   <div class='ocr_carea' id='block_1_30' title="bbox 2219 1401 3782 1475">
    <p class='ocr_par' dir='ltr' id='par_1_30' title="bbox 2219 1401 3782 1475">
     <span class='ocr_line' id='line_1_30' title="bbox 2219 1401 3782 1475; baseline 0.001 -19"><span class='ocrx_word' id='word_1_198' title='bbox 2219 1401 2372 1472; x_wconf 83' lang='lat' dir='ltr'><strong>cujus</strong></span> <span class='ocrx_word' id='word_1_199' title='bbox 2398 1403 2540 1473; x_wconf 91' lang='lat' dir='ltr'><strong>parti</strong></span> <span class='ocrx_word' id='word_1_200' title='bbox 2586 1404 2758 1473; x_wconf 89' lang='lat' dir='ltr'><strong>magis</strong></span> <span class='ocrx_word' id='word_1_201' title='bbox 2785 1403 2851 1458; x_wconf 87' lang='lat' dir='ltr'><strong>ad</strong></span> <span class='ocrx_word' id='word_1_202' title='bbox 2882 1404 3033 1471; x_wconf 89' lang='lat' dir='ltr'><strong>regni</strong></span> <span class='ocrx_word' id='word_1_203' title='bbox 3073 1402 3446 1475; x_wconf 88' lang='lat' dir='ltr'><strong>gubernacula</strong></span> <span class='ocrx_word' id='word_1_204' title='bbox 3480 1405 3700 1473; x_wconf 89' lang='lat' dir='ltr'><strong>justitia</strong></span> <span class='ocrx_word' id='word_1_205' title='bbox 3720 1406 3782 1458; x_wconf 50' lang='lat' dir='ltr'><strong>fa.</strong></span> 
     </span>
    </p>
   </div>
   <div class='ocr_carea' id='block_1_31' title="bbox 2217 1495 3778 1566">
    <p class='ocr_par' dir='ltr' id='par_1_31' title="bbox 2217 1495 3778 1566">
     <span class='ocr_line' id='line_1_31' title="bbox 2217 1495 3778 1566; baseline 0.002 -19"><span class='ocrx_word' id='word_1_206' title='bbox 2217 1503 2362 1560; x_wconf 87' lang='lat' dir='ltr'><strong>vent,</strong></span> <span class='ocrx_word' id='word_1_207' title='bbox 2408 1495 2804 1550; x_wconf 89' lang='lat' dir='ltr'><strong>demonstrare.</strong></span> <span class='ocrx_word' id='word_1_208' title='bbox 2847 1495 3010 1551; x_wconf 88' lang='lat' dir='ltr'><strong>Scitis</strong></span> <span class='ocrx_word' id='word_1_209' title='bbox 3053 1496 3197 1550; x_wconf 91' lang='lat' dir='ltr'><strong>enim</strong></span> <span class='ocrx_word' id='word_1_210' title='bbox 3241 1496 3369 1566; x_wconf 88' lang='lat' dir='ltr'><strong>quia</strong></span> <span class='ocrx_word' id='word_1_211' title='bbox 3421 1496 3596 1552; x_wconf 89' lang='lat' dir='ltr'><strong>nostri</strong></span> <span class='ocrx_word' id='word_1_212' title='bbox 3639 1496 3778 1551; x_wconf 82' lang='lat' dir='ltr'><strong>oliicii</strong></span> 
     </span>
    </p>
   </div>
   <div class='ocr_carea' id='block_1_32' title="bbox 2218 1585 3780 1657">
    <p class='ocr_par' dir='ltr' id='par_1_32' title="bbox 2218 1585 3780 1657">
     <span class='ocr_line' id='line_1_32' title="bbox 2218 1585 3780 1657; baseline -0.001 -15"><span class='ocrx_word' id='word_1_213' title='bbox 2218 1593 2272 1643; x_wconf 91' lang='lat' dir='ltr'><strong>et</strong></span> <span class='ocrx_word' id='word_1_214' title='bbox 2301 1586 2610 1654; x_wconf 75' lang='lat' dir='ltr'><strong>apostolica:</strong></span> <span class='ocrx_word' id='word_1_215' title='bbox 2634 1585 2779 1641; x_wconf 89' lang='lat' dir='ltr'><strong>sedis</strong></span> <span class='ocrx_word' id='word_1_216' title='bbox 2810 1594 2894 1641; x_wconf 91' lang='lat' dir='ltr'><strong>est</strong></span> <span class='ocrx_word' id='word_1_217' title='bbox 2922 1586 3292 1656; x_wconf 66' lang='lat' dir='ltr'><strong>providentiae,</strong></span> <span class='ocrx_word' id='word_1_218' title='bbox 3333 1587 3537 1657; x_wconf 85' lang='lat' dir='ltr'><strong>majora</strong></span> <span class='ocrx_word' id='word_1_219' title='bbox 3580 1587 3780 1657; x_wconf 84' lang='lat' dir='ltr'><strong>negotia</strong></span> 
     </span>
    </p>
   </div>
   <div class='ocr_carea' id='block_1_33' title="bbox 540 1670 3777 1750">
    <p class='ocr_par' dir='ltr' id='par_1_33' title="bbox 540 1670 3777 1750">
     <span class='ocr_line' id='line_1_33' title="bbox 540 1670 3777 1750; baseline 0 -16"><span class='ocrx_word' id='word_1_220' title='bbox 540 1683 739 1734; x_wconf 82' lang='lat' dir='ltr'><strong>frustra</strong></span> <span class='ocrx_word' id='word_1_221' title='bbox 770 1686 1148 1750; x_wconf 84' lang='lat' dir='ltr'><strong>congregasset</strong></span> <span class='ocrx_word' id='word_1_222' title='bbox 1172 1677 1490 1743; x_wconf 83' lang='lat' dir='ltr'><strong>exercitum,</strong></span> <span class='ocrx_word' id='word_1_223' title='bbox 1523 1692 1644 1731; x_wconf 90' lang='lat' dir='ltr'><strong>cum</strong></span> <span class='ocrx_word' id='word_1_224' title='bbox 1672 1676 1861 1730; x_wconf 66' lang='lat' dir='ltr'><strong>eodem</strong></span> <span class='ocrx_word' id='word_1_225' title='bbox 1898 1674 2111 1745; x_wconf 81' lang='lat' dir='ltr'><strong>agmine</strong></span> <span class='ocrx_word' id='word_1_226' title='bbox 2144 1670 2184 1730; x_wconf 78' lang='grc' dir='ltr'><strong><em>Β</em></strong></span> <span class='ocrx_word' id='word_1_227' title='bbox 2214 1677 2567 1733; x_wconf 85' lang='lat' dir='ltr'><strong>ecclesiarum</strong></span> <span class='ocrx_word' id='word_1_228' title='bbox 2608 1678 2900 1744; x_wconf 86' lang='lat' dir='ltr'><strong>discutere,</strong></span> <span class='ocrx_word' id='word_1_229' title='bbox 2925 1688 2981 1733; x_wconf 91' lang='lat' dir='ltr'><strong>et</strong></span> <span class='ocrx_word' id='word_1_230' title='bbox 3018 1680 3257 1735; x_wconf 83' lang='lat' dir='ltr'><strong>dictante</strong></span> <span class='ocrx_word' id='word_1_231' title='bbox 3288 1678 3502 1750; x_wconf 86' lang='lat' dir='ltr'><strong>justitia</strong></span> <span class='ocrx_word' id='word_1_232' title='bbox 3531 1680 3777 1736; x_wconf 78' lang='lat' dir='ltr'><strong>diﬁinire.</strong></span> 
     </span>
    </p>
   </div>
   <div class='ocr_carea' id='block_1_34' title="bbox 539 1768 2112 1845">
    <p class='ocr_par' dir='ltr' id='par_1_34' title="bbox 539 1768 2112 1845">
     <span class='ocr_line' id='line_1_34' title="bbox 539 1768 2112 1845; baseline -0.004 -15"><span class='ocrx_word' id='word_1_233' title='bbox 539 1774 749 1830; x_wconf 86' lang='lat' dir='ltr'><strong>Suevos</strong></span> <span class='ocrx_word' id='word_1_234' title='bbox 777 1773 958 1845; x_wconf 80' lang='lat' dir='ltr'><strong>petiit;</strong></span> <span class='ocrx_word' id='word_1_235' title='bbox 1008 1773 1096 1828; x_wconf 92' lang='lat' dir='ltr'><strong>ubi</strong></span> <span class='ocrx_word' id='word_1_236' title='bbox 1128 1786 1229 1827; x_wconf 92' lang='lat' dir='ltr'><strong>nec</strong></span> <span class='ocrx_word' id='word_1_237' title='bbox 1259 1771 1504 1827; x_wconf 87' lang='lat' dir='ltr'><strong>ecclesiis</strong></span> <span class='ocrx_word' id='word_1_238' title='bbox 1534 1786 1637 1825; x_wconf 91' lang='lat' dir='ltr'><strong>nec</strong></span> <span class='ocrx_word' id='word_1_239' title='bbox 1665 1769 1820 1825; x_wconf 87' lang='lat' dir='ltr'><strong>atriis</strong></span> <span class='ocrx_word' id='word_1_240' title='bbox 1856 1768 2112 1824; x_wconf 80' lang='lat' dir='ltr'><strong>ecclesia-</strong></span> 
     </span>
    </p>
   </div>
   <div class='ocr_carea' id='block_1_35' title="bbox 536 1861 2109 1937">
    <p class='ocr_par' dir='ltr' id='par_1_35' title="bbox 536 1861 2109 1937">
     <span class='ocr_line' id='line_1_35' title="bbox 536 1861 2109 1937; baseline -0.004 -14"><span class='ocrx_word' id='word_1_241' title='bbox 536 1881 657 1923; x_wconf 86' lang='lat' dir='ltr'><strong>rum</strong></span> <span class='ocrx_word' id='word_1_242' title='bbox 686 1867 946 1937; x_wconf 88' lang='lat' dir='ltr'><strong>pepercit,</strong></span> <span class='ocrx_word' id='word_1_243' title='bbox 981 1874 1035 1920; x_wconf 91' lang='lat' dir='ltr'><strong>et</strong></span> <span class='ocrx_word' id='word_1_244' title='bbox 1069 1865 1211 1921; x_wconf 87' lang='lat' dir='ltr'><strong>inter</strong></span> <span class='ocrx_word' id='word_1_245' title='bbox 1238 1880 1421 1920; x_wconf 87' lang='lat' dir='ltr'><strong>sacras</strong></span> <span class='ocrx_word' id='word_1_246' title='bbox 1463 1864 1825 1934; x_wconf 81' lang='lat' dir='ltr'><strong>profanasqne</strong></span> <span class='ocrx_word' id='word_1_247' title='bbox 1856 1877 1943 1917; x_wconf 88' lang='lat' dir='ltr'><strong>res</strong></span> <span class='ocrx_word' id='word_1_248' title='bbox 1988 1861 2109 1917; x_wconf 86' lang='lat' dir='ltr'><strong>nul-</strong></span> 
     </span>
    </p>
   </div>
   <div class='ocr_carea' id='block_1_36' title="bbox 536 1954 2112 2025">
    <p class='ocr_par' dir='ltr' id='par_1_36' title="bbox 536 1954 2112 2025">
     <span class='ocr_line' id='line_1_36' title="bbox 536 1954 2112 2025; baseline -0.003 -12"><span class='ocrx_word' id='word_1_249' title='bbox 536 1960 644 2015; x_wconf 84' lang='lat' dir='ltr'><strong>lam</strong></span> <span class='ocrx_word' id='word_1_250' title='bbox 676 1958 1032 2014; x_wconf 74' lang='lat' dir='ltr'><strong>dilferentiam</strong></span> <span class='ocrx_word' id='word_1_251' title='bbox 1079 1956 1242 2025; x_wconf 84' lang='lat' dir='ltr'><strong>fecit,</strong></span> <span class='ocrx_word' id='word_1_252' title='bbox 1281 1965 1339 2011; x_wconf 88' lang='lat' dir='ltr'><strong>ut</strong></span> <span class='ocrx_word' id='word_1_253' title='bbox 1384 1957 1597 2011; x_wconf 91' lang='lat' dir='ltr'><strong>illorum</strong></span> <span class='ocrx_word' id='word_1_254' title='bbox 1642 1954 1924 2010; x_wconf 86' lang='lat' dir='ltr'><strong>avaritiam</strong></span> <span class='ocrx_word' id='word_1_255' title='bbox 1968 1956 2112 2010; x_wconf 82' lang='lat' dir='ltr'><strong>insa-</strong></span> 
     </span>
    </p>
   </div>
   <div class='ocr_carea' id='block_1_37' title="bbox 539 2045 2107 2118">
    <p class='ocr_par' dir='ltr' id='par_1_37' title="bbox 539 2045 2107 2118">
     <span class='ocr_line' id='line_1_37' title="bbox 539 2045 2107 2118; baseline -0.002 -13"><span class='ocrx_word' id='word_1_256' title='bbox 539 2049 821 2105; x_wconf 87' lang='lat' dir='ltr'><strong>turabilcm</strong></span> <span class='ocrx_word' id='word_1_257' title='bbox 866 2057 1135 2105; x_wconf 90' lang='lat' dir='ltr'><strong>saturaret</strong></span> <span class='ocrx_word' id='word_1_258' title='bbox 1184 2064 1320 2118; x_wconf 90' lang='lat' dir='ltr'><strong>quos</strong></span> <span class='ocrx_word' id='word_1_259' title='bbox 1365 2047 1657 2103; x_wconf 73' lang='lat' dir='ltr'><strong>Saxoniam</strong></span> <span class='ocrx_word' id='word_1_260' title='bbox 1698 2047 2000 2118; x_wconf 87' lang='lat' dir='ltr'><strong>pollicendo</strong></span> <span class='ocrx_word' id='word_1_261' title='bbox 2033 2045 2107 2102; x_wconf 84' lang='lat' dir='ltr'><strong>fe-</strong></span> 
     </span>
    </p>
   </div>
   <div class='ocr_carea' id='block_1_38' title="bbox 536 2135 2107 2210">
    <p class='ocr_par' dir='ltr' id='par_1_38' title="bbox 536 2135 2107 2210">
     <span class='ocr_line' id='line_1_38' title="bbox 536 2135 2107 2210; baseline -0.003 -15"><span class='ocrx_word' id='word_1_262' title='bbox 536 2141 767 2195; x_wconf 88' lang='lat' dir='ltr'><strong>fellerat.</strong></span> <span class='ocrx_word' id='word_1_263' title='bbox 800 2139 900 2206; x_wconf 87' lang='lat' dir='ltr'><strong>lbi,</strong></span> <span class='ocrx_word' id='word_1_264' title='bbox 944 2138 1090 2210; x_wconf 88' lang='lat' dir='ltr'><strong>quod</strong></span> <span class='ocrx_word' id='word_1_265' title='bbox 1121 2138 1465 2207; x_wconf 87' lang='lat' dir='ltr'><strong>anticipando</strong></span> <span class='ocrx_word' id='word_1_266' title='bbox 1489 2135 1600 2206; x_wconf 90' lang='lat' dir='ltr'><strong>jam</strong></span> <span class='ocrx_word' id='word_1_267' title='bbox 1650 2136 1866 2191; x_wconf 88' lang='lat' dir='ltr'><strong>narravi</strong></span> <span class='ocrx_word' id='word_1_268' title='bbox 1899 2136 1967 2207; x_wconf 90' lang='lat' dir='ltr'><strong>(c.</strong></span> <span class='ocrx_word' id='word_1_269' title='bbox 1995 2135 2107 2207; x_wconf 87' lang='lat'><strong>76),</strong></span> 
     </span>
    </p>
   </div>
   <div class='ocr_carea' id='block_1_39' title="bbox 538 2227 2110 2301">
    <p class='ocr_par' dir='ltr' id='par_1_39' title="bbox 538 2227 2110 2301">
     <span class='ocr_line' id='line_1_39' title="bbox 538 2227 2110 2301; baseline -0.003 -14"><span class='ocrx_word' id='word_1_270' title='bbox 538 2233 885 2289; x_wconf 84' lang='lat' dir='ltr'><strong>Treverensis</strong></span> <span class='ocrx_word' id='word_1_271' title='bbox 931 2230 1278 2301; x_wconf 61' lang='lat' dir='ltr'><strong>archipraasul</strong></span> <span class='ocrx_word' id='word_1_272' title='bbox 1327 2227 1446 2284; x_wconf 90' lang='lat' dir='ltr'><strong>Udo</strong></span> <span class='ocrx_word' id='word_1_273' title='bbox 1488 2229 1765 2284; x_wconf 85' lang='lat' dir='ltr'><strong>subitanea</strong></span> <span class='ocrx_word' id='word_1_274' title='bbox 1796 2238 1970 2283; x_wconf 90' lang='lat' dir='ltr'><strong>morte</strong></span> <span class='ocrx_word' id='word_1_275' title='bbox 2010 2228 2110 2282; x_wconf 85' lang='lat' dir='ltr'><strong>mi-</strong></span> 
     </span>
    </p>
   </div>
   <div class='ocr_carea' id='block_1_40' title="bbox 535 2314 2110 2390">
    <p class='ocr_par' dir='ltr' id='par_1_40' title="bbox 535 2314 2110 2390">
     <span class='ocr_line' id='line_1_40' title="bbox 535 2314 2110 2390; baseline -0.003 -12"><span class='ocrx_word' id='word_1_276' title='bbox 535 2322 841 2378; x_wconf 85' lang='lat' dir='ltr'><strong>scrabilitcr</strong></span> <span class='ocrx_word' id='word_1_277' title='bbox 870 2321 1028 2385; x_wconf 90' lang='lat' dir='ltr'><strong>obiit,</strong></span> <span class='ocrx_word' id='word_1_278' title='bbox 1051 2320 1198 2385; x_wconf 91' lang='lat' dir='ltr'><strong>dum,</strong></span> <span class='ocrx_word' id='word_1_279' title='bbox 1230 2319 1423 2374; x_wconf 88' lang='lat' dir='ltr'><strong>timore</strong></span> <span class='ocrx_word' id='word_1_280' title='bbox 1464 2314 1555 2373; x_wconf 91' lang='lat' dir='ltr'><strong>Dei</strong></span> <span class='ocrx_word' id='word_1_281' title='bbox 1582 2320 1903 2390; x_wconf 86' lang='lat' dir='ltr'><strong>postposito,</strong></span> <span class='ocrx_word' id='word_1_282' title='bbox 1937 2318 2110 2374; x_wconf 85' lang='lat' dir='ltr'><strong>Inani-</strong></span> 
     </span>
    </p>
   </div>
   <div class='ocr_carea' id='block_1_41' title="bbox 533 2410 1963 2485">
    <p class='ocr_par' dir='ltr' id='par_1_41' title="bbox 533 2410 1963 2485">
     <span class='ocr_line' id='line_1_41' title="bbox 533 2410 1963 2485; baseline -0.004 -16"><span class='ocrx_word' id='word_1_283' title='bbox 533 2415 634 2470; x_wconf 90' lang='lat' dir='ltr'><strong>bus</strong></span> <span class='ocrx_word' id='word_1_284' title='bbox 662 2413 905 2485; x_wconf 84' lang='lat' dir='ltr'><strong>profanis</strong></span> <span class='ocrx_word' id='word_1_285' title='bbox 940 2412 995 2468; x_wconf 89' lang='lat' dir='ltr'><strong>in</strong></span> <span class='ocrx_word' id='word_1_286' title='bbox 1022 2427 1205 2467; x_wconf 88' lang='lat' dir='ltr'><strong>sacras</strong></span> <span class='ocrx_word' id='word_1_287' title='bbox 1234 2426 1320 2467; x_wconf 89' lang='lat' dir='ltr'><strong>res</strong></span> <span class='ocrx_word' id='word_1_288' title='bbox 1344 2411 1569 2466; x_wconf 88' lang='lat' dir='ltr'><strong>licenter</strong></span> <span class='ocrx_word' id='word_1_289' title='bbox 1592 2412 1671 2465; x_wconf 89' lang='lat' dir='ltr'><strong>ire</strong></span> <span class='ocrx_word' id='word_1_290' title='bbox 1701 2410 1963 2481; x_wconf 86' lang='lat' dir='ltr'><strong>permisit.</strong></span> 
     </span>
    </p>
   </div>
   <div class='ocr_carea' id='block_1_42' title="bbox 611 2502 2108 2577">
    <p class='ocr_par' dir='ltr' id='par_1_42' title="bbox 611 2502 2108 2577">
     <span class='ocr_line' id='line_1_42' title="bbox 611 2502 2108 2577; baseline -0.002 -17"><span class='ocrx_word' id='word_1_291' title='bbox 611 2504 736 2560; x_wconf 66' lang='grc'><strong>104.</strong></span> <span class='ocrx_word' id='word_1_292' title='bbox 765 2505 886 2577; x_wconf 78' lang='lat' dir='ltr'><strong>(An.</strong></span> <span class='ocrx_word' id='word_1_293' title='bbox 917 2503 1101 2575; x_wconf 74' lang='lat'><strong>1079:)</strong></span> <span class='ocrx_word' id='word_1_294' title='bbox 1126 2502 1335 2557; x_wconf 87' lang='lat' dir='ltr'><strong>Interea</strong></span> <span class='ocrx_word' id='word_1_295' title='bbox 1360 2504 1588 2558; x_wconf 87' lang='lat' dir='ltr'><strong>domnus</strong></span> <span class='ocrx_word' id='word_1_296' title='bbox 1615 2502 2108 2573; x_wconf 80' lang='lat' dir='ltr'><strong>apostolicus,apo-</strong></span> 
     </span>
    </p>
   </div>
   <div class='ocr_carea' id='block_1_43' title="bbox 533 2592 2104 2667">
    <p class='ocr_par' dir='ltr' id='par_1_43' title="bbox 533 2592 2104 2667">
     <span class='ocr_line' id='line_1_43' title="bbox 533 2592 2104 2667; baseline -0.003 -15"><span class='ocrx_word' id='word_1_297' title='bbox 533 2593 712 2652; x_wconf 86' lang='lat' dir='ltr'><strong>stoliei</strong></span> <span class='ocrx_word' id='word_1_298' title='bbox 740 2592 939 2667; x_wconf 81' lang='lat' dir='ltr'><strong>vigoris</strong></span> <span class='ocrx_word' id='word_1_299' title='bbox 962 2592 1188 2661; x_wconf 87' lang='lat' dir='ltr'><strong>oblitus,</strong></span> <span class='ocrx_word' id='word_1_300' title='bbox 1219 2607 1327 2663; x_wconf 89' lang='lat' dir='ltr'><strong>qua</strong></span> <span class='ocrx_word' id='word_1_301' title='bbox 1353 2606 1517 2647; x_wconf 88' lang='lat' dir='ltr'><strong>causa</strong></span> <span class='ocrx_word' id='word_1_302' title='bbox 1548 2592 1841 2659; x_wconf 89' lang='lat' dir='ltr'><strong>nescimus,</strong></span> <span class='ocrx_word' id='word_1_303' title='bbox 1875 2592 2104 2647; x_wconf 88' lang='lat' dir='ltr'><strong>multum</strong></span> 
     </span>
    </p>
   </div>
   <div class='ocr_carea' id='block_1_44' title="bbox 528 2681 2106 2758">
    <p class='ocr_par' dir='ltr' id='par_1_44' title="bbox 528 2681 2106 2758">
     <span class='ocr_line' id='line_1_44' title="bbox 528 2681 2106 2758; baseline -0.003 -14"><span class='ocrx_word' id='word_1_304' title='bbox 528 2696 619 2745; x_wconf 80' lang='lat' dir='ltr'><strong>est</strong></span> <span class='ocrx_word' id='word_1_305' title='bbox 660 2701 691 2742; x_wconf 87' lang='lat' dir='ltr'><strong>a</strong></span> <span class='ocrx_word' id='word_1_306' title='bbox 732 2686 915 2758; x_wconf 87' lang='lat' dir='ltr'><strong>priore</strong></span> <span class='ocrx_word' id='word_1_307' title='bbox 968 2683 1239 2741; x_wconf 88' lang='lat' dir='ltr'><strong>sententia</strong></span> <span class='ocrx_word' id='word_1_308' title='bbox 1291 2690 1552 2739; x_wconf 85' lang='lat' dir='ltr'><strong>mutatus.</strong></span> <span class='ocrx_word' id='word_1_309' title='bbox 1613 2681 1750 2738; x_wconf 87' lang='lat' dir='ltr'><strong>Nam</strong></span> <span class='ocrx_word' id='word_1_310' title='bbox 1799 2683 1892 2753; x_wconf 89' lang='lat' dir='ltr'><strong>qni</strong></span> <span class='ocrx_word' id='word_1_311' title='bbox 1951 2682 2106 2754; x_wconf 87' lang='lat' dir='ltr'><strong>prius</strong></span> 
     </span>
    </p>
   </div>
   <div class='ocr_carea' id='block_1_45' title="bbox 532 2772 2106 2843">
    <p class='ocr_par' dir='ltr' id='par_1_45' title="bbox 532 2772 2106 2843">
     <span class='ocr_line' id='line_1_45' title="bbox 532 2772 2106 2843; baseline -0.004 -7"><span class='ocrx_word' id='word_1_312' title='bbox 532 2777 847 2837; x_wconf 76' lang='lat' dir='ltr'><strong>Heinricum</strong></span> <span class='ocrx_word' id='word_1_313' title='bbox 868 2790 993 2834; x_wconf 82' lang='lat' dir='ltr'><strong>cum</strong></span> <span class='ocrx_word' id='word_1_314' title='bbox 1026 2773 1278 2833; x_wconf 69' lang='lat' dir='ltr'><strong>omnibus</strong></span> <span class='ocrx_word' id='word_1_315' title='bbox 1307 2774 1420 2832; x_wconf 84' lang='lat' dir='ltr'><strong>suis</strong></span> <span class='ocrx_word' id='word_1_316' title='bbox 1439 2772 1778 2842; x_wconf 86' lang='lat' dir='ltr'><strong>adjutorihns</strong></span> <span class='ocrx_word' id='word_1_317' title='bbox 1808 2773 2106 2843; x_wconf 87' lang='lat' dir='ltr'><strong>apostolica</strong></span> 
     </span>
    </p>
   </div>
   <div class='ocr_carea' id='block_1_46' title="bbox 530 2865 2103 2937">
    <p class='ocr_par' dir='ltr' id='par_1_46' title="bbox 530 2865 2103 2937">
     <span class='ocr_line' id='line_1_46' title="bbox 530 2865 2103 2937; baseline -0.006 -9"><span class='ocrx_word' id='word_1_318' title='bbox 530 2872 824 2928; x_wconf 82' lang='lat' dir='ltr'><strong>severitate</strong></span> <span class='ocrx_word' id='word_1_319' title='bbox 860 2868 1450 2933; x_wconf 74' lang='lat' dir='ltr'><strong>excommunicaverat,</strong></span> <span class='ocrx_word' id='word_1_320' title='bbox 1509 2867 1667 2936; x_wconf 89' lang='lat' dir='ltr'><strong>eique</strong></span> <span class='ocrx_word' id='word_1_321' title='bbox 1712 2865 1973 2937; x_wconf 88' lang='lat' dir='ltr'><strong>regnandi</strong></span> <span class='ocrx_word' id='word_1_322' title='bbox 2006 2879 2103 2934; x_wconf 85' lang='lat' dir='ltr'><strong>po-</strong></span> 
     </span>
    </p>
   </div>
   <div class='ocr_carea' id='block_1_47' title="bbox 523 2956 2101 3031">
    <p class='ocr_par' dir='ltr' id='par_1_47' title="bbox 523 2956 2101 3031">
     <span class='ocr_line' id='line_1_47' title="bbox 523 2956 2101 3031; baseline -0.005 -12"><span class='ocrx_word' id='word_1_323' title='bbox 523 2971 780 3019; x_wconf 81' lang='lat' dir='ltr'><strong>testatem</strong></span> <span class='ocrx_word' id='word_1_324' title='bbox 828 2970 1079 3031; x_wconf 82' lang='lat' dir='ltr'><strong>potenter</strong></span> <span class='ocrx_word' id='word_1_325' title='bbox 1130 2959 1513 3022; x_wconf 79' lang='lat' dir='ltr'><strong>interdixerat,</strong></span> <span class='ocrx_word' id='word_1_326' title='bbox 1576 2968 1633 3012; x_wconf 88' lang='lat' dir='ltr'><strong>et</strong></span> <span class='ocrx_word' id='word_1_327' title='bbox 1675 2973 1864 3013; x_wconf 91' lang='lat' dir='ltr'><strong>omnes</strong></span> <span class='ocrx_word' id='word_1_328' title='bbox 1909 2958 2001 3028; x_wconf 93' lang='lat' dir='ltr'><strong>qui</strong></span> <span class='ocrx_word' id='word_1_329' title='bbox 2053 2956 2101 3012; x_wconf 89' lang='lat' dir='ltr'><strong>ei</strong></span> 
     </span>
    </p>
   </div>
   <div class='ocr_carea' id='block_1_48' title="bbox 2212 1766 3777 1841">
    <p class='ocr_par' dir='ltr' id='par_1_48' title="bbox 2212 1766 3777 1841">
     <span class='ocr_line' id='line_1_48' title="bbox 2212 1766 3777 1841; baseline 0.004 -20"><span class='ocrx_word' id='word_1_330' title='bbox 2212 1766 2329 1822; x_wconf 78' lang='lat' dir='ltr'><strong>Hoc</strong></span> <span class='ocrx_word' id='word_1_331' title='bbox 2355 1776 2536 1822; x_wconf 89' lang='lat' dir='ltr'><strong>autem</strong></span> <span class='ocrx_word' id='word_1_332' title='bbox 2572 1770 2715 1838; x_wconf 88' lang='lat' dir='ltr'><strong>quod</strong></span> <span class='ocrx_word' id='word_1_333' title='bbox 2763 1769 2907 1824; x_wconf 89' lang='lat' dir='ltr'><strong>inter</strong></span> <span class='ocrx_word' id='word_1_334' title='bbox 2934 1784 3028 1824; x_wconf 88' lang='lat' dir='ltr'><strong>eos</strong></span> <span class='ocrx_word' id='word_1_335' title='bbox 3058 1772 3236 1841; x_wconf 79' lang='lat' dir='ltr'><strong>agitur</strong></span> <span class='ocrx_word' id='word_1_336' title='bbox 3272 1772 3575 1841; x_wconf 79' lang='lat' dir='ltr'><strong>negotium,</strong></span> <span class='ocrx_word' id='word_1_337' title='bbox 3631 1782 3777 1828; x_wconf 57' lang='lat' dir='ltr'><strong>tanta</strong></span> 
     </span>
    </p>
   </div>
   <div class='ocr_carea' id='block_1_49' title="bbox 2211 1861 3776 1934">
    <p class='ocr_par' dir='ltr' id='par_1_49' title="bbox 2211 1861 3776 1934">
     <span class='ocr_line' id='line_1_49' title="bbox 2211 1861 3776 1934; baseline 0.002 -17"><span class='ocrx_word' id='word_1_338' title='bbox 2211 1861 2490 1933; x_wconf 86' lang='lat' dir='ltr'><strong>dignitatis</strong></span> <span class='ocrx_word' id='word_1_339' title='bbox 2537 1871 2622 1917; x_wconf 91' lang='lat' dir='ltr'><strong>est</strong></span> <span class='ocrx_word' id='word_1_340' title='bbox 2678 1863 2921 1933; x_wconf 91' lang='lat' dir='ltr'><strong>tantique</strong></span> <span class='ocrx_word' id='word_1_341' title='bbox 2973 1863 3223 1934; x_wconf 84' lang='lat' dir='ltr'><strong>periculi,</strong></span> <span class='ocrx_word' id='word_1_342' title='bbox 3265 1876 3324 1918; x_wconf 92' lang='lat' dir='ltr'><strong>ut</strong></span> <span class='ocrx_word' id='word_1_343' title='bbox 3371 1864 3481 1918; x_wconf 88' lang='lat' dir='ltr'><strong>sia</strong></span> <span class='ocrx_word' id='word_1_344' title='bbox 3510 1866 3672 1919; x_wconf 85' lang='lat' dir='ltr'><strong>nobis</strong></span> <span class='ocrx_word' id='word_1_345' title='bbox 3692 1866 3776 1919; x_wconf 63' lang='grc' dir='ltr'><strong>δεῖ-</strong></span> 
     </span>
    </p>
   </div>
   <div class='ocr_carea' id='block_1_50' title="bbox 2211 1954 3772 2025">
    <p class='ocr_par' dir='ltr' id='par_1_50' title="bbox 2211 1954 3772 2025">
     <span class='ocr_line' id='line_1_50' title="bbox 2211 1954 3772 2025; baseline 0.001 -19"><span class='ocrx_word' id='word_1_346' title='bbox 2211 1969 2314 2024; x_wconf 90' lang='lat' dir='ltr'><strong>qua</strong></span> <span class='ocrx_word' id='word_1_347' title='bbox 2341 1954 2810 2009; x_wconf 86' lang='lat' dir='ltr'><strong>fueritoccasioue</strong></span> <span class='ocrx_word' id='word_1_348' title='bbox 2835 1954 3159 2025; x_wconf 89' lang='lat' dir='ltr'><strong>neglectum,</strong></span> <span class='ocrx_word' id='word_1_349' title='bbox 3212 1970 3318 2009; x_wconf 89' lang='lat' dir='ltr'><strong>non</strong></span> <span class='ocrx_word' id='word_1_350' title='bbox 3381 1956 3560 2010; x_wconf 89' lang='lat' dir='ltr'><strong>solum</strong></span> <span class='ocrx_word' id='word_1_351' title='bbox 3600 1956 3701 2012; x_wconf 93' lang='lat' dir='ltr'><strong>illis</strong></span> <span class='ocrx_word' id='word_1_352' title='bbox 3726 1965 3772 2011; x_wconf 88' lang='lat' dir='ltr'><strong>ct</strong></span> 
     </span>
    </p>
   </div>
   <div class='ocr_carea' id='block_1_51' title="bbox 2211 2038 3772 2119">
    <p class='ocr_par' dir='ltr' id='par_1_51' title="bbox 2211 2038 3772 2119">
     <span class='ocr_line' id='line_1_51' title="bbox 2211 2038 3772 2119; baseline 0.003 -22"><span class='ocrx_word' id='word_1_353' title='bbox 2211 2045 2388 2111; x_wconf 87' lang='lat' dir='ltr'><strong>nobis,</strong></span> <span class='ocrx_word' id='word_1_354' title='bbox 2426 2043 2520 2099; x_wconf 86' lang='lat' dir='ltr'><strong>sed</strong></span> <span class='ocrx_word' id='word_1_355' title='bbox 2578 2038 2745 2100; x_wconf 85' lang='lat' dir='ltr'><strong>etiam</strong></span> <span class='ocrx_word' id='word_1_356' title='bbox 2802 2045 3089 2100; x_wconf 84' lang='lat' dir='ltr'><strong>universali</strong></span> <span class='ocrx_word' id='word_1_357' title='bbox 3146 2046 3393 2101; x_wconf 76' lang='lat' dir='ltr'><strong>ecclesia:</strong></span> <span class='ocrx_word' id='word_1_358' title='bbox 3446 2056 3772 2119; x_wconf 72' lang='lat' dir='ltr'><strong>magnumst</strong></span> 
     </span>
    </p>
   </div>
   <div class='ocr_carea' id='block_1_52' title="bbox 2211 2136 3771 2210">
    <p class='ocr_par' dir='ltr' id='par_1_52' title="bbox 2211 2136 3771 2210">
     <span class='ocr_line' id='line_1_52' title="bbox 2211 2136 3771 2210; baseline 0 -20"><span class='ocrx_word' id='word_1_359' title='bbox 2211 2136 2557 2192; x_wconf 84' lang='lat' dir='ltr'><strong>lamentabile</strong></span> <span class='ocrx_word' id='word_1_360' title='bbox 2583 2138 2760 2207; x_wconf 87' lang='lat' dir='ltr'><strong>pariat</strong></span> <span class='ocrx_word' id='word_1_361' title='bbox 2796 2137 3200 2192; x_wconf 86' lang='lat' dir='ltr'><strong>detrimentum.</strong></span> <span class='ocrx_word' id='word_1_362' title='bbox 3260 2137 3610 2210; x_wconf 86' lang='lat' dir='ltr'><strong>Quapropter</strong></span> <span class='ocrx_word' id='word_1_363' title='bbox 3633 2140 3674 2193; x_wconf 90' lang='lat' dir='ltr'><strong>si</strong></span> <span class='ocrx_word' id='word_1_364' title='bbox 3701 2138 3771 2193; x_wconf 82' lang='lat' dir='ltr'><strong>al-</strong></span> 
     </span>
    </p>
   </div>
   <div class='ocr_carea' id='block_1_53' title="bbox 2213 2227 3769 2299">
    <p class='ocr_par' dir='ltr' id='par_1_53' title="bbox 2213 2227 3769 2299">
     <span class='ocr_line' id='line_1_53' title="bbox 2213 2227 3769 2299; baseline -0.003 -15"><span class='ocrx_word' id='word_1_365' title='bbox 2213 2237 2419 2284; x_wconf 90' lang='lat' dir='ltr'><strong>teruter</strong></span> <span class='ocrx_word' id='word_1_366' title='bbox 2446 2229 2827 2299; x_wconf 68' lang='lat' dir='ltr'><strong>prazdictorum</strong></span> <span class='ocrx_word' id='word_1_367' title='bbox 2879 2243 3066 2298; x_wconf 83' lang='lat' dir='ltr'><strong>regum</strong></span> <span class='ocrx_word' id='word_1_368' title='bbox 3107 2227 3234 2283; x_wconf 83' lang='lat' dir='ltr'><strong>huic</strong></span> <span class='ocrx_word' id='word_1_369' title='bbox 3281 2237 3486 2283; x_wconf 74' lang='lat' dir='ltr'><strong>nostra:</strong></span> <span class='ocrx_word' id='word_1_370' title='bbox 3525 2228 3769 2282; x_wconf 79' lang='lat' dir='ltr'><strong>voluntati</strong></span> 
     </span>
    </p>
   </div>
   <div class='ocr_carea' id='block_1_54' title="bbox 2210 2311 3769 2391">
    <p class='ocr_par' dir='ltr' id='par_1_54' title="bbox 2210 2311 3769 2391">
     <span class='ocr_line' id='line_1_54' title="bbox 2210 2311 3769 2391; baseline -0.001 -18"><span class='ocrx_word' id='word_1_371' title='bbox 2210 2334 2273 2375; x_wconf 90' lang='lat' dir='ltr'><strong>ac</strong></span> <span class='ocrx_word' id='word_1_372' title='bbox 2312 2311 2683 2375; x_wconf 87' lang='lat' dir='ltr'><strong>deliberationi</strong></span> <span class='ocrx_word' id='word_1_373' title='bbox 2737 2334 2930 2391; x_wconf 90' lang='lat' dir='ltr'><strong>parcre</strong></span> <span class='ocrx_word' id='word_1_374' title='bbox 2951 2328 3004 2374; x_wconf 92' lang='lat' dir='ltr'><strong>et</strong></span> <span class='ocrx_word' id='word_1_375' title='bbox 3032 2319 3098 2373; x_wconf 83' lang='lat' dir='ltr'><strong>al</strong></span> <span class='ocrx_word' id='word_1_376' title='bbox 3127 2328 3308 2374; x_wconf 88' lang='lat' dir='ltr'><strong>vestra</strong></span> <span class='ocrx_word' id='word_1_377' title='bbox 3360 2316 3433 2351; x_wconf 77' lang='lat'><strong>&quot;&#39;</strong></span> <span class='ocrx_word' id='word_1_378' title='bbox 3473 2319 3678 2373; x_wconf 81' lang='lat' dir='ltr'><strong>monita</strong></span> <span class='ocrx_word' id='word_1_379' title='bbox 3702 2318 3769 2371; x_wconf 87' lang='lat' dir='ltr'><strong>lo-</strong></span> 
     </span>
    </p>
   </div>
   <div class='ocr_carea' id='block_1_55' title="bbox 2206 2394 3764 2481">
    <p class='ocr_par' dir='ltr' id='par_1_55' title="bbox 2206 2394 3764 2481">
     <span class='ocr_line' id='line_1_55' title="bbox 2206 2394 3764 2481; baseline -0.003 -16"><span class='ocrx_word' id='word_1_380' title='bbox 2206 2425 2331 2465; x_wconf 87' lang='lat' dir='ltr'><strong>cum</strong></span> <span class='ocrx_word' id='word_1_381' title='bbox 2353 2411 2481 2465; x_wconf 83' lang='lat' dir='ltr'><strong>dare</strong></span> <span class='ocrx_word' id='word_1_382' title='bbox 2518 2412 2815 2476; x_wconf 91' lang='lat' dir='ltr'><strong>rennuerit,</strong></span> <span class='ocrx_word' id='word_1_383' title='bbox 2840 2425 3103 2481; x_wconf 90' lang='lat' dir='ltr'><strong>suamque</strong></span> <span class='ocrx_word' id='word_1_384' title='bbox 3125 2394 3440 2481; x_wconf 78' lang='lat' dir='ltr'><strong>superbiam</strong></span> <span class='ocrx_word' id='word_1_385' title='bbox 3476 2420 3644 2479; x_wconf 88' lang='lat' dir='ltr'><strong>atque</strong></span> <span class='ocrx_word' id='word_1_386' title='bbox 3680 2426 3764 2463; x_wconf 82' lang='lat' dir='ltr'><strong>cu-</strong></span> 
     </span>
    </p>
   </div>
   <div class='ocr_carea' id='block_1_56' title="bbox 2208 2501 3764 2573">
    <p class='ocr_par' dir='ltr' id='par_1_56' title="bbox 2208 2501 3764 2573">
     <span class='ocr_line' id='line_1_56' title="bbox 2208 2501 3764 2573; baseline 0 -17"><span class='ocrx_word' id='word_1_387' title='bbox 2208 2501 2455 2571; x_wconf 87' lang='lat' dir='ltr'><strong>piditatis</strong></span> <span class='ocrx_word' id='word_1_388' title='bbox 2510 2501 2660 2558; x_wconf 87' lang='lat' dir='ltr'><strong>faces</strong></span> <span class='ocrx_word' id='word_1_389' title='bbox 2683 2512 2874 2558; x_wconf 89' lang='lat' dir='ltr'><strong>contra</strong></span> <span class='ocrx_word' id='word_1_390' title='bbox 2927 2502 3188 2558; x_wconf 87' lang='lat' dir='ltr'><strong>honorem</strong></span> <span class='ocrx_word' id='word_1_391' title='bbox 3240 2501 3334 2558; x_wconf 88' lang='lat' dir='ltr'><strong>Dei</strong></span> <span class='ocrx_word' id='word_1_392' title='bbox 3388 2504 3764 2573; x_wconf 83' lang='lat' dir='ltr'><strong>omnipotentis</strong></span> 
     </span>
    </p>
   </div>
   <div class='ocr_carea' id='block_1_57' title="bbox 2206 2591 3764 2669">
    <p class='ocr_par' dir='ltr' id='par_1_57' title="bbox 2206 2591 3764 2669">
     <span class='ocr_line' id='line_1_57' title="bbox 2206 2591 3764 2669; baseline -0.002 -20"><span class='ocrx_word' id='word_1_393' title='bbox 2206 2592 2529 2669; x_wconf 69' lang='lat' dir='ltr'><strong>accendens,</strong></span> <span class='ocrx_word' id='word_1_394' title='bbox 2558 2593 2625 2648; x_wconf 90' lang='lat' dir='ltr'><strong>ad</strong></span> <span class='ocrx_word' id='word_1_395' title='bbox 2667 2593 3057 2649; x_wconf 86' lang='lat' dir='ltr'><strong>desolationem</strong></span> <span class='ocrx_word' id='word_1_396' title='bbox 3095 2592 3261 2649; x_wconf 88' lang='lat' dir='ltr'><strong>totius</strong></span> <span class='ocrx_word' id='word_1_397' title='bbox 3292 2591 3528 2647; x_wconf 85' lang='lat' dir='ltr'><strong>Romani</strong></span> <span class='ocrx_word' id='word_1_398' title='bbox 3572 2593 3764 2661; x_wconf 84' lang='lat' dir='ltr'><strong>imperii</strong></span> 
     </span>
    </p>
   </div>
   <div class='ocr_carea' id='block_1_58' title="bbox 2208 2681 3763 2754">
    <p class='ocr_par' dir='ltr' id='par_1_58' title="bbox 2208 2681 3763 2754">
     <span class='ocr_line' id='line_1_58' title="bbox 2208 2681 3763 2754; baseline 0 -17"><span class='ocrx_word' id='word_1_399' title='bbox 2208 2681 2466 2740; x_wconf 85' lang='lat' dir='ltr'><strong>anhelare</strong></span> <span class='ocrx_word' id='word_1_400' title='bbox 2530 2683 2891 2754; x_wconf 81' lang='lat' dir='ltr'><strong>temptaverit,</strong></span> <span class='ocrx_word' id='word_1_401' title='bbox 2959 2682 3213 2740; x_wconf 86' lang='lat' dir='ltr'><strong>omnibus</strong></span> <span class='ocrx_word' id='word_1_402' title='bbox 3282 2683 3460 2738; x_wconf 87' lang='lat' dir='ltr'><strong>modis</strong></span> <span class='ocrx_word' id='word_1_403' title='bbox 3526 2686 3763 2752; x_wconf 84' lang='lat' dir='ltr'><strong>omnique</strong></span> 
     </span>
    </p>
   </div>
   <div class='ocr_carea' id='block_1_59' title="bbox 2207 2771 3761 2843">
    <p class='ocr_par' dir='ltr' id='par_1_59' title="bbox 2207 2771 3761 2843">
     <span class='ocr_line' id='line_1_59' title="bbox 2207 2771 3761 2843; baseline -0.001 -16"><span class='ocrx_word' id='word_1_404' title='bbox 2207 2771 2422 2843; x_wconf 87' lang='lat' dir='ltr'><strong>ingenio</strong></span> <span class='ocrx_word' id='word_1_405' title='bbox 2447 2786 2617 2842; x_wconf 86' lang='lat' dir='ltr'><strong>usque</strong></span> <span class='ocrx_word' id='word_1_406' title='bbox 2653 2773 2723 2827; x_wconf 88' lang='lat' dir='ltr'><strong>ad</strong></span> <span class='ocrx_word' id='word_1_407' title='bbox 2754 2781 3005 2838; x_wconf 87' lang='lat' dir='ltr'><strong>mortem,</strong></span> <span class='ocrx_word' id='word_1_408' title='bbox 3053 2773 3101 2828; x_wconf 92' lang='lat' dir='ltr'><strong>si</strong></span> <span class='ocrx_word' id='word_1_409' title='bbox 3150 2782 3391 2843; x_wconf 85' lang='lat' dir='ltr'><strong>oportet,</strong></span> <span class='ocrx_word' id='word_1_410' title='bbox 3448 2783 3639 2829; x_wconf 75' lang='lat' dir='ltr'><strong>nostra</strong></span> <span class='ocrx_word' id='word_1_411' title='bbox 3663 2775 3761 2827; x_wconf 83' lang='lat' dir='ltr'><strong>vice</strong></span> 
     </span>
    </p>
   </div>
   <div class='ocr_carea' id='block_1_60' title="bbox 2207 2861 3761 2928">
    <p class='ocr_par' dir='ltr' id='par_1_60' title="bbox 2207 2861 3761 2928">
     <span class='ocr_line' id='line_1_60' title="bbox 2207 2861 3761 2928; baseline -0.001 -11"><span class='ocrx_word' id='word_1_412' title='bbox 2207 2863 2443 2917; x_wconf 90' lang='lat' dir='ltr'><strong>resistite</strong></span> <span class='ocrx_word' id='word_1_413' title='bbox 2465 2861 2557 2928; x_wconf 74' lang='grc'><strong>⁸⁷⁸,</strong></span> <span class='ocrx_word' id='word_1_414' title='bbox 2591 2863 2756 2918; x_wconf 91' lang='lat' dir='ltr'><strong>immo</strong></span> <span class='ocrx_word' id='word_1_415' title='bbox 2781 2862 2922 2917; x_wconf 87' lang='lat' dir='ltr'><strong>beati</strong></span> <span class='ocrx_word' id='word_1_416' title='bbox 2975 2862 3122 2918; x_wconf 88' lang='lat' dir='ltr'><strong>Petri</strong></span> <span class='ocrx_word' id='word_1_417' title='bbox 3175 2864 3503 2919; x_wconf 88' lang='lat' dir='ltr'><strong>auctoritate</strong></span> <span class='ocrx_word' id='word_1_418' title='bbox 3530 2865 3582 2919; x_wconf 89' lang='lat' dir='ltr'><strong>ei</strong></span> <span class='ocrx_word' id='word_1_419' title='bbox 3617 2865 3761 2918; x_wconf 77' lang='lat' dir='ltr'><strong>totius</strong></span> 
     </span>
    </p>
   </div>
   <div class='ocr_carea' id='block_1_61' title="bbox 2212 2952 3756 3025">
    <p class='ocr_par' dir='ltr' id='par_1_61' title="bbox 2212 2952 3756 3025">
     <span class='ocr_line' id='line_1_61' title="bbox 2212 2952 3756 3025; baseline 0.001 -19"><span class='ocrx_word' id='word_1_420' title='bbox 2212 2956 2360 3022; x_wconf 82' lang='lat' dir='ltr'><strong>regni</strong></span> <span class='ocrx_word' id='word_1_421' title='bbox 2395 2953 2755 3023; x_wconf 80' lang='lat' dir='ltr'><strong>gubernacula</strong></span> <span class='ocrx_word' id='word_1_422' title='bbox 2786 2952 3225 3019; x_wconf 86' lang='lat' dir='ltr'><strong>contradicendo,</strong></span> <span class='ocrx_word' id='word_1_423' title='bbox 3270 2962 3380 3007; x_wconf 87' lang='lat' dir='ltr'><strong>tam</strong></span> <span class='ocrx_word' id='word_1_424' title='bbox 3432 2954 3585 3008; x_wconf 79' lang='lat' dir='ltr'><strong>illuni</strong></span> <span class='ocrx_word' id='word_1_425' title='bbox 3616 2968 3756 3025; x_wconf 85' lang='lat' dir='ltr'><strong>quam</strong></span> 
     </span>
    </p>
   </div>
   <div class='ocr_carea' id='block_1_62' title="bbox 528 3015 3758 3121">
    <p class='ocr_par' dir='ltr' id='par_1_62' title="bbox 528 3015 3758 3121">
     <span class='ocr_line' id='line_1_62' title="bbox 528 3015 3758 3121; baseline -0.003 -11"><span class='ocrx_word' id='word_1_426' title='bbox 528 3015 843 3110; x_wconf 69' lang='lat' dir='ltr'><strong>ﬁdelitatem</strong></span> <span class='ocrx_word' id='word_1_427' title='bbox 868 3051 1167 3121; x_wconf 74' lang='lat' dir='ltr'><strong>iurassent,</strong></span> <span class='ocrx_word' id='word_1_428' title='bbox 1208 3064 1239 3103; x_wconf 93' lang='lat' dir='ltr'><strong>a</strong></span> <span class='ocrx_word' id='word_1_429' title='bbox 1266 3046 1562 3118; x_wconf 87' lang='lat' dir='ltr'><strong>juramenti</strong></span> <span class='ocrx_word' id='word_1_430' title='bbox 1610 3047 1765 3104; x_wconf 87' lang='lat' dir='ltr'><strong>nodis</strong></span> <span class='ocrx_word' id='word_1_431' title='bbox 1808 3047 2102 3118; x_wconf 90' lang='lat' dir='ltr'><strong>apostolica</strong></span> <span class='ocrx_word' id='word_1_432' title='bbox 2132 3015 2177 3077; x_wconf 64' lang='grc' dir='ltr'>ο</span> <span class='ocrx_word' id='word_1_433' title='bbox 2207 3058 2395 3099; x_wconf 85' lang='lat' dir='ltr'><strong>omnes</strong></span> <span class='ocrx_word' id='word_1_434' title='bbox 2423 3044 2523 3099; x_wconf 88' lang='lat' dir='ltr'><strong>sibi</strong></span> <span class='ocrx_word' id='word_1_435' title='bbox 2550 3044 2949 3099; x_wconf 81' lang='lat' dir='ltr'><strong>consentientes</strong></span> <span class='ocrx_word' id='word_1_436' title='bbox 2971 3061 3000 3097; x_wconf 88' lang='lat' dir='ltr'><strong>a</strong></span> <span class='ocrx_word' id='word_1_437' title='bbox 3026 3045 3406 3099; x_wconf 89' lang='lat' dir='ltr'><strong>communione</strong></span> <span class='ocrx_word' id='word_1_438' title='bbox 3456 3047 3697 3117; x_wconf 83' lang='lat' dir='ltr'><strong>corporis</strong></span> <span class='ocrx_word' id='word_1_439' title='bbox 3715 3057 3758 3099; x_wconf 87' lang='lat' dir='ltr'><strong>ct</strong></span> 
     </span>
    </p>
   </div>
   <div class='ocr_carea' id='block_1_63' title="bbox 530 3140 2103 3210">
    <p class='ocr_par' dir='ltr' id='par_1_63' title="bbox 530 3140 2103 3210">
     <span class='ocr_line' id='line_1_63' title="bbox 530 3140 2103 3210; baseline -0.003 -11"><span class='ocrx_word' id='word_1_440' title='bbox 530 3144 856 3199; x_wconf 73' lang='lat' dir='ltr'><strong>auctoritate</strong></span> <span class='ocrx_word' id='word_1_441' title='bbox 903 3143 1245 3206; x_wconf 88' lang='lat' dir='ltr'><strong>absolverat,</strong></span> <span class='ocrx_word' id='word_1_442' title='bbox 1293 3151 1347 3197; x_wconf 90' lang='lat' dir='ltr'><strong>et</strong></span> <span class='ocrx_word' id='word_1_443' title='bbox 1384 3140 1703 3196; x_wconf 86' lang='lat' dir='ltr'><strong>electionem</strong></span> <span class='ocrx_word' id='word_1_444' title='bbox 1769 3141 1893 3194; x_wconf 89' lang='lat' dir='ltr'><strong>novi</strong></span> <span class='ocrx_word' id='word_1_445' title='bbox 1958 3141 2103 3210; x_wconf 83' lang='lat' dir='ltr'><strong>regis</strong></span> 
     </span>
    </p>
   </div>
   <div class='ocr_carea' id='block_1_64' title="bbox 530 3229 2102 3301">
    <p class='ocr_par' dir='ltr' id='par_1_64' title="bbox 530 3229 2102 3301">
     <span class='ocr_line' id='line_1_64' title="bbox 530 3229 2102 3301; baseline -0.002 -12"><span class='ocrx_word' id='word_1_446' title='bbox 530 3248 796 3289; x_wconf 88' lang='lat' dir='ltr'><strong>consensu</strong></span> <span class='ocrx_word' id='word_1_447' title='bbox 856 3247 955 3287; x_wconf 91' lang='lat' dir='ltr'><strong>suo</strong></span> <span class='ocrx_word' id='word_1_448' title='bbox 1014 3230 1452 3297; x_wconf 77' lang='lat' dir='ltr'><strong>conﬁimaverat,</strong></span> <span class='ocrx_word' id='word_1_449' title='bbox 1517 3246 1661 3301; x_wconf 90' lang='lat' dir='ltr'><strong>nunc</strong></span> <span class='ocrx_word' id='word_1_450' title='bbox 1730 3245 1828 3301; x_wconf 91' lang='lat' dir='ltr'><strong>per</strong></span> <span class='ocrx_word' id='word_1_451' title='bbox 1889 3229 2102 3286; x_wconf 88' lang='lat' dir='ltr'><strong>litteras</strong></span> 
     </span>
    </p>
   </div>
   <div class='ocr_carea' id='block_1_65' title="bbox 530 3322 2100 3395">
    <p class='ocr_par' dir='ltr' id='par_1_65' title="bbox 530 3322 2100 3395">
     <span class='ocr_line' id='line_1_65' title="bbox 530 3322 2100 3395; baseline 0 -15"><span class='ocrx_word' id='word_1_452' title='bbox 530 3325 828 3391; x_wconf 88' lang='lat' dir='ltr'><strong>mandavit,</strong></span> <span class='ocrx_word' id='word_1_453' title='bbox 859 3334 918 3379; x_wconf 92' lang='lat' dir='ltr'><strong>ut</strong></span> <span class='ocrx_word' id='word_1_454' title='bbox 940 3322 1172 3381; x_wconf 90' lang='lat' dir='ltr'><strong>concilio</strong></span> <span class='ocrx_word' id='word_1_455' title='bbox 1208 3322 1354 3379; x_wconf 83' lang='lat' dir='ltr'><strong>facto</strong></span> <span class='ocrx_word' id='word_1_456' title='bbox 1380 3340 1472 3379; x_wconf 83' lang='lat' dir='ltr'><strong>rex</strong></span> <span class='ocrx_word' id='word_1_457' title='bbox 1513 3332 1736 3395; x_wconf 89' lang='lat' dir='ltr'><strong>uterque</strong></span> <span class='ocrx_word' id='word_1_458' title='bbox 1772 3333 2100 3381; x_wconf 90' lang='lat' dir='ltr'><strong>convocatus</strong></span> 
     </span>
    </p>
   </div>
   <div class='ocr_carea' id='block_1_66' title="bbox 529 3414 2097 3486">
    <p class='ocr_par' dir='ltr' id='par_1_66' title="bbox 529 3414 2097 3486">
     <span class='ocr_line' id='line_1_66' title="bbox 529 3414 2097 3486; baseline -0.003 -13"><span class='ocrx_word' id='word_1_459' title='bbox 529 3417 800 3482; x_wconf 89' lang='lat' dir='ltr'><strong>audiatur,</strong></span> <span class='ocrx_word' id='word_1_460' title='bbox 866 3427 921 3472; x_wconf 88' lang='lat' dir='ltr'><strong>et</strong></span> <span class='ocrx_word' id='word_1_461' title='bbox 971 3432 1131 3486; x_wconf 87' lang='lat' dir='ltr'><strong>quem</strong></span> <span class='ocrx_word' id='word_1_462' title='bbox 1204 3414 1412 3485; x_wconf 79' lang='lat' dir='ltr'><strong>iustitia</strong></span> <span class='ocrx_word' id='word_1_463' title='bbox 1488 3430 1714 3485; x_wconf 87' lang='lat' dir='ltr'><strong>regnare</strong></span> <span class='ocrx_word' id='word_1_464' title='bbox 1766 3416 2097 3486; x_wconf 87' lang='lat' dir='ltr'><strong>permiserit,</strong></span> 
     </span>
    </p>
   </div>
   <div class='ocr_carea' id='block_1_67' title="bbox 528 3506 2095 3577">
    <p class='ocr_par' dir='ltr' id='par_1_67' title="bbox 528 3506 2095 3577">
     <span class='ocr_line' id='line_1_67' title="bbox 528 3506 2095 3577; baseline 0 -14"><span class='ocrx_word' id='word_1_465' title='bbox 528 3509 701 3564; x_wconf 89' lang='lat' dir='ltr'><strong>altero</strong></span> <span class='ocrx_word' id='word_1_466' title='bbox 725 3509 970 3577; x_wconf 86' lang='lat' dir='ltr'><strong>deposito</strong></span> <span class='ocrx_word' id='word_1_467' title='bbox 994 3515 1140 3562; x_wconf 91' lang='lat' dir='ltr'><strong>tutus</strong></span> <span class='ocrx_word' id='word_1_468' title='bbox 1173 3506 1227 3561; x_wconf 91' lang='lat' dir='ltr'><strong>in</strong></span> <span class='ocrx_word' id='word_1_469' title='bbox 1258 3521 1424 3575; x_wconf 75' lang='lat' dir='ltr'><strong>regno</strong></span> <span class='ocrx_word' id='word_1_470' title='bbox 1453 3509 1825 3563; x_wconf 88' lang='lat' dir='ltr'><strong>conﬁrmetur.</strong></span> <span class='ocrx_word' id='word_1_471' title='bbox 1853 3506 2095 3574; x_wconf 85' lang='lat' dir='ltr'><strong>Quarum</strong></span> 
     </span>
    </p>
   </div>
   <div class='ocr_carea' id='block_1_68' title="bbox 526 3597 2094 3670">
    <p class='ocr_par' dir='ltr' id='par_1_68' title="bbox 526 3597 2094 3670">
     <span class='ocr_line' id='line_1_68' title="bbox 526 3597 2094 3670; baseline -0.001 -17"><span class='ocrx_word' id='word_1_472' title='bbox 526 3602 937 3665; x_wconf 78' lang='lat' dir='ltr'><strong>litterarum,nt</strong></span> <span class='ocrx_word' id='word_1_473' title='bbox 987 3598 1200 3669; x_wconf 92' lang='lat' dir='ltr'><strong>planius</strong></span> <span class='ocrx_word' id='word_1_474' title='bbox 1252 3598 1396 3667; x_wconf 90' lang='lat' dir='ltr'><strong>quod</strong></span> <span class='ocrx_word' id='word_1_475' title='bbox 1444 3597 1567 3652; x_wconf 92' lang='lat' dir='ltr'><strong>dico</strong></span> <span class='ocrx_word' id='word_1_476' title='bbox 1624 3598 1793 3668; x_wconf 91' lang='lat' dir='ltr'><strong>possit</strong></span> <span class='ocrx_word' id='word_1_477' title='bbox 1844 3597 2094 3670; x_wconf 88' lang='lat' dir='ltr'><strong>intelligi,</strong></span> 
     </span>
    </p>
   </div>
   <div class='ocr_carea' id='block_1_69' title="bbox 525 3689 2098 3759">
    <p class='ocr_par' dir='ltr' id='par_1_69' title="bbox 525 3689 2098 3759">
     <span class='ocr_line' id='line_1_69' title="bbox 525 3689 2098 3759; baseline 0 -14"><span class='ocrx_word' id='word_1_478' title='bbox 525 3690 715 3746; x_wconf 88' lang='lat' dir='ltr'><strong>subtus</strong></span> <span class='ocrx_word' id='word_1_479' title='bbox 763 3690 1065 3759; x_wconf 78' lang='lat' dir='ltr'><strong>exemplum</strong></span> <span class='ocrx_word' id='word_1_480' title='bbox 1130 3704 1332 3759; x_wconf 87' lang='lat' dir='ltr'><strong>ponere</strong></span> <span class='ocrx_word' id='word_1_481' title='bbox 1378 3689 1598 3754; x_wconf 88' lang='lat' dir='ltr'><strong>curavi;</strong></span> <span class='ocrx_word' id='word_1_482' title='bbox 1648 3703 1769 3758; x_wconf 72' lang='lat' dir='ltr'><strong>quas</strong></span> <span class='ocrx_word' id='word_1_483' title='bbox 1829 3698 2098 3746; x_wconf 87' lang='lat' dir='ltr'><strong>venerunt</strong></span> 
     </span>
    </p>
   </div>
   <div class='ocr_carea' id='block_1_70' title="bbox 528 3777 1744 3837">
    <p class='ocr_par' dir='ltr' id='par_1_70' title="bbox 528 3777 1744 3837">
     <span class='ocr_line' id='line_1_70' title="bbox 528 3777 1744 3837; baseline -0.002 -1"><span class='ocrx_word' id='word_1_484' title='bbox 528 3796 715 3837; x_wconf 87' lang='lat' dir='ltr'><strong>mense</strong></span> <span class='ocrx_word' id='word_1_485' title='bbox 742 3780 1035 3836; x_wconf 88' lang='lat' dir='ltr'><strong>Februario</strong></span> <span class='ocrx_word' id='word_1_486' title='bbox 1064 3795 1208 3835; x_wconf 91' lang='lat' dir='ltr'><strong>anno</strong></span> <span class='ocrx_word' id='word_1_487' title='bbox 1248 3778 1457 3833; x_wconf 90' lang='lat' dir='ltr'><strong>Domini</strong></span> <span class='ocrx_word' id='word_1_488' title='bbox 1490 3777 1626 3832; x_wconf 86' lang='lat' dir='ltr'><strong>l079</strong></span> <span class='ocrx_word' id='word_1_489' title='bbox 1652 3777 1744 3833; x_wconf 69' lang='grc'><strong>⁸⁸⁸.</strong></span> 
     </span>
    </p>
   </div>
   <div class='ocr_carea' id='block_1_71' title="bbox 596 3868 2092 3943">
    <p class='ocr_par' dir='ltr' id='par_1_71' title="bbox 596 3868 2092 3943">
     <span class='ocr_line' id='line_1_71' title="bbox 596 3868 2092 3943; baseline -0.003 -16"><span class='ocrx_word' id='word_1_490' title='bbox 596 3872 722 3928; x_wconf 77' lang='grc'><strong>105.</strong></span> <span class='ocrx_word' id='word_1_491' title='bbox 772 3891 790 3924; x_wconf 73' lang='grc' dir='ltr'>ι</span> <span class='ocrx_word' id='word_1_492' title='bbox 823 3871 1113 3943; x_wconf 84' lang='lat' dir='ltr'><strong>Gregorius</strong></span> <span class='ocrx_word' id='word_1_493' title='bbox 1155 3871 1442 3941; x_wconf 86' lang='lat' dir='ltr'><strong>episcopus</strong></span> <span class='ocrx_word' id='word_1_494' title='bbox 1465 3868 1535 3904; x_wconf 75' lang='lat'><strong>“&#39;</strong></span> <span class='ocrx_word' id='word_1_495' title='bbox 1565 3884 1757 3925; x_wconf 74' lang='lat' dir='ltr'><strong>servus</strong></span> <span class='ocrx_word' id='word_1_496' title='bbox 1804 3883 2092 3926; x_wconf 86' lang='lat' dir='ltr'><strong>servorum</strong></span> 
     </span>
    </p>
   </div>
   <div class='ocr_carea' id='block_1_72' title="bbox 512 3959 2091 4035">
    <p class='ocr_par' dir='ltr' id='par_1_72' title="bbox 512 3959 2091 4035">
     <span class='ocr_line' id='line_1_72' title="bbox 512 3959 2091 4035; baseline -0.006 -12"><span class='ocrx_word' id='word_1_497' title='bbox 512 3963 620 4023; x_wconf 87' lang='lat' dir='ltr'><strong>.Dei</strong></span> <span class='ocrx_word' id='word_1_498' title='bbox 650 3964 841 4035; x_wconf 75' lang='lat' dir='ltr'><strong>(GREG.</strong></span> <span class='ocrx_word' id='word_1_499' title='bbox 869 3961 980 4027; x_wconf 78' lang='lat' dir='ltr'><strong>Vll,</strong></span> <span class='ocrx_word' id='word_1_500' title='bbox 1008 3961 1228 4033; x_wconf 74' lang='lat' dir='ltr'><strong>Rtgistr.</strong></span> <span class='ocrx_word' id='word_1_501' title='bbox 1258 3977 1331 4027; x_wconf 87' lang='lat' dir='ltr'><strong>tv,</strong></span> <span class='ocrx_word' id='word_1_502' title='bbox 1372 3960 1491 4031; x_wconf 72' lang='lat'><strong>25),</strong></span> <span class='ocrx_word' id='word_1_503' title='bbox 1529 3961 1902 4016; x_wconf 39' lang='lat' dir='ltr'><strong>carissimis&#39;in</strong></span> <span class='ocrx_word' id='word_1_504' title='bbox 1928 3959 2091 4015; x_wconf 83' lang='lat' dir='ltr'><strong>Chri-</strong></span> 
     </span>
    </p>
   </div>
   <div class='ocr_carea' id='block_1_73' title="bbox 522 4038 2089 4118">
    <p class='ocr_par' dir='ltr' id='par_1_73' title="bbox 522 4038 2089 4118">
     <span class='ocr_line' id='line_1_73' title="bbox 522 4038 2089 4118; baseline -0.002 -7"><span class='ocrx_word' id='word_1_505' title='bbox 522 4065 611 4111; x_wconf 80' lang='lat' dir='ltr'><strong>sto</strong></span> <span class='ocrx_word' id='word_1_506' title='bbox 639 4054 765 4110; x_wconf 87' lang='lat' dir='ltr'><strong>ﬁliis</strong></span> <span class='ocrx_word' id='word_1_507' title='bbox 809 4052 1122 4111; x_wconf 81' lang='lat' dir='ltr'><strong>Beruhartlo</strong></span> <span class='ocrx_word' id='word_1_508' title='bbox 1162 4052 1232 4084; x_wconf 73' lang='lat'><strong>‘7“</strong></span> <span class='ocrx_word' id='word_1_509' title='bbox 1259 4053 1513 4118; x_wconf 89' lang='lat' dir='ltr'><strong>diacono,</strong></span> <span class='ocrx_word' id='word_1_510' title='bbox 1557 4061 1614 4108; x_wconf 86' lang='lat' dir='ltr'><strong>et</strong></span> <span class='ocrx_word' id='word_1_511' title='bbox 1668 4051 1981 4109; x_wconf 89' lang='lat' dir='ltr'><strong>Beruhardo</strong></span> <span class='ocrx_word' id='word_1_512' title='bbox 2020 4038 2089 4084; x_wconf 66' lang='grc'><strong>⁸⁷⁸</strong></span> 
     </span>
    </p>
   </div>
   <div class='ocr_carea' id='block_1_74' title="bbox 522 4141 1945 4213">
    <p class='ocr_par' dir='ltr' id='par_1_74' title="bbox 522 4141 1945 4213">
     <span class='ocr_line' id='line_1_74' title="bbox 522 4141 1945 4213; baseline -0.003 -12"><span class='ocrx_word' id='word_1_513' title='bbox 522 4142 980 4212; x_wconf 83' lang='lat' dir='ltr'><strong>abbati,salutetn</strong></span> <span class='ocrx_word' id='word_1_514' title='bbox 1006 4152 1062 4198; x_wconf 91' lang='lat' dir='ltr'><strong>et</strong></span> <span class='ocrx_word' id='word_1_515' title='bbox 1100 4143 1448 4213; x_wconf 85' lang='lat' dir='ltr'><strong>apostolicam</strong></span> <span class='ocrx_word' id='word_1_516' title='bbox 1490 4141 1945 4199; x_wconf 88' lang='lat' dir='ltr'><strong>benedictionem.</strong></span> 
     </span>
    </p>
   </div>
   <div class='ocr_carea' id='block_1_75' title="bbox 599 4232 2087 4303">
    <p class='ocr_par' dir='ltr' id='par_1_75' title="bbox 599 4232 2087 4303">
     <span class='ocr_line' id='line_1_75' title="bbox 599 4232 2087 4303; baseline 0.001 -15"><span class='ocrx_word' id='word_1_517' title='bbox 599 4255 619 4288; x_wconf 73' lang='grc' dir='ltr'>ι</span> <span class='ocrx_word' id='word_1_518' title='bbox 651 4235 1001 4291; x_wconf 88' lang='lat' dir='ltr'><strong>Fraternitati</strong></span> <span class='ocrx_word' id='word_1_519' title='bbox 1032 4242 1225 4288; x_wconf 70' lang='lat' dir='ltr'><strong>vesti-ae</strong></span> <span class='ocrx_word' id='word_1_520' title='bbox 1254 4241 1434 4288; x_wconf 86' lang='lat' dir='ltr'><strong>notum</strong></span> <span class='ocrx_word' id='word_1_521' title='bbox 1466 4246 1586 4288; x_wconf 89' lang='lat' dir='ltr'><strong>esse</strong></span> <span class='ocrx_word' id='word_1_522' title='bbox 1611 4248 1718 4287; x_wconf 91' lang='lat' dir='ltr'><strong>non</strong></span> <span class='ocrx_word' id='word_1_523' title='bbox 1745 4232 2087 4303; x_wconf 90' lang='lat' dir='ltr'><strong>ambigimus,</strong></span> 
     </span>
    </p>
   </div>
   <div class='ocr_carea' id='block_1_76' title="bbox 2204 3133 3756 3208">
    <p class='ocr_par' dir='ltr' id='par_1_76' title="bbox 2204 3133 3756 3208">
     <span class='ocr_line' id='line_1_76' title="bbox 2204 3133 3756 3208; baseline 0 -17"><span class='ocrx_word' id='word_1_524' title='bbox 2204 3138 2484 3208; x_wconf 81' lang='lat' dir='ltr'><strong>sanguinis</strong></span> <span class='ocrx_word' id='word_1_525' title='bbox 2543 3135 2754 3192; x_wconf 89' lang='lat' dir='ltr'><strong>Domini</strong></span> <span class='ocrx_word' id='word_1_526' title='bbox 2807 3134 2977 3192; x_wconf 89' lang='lat' dir='ltr'><strong>nostri</strong></span> <span class='ocrx_word' id='word_1_527' title='bbox 3031 3133 3158 3190; x_wconf 85' lang='lat' dir='ltr'><strong>Jesu</strong></span> <span class='ocrx_word' id='word_1_528' title='bbox 3198 3135 3405 3191; x_wconf 82' lang='lat' dir='ltr'><strong>Christi</strong></span> <span class='ocrx_word' id='word_1_529' title='bbox 3441 3148 3551 3192; x_wconf 88' lang='lat' dir='ltr'><strong>eta</strong></span> <span class='ocrx_word' id='word_1_530' title='bbox 3580 3138 3756 3192; x_wconf 82' lang='lat' dir='ltr'><strong>limini-</strong></span> 
     </span>
    </p>
   </div>
   <div class='ocr_carea' id='block_1_77' title="bbox 2200 3229 3755 3302">
    <p class='ocr_par' dir='ltr' id='par_1_77' title="bbox 2200 3229 3755 3302">
     <span class='ocr_line' id='line_1_77' title="bbox 2200 3229 3755 3302; baseline 0.001 -18"><span class='ocrx_word' id='word_1_531' title='bbox 2200 3229 2301 3284; x_wconf 89' lang='lat' dir='ltr'><strong>bus</strong></span> <span class='ocrx_word' id='word_1_532' title='bbox 2324 3243 2523 3285; x_wconf 62' lang='lat' dir='ltr'><strong>sanetae</strong></span> <span class='ocrx_word' id='word_1_533' title='bbox 2546 3229 2791 3285; x_wconf 66' lang='lat' dir='ltr'><strong>ecclesia:</strong></span> <span class='ocrx_word' id='word_1_534' title='bbox 2816 3237 3087 3299; x_wconf 87' lang='lat' dir='ltr'><strong>separate,</strong></span> <span class='ocrx_word' id='word_1_535' title='bbox 3114 3229 3241 3283; x_wconf 90' lang='lat' dir='ltr'><strong>illud</strong></span> <span class='ocrx_word' id='word_1_536' title='bbox 3264 3245 3486 3302; x_wconf 89' lang='lat' dir='ltr'><strong>semper</strong></span> <span class='ocrx_word' id='word_1_537' title='bbox 3519 3234 3755 3287; x_wconf 76' lang='lat' dir='ltr'><strong>habentes</strong></span> 
     </span>
    </p>
   </div>
   <div class='ocr_carea' id='block_1_78' title="bbox 2200 3321 3755 3394">
    <p class='ocr_par' dir='ltr' id='par_1_78' title="bbox 2200 3321 3755 3394">
     <span class='ocr_line' id='line_1_78' title="bbox 2200 3321 3755 3394; baseline 0 -17"><span class='ocrx_word' id='word_1_538' title='bbox 2200 3322 2256 3377; x_wconf 91' lang='lat' dir='ltr'><strong>in</strong></span> <span class='ocrx_word' id='word_1_539' title='bbox 2281 3323 2561 3387; x_wconf 89' lang='lat' dir='ltr'><strong>memoria,</strong></span> <span class='ocrx_word' id='word_1_540' title='bbox 2589 3322 2714 3393; x_wconf 87' lang='lat' dir='ltr'><strong>quia</strong></span> <span class='ocrx_word' id='word_1_541' title='bbox 2745 3321 2920 3378; x_wconf 88' lang='lat' dir='ltr'><strong>scelus</strong></span> <span class='ocrx_word' id='word_1_542' title='bbox 2946 3322 3260 3377; x_wconf 69' lang='lat' dir='ltr'><strong>idololatriae</strong></span> <span class='ocrx_word' id='word_1_543' title='bbox 3279 3322 3518 3379; x_wconf 89' lang='lat' dir='ltr'><strong>incurrit</strong></span> <span class='ocrx_word' id='word_1_544' title='bbox 3541 3326 3631 3394; x_wconf 89' lang='lat' dir='ltr'><strong>qui</strong></span> <span class='ocrx_word' id='word_1_545' title='bbox 3649 3340 3755 3393; x_wconf 83' lang='lat' dir='ltr'><strong>apo-</strong></span> 
     </span>
    </p>
   </div>
   <div class='ocr_carea' id='block_1_79' title="bbox 2199 3404 3755 3487">
    <p class='ocr_par' dir='ltr' id='par_1_79' title="bbox 2199 3404 3755 3487">
     <span class='ocr_line' id='line_1_79' title="bbox 2199 3404 3755 3487; baseline 0.001 -18"><span class='ocrx_word' id='word_1_546' title='bbox 2199 3414 2406 3470; x_wconf 77' lang='lat' dir='ltr'><strong>stolica:</strong></span> <span class='ocrx_word' id='word_1_547' title='bbox 2434 3416 2548 3471; x_wconf 89' lang='lat' dir='ltr'><strong>sedi</strong></span> <span class='ocrx_word' id='word_1_548' title='bbox 2606 3416 2830 3471; x_wconf 86' lang='lat' dir='ltr'><strong>obedire</strong></span> <span class='ocrx_word' id='word_1_549' title='bbox 2871 3417 3225 3485; x_wconf 89' lang='lat' dir='ltr'><strong>contempnit,</strong></span> <span class='ocrx_word' id='word_1_550' title='bbox 3279 3426 3337 3471; x_wconf 92' lang='lat' dir='ltr'><strong>et</strong></span> <span class='ocrx_word' id='word_1_551' title='bbox 3392 3404 3544 3487; x_wconf 83' lang='lat' dir='ltr'><strong>quod</strong></span> <span class='ocrx_word' id='word_1_552' title='bbox 3591 3416 3755 3472; x_wconf 82' lang='lat' dir='ltr'><strong>beatus</strong></span> 
     </span>
    </p>
   </div>
   <div class='ocr_carea' id='block_1_80' title="bbox 2197 3496 3752 3577">
    <p class='ocr_par' dir='ltr' id='par_1_80' title="bbox 2197 3496 3752 3577">
     <span class='ocr_line' id='line_1_80' title="bbox 2197 3496 3752 3577; baseline 0.001 -16"><span class='ocrx_word' id='word_1_553' title='bbox 2197 3505 2509 3577; x_wconf 83' lang='lat' dir='ltr'><strong>Gregorius,</strong></span> <span class='ocrx_word' id='word_1_554' title='bbox 2550 3507 2742 3561; x_wconf 91' lang='lat' dir='ltr'><strong>doctor</strong></span> <span class='ocrx_word' id='word_1_555' title='bbox 2790 3516 3008 3563; x_wconf 87' lang='lat' dir='ltr'><strong>sanctus</strong></span> <span class='ocrx_word' id='word_1_556' title='bbox 3043 3518 3099 3564; x_wconf 92' lang='lat' dir='ltr'><strong>et</strong></span> <span class='ocrx_word' id='word_1_557' title='bbox 3128 3496 3488 3575; x_wconf 84' lang='lat' dir='ltr'><strong>humillimus,</strong></span> <span class='ocrx_word' id='word_1_558' title='bbox 3514 3510 3752 3571; x_wconf 81' lang='lat' dir='ltr'><strong>decrevit,</strong></span> 
     </span>
    </p>
   </div>
   <div class='ocr_carea' id='block_1_81' title="bbox 2198 3598 3753 3670">
    <p class='ocr_par' dir='ltr' id='par_1_81' title="bbox 2198 3598 3753 3670">
     <span class='ocr_line' id='line_1_81' title="bbox 2198 3598 3753 3670; baseline -0.001 -16"><span class='ocrx_word' id='word_1_559' title='bbox 2198 3600 2351 3670; x_wconf 84' lang='lat' dir='ltr'><strong>reges</strong></span> <span class='ocrx_word' id='word_1_560' title='bbox 2375 3616 2405 3652; x_wconf 89' lang='lat' dir='ltr'><strong>a</strong></span> <span class='ocrx_word' id='word_1_561' title='bbox 2429 3598 2541 3653; x_wconf 89' lang='lat' dir='ltr'><strong>suis</strong></span> <span class='ocrx_word' id='word_1_562' title='bbox 2592 3598 2949 3669; x_wconf 82' lang='lat' dir='ltr'><strong>digtiitati:.ns</strong></span> <span class='ocrx_word' id='word_1_563' title='bbox 2983 3600 3198 3664; x_wconf 81' lang='lat' dir='ltr'><strong>cadere,</strong></span> <span class='ocrx_word' id='word_1_564' title='bbox 3230 3600 3275 3655; x_wconf 93' lang='lat' dir='ltr'><strong>si</strong></span> <span class='ocrx_word' id='word_1_565' title='bbox 3311 3601 3614 3656; x_wconf 89' lang='lat' dir='ltr'><strong>temerario</strong></span> <span class='ocrx_word' id='word_1_566' title='bbox 3637 3615 3753 3654; x_wconf 86' lang='lat' dir='ltr'><strong>ausu</strong></span> 
     </span>
    </p>
   </div>
   <div class='ocr_carea' id='block_1_82' title="bbox 2196 3689 3746 3759">
    <p class='ocr_par' dir='ltr' id='par_1_82' title="bbox 2196 3689 3746 3759">
     <span class='ocr_line' id='line_1_82' title="bbox 2196 3689 3746 3759; baseline 0.001 -16"><span class='ocrx_word' id='word_1_567' title='bbox 2196 3697 2587 3759; x_wconf 58' lang='lat' dir='ltr'><strong>praesumerent</strong></span> <span class='ocrx_word' id='word_1_568' title='bbox 2627 3698 2813 3743; x_wconf 65' lang='lat' dir='ltr'><strong>COIlll&#39;a</strong></span> <span class='ocrx_word' id='word_1_569' title='bbox 2845 3690 2989 3745; x_wconf 82' lang='lat' dir='ltr'><strong>sedis</strong></span> <span class='ocrx_word' id='word_1_570' title='bbox 3018 3691 3328 3759; x_wconf 65' lang='lat' dir='ltr'><strong>apostolicae</strong></span> <span class='ocrx_word' id='word_1_571' title='bbox 3369 3689 3530 3758; x_wconf 79' lang='lat' dir='ltr'><strong>jnssa</strong></span> <span class='ocrx_word' id='word_1_572' title='bbox 3562 3691 3746 3746; x_wconf 87' lang='lat' dir='ltr'><strong>venire.</strong></span> 
     </span>
    </p>
   </div>
   <div class='ocr_carea' id='block_1_83' title="bbox 2194 3774 3752 3855">
    <p class='ocr_par' dir='ltr' id='par_1_83' title="bbox 2194 3774 3752 3855">
     <span class='ocr_line' id='line_1_83' title="bbox 2194 3774 3752 3855; baseline -0.001 -19"><span class='ocrx_word' id='word_1_573' title='bbox 2194 3781 2363 3836; x_wconf 73' lang='lat' dir='ltr'><strong>Alteri</strong></span> <span class='ocrx_word' id='word_1_574' title='bbox 2391 3796 2540 3847; x_wconf 87' lang='lat' dir='ltr'><strong>vero,</strong></span> <span class='ocrx_word' id='word_1_575' title='bbox 2582 3780 2673 3851; x_wconf 87' lang='lat' dir='ltr'><strong>qui</strong></span> <span class='ocrx_word' id='word_1_576' title='bbox 2704 3790 2902 3835; x_wconf 77' lang='lat' dir='ltr'><strong>nostra:</strong></span> <span class='ocrx_word' id='word_1_577' title='bbox 2936 3774 3165 3852; x_wconf 89' lang='lat' dir='ltr'><strong>jussioni</strong></span> <span class='ocrx_word' id='word_1_578' title='bbox 3200 3783 3489 3837; x_wconf 86' lang='lat' dir='ltr'><strong>humiliter</strong></span> <span class='ocrx_word' id='word_1_579' title='bbox 3532 3783 3752 3855; x_wconf 86' lang='lat' dir='ltr'><strong>paruerit</strong></span> 
     </span>
    </p>
   </div>
   <div class='ocr_carea' id='block_1_84' title="bbox 2193 3873 3753 3938">
    <p class='ocr_par' dir='ltr' id='par_1_84' title="bbox 2193 3873 3753 3938">
     <span class='ocr_line' id='line_1_84' title="bbox 2193 3873 3753 3938; baseline -0.002 -9"><span class='ocrx_word' id='word_1_580' title='bbox 2193 3881 2250 3929; x_wconf 85' lang='lat' dir='ltr'><strong>et</strong></span> <span class='ocrx_word' id='word_1_581' title='bbox 2269 3874 2633 3928; x_wconf 87' lang='lat' dir='ltr'><strong>obedientiam</strong></span> <span class='ocrx_word' id='word_1_582' title='bbox 2675 3873 2969 3929; x_wconf 89' lang='lat' dir='ltr'><strong>universali</strong></span> <span class='ocrx_word' id='word_1_583' title='bbox 3020 3874 3202 3938; x_wconf 87' lang='lat' dir='ltr'><strong>matri,</strong></span> <span class='ocrx_word' id='word_1_584' title='bbox 3249 3875 3394 3930; x_wconf 89' lang='lat' dir='ltr'><strong>sicut</strong></span> <span class='ocrx_word' id='word_1_585' title='bbox 3441 3876 3602 3931; x_wconf 82' lang='lat' dir='ltr'><strong>decet</strong></span> <span class='ocrx_word' id='word_1_586' title='bbox 3628 3875 3753 3929; x_wconf 84' lang='lat' dir='ltr'><strong>chri-</strong></span> 
     </span>
    </p>
   </div>
   <div class='ocr_carea' id='block_1_85' title="bbox 2196 3962 3751 4035">
    <p class='ocr_par' dir='ltr' id='par_1_85' title="bbox 2196 3962 3751 4035">
     <span class='ocr_line' id='line_1_85' title="bbox 2196 3962 3751 4035; baseline 0 -16"><span class='ocrx_word' id='word_1_587' title='bbox 2196 3965 2432 4019; x_wconf 91' lang='lat' dir='ltr'><strong>stianum</strong></span> <span class='ocrx_word' id='word_1_588' title='bbox 2482 3980 2683 4035; x_wconf 86' lang='lat' dir='ltr'><strong>regem,</strong></span> <span class='ocrx_word' id='word_1_589' title='bbox 2737 3965 3064 4029; x_wconf 77' lang='lat' dir='ltr'><strong>exhibuerit,</strong></span> <span class='ocrx_word' id='word_1_590' title='bbox 3101 3977 3404 4021; x_wconf 88' lang='lat' dir='ltr'><strong>convocato</strong></span> <span class='ocrx_word' id='word_1_591' title='bbox 3444 3965 3673 4021; x_wconf 90' lang='lat' dir='ltr'><strong>concilio</strong></span> <span class='ocrx_word' id='word_1_592' title='bbox 3694 3962 3751 3995; x_wconf 78' lang='lat'><strong>‘&quot;</strong></span> 
     </span>
    </p>
   </div>
   <div class='ocr_carea' id='block_1_86' title="bbox 2192 4044 3753 4127">
    <p class='ocr_par' dir='ltr' id='par_1_86' title="bbox 2192 4044 3753 4127">
     <span class='ocr_line' id='line_1_86' title="bbox 2192 4044 3753 4127; baseline -0.003 -16"><span class='ocrx_word' id='word_1_593' title='bbox 2192 4044 2431 4111; x_wconf 84' lang='lat' dir='ltr'><strong>omnium</strong></span> <span class='ocrx_word' id='word_1_594' title='bbox 2479 4056 2800 4111; x_wconf 87' lang='lat' dir='ltr'><strong>clericorum</strong></span> <span class='ocrx_word' id='word_1_595' title='bbox 2861 4065 2917 4111; x_wconf 91' lang='lat' dir='ltr'><strong>et</strong></span> <span class='ocrx_word' id='word_1_596' title='bbox 2968 4056 3228 4111; x_wconf 85' lang='lat' dir='ltr'><strong>laicorum</strong></span> <span class='ocrx_word' id='word_1_597' title='bbox 3258 4070 3261 4073; x_wconf 92' lang='grc'>·</span> <span class='ocrx_word' id='word_1_598' title='bbox 3294 4050 3434 4127; x_wconf 68' lang='lat' dir='ltr'><strong>Quos</strong></span> <span class='ocrx_word' id='word_1_599' title='bbox 3505 4059 3753 4112; x_wconf 84' lang='lat' dir='ltr'><strong>advocare</strong></span> 
     </span>
    </p>
   </div>
   <div class='ocr_carea' id='block_1_87' title="bbox 2192 4146 3753 4220">
    <p class='ocr_par' dir='ltr' id='par_1_87' title="bbox 2192 4146 3753 4220">
     <span class='ocr_line' id='line_1_87' title="bbox 2192 4146 3753 4220; baseline 0.002 -20"><span class='ocrx_word' id='word_1_600' title='bbox 2192 4147 2465 4217; x_wconf 91' lang='lat' dir='ltr'><strong>poteritis,</strong></span> <span class='ocrx_word' id='word_1_601' title='bbox 2496 4146 2784 4202; x_wconf 89' lang='lat' dir='ltr'><strong>consilium</strong></span> <span class='ocrx_word' id='word_1_602' title='bbox 2814 4155 2866 4200; x_wconf 92' lang='lat' dir='ltr'><strong>et</strong></span> <span class='ocrx_word' id='word_1_603' title='bbox 2893 4146 3220 4216; x_wconf 90' lang='lat' dir='ltr'><strong>adjutorium</strong></span> <span class='ocrx_word' id='word_1_604' title='bbox 3252 4148 3306 4202; x_wconf 92' lang='lat' dir='ltr'><strong>in</strong></span> <span class='ocrx_word' id='word_1_605' title='bbox 3348 4151 3607 4205; x_wconf 88' lang='lat' dir='ltr'><strong>omnibus</strong></span> <span class='ocrx_word' id='word_1_606' title='bbox 3634 4165 3753 4220; x_wconf 75' lang='lat' dir='ltr'><strong>pra:-</strong></span> 
     </span>
    </p>
   </div>
   <div class='ocr_carea' id='block_1_88' title="bbox 2191 4238 3752 4311">
    <p class='ocr_par' dir='ltr' id='par_1_88' title="bbox 2191 4238 3752 4311">
     <span class='ocr_line' id='line_1_88' title="bbox 2191 4238 3752 4311; baseline 0.003 -18"><span class='ocrx_word' id='word_1_607' title='bbox 2191 4238 2338 4305; x_wconf 79' lang='lat' dir='ltr'><strong>bete,</strong></span> <span class='ocrx_word' id='word_1_608' title='bbox 2367 4249 2420 4294; x_wconf 77' lang='lat' dir='ltr'><strong>ct</strong></span> <span class='ocrx_word' id='word_1_609' title='bbox 2453 4241 2505 4294; x_wconf 93' lang='lat' dir='ltr'><strong>in</strong></span> <span class='ocrx_word' id='word_1_610' title='bbox 2536 4242 2682 4311; x_wconf 76' lang='lat' dir='ltr'><strong>regia</strong></span> <span class='ocrx_word' id='word_1_611' title='bbox 2721 4239 2985 4309; x_wconf 88' lang='lat' dir='ltr'><strong>dignitate</strong></span> <span class='ocrx_word' id='word_1_612' title='bbox 3019 4255 3117 4309; x_wconf 89' lang='lat' dir='ltr'><strong>per</strong></span> <span class='ocrx_word' id='word_1_613' title='bbox 3147 4243 3533 4296; x_wconf 89' lang='lat' dir='ltr'><strong>auctoritatem</strong></span> <span class='ocrx_word' id='word_1_614' title='bbox 3588 4244 3752 4297; x_wconf 83' lang='lat' dir='ltr'><strong>beato-</strong></span> 
     </span>
    </p>
   </div>
   <div class='ocr_carea' id='block_1_89' title="bbox 519 4319 3750 4427">
    <p class='ocr_par' dir='ltr' id='par_1_89' title="bbox 519 4319 3750 4427">
     <span class='ocr_line' id='line_1_89' title="bbox 519 4319 3750 4427; baseline -0 -45"><span class='ocrx_word' id='word_1_615' title='bbox 519 4329 645 4399; x_wconf 90' lang='lat' dir='ltr'><strong>quia</strong></span> <span class='ocrx_word' id='word_1_616' title='bbox 678 4328 799 4383; x_wconf 91' lang='lat' dir='ltr'><strong>ideo</strong></span> <span class='ocrx_word' id='word_1_617' title='bbox 837 4325 906 4380; x_wconf 90' lang='lat' dir='ltr'><strong>ab</strong></span> <span class='ocrx_word' id='word_1_618' title='bbox 942 4324 1106 4389; x_wconf 84' lang='lat' dir='ltr'><strong>Urbe,</strong></span> <span class='ocrx_word' id='word_1_619' title='bbox 1148 4325 1337 4379; x_wconf 87' lang='lat' dir='ltr'><strong>conﬁsi</strong></span> <span class='ocrx_word' id='word_1_620' title='bbox 1368 4325 1435 4380; x_wconf 91' lang='lat' dir='ltr'><strong>de</strong></span> <span class='ocrx_word' id='word_1_621' title='bbox 1470 4325 1542 4356; x_wconf 70' lang='lat'><strong>‘7&#39;</strong></span> <span class='ocrx_word' id='word_1_622' title='bbox 1585 4319 1676 4379; x_wconf 85' lang='lat' dir='ltr'><strong>Dei</strong></span> <span class='ocrx_word' id='word_1_623' title='bbox 1714 4325 2087 4382; x_wconf 87' lang='lat' dir='ltr'><strong>misericordia</strong></span> <span class='ocrx_word' id='word_1_624' title='bbox 2117 4366 2167 4427; x_wconf 68' lang='grc' dir='ltr'><strong>Β</strong></span> <span class='ocrx_word' id='word_1_625' title='bbox 2194 4338 2311 4380; x_wconf 88' lang='lat' dir='ltr'><strong>rum</strong></span> <span class='ocrx_word' id='word_1_626' title='bbox 2358 4326 2724 4395; x_wconf 88' lang='lat' dir='ltr'><strong>apostolorum</strong></span> <span class='ocrx_word' id='word_1_627' title='bbox 2770 4326 2916 4380; x_wconf 80' lang='lat' dir='ltr'><strong>Petri</strong></span> <span class='ocrx_word' id='word_1_628' title='bbox 2948 4336 3003 4381; x_wconf 89' lang='lat' dir='ltr'><strong>et</strong></span> <span class='ocrx_word' id='word_1_629' title='bbox 3028 4326 3180 4382; x_wconf 87' lang='lat' dir='ltr'><strong>Pauli</strong></span> <span class='ocrx_word' id='word_1_630' title='bbox 3234 4337 3424 4399; x_wconf 79' lang='lat' dir='ltr'><strong>nostra</strong></span> <span class='ocrx_word' id='word_1_631' title='bbox 3475 4329 3594 4385; x_wconf 83' lang='lat' dir='ltr'><strong>vice</strong></span> <span class='ocrx_word' id='word_1_632' title='bbox 3632 4344 3750 4383; x_wconf 83' lang='lat' dir='ltr'><strong>con-</strong></span> 
     </span>
    </p>
   </div>
   <div class='ocr_carea' id='block_1_90' title="bbox 520 4414 2089 4486">
    <p class='ocr_par' dir='ltr' id='par_1_90' title="bbox 520 4414 2089 4486">
     <span class='ocr_line' id='line_1_90' title="bbox 520 4414 2089 4486; baseline 0.001 -14"><span class='ocrx_word' id='word_1_633' title='bbox 520 4427 578 4473; x_wconf 92' lang='lat' dir='ltr'><strong>ct</strong></span> <span class='ocrx_word' id='word_1_634' title='bbox 596 4415 865 4486; x_wconf 82' lang='lat' dir='ltr'><strong>adjutorio</strong></span> <span class='ocrx_word' id='word_1_635' title='bbox 891 4415 1035 4470; x_wconf 87' lang='lat' dir='ltr'><strong>beati</strong></span> <span class='ocrx_word' id='word_1_636' title='bbox 1061 4414 1228 4480; x_wconf 86' lang='lat' dir='ltr'><strong>Petri,</strong></span> <span class='ocrx_word' id='word_1_637' title='bbox 1257 4415 1459 4485; x_wconf 85' lang='lat' dir='ltr'><strong>egressi</strong></span> <span class='ocrx_word' id='word_1_638' title='bbox 1484 4430 1694 4481; x_wconf 90' lang='lat' dir='ltr'><strong>sumus,</strong></span> <span class='ocrx_word' id='word_1_639' title='bbox 1725 4427 1782 4472; x_wconf 91' lang='lat' dir='ltr'><strong>ut</strong></span> <span class='ocrx_word' id='word_1_640' title='bbox 1803 4418 1871 4474; x_wconf 87' lang='lat' dir='ltr'><strong>ad</strong></span> <span class='ocrx_word' id='word_1_641' title='bbox 1909 4418 2089 4473; x_wconf 86' lang='lat' dir='ltr'><strong>Theu-</strong></span> 
     </span>
    </p>
   </div>
   <div class='ocr_carea' id='block_1_91' title="bbox 523 4506 2089 4582">
    <p class='ocr_par' dir='ltr' id='par_1_91' title="bbox 523 4506 2089 4582">
     <span class='ocr_line' id='line_1_91' title="bbox 523 4506 2089 4582; baseline 0.003 -22"><span class='ocrx_word' id='word_1_642' title='bbox 523 4507 827 4561; x_wconf 89' lang='lat' dir='ltr'><strong>tonicorum</strong></span> <span class='ocrx_word' id='word_1_643' title='bbox 873 4513 1073 4575; x_wconf 88' lang='lat' dir='ltr'><strong>partes,</strong></span> <span class='ocrx_word' id='word_1_644' title='bbox 1130 4506 1478 4575; x_wconf 88' lang='lat' dir='ltr'><strong>cotnpositnri</strong></span> <span class='ocrx_word' id='word_1_645' title='bbox 1520 4506 1666 4562; x_wconf 92' lang='lat' dir='ltr'><strong>inter</strong></span> <span class='ocrx_word' id='word_1_646' title='bbox 1688 4522 1783 4563; x_wconf 91' lang='lat' dir='ltr'><strong>eos</strong></span> <span class='ocrx_word' id='word_1_647' title='bbox 1823 4510 1891 4565; x_wconf 89' lang='lat' dir='ltr'><strong>ad</strong></span> <span class='ocrx_word' id='word_1_648' title='bbox 1919 4508 2089 4582; x_wconf 84' lang='lat' dir='ltr'><strong>honp-</strong></span> 
     </span>
    </p>
   </div>
   <div class='ocr_carea' id='block_1_92' title="bbox 523 4596 2089 4679">
    <p class='ocr_par' dir='ltr' id='par_1_92' title="bbox 523 4596 2089 4679">
     <span class='ocr_line' id='line_1_92' title="bbox 523 4596 2089 4679; baseline 0.003 -26"><span class='ocrx_word' id='word_1_649' title='bbox 523 4614 639 4653; x_wconf 89' lang='lat' dir='ltr'><strong>rem</strong></span> <span class='ocrx_word' id='word_1_650' title='bbox 662 4597 758 4652; x_wconf 89' lang='lat' dir='ltr'><strong>Dei</strong></span> <span class='ocrx_word' id='word_1_651' title='bbox 786 4596 1149 4679; x_wconf 78' lang='lat' dir='ltr'><strong>etutilitatem</strong></span> <span class='ocrx_word' id='word_1_652' title='bbox 1181 4607 1381 4653; x_wconf 71' lang='lat' dir='ltr'><strong>sancta:</strong></span> <span class='ocrx_word' id='word_1_653' title='bbox 1402 4597 1646 4653; x_wconf 74' lang='lat' dir='ltr'><strong>ecclesia:</strong></span> <span class='ocrx_word' id='word_1_654' title='bbox 1668 4614 1881 4668; x_wconf 79' lang='lat' dir='ltr'><strong>pacem,</strong></span> <span class='ocrx_word' id='word_1_655' title='bbox 1908 4609 2089 4677; x_wconf 87' lang='lat' dir='ltr'><strong>trans-</strong></span> 
     </span>
    </p>
   </div>
   <div class='ocr_carea' id='block_1_93' title="bbox 523 4676 2088 4771">
    <p class='ocr_par' dir='ltr' id='par_1_93' title="bbox 523 4676 2088 4771">
     <span class='ocr_line' id='line_1_93' title="bbox 523 4676 2088 4771; baseline 0.003 -27"><span class='ocrx_word' id='word_1_656' title='bbox 523 4691 745 4745; x_wconf 88' lang='lat' dir='ltr'><strong>ircnnts.</strong></span> <span class='ocrx_word' id='word_1_657' title='bbox 808 4676 914 4745; x_wconf 83' lang='lat' dir='ltr'><strong>Sed</strong></span> <span class='ocrx_word' id='word_1_658' title='bbox 961 4690 1084 4771; x_wconf 81' lang='lat' dir='ltr'><strong>quia</strong></span> <span class='ocrx_word' id='word_1_659' title='bbox 1130 4690 1434 4752; x_wconf 83' lang='lat' dir='ltr'><strong>defuerunt.</strong></span> <span class='ocrx_word' id='word_1_660' title='bbox 1485 4689 1577 4761; x_wconf 90' lang='lat' dir='ltr'><strong>qui</strong></span> <span class='ocrx_word' id='word_1_661' title='bbox 1645 4705 1745 4747; x_wconf 85' lang='lat' dir='ltr'><strong>nos</strong></span> <span class='ocrx_word' id='word_1_662' title='bbox 1789 4676 2088 4749; x_wconf 82' lang='lat' dir='ltr'><strong>secundum</strong></span> 
     </span>
    </p>
   </div>
   <div class='ocr_carea' id='block_1_94' title="bbox 519 4782 2086 4859">
    <p class='ocr_par' dir='ltr' id='par_1_94' title="bbox 519 4782 2086 4859">
     <span class='ocr_line' id='line_1_94' title="bbox 519 4782 2086 4859; baseline 0.003 -22"><span class='ocrx_word' id='word_1_663' title='bbox 519 4786 663 4854; x_wconf 87' lang='lat' dir='ltr'><strong>quol</strong></span> <span class='ocrx_word' id='word_1_664' title='bbox 695 4782 1012 4853; x_wconf 88' lang='lat' dir='ltr'><strong>dispositum</strong></span> <span class='ocrx_word' id='word_1_665' title='bbox 1037 4790 1155 4859; x_wconf 83' lang='lat' dir='ltr'><strong>erat</strong></span> <span class='ocrx_word' id='word_1_666' title='bbox 1173 4784 1559 4849; x_wconf 78' lang='lat' dir='ltr'><strong>cotiducerenl,</strong></span> <span class='ocrx_word' id='word_1_667' title='bbox 1583 4783 1822 4854; x_wconf 87' lang='lat' dir='ltr'><strong>impediti</strong></span> <span class='ocrx_word' id='word_1_668' title='bbox 1853 4786 2086 4842; x_wconf 85' lang='lat' dir='ltr'><strong>adventu</strong></span> 
     </span>
    </p>
   </div>
   <div class='ocr_carea' id='block_1_95' title="bbox 523 4864 2090 4948">
    <p class='ocr_par' dir='ltr' id='par_1_95' title="bbox 523 4864 2090 4948">
     <span class='ocr_line' id='line_1_95' title="bbox 523 4864 2090 4948; baseline 0.002 -17"><span class='ocrx_word' id='word_1_669' title='bbox 523 4876 668 4948; x_wconf 86' lang='lat' dir='ltr'><strong>regis</strong></span> <span class='ocrx_word' id='word_1_670' title='bbox 704 4875 757 4930; x_wconf 93' lang='lat' dir='ltr'><strong>in</strong></span> <span class='ocrx_word' id='word_1_671' title='bbox 783 4875 1028 4945; x_wconf 75' lang='lat' dir='ltr'><strong>italiam,</strong></span> <span class='ocrx_word' id='word_1_672' title='bbox 1059 4876 1111 4930; x_wconf 91' lang='lat' dir='ltr'><strong>in</strong></span> <span class='ocrx_word' id='word_1_673' title='bbox 1145 4864 1521 4947; x_wconf 57' lang='lat' dir='ltr'><strong>~Langobardia</strong></span> <span class='ocrx_word' id='word_1_674' title='bbox 1544 4877 1636 4944; x_wconf 72' lang='lat'><strong>‘7&#39;,</strong></span> <span class='ocrx_word' id='word_1_675' title='bbox 1671 4878 1810 4933; x_wconf 90' lang='lat' dir='ltr'><strong>inter</strong></span> <span class='ocrx_word' id='word_1_676' title='bbox 1838 4878 2090 4935; x_wconf 85' lang='lat' dir='ltr'><strong>inimicos</strong></span> 
     </span>
    </p>
   </div>
   <div class='ocr_carea' id='block_1_96' title="bbox 516 4952 2082 5040">
    <p class='ocr_par' dir='ltr' id='par_1_96' title="bbox 516 4952 2082 5040">
     <span class='ocr_line' id='line_1_96' title="bbox 516 4952 2082 5040; baseline 0.002 -18"><span class='ocrx_word' id='word_1_677' title='bbox 516 4967 841 5022; x_wconf 68' lang='lat' dir='ltr'><strong>Christianas</strong></span> <span class='ocrx_word' id='word_1_678' title='bbox 870 4966 1165 5038; x_wconf 87' lang='lat' dir='ltr'><strong>religionis,</strong></span> <span class='ocrx_word' id='word_1_679' title='bbox 1195 4952 1315 5022; x_wconf 28' lang='lat' dir='ltr'><strong>non,</strong></span> <span class='ocrx_word' id='word_1_680' title='bbox 1351 4968 1467 5023; x_wconf 89' lang='lat' dir='ltr'><strong>sine</strong></span> <span class='ocrx_word' id='word_1_681' title='bbox 1498 4958 1694 5040; x_wconf 89' lang='lat' dir='ltr'><strong>magno</strong></span> <span class='ocrx_word' id='word_1_682' title='bbox 1736 4970 1974 5038; x_wconf 78' lang='lat' dir='ltr'><strong>periculo</strong></span> <span class='ocrx_word' id='word_1_683' title='bbox 2000 4986 2082 5025; x_wconf 83' lang='lat' dir='ltr'><strong>re-</strong></span> 
     </span>
    </p>
   </div>
   <div class='ocr_carea' id='block_1_97' title="bbox 517 5046 2078 5127">
    <p class='ocr_par' dir='ltr' id='par_1_97' title="bbox 517 5046 2078 5127">
     <span class='ocr_line' id='line_1_97' title="bbox 517 5046 2078 5127; baseline 0.001 -16"><span class='ocrx_word' id='word_1_684' title='bbox 517 5057 840 5122; x_wconf 89' lang='lat' dir='ltr'><strong>mansimus,</strong></span> <span class='ocrx_word' id='word_1_685' title='bbox 880 5046 953 5112; x_wconf 86' lang='lat' dir='ltr'><strong>et</strong></span> <span class='ocrx_word' id='word_1_686' title='bbox 992 5056 1187 5122; x_wconf 84' lang='lat' dir='ltr'><strong>adhuc,</strong></span> <span class='ocrx_word' id='word_1_687' title='bbox 1232 5056 1371 5112; x_wconf 90' lang='lat' dir='ltr'><strong>sicut</strong></span> <span class='ocrx_word' id='word_1_688' title='bbox 1403 5057 1879 5127; x_wconf 42' lang='lat' dir='ltr'><strong>.desideravimns,</strong></span> <span class='ocrx_word' id='word_1_689' title='bbox 1936 5060 2078 5113; x_wconf 90' lang='lat' dir='ltr'><strong>ultra</strong></span> 
     </span>
    </p>
   </div>
   <div class='ocr_carea' id='block_1_98' title="bbox 1354 5298 1754 5326">
    <p class='ocr_par' dir='ltr' id='par_1_98' title="bbox 1354 5298 1754 5326">
     <span class='ocr_line' id='line_1_98' title="bbox 1354 5298 1754 5326; baseline 0 0"><span class='ocrx_word' id='word_1_690' title='bbox 1354 5299 1421 5326; x_wconf 68' lang='grc' dir='ltr'><strong>ιιι</strong></span> <span class='ocrx_word' id='word_1_691' title='bbox 1453 5298 1523 5326; x_wconf 79' lang='grc' dir='ltr'><strong>ΙΙΙ</strong></span> <span class='ocrx_word' id='word_1_692' title='bbox 1552 5298 1637 5326; x_wconf 73' lang='grc' dir='ltr'><strong>νγ</strong></span> <span class='ocrx_word' id='word_1_693' title='bbox 1654 5298 1754 5326; x_wconf 61' lang='lat' dir='ltr'><strong>VIII</strong></span> 
     </span>
    </p>
   </div>
   <div class='ocr_carea' id='block_1_99' title="bbox 777 5299 1230 5326">
    <p class='ocr_par' dir='ltr' id='par_1_99' title="bbox 777 5299 1230 5326">
     <span class='ocr_line' id='line_1_99' title="bbox 777 5299 1230 5326; baseline 0 0"><span class='ocrx_word' id='word_1_694' title='bbox 777 5302 926 5326; x_wconf 55' lang='lat' dir='ltr'><strong>:‘.-Alu</strong></span> <span class='ocrx_word' id='word_1_695' title='bbox 974 5313 1157 5326; x_wconf 62' lang='lat' dir='ltr'><strong>annua-aa.</strong></span> <span class='ocrx_word' id='word_1_696' title='bbox 1212 5299 1230 5326; x_wconf 75' lang='grc' dir='ltr'><strong>Ι</strong></span> 
     </span>
    </p>
   </div>
   <div class='ocr_carea' id='block_1_100' title="bbox 1834 5300 2200 5326">
    <p class='ocr_par' dir='ltr' id='par_1_100' title="bbox 1834 5300 2200 5326">
     <span class='ocr_line' id='line_1_100' title="bbox 1834 5300 2200 5326; baseline 0 0"><span class='ocrx_word' id='word_1_697' title='bbox 1834 5300 1927 5326; x_wconf 68' lang='lat' dir='ltr'><strong>-JJ</strong></span> <span class='ocrx_word' id='word_1_698' title='bbox 1999 5300 2055 5326; x_wconf 66' lang='lat' dir='ltr'><strong>De</strong></span> <span class='ocrx_word' id='word_1_699' title='bbox 2085 5316 2200 5326; x_wconf 65' lang='grc' dir='ltr'><strong>υ.--</strong></span> 
     </span>
    </p>
   </div>
   <div class='ocr_carea' id='block_1_101' title="bbox 2195 4415 3748 4488">
    <p class='ocr_par' dir='ltr' id='par_1_101' title="bbox 2195 4415 3748 4488">
     <span class='ocr_line' id='line_1_101' title="bbox 2195 4415 3748 4488; baseline -0.002 -17"><span class='ocrx_word' id='word_1_700' title='bbox 2195 4415 2432 4481; x_wconf 81' lang='lat' dir='ltr'><strong>firmate,</strong></span> <span class='ocrx_word' id='word_1_701' title='bbox 2460 4416 2817 4487; x_wconf 88' lang='lat' dir='ltr'><strong>omnibusque</strong></span> <span class='ocrx_word' id='word_1_702' title='bbox 2865 4417 3160 4488; x_wconf 85' lang='lat' dir='ltr'><strong>episcopis,</strong></span> <span class='ocrx_word' id='word_1_703' title='bbox 3190 4418 3504 4481; x_wconf 87' lang='lat' dir='ltr'><strong>abbatibus,</strong></span> <span class='ocrx_word' id='word_1_704' title='bbox 3551 4417 3748 4472; x_wconf 82' lang='lat' dir='ltr'><strong>clericis</strong></span> 
     </span>
    </p>
   </div>
   <div class='ocr_carea' id='block_1_102' title="bbox 2196 4508 3745 4580">
    <p class='ocr_par' dir='ltr' id='par_1_102' title="bbox 2196 4508 3745 4580">
     <span class='ocr_line' id='line_1_102' title="bbox 2196 4508 3745 4580; baseline 0 -18"><span class='ocrx_word' id='word_1_705' title='bbox 2196 4523 2261 4563; x_wconf 89' lang='lat' dir='ltr'><strong>ac</strong></span> <span class='ocrx_word' id='word_1_706' title='bbox 2286 4508 2440 4565; x_wconf 82' lang='lat' dir='ltr'><strong>l&#39;aicis</strong></span> <span class='ocrx_word' id='word_1_707' title='bbox 2474 4510 2525 4563; x_wconf 93' lang='lat' dir='ltr'><strong>in</strong></span> <span class='ocrx_word' id='word_1_708' title='bbox 2555 4518 2668 4564; x_wconf 92' lang='lat' dir='ltr'><strong>toto</strong></span> <span class='ocrx_word' id='word_1_709' title='bbox 2711 4524 2876 4580; x_wconf 88' lang='lat' dir='ltr'><strong>regno</strong></span> <span class='ocrx_word' id='word_1_710' title='bbox 2920 4509 3307 4573; x_wconf 88' lang='lat' dir='ltr'><strong>habitantibus,</strong></span> <span class='ocrx_word' id='word_1_711' title='bbox 3337 4518 3397 4563; x_wconf 93' lang='lat' dir='ltr'><strong>ut</strong></span> <span class='ocrx_word' id='word_1_712' title='bbox 3425 4509 3479 4563; x_wconf 78' lang='grc' dir='ltr'><strong>«ἰ</strong></span> <span class='ocrx_word' id='word_1_713' title='bbox 3514 4510 3745 4571; x_wconf 77' lang='lat' dir='ltr'><strong>ﬁdeliter.</strong></span> 
     </span>
    </p>
   </div>
   <div class='ocr_carea' id='block_1_103' title="bbox 2192 4584 3745 4674">
    <p class='ocr_par' dir='ltr' id='par_1_103' title="bbox 2192 4584 3745 4674">
     <span class='ocr_line' id='line_1_103' title="bbox 2192 4584 3745 4674; baseline -0.002 -18"><span class='ocrx_word' id='word_1_714' title='bbox 2192 4584 2336 4674; x_wconf 66' lang='lat' dir='ltr'><strong>sicut</strong></span> <span class='ocrx_word' id='word_1_715' title='bbox 2379 4602 2491 4671; x_wconf 82' lang='lat' dir='ltr'><strong>regi</strong></span> <span class='ocrx_word' id='word_1_716' title='bbox 2545 4609 2775 4671; x_wconf 90' lang='lat' dir='ltr'><strong>oportet,</strong></span> <span class='ocrx_word' id='word_1_717' title='bbox 2805 4600 3079 4666; x_wconf 83' lang='lat' dir='ltr'><strong>obediant,</strong></span> <span class='ocrx_word' id='word_1_718' title='bbox 3112 4614 3178 4653; x_wconf 78' lang='lat' dir='ltr'><strong>ex</strong></span> <span class='ocrx_word' id='word_1_719' title='bbox 3212 4609 3368 4670; x_wconf 89' lang='lat' dir='ltr'><strong>parte</strong></span> <span class='ocrx_word' id='word_1_720' title='bbox 3422 4602 3745 4671; x_wconf 80' lang='lat' dir='ltr'><strong>omnipoten-</strong></span> 
     </span>
    </p>
   </div>
   <div class='ocr_carea' id='block_1_104' title="bbox 2197 4692 3043 4764">
    <p class='ocr_par' dir='ltr' id='par_1_104' title="bbox 2197 4692 3043 4764">
     <span class='ocr_line' id='line_1_104' title="bbox 2197 4692 3043 4764; baseline -0.002 -16"><span class='ocrx_word' id='word_1_721' title='bbox 2197 4694 2268 4749; x_wconf 82' lang='lat' dir='ltr'><strong>tis</strong></span> <span class='ocrx_word' id='word_1_722' title='bbox 2294 4693 2388 4748; x_wconf 88' lang='lat' dir='ltr'><strong>Dei</strong></span> <span class='ocrx_word' id='word_1_723' title='bbox 2411 4694 2687 4764; x_wconf 70' lang='lat' dir='ltr'><strong>praecipite</strong></span> <span class='ocrx_word' id='word_1_724' title='bbox 2717 4692 2838 4747; x_wconf 74' lang='grc'><strong>⁸⁷⁸.»</strong></span> <span class='ocrx_word' id='word_1_725' title='bbox 3026 4746 3043 4757; x_wconf 66' lang='grc'><em>,</em></span> 
     </span>
    </p>
   </div>
   <div class='ocr_carea' id='block_1_105' title="bbox 2190 4781 3738 4859">
    <p class='ocr_par' dir='ltr' id='par_1_105' title="bbox 2190 4781 3738 4859">
     <span class='ocr_line' id='line_1_105' title="bbox 2190 4781 3738 4859; baseline -0.006 -18"><span class='ocrx_word' id='word_1_726' title='bbox 2190 4786 2195 4795; x_wconf 85' lang='grc'><strong>’</strong></span> <span class='ocrx_word' id='word_1_727' title='bbox 2262 4783 2385 4841; x_wconf 72' lang='grc'><strong>106.</strong></span> <span class='ocrx_word' id='word_1_728' title='bbox 2424 4804 2442 4837; x_wconf 70' lang='grc' dir='ltr'>ι</span> <span class='ocrx_word' id='word_1_729' title='bbox 2480 4783 2773 4857; x_wconf 86' lang='lat' dir='ltr'><strong>Gregorius</strong></span> <span class='ocrx_word' id='word_1_730' title='bbox 2822 4783 3104 4855; x_wconf 87' lang='lat' dir='ltr'><strong>episcopus</strong></span> <span class='ocrx_word' id='word_1_731' title='bbox 3138 4781 3334 4855; x_wconf 74' lang='lat' dir='ltr'><strong>(Gneo.</strong></span> <span class='ocrx_word' id='word_1_732' title='bbox 3368 4783 3477 4859; x_wconf 68' lang='lat' dir='ltr'><strong>VII,</strong></span> <span class='ocrx_word' id='word_1_733' title='bbox 3533 4782 3738 4853; x_wconf 66' lang='lat' dir='ltr'><strong>Regis&quot;.</strong></span> 
     </span>
    </p>
   </div>
   <div class='ocr_carea' id='block_1_106' title="bbox 2189 4868 3739 4949">
    <p class='ocr_par' dir='ltr' id='par_1_106' title="bbox 2189 4868 3739 4949">
     <span class='ocr_line' id='line_1_106' title="bbox 2189 4868 3739 4949; baseline -0.004 -16"><span class='ocrx_word' id='word_1_734' title='bbox 2189 4868 2268 4943; x_wconf 66' lang='lat' dir='ltr'><strong>iv,</strong></span> <span class='ocrx_word' id='word_1_735' title='bbox 2293 4877 2386 4949; x_wconf 73' lang='lat'><strong>2|)</strong></span> <span class='ocrx_word' id='word_1_736' title='bbox 2417 4892 2607 4935; x_wconf 85' lang='lat' dir='ltr'><strong>servus</strong></span> <span class='ocrx_word' id='word_1_737' title='bbox 2657 4892 2935 4933; x_wconf 88' lang='lat' dir='ltr'><strong>servorum</strong></span> <span class='ocrx_word' id='word_1_738' title='bbox 2970 4876 3086 4942; x_wconf 89' lang='lat' dir='ltr'><strong>Dei,</strong></span> <span class='ocrx_word' id='word_1_739' title='bbox 3121 4877 3335 4933; x_wconf 88' lang='lat' dir='ltr'><strong>dilectis</strong></span> <span class='ocrx_word' id='word_1_740' title='bbox 3363 4876 3433 4909; x_wconf 76' lang='grc'><strong>⁸⁷⁸</strong></span> <span class='ocrx_word' id='word_1_741' title='bbox 3463 4878 3513 4931; x_wconf 93' lang='lat' dir='ltr'><strong>in</strong></span> <span class='ocrx_word' id='word_1_742' title='bbox 3544 4876 3739 4932; x_wconf 75' lang='lat' dir='ltr'><strong>Christo</strong></span> 
     </span>
    </p>
   </div>
   <div class='ocr_carea' id='block_1_107' title="bbox 2191 4967 3732 5038">
    <p class='ocr_par' dir='ltr' id='par_1_107' title="bbox 2191 4967 3732 5038">
     <span class='ocr_line' id='line_1_107' title="bbox 2191 4967 3732 5038; baseline -0.003 -16"><span class='ocrx_word' id='word_1_743' title='bbox 2191 4968 2456 5026; x_wconf 81' lang='lat' dir='ltr'><strong>fratribus</strong></span> <span class='ocrx_word' id='word_1_744' title='bbox 2489 4969 2933 5038; x_wconf 75' lang='lat' dir='ltr'><strong>archiepiscopis,</strong></span> <span class='ocrx_word' id='word_1_745' title='bbox 2964 4969 3257 5038; x_wconf 88' lang='lat' dir='ltr'><strong>episcopis,</strong></span> <span class='ocrx_word' id='word_1_746' title='bbox 3290 4970 3539 5035; x_wconf 84' lang='lat' dir='ltr'><strong>ducibus,</strong></span> <span class='ocrx_word' id='word_1_747' title='bbox 3574 4967 3732 5023; x_wconf 76' lang='lat' dir='ltr'><strong>eunti-</strong></span> 
     </span>
    </p>
   </div>
   <div class='ocr_carea' id='block_1_108' title="bbox 2194 5056 3737 5123">
    <p class='ocr_par' dir='ltr' id='par_1_108' title="bbox 2194 5056 3737 5123">
     <span class='ocr_line' id='line_1_108' title="bbox 2194 5056 3737 5123; baseline -0.003 -10"><span class='ocrx_word' id='word_1_748' title='bbox 2194 5058 2355 5123; x_wconf 89' lang='lat' dir='ltr'><strong>tibus,</strong></span> <span class='ocrx_word' id='word_1_749' title='bbox 2380 5068 2435 5113; x_wconf 88' lang='lat' dir='ltr'><strong>et</strong></span> <span class='ocrx_word' id='word_1_750' title='bbox 2454 5059 2719 5114; x_wconf 86' lang='lat' dir='ltr'><strong>universis</strong></span> <span class='ocrx_word' id='word_1_751' title='bbox 2742 5057 2939 5112; x_wconf 88' lang='lat' dir='ltr'><strong>Christi</strong></span> <span class='ocrx_word' id='word_1_752' title='bbox 2966 5057 3234 5123; x_wconf 83' lang='lat' dir='ltr'><strong>ﬁdelibus,</strong></span> <span class='ocrx_word' id='word_1_753' title='bbox 3260 5058 3477 5116; x_wconf 87' lang='lat' dir='ltr'><strong>clericis</strong></span> <span class='ocrx_word' id='word_1_754' title='bbox 3500 5068 3554 5114; x_wconf 87' lang='lat' dir='ltr'><strong>et</strong></span> <span class='ocrx_word' id='word_1_755' title='bbox 3575 5056 3737 5119; x_wconf 82' lang='lat' dir='ltr'><strong>laicis,</strong></span> 
     </span>
    </p>
   </div>
   <div class='ocr_carea' id='block_1_109' title="bbox 1802 5189 2484 5246">
    <p class='ocr_par' dir='ltr' id='par_1_109' title="bbox 1802 5189 2484 5246">
     <span class='ocr_line' id='line_1_109' title="bbox 1802 5189 2484 5246; baseline 0.003 -3"><span class='ocrx_word' id='word_1_756' title='bbox 1802 5189 2033 5244; x_wconf 67' lang='lat' dir='ltr'><strong>VARI/IS</strong></span> <span class='ocrx_word' id='word_1_757' title='bbox 2084 5190 2484 5246; x_wconf 76' lang='lat' dir='ltr'><strong>LECTIONES.</strong></span> 
     </span>
    </p>
   </div>
   <div class='ocr_carea' id='block_1_110' title="bbox 2248 5301 3711 5326">
    <p class='ocr_par' dir='ltr' id='par_1_110' title="bbox 2248 5301 3711 5326">
     <span class='ocr_line' id='line_1_110' title="bbox 2248 5301 3711 5326; baseline 0 0"><span class='ocrx_word' id='word_1_758' title='bbox 2248 5302 2473 5326; x_wconf 72' lang='lat' dir='ltr'><strong>-...&#39;-a..l..</strong></span> <span class='ocrx_word' id='word_1_759' title='bbox 2504 5301 2620 5326; x_wconf 64' lang='grc' dir='ltr'><strong>λυ..</strong></span> <span class='ocrx_word' id='word_1_760' title='bbox 2653 5318 2774 5326; x_wconf 62' lang='grc' dir='ltr'><strong>--μμ</strong></span> <span class='ocrx_word' id='word_1_761' title='bbox 2849 5303 2945 5326; x_wconf 64' lang='lat' dir='ltr'><strong>In!</strong></span> <span class='ocrx_word' id='word_1_762' title='bbox 2998 5313 3036 5326; x_wconf 68' lang='lat' dir='ltr'><strong>-n</strong></span> <span class='ocrx_word' id='word_1_763' title='bbox 3074 5302 3171 5326; x_wconf 69' lang='lat' dir='ltr'><strong>AM</strong></span> <span class='ocrx_word' id='word_1_764' title='bbox 3241 5304 3387 5326; x_wconf 62' lang='lat'><strong>-11....</strong></span> <span class='ocrx_word' id='word_1_765' title='bbox 3432 5322 3483 5326; x_wconf 86' lang='lat'><strong>_._</strong></span> <span class='ocrx_word' id='word_1_766' title='bbox 3540 5323 3549 5326; x_wconf 91' lang='lat'><strong><em>_</em></strong></span> <span class='ocrx_word' id='word_1_767' title='bbox 3591 5309 3711 5326; x_wconf 68' lang='grc' dir='ltr'><strong>ιιι-ιι</strong></span> 
     </span>
    </p>
   </div>
  </div>
