3926 5326
113 406 223 463 561

1362 410 1449 467 DE
1491 410 1711 470 BELLO
1751 414 2108 472 SAXONICO.

3274 409 3378 468 562

121 532 244 576 tam
290 521 588 589 majoribus
614 536 773 592 quam
822 521 1125 578 minoribus
1159 520 1211 576 in
1248 538 1413 594 regno
1460 524 1697 582 'l'hcnto-
1730 533 1775 592 Α
1807 530 1970 584 Scitis
1993 538 2194 593 autem,
2226 528 2423 583 fratres
2445 526 2733 591 carissimi,
2765 526 2888 597 quia
2918 542 2983 582 ex
3011 541 3117 597 quo
3140 533 3378 599 tempore

117 614 380 667 nieorum
438 613 895 679 consistentibus,
962 614 1190 669 salutem
1249 624 1306 670 et
1352 617 1701 686 apostolicam

113 702 586 758 benedictionem.
635 701 828 758 Notum
854 703 969 758 fieri
1001 703 1150 758 vobis
1187 703 1454 768 volumus,
1506 705 1703 764 fratres

112 794 426 858 carissimi,
459 794 585 865 quia
616 794 806 867 legatis
829 796 1050 860 nostris,-
1092 796 1407 851 Bcrnhardo
1434 798 1505 831 δθο
1544 799 1694 854 vidc-

112 883 250 939 licet
303 894 507 941 sancta:
564 886 820 941 Romanae
874 886 1129 943 Ecclesia:
1181 888 1322 943 fideli
1356 888 1464 943 lilio
1496 890 1694 945 ctdia—

111 989 283 1042 cono,
332 977 573 1045 itemque
609 976 922 1032 Bcrnhardo
945 976 1014 1008 ““
1060 976 1241 1033 abbati
1278 976 1348 1010 ’⁸⁸³
1395 977 1697 1034 Massilien-

115 1066 199 1122 sis
229 1068 550 1122 monasterii
608 1067 864 1138 religioso
908 1067 1274 1138 praecipimus,
1320 1078 1376 1123 nt
1406 1077 1701 1138 utrumque

112 1169 335 1226 regem,
367 1155 679 1211 Heinrieum
733 1156 986 1212 videlicet
1033 1166 1089 1211 et
1125 1155 1437 1223 Rodulfum,
1475 1167 1569 1211 aut
1608 1171 1704 1226 per

112 1260 180 1299 se
212 1254 311 1300 aut
339 1262 441 1316 per
476 1248 698 1303 idoneos
746 1247 986 1313 nuntios,
1038 1248 1391 1313 admoneant,
1438 1258 1705 1318 quatenus

112 1339 266 1393 viam
327 1339 491 1394 michi
522 1354 619 1410 pro
661 1338 998 1395 discutienda
1039 1341 1275 1411 negotio,
1322 1340 1462 1410 quod
1514 1354 1705 1410 pecca-

114 1432 188 1487 tis
232 1431 559 1488 facientibus
609 1433 750 1487 inter
802 1448 895 1488 eos
916 1442 1093 1489 ortum
1159 1443 1263 1499 est,
1304 1436 1370 1489 ad
1432 1450 1550 1498 vos,
1594 1436 1704 1491 Deo

110 1526 365 1591 favente.
433 1542 627 1582 secure
686 1526 935 1582 veniendi
1007 1528 1303 1597 praebeant.
1381 1529 1437 1583 In
1509 1544 1701 1600 magna

111 1621 264 1675 enim
320 1622 548 1676 tristitia
596 1631 652 1678 et
690 1622 875 1678 dolore
932 1637 1029 1678 cor
1071 1632 1315 1679 nostrum
1371 1622 1612 1686 ﬂuctuat,
1656 1625 1700 1680 si

112 1730 218 1783 per
249 1714 411 1769 unius
458 1713 698 1769 hominis
744 1714 1055 1784 superbiam
1109 1723 1187 1769 tot
1234 1714 1382 1769 milia
1420 1716 1699 1770 hominum

110 1806 558 1862 Christianorum
600 1796 883 1878 temporali
920 1817 976 1863 et
1014 1817 1233 1863 :ctcrnze
1284 1810 1443 1865 morti
1480 1812 1700 1865 tradun-

1805 617 1875 671 ab
1901 617 2045 673 Urbe
2064 617 2353 680 exivimus,
2385 619 2438 670 in
2469 631 2666 688 magno
2691 616 2929 687 periculo
2960 618 3100 671 inter
3126 618 3378 675 inimicos

1804 708 2127 764 Christianae
2173 708 2294 763 fidei
2339 708 2656 772 mansimus,
2687 718 2740 763 ct
2769 719 2946 763 tamen
3000 718 3200 765 neutro
3242 726 3377 781 pra:-

1803 800 2070 858 dictorum
2108 817 2313 872 regum,
2344 817 2517 871 neque
2560 810 2771 856 terrore
2799 817 2973 871 neque
3013 816 3198 858 amore
3228 804 3377 870 llexi,

1805 894 2021 964 aliquod
2061 905 2250 949 contra
2292 892 2565 961 justitiam
2614 892 2942 964 adjutorium
3005 894 3375 963 promisimus.

1806 986 1972 1057 Magis
1991 986 2135 1041 enim
2171 986 2419 1039 volumus
2450 994 2702 1047 mortem,
2730 985 2774 1039 si
2799 993 3010 1055 oportet
3043 983 3134 1048 ⁸⁸⁸.
3168 984 3374 1045 subire.

1805 1094 1967 1151 quam
2012 1078 2231 1150 propria
2263 1076 2538 1132 voluntate
2567 1076 2788 1143 devicti,
2835 1088 2887 1131 ut
2917 1076 3160 1133 Ecclesia
3189 1076 3280 1132 Dei
3308 1076 3377 1132 ad

1806 1172 2178 1228 confusionem
2234 1169 2433 1233 veniat,
2490 1169 2821 1223 consentire.
2870 1168 2951 1221 Ad
2984 1168 3084 1223 hoc
3110 1168 3255 1223 enim
3278 1182 3380 1222 nos

1806 1265 2087 1320 ordinatos
2142 1270 2199 1317 et
2247 1262 2300 1317 in
2350 1260 2645 1331 apostolica
2702 1260 2830 1315 sede
2878 1261 3204 1315 constitutos
3258 1274 3379 1317 esse

1806 1354 2209 1428 cognoscimus,
2238 1360 2297 1406 ut
2326 1351 2381 1406 in
2434 1351 2537 1407 hac
2564 1352 2695 1417 vita,
2726 1366 2832 1405 non
2861 1366 2982 1421 quae
3029 1363 3242 1416 nostra,
3281 1350 3379 1406 sed

1806 1462 1927 1517 quae
1953 1445 2080 1502 Jcsu
2122 1443 2323 1500 Clu-isti
2374 1452 2522 1507 sunt,
2573 1458 2902 1512 quaeramus,
2953 1451 3008 1498 et
3047 1459 3143 1513 per
3179 1441 3378 1497 multos

1805 1538 2018 1593 labores
2038 1544 2250 1606 patrum
2302 1534 2528 1606 vestigia
2571 1533 2636 1566 δ”
2695 1544 3003 1604 sequentes,
3048 1535 3115 1589 ad
3142 1535 3376 1589 futuram

1804 1638 1859 1693 et
1884 1638 2144 1684 aeternam
2168 1629 2426 1699 quietem,
2453 1629 2561 1683 Dco
2592 1628 2885 1683 miserante
2914 1629 3194 1683 tendamus
3221 1626 3313 1682 δ”.
3354 1647 3374 1680 ι

1874 1720 1996 1776 107.
2034 1721 2283 1791 Acceptis
2306 1722 2389 1776 his
2418 1720 2637 1787 litteris,
2667 1720 3013 1776 Bernhardus
3029 1720 3098 1753 ⁵⁸³
3127 1721 3379 1776 cardina-

1802 1812 1899 1879 lis,
1934 1811 2074 1883 quod
2098 1811 2200 1867 sibi
2228 1812 2524 1882 injunctum
2546 1822 2650 1876 est,
2673 1813 2979 1882 exequitur.
3010 1813 3079 1866 At
3109 1819 3382 1867 nostrates

116 1911 226 1965 tur,
252 1909 307 1956 et
335 1898 649 1956 Christiana
686 1900 875 1970 religio
923 1900 1293 1965 confunditur,
1322 1910 1378 1956 et
1400 1901 1469 1934 ⁸⁸³
1499 1901 1699 1956 Roma-
1734 1881 1777 1940 Β
1805 1918 1925 1959 cum
1953 1881 2116 1972 ipsas
2145 1881 2354 1957 litteras
2405 1903 2773 1972 accepissent,
2797 1881 2835 1957 7a
2880 1916 3072 1971 magna
3101 1916 3197 1973 spe
3222 1916 3383 1973 quam

114 2008 247 2046 num
292 1991 583 2062 imperium
632 1991 699 2045 ad
745 1992 1101 2061 perditionem
1155 1992 1494 2061 perducitur.
1546 1991 1698 2048 Uter-

114 2099 224 2153 que
250 2099 489 2153 namque
537 2098 632 2138 rex
663 2098 692 2137 a
721 2082 896 2147 nobis,
928 2083 1094 2138 immo
1121 2083 1189 2137 ab
1228 2083 1519 2153 apostolica
1548 2084 1696 2147 sede,

110 2180 200 2234 cui
237 2179 363 2232 licet
405 2177 613 2247 indigni
645 2172 1021 2247 prmsidcmus,
1070 2176 1399 2244 adjutorium
1449 2175 1696 2246 requirit,

110 2280 168 2327 et
194 2285 298 2325 nos
331 2272 397 2325 de
426 2268 801 2325 misericordia
830 2268 1219 2338 omnipotentis
1237 2270 1329 2325 Dei
1352 2280 1406 2326 et
1434 2268 1700 2338 adjutorio

111 2362 258 2418 beati
311 2362 461 2417 Petri
493 2360 854 2427 confidentes,
896 2362 1072 2430 parati
1124 2379 1312 2418 sumus
1366 2378 1487 2417 cum
1520 2370 1701 2416 vestro

111 2452 363 2517 consilio,
405 2452 501 2506 nui
553 2452 720 2506 Deum
767 2451 970 2505 timetis
1021 2464 1075 2507 et
1130 2452 1495 2508 Christianam
1539 2453 1702 2511 fidem

114 2543 368 2614 diligitis,
399 2544 713 2613 :rquitatem
743 2561 921 2601 causae
974 2546 1251 2615 utrimque
1302 2543 1620 2607 decernere,
1648 2552 1701 2599 ct

112 2634 164 2688 ci
197 2635 444 2704 prteberc
476 2634 761 2700 auxilium,
800 2636 885 2691 cui
918 2634 1129 2705 justitia
1155 2634 1222 2688 ad
1253 2634 1401 2703 regni
1431 2635 1701 2705 guberna-

114 2724 239 2778 cula
293 2722 482 2779 favere
508 2723 580 2756 ⁸⁸⁸
608 2725 929 2781 dinoscitur.
993 2726 1338 2797 Quapropter
1367 2725 1412 2779 si
1442 2724 1702 2779 alteruter

116 2830 308 2870 eorum
338 2814 597 2885 superbia
642 2814 881 2885 inflatus,
908 2817 1090 2888 aliquo
1144 2818 1385 2890 ingenio,
1415 2818 1703 2887 quominus

118 2905 188 2961 ad
212 2920 310 2961 vos
333 2904 524 2961 venire
556 2906 849 2976 possimus,
897 2906 1193 2971 obstiterit,
1219 2916 1273 2963 et
1323 2908 1390 2963 de
1429 2922 1524 2962 sua
1564 2906 1703 2977 inju-

118 2998 262 3053 stitia
293 2998 499 3054 timens
545 2997 809 3067 judicium
865 3001 1035 3056 sancti
1088 3000 1329 3071 Spiritus
1350 3000 1421 3033 ⁸⁸⁸
1445 2999 1704 3072 refugerit

118 3090 439 3144 lnobediens
492 3088 690 3156 factus,
734 3091 1040 3148 resistendo
1081 3101 1288 3147 sanctae
1322 3100 1378 3147 et
1403 3092 1699 3147 universali

118 3181 276 3235 matri
324 3180 609 3247 Ecclesiae,
638 3183 779 3237 hunc
829 3182 985 3237 velud
1025 3183 1326 3238 membrum
1378 3182 1700 3237 Antichristi

118 3280 171 3327 et
199 3272 566 3329 desolaterem
590 3271 915 3330 Christianae
936 3274 1210 3347 religionis
1235 3275 1621 3346 contempnitc,
1646 3284 1702 3330 et

119 3366 448 3419 sententiam
481 3379 645 3435 quam
703 3366 873 3422 nostri
923 3365 1085 3437 legati
1136 3375 1327 3422 contra
1371 3350 1702 3422 eum‘nostra

117 3458 233 3512 vice
256 3457 515 3513 dederint
538 3467 878 3524 conservate,
907 3461 1141 3515 scientes
1171 3460 1298 3531 quia
1343 3460 1485 3515 Deus
1517 3475 1705 3529 super-

118 3549 203 3603 bis
224 3549 764 3615 resistit,humilibus
789 3561 968 3606 autem
991 3551 1082 3605 dat
1106 3551 1331 3620 gratiam
1359 3550 1499 3622 (Jac.
1526 3567 1600 3617 tv,
1625 3552 1701 3624 6).

117 3639 284 3719 Alteri
304 3655 441 3695 vero
460 3641 552 3709 qui
570 3640 715 3696 sem
739 3642 1018 3698 humiliter
1047 3643 1320 3707 habuerit,
1344 3655 1399 3697 et
1416 3641 1701 3710 judicium,

119 3729 400 3785 decretum
436 3747 569 3786 vero
593 3747 622 3784 a
646 3731 851 3793 Spiritu
894 3741 1102 3798 sancto,
1150 3748 1248 3802 per
1294 3749 1394 3789 nos
1421 3733 1490 3765 δ”
1525 3744 1703 3787 autem

116 3823 415 3891 prolatum,
433 3835 539 3877 non
555 3825 1033 3894 contec‘pserit,-—
1048 3823 1409 3878 indubitanter
1423 3823 1567 3879 enim
1585 3826 1721 3879 crc-'

118 3913 321 3979 dimus,
346 3912 678 3984 ubicumqm
702 3914 771 3948 ια
791 3914 899 3969 duo
923 3914 1004 3969 vel
1029 3925 1137 3969 tres
1160 3915 1213 3968 in
1250 3915 1467 3969 nomine
1490 3913 1705 3968 Domini

117 4004 435 4076 congregati
459 4003 681 4068 fuerint,
713 4005 855 4074 quod
887 4005 1172 4075 przcsentia
1197 4003 1709 4073 ejusillumiuantur

117 4093 343 4163 (Matth.
358 4110 510 4160 svnt,
524 4093 621 4165 20)
635 4126 705 4136 —
719 4095 816 4159 illi,
832 4096 1077 4165 inquam,
1093 4095 1373 4150 servitium
1389 4104 1444 4149 et
1457 4107 1708 4149 reveren-

120 4186 250 4238 tiam
274 4186 576 4241 secundum
591 4185 735 4255 quod
760 4185 928 4241 nostri
953 4185 1160 4255 praefati
1188 4185 1347 4257 legati
1371 4185 1713 4241 decreverint

117 4275 383 4342 exbihite,
412 4275 726 4331 adnitentes
751 4285 804 4332 et
835 4277 1009 4332 modis
1033 4276 1286 4332 omnibus
1313 4276 1362 4330 ei
1395 4277 1709 4346 obsequen-

116 4377 223 4434 tes,
254 4377 318 4421 ut
349 4368 554 4438 regiam
600 4367 920 4438 dignitatem
974 4370 1202 4424 honeste
1247 4369 1421 4439 possit
1463 4367 1713 4422 obtinere

115 4471 171 4516 et
200 4469 415 4517 sanctze
442 4460 704 4517 Ecclesia:
755 4460 868 4530 jam
928 4476 1065 4533 pene
1114 4461 1316 4518 labenti
1366 4456 1710 4518 succurrere.

1802 1995 1855 2048 iu
1886 1993 2179 2064 apostolica
2204 2002 2353 2063 petra
2380 2002 2690 2064 posuerant,
2719 1994 3056 2059 exciderunt,
3080 1993 3207 2063 quia
3236 1993 3385 2063 prius

1800 2080 1995 2141 ctelum
2026 2093 2173 2139 stare
2200 2083 2283 2139 vel
2317 2093 2515 2140 terram
2542 2085 2884 2140 crediderant
2907 2084 3028 2141 cmli
3077 2084 3237 2139 modo
3267 2100 3385 2139 rno-

1798 2173 1946 2241 veri,
2002 2191 2163 2246 quam
2210 2176 2519 2232 cathedram
2568 2176 2712 2232 Petri
2744 2176 2995 2231 amittere
3023 2175 3385 2230 constantiam

1800 2267 1968 2322 Petri.
2018 2267 2128 2323 llas
2159 2283 2288 2338 ergo
2318 2268 2528 2323 litteras
2569 2268 2617 2324 ei
2651 2268 3009 2333 remiserunt,
3037 2267 3233 2337 quibus
3259 2280 3382 2321 eum

1802 2358 2041 2427 ancillm,
2092 2360 2375 2429 praesentis
2441 2359 2649 2414 scilicet
2703 2360 2857 2423 vitae,
2910 2359 3257 2430 perterritum
3322 2357 3388 2412 ti-

1804 2464 1983 2515 more,
2052 2450 2206 2518 quasi
2265 2464 2395 2504 voce
2457 2448 2581 2519 galli
2645 2448 2931 2505 clamantis
3003 2447 3274 2510 excitare,
3332 2455 3388 2500 et.

1804 2550 2055 2610 respectu
2095 2540 2298 2595 Christi
2327 2539 2691 2595 confortatum
2734 2540 2800 2594 ad
2846 2539 3084 2610 pristinae
3110 2538 3385 2619 virtutem

1802 2632 2122 2687 constantiae
2168 2646 2423 2686 revocare
2488 2630 2815 2686 voluerunt:
2878 2636 2881 2637 ⁷

1876 2723 1997 2779 ιία8.
2045 2743 2062 2775 ι
2103 2723 2307 2778 Domno
2339 2722 2638 2792 apostolico
2666 2731 2721 2776 et
2749 2720 3044 2776 venerabili
3074 2732 3224 2791 papte
3249 2716 3387 2774 Gre-

1803 2816 1984 2889 gorio,
2012 2815 2155 2871 beati
2182 2813 2330 2870 Petri
2345 2813 2418 2846 m
2448 2812 2635 2868 fideles
2656 2820 2712 2867 et
2731 2811 2837 2877 sui,
2866 2819 3073 2866 tantum
3105 2807 3386 2866 servitutis

1804 2918 2065 2981 quantum
2109 2906 2355 2978 oppressi
2399 2904 2601 2960 valent.
2634 2902 2827 2960 Multas
2849 2901 3142 2973 jamhuic
3182 2909 3386 2957 sancta

1804 3001 1918 3057 sedi
1954 3015 2051 3071 pro
2080 2998 2309 3054 diversis
2338 2996 2744 3053 calamitatibus
2788 2995 2991 3052 nostris
3019 2992 3389 3065 querimonias

1806 3091 2174 3161 exposuimus.
2221 3087 2374 3157 Quod
2416 3094 2595 3142 autem
2650 3086 2887 3141 nondum
2935 3083 3137 3153 aliquid
3162 3080 3388 3151 iustitia:

1808 3184 1889 3240 vel
1921 3182 2307 3239 consolationis
2347 3179 2624 3235 consecuti
2656 3193 2873 3244 sumus,
2917 3192 3022 3232 non
3056 3184 3162 3230 tam
3193 3182 3388 3229 vestra:

1806 3274 2079 3333 sanctitati
2104 3284 2264 3342 quam
2292 3270 2493 3326 nostris
2512 3269 2748 3340 peccatis
2772 3270 3117 3337 imputamus.
3145 3264 3201 3319 Si
3226 3263 3389 3334 igitur

1807 3376 1996 3423 nostro
2021 3363 2250 3420 consilio
2299 3361 2353 3418 et
2398 3361 2617 3432 propria
2664 3359 3056 3415 deliberatione
3104 3371 3253 3420 rem,
3284 3369 3385 3426 pro

1806 3475 1911 3530 qua
1938 3464 2084 3511 tanta
2108 3455 2249 3509 mala
2264 3468 2359 3509 nos
2383 3453 2723 3517 invenerunt,
2741 3450 2977 3522 aggressi
2991 3440 3384 3511 mfuisser'nus,

1808 3552 1990 3607 minus
2014 3548 2239 3603 moleste
2268 3545 2549 3601 ferendum
2579 3553 2757 3609 esset,
2787 3542 2830 3597 si
2857 3543 2924 3596 ad
2955 3536 3411 3597 succurrendum'

1810 3642 1966 3695 nobis
1987 3648 2162 3694 vestra
2187 3636 2426 3707 gravitas
2448 3651 2506 3690 se
2528 3634 2733 3688 tardius
2748 3633 3003 3702 erigeret.
3022 3630 3176 3686 Nunc
3203 3636 3387 3683 autem

1811 3730 2081 3785 sarcinam
2112 3726 2255 3781 illam
2280 3740 2440 3794 quam
2466 3723 2578 3779 sola
2611 3733 2789 3778 vestra
2820 3720 3387 3791 auctoritatejubente

1810 3819 2174 3890 suscepimus,
2200 3816 2389 3870 eadem
2433 3827 2649 3885 quoque
2690 3828 2909 3867 manum
2942 3818 3277 3881 supponente
3308 3809 3388 3863 le-

1810 3908 1981 3980 vigari
2006 3906 2264 3978 oportuit.
2284 3903 2462 3960 Testis
2481 3912 2564 3958 est
2588 3901 2901 3958 excellentia
2918 3910 3098 3956 vestra
3116 3910 3174 3954 et
3194 3899 3390 3953 littera:

1811 4009 2028 4063 vestrae,
2047 4013 2183 4067 quas
2206 3996 2259 4050 in
2281 3994 2648 4049 testimonium
2682 3992 2971 4055 habemus,
2986 3991 3111 4060 quia
3132 3985 3391 4058 nequem

1813 4091 2038 4148 consilio
2067 4098 2252 4144 nostro
2280 4100 2380 4142 nec
2407 4088 2568 4141 etiam
2602 4100 2701 4155 pro
2729 4097 2893 4140 causa
2918 4089 3137 4147 nostra,
3167 4079 3260 4134 sed
3289 4091 3390 4148 pro

1814 4182 1978 4239 illatis
2009 4181 2124 4237 sedi
2154 4177 2468 4249 apostolicae
2495 4175 2710 4245 injuriis
2756 4189 2940 4245 regem
2971 4164 3389 4240 nostrum'regia

1815 4273 2075 4345 dignitate
2096 4269 2371 4342 privastis,
2393 4266 2660 4336 nobisque
2684 4265 2938 4320 onmibus
2964 4260 3193 4318 terribili
3225 4259 3394 4314 inter-

1815 4365 2143 4428 minatione,
2175 4376 2241 4416 ne
2270 4360 2320 4415 ei
2351 4360 2491 4414 sicut
2520 4359 2633 4428 regi
2660 4357 2984 4420 serviamus,
3014 4350 3392 4411 interdixistis,

1815 4466 1871 4515 et
1901 4470 2091 4513 omnes
2115 4453 2453 4508 Christianos
2486 4465 2519 4505 a
2563 4448 2788 4504 vinculo
2807 4444 3103 4519 juramenti
3129 4484 3143 4509 ,
3176 4441 3320 4511 quod
3341 4440 3394 4496 ei

115 4551 245 4607 Non
274 4553 423 4608 enim
452 4568 481 4607 a
515 4552 683 4608 corde
719 4529 903 4608 vestro
928 4529 999 4586 λε’
1022 4572 1025 4575 ν
1049 4553 1208 4608 debet
1263 4552 1536 4617 excidere,
1567 4549 1712 4620 quod
1742 4563 1795 4626 ι)
1819 4547 2066 4604 fecerunt
2088 4544 2172 4600 vel
2196 4543 2429 4606 facient,
2456 4539 2785 4605 absolviStis,
2814 4537 3011 4613 deinde
3038 4548 3161 4591 eum
3184 4529 3399 4588 vinculo

116 4645 213 4715 qui
252 4643 566 4713 apostolicae
602 4643 719 4698 sedi
752 4644 977 4700 obedire
1001 4643 1357 4714 contempnit,
1383 4642 1561 4698 scelus
1589 4641 1707 4697 ideo

118 4736 365 4792 lolatrim
396 4735 648 4800 incurrit,
683 4744 739 4791 et
769 4737 912 4807 quod
940 4737 1135 4791 beatus
1169 4733 1486 4806 Gregorius,
1516 4734 1712 4788 doctor

119 4835 357 4883 sanctus
379 4834 435 4880 et
469 4825 831 4892 humillimus,
862 4841 1017 4895 reges
1062 4824 1304 4881 decrevit
1328 4839 1359 4878 a
1386 4823 1499 4879 suis
1530 4822 1725 4894 digni-'

123 4915 341 4971 tatibus
367 4917 565 4972 cadere
597 4925 653 4972 et
677 4913 1103 4986 participatione
1130 4913 1377 4984 corporis
1411 4922 1467 4969 et
1492 4912 1715 4981 sangui-

126 5008 215 5061 uis
249 5006 457 5063 Domini
489 5007 668 5073 nostri
719 5006 846 5063 Jesu
875 5005 1079 5063 Christi
1103 5019 1316 5071 carere,
1347 5006 1391 5061 si
1417 5016 1713 5075 praesume-

128 5108 262 5154 rent
308 5096 627 5171 apOSIolicaa
684 5099 831 5155 sedis
905 5099 1129 5155 decreta
1199 5106 1601 5168 contempnere.
1655 5095 1715 5150 Si

1817 4636 2184 4694 anathematis
2211 4633 2492 4705 alligastis.
2518 4631 2576 4687 ln
2602 4631 2687 4686 his
2718 4629 2972 4686 omnibus
2996 4634 3192 4683 vestrae
3219 4632 3401 4694 pater-

1816 4723 1975 4786 nitati
2018 4742 2142 4784 cum
2188 4740 2383 4796 magno
2431 4723 2675 4794 periculo
2719 4730 2909 4777 nostro
2936 4718 3030 4784 δ”,
3076 4717 3220 4794 sicut
3261 4714 3403 4769 nunc

1817 4830 1996 4893 patet,
2043 4817 2415 4881 obedivimus;
2468 4824 2526 4869 et
2561 4812 2690 4893 quia
2729 4812 2907 4867 eidem
2940 4806 3185 4876 deposito
3230 4803 3298 4859 ad
3329 4802 3411 4893 tes.

1817 4830 1996 4893 patet,
2043 4828 2415 4881 obeutvnnus;
2468 4828 2526 4869 et
2602 4828 2690 4866 ma
2729 4828 2907 4867 ciuem
2940 4828 3185 4876 uepOSIw
3230 4828 3298 4859 au
3332 4828 3401 4838 τνν

1817 4910 2206 4982 depositionem
2232 4914 2468 4961 vestram
2491 4828 2616 4969 ολ)
2643 4902 2844 4983 ceteris
2868 4894 3200 4954 concordare
3226 4890 3406 4955 notui-

1819 5019 1977 5067 mus,
2007 5008 2209 5055 tentant
2262 4998 2316 5052 in
2359 4995 2595 5051 nobis‘”
2636 4993 3021 5049 crudelitatem
3047 4985 3321 5047 exercuit,
3351 4990 3412 5034 ut

1816 5094 2165 5169 quamplures
2221 5104 2287 5145 ex
2340 5090 2578 5153 nostris,
2624 5084 2834 5143 amissa
2881 5078 3029 5137 omni
3075 5073 3373 5169 substantia
3397 5109 3414 5132 ,

2167 5180 2267 5200 ι--
2310 5181 2607 5200 --...----9Ᾱ..
2656 5176 2976 5200 “AnAn.-.”
3050 5174 3098 5200 nl
3130 5163 3266 5200 “lin:
3293 5174 3419 5200 eam:
