3926 5326
513 347 624 411 365

1477 350 1823 407 BRUNONiS
1863 346 2129 406 CLERICI
2172 343 2795 403 ΜΑΟΒΕΒΗΒΕΕΝΞΙΞ

3684 344 3780 400 δω

522 459 622 527 Qui
655 466 836 515 autem
882 457 1083 514 residui
1128 466 1281 525 sunt,
1313 459 1380 515 de
1428 460 1535 517 vita
1579 461 1802 518 cottidie
1852 458 2099 525 solliciti,
2133 461 2177 521 Α
2206 457 2474 514 sariorum
2510 457 2667 529 culpa
2697 458 2750 514 in
2780 457 2935 513 nobis
2961 457 3205 526 cuditur,
3234 459 3365 517 dum
3393 465 3599 514 nostrae
3621 460 3778 531 negli-
3806 449 3827 512 ΐ

516 555 643 608 vitae
670 551 910 608 subsidia
938 566 1075 622 pene
1106 551 1285 607 omnia
1318 551 1639 608 amiserunt.
1670 552 1775 609 Sed
1804 566 1929 608 cum
1959 549 2103 605 nulla

516 662 619 705 nos
647 645 1019 717 persecutione
1047 651 1231 714 posset
1254 658 1534 714 superare,
1560 654 1850 714 superatus
1880 651 1963 698 est
1989 641 2101 708 ille,

512 750 575 796 ιιι
609 740 735 793 licet
760 737 949 793 nolens
980 751 1133 792 suam
1162 736 1316 792 vobis
1362 736 1712 807 praesentiam
1740 736 2025 791 exhiberet
2049 741 2105 790 et

512 831 566 885 ei
603 844 764 901 quem
811 826 1157 882 inhonoravit
1198 842 1320 882 cum
1384 841 1484 882 suo
1532 826 1799 882 dedecore
1843 824 2103 881 honorem

512 920 869 991 impenderet.
904 918 1009 974 Pro
1058 932 1166 990 quo
1215 917 1401 973 labore
1442 918 1587 977 hunc
1631 916 1866 972 fructum
1899 914 2106 985 recepi-

511 1028 664 1078 mus,
692 1011 835 1082 quod
858 1010 949 1065 ille
968 1050 985 1078 ,
1011 1010 1103 1080 qui
1132 1025 1255 1065 cum
1279 1008 1522 1077 periculo
1552 1008 1858 1063 animarum
1891 1013 2105 1061 nostra-

509 1119 632 1157 rum
656 1093 881 1172 vestigia
903 1101 1101 1171 pedum
1125 1109 1429 1154 vestrorum
1442 1098 1515 1130 ⁵⁰⁰
1538 1098 1770 1153 adorare
1793 1093 2104 1164 compulsus

511 1203 631 1259 est,
664 1194 871 1264 absque
902 1199 1095 1246 nostro
1123 1190 1354 1246 consilio
1382 1199 1436 1245 et
1484 1188 1604 1245 sine
1638 1186 1978 1243 correctione
2004 1184 2102 1242 ab-

511 1285 756 1350 solutus,
800 1281 869 1339 ad
916 1282 1221 1337 nocendum
1276 1281 1433 1336 nobis
1495 1280 1803 1337 libertatem
1876 1276 2100 1346 recepit.

511 1377 756 1448 Cumque
802 1375 889 1431 illa
944 1375 1306 1430 anathematis
1354 1372 1622 1429 absolutio
1669 1387 1767 1442 per
1816 1367 2102 1440 epistolam

513 1477 752 1523 vestram
778 1466 936 1522 nobis
978 1465 1377 1530 innotescerct,
1412 1464 1477 1519 de
1504 1461 1770 1518 sententia
1806 1461 1954 1531 regni
1983 1474 2105 1529 qua:

511 1561 566 1616 in
594 1576 717 1616 eum
754 1558 1024 1630 processit
1059 1558 1228 1612 nichil
1263 1565 1526 1612 mutatum
1556 1570 1675 1612 esse
1705 1553 2100 1617 intelleximus,

510 1655 604 1710 sed
636 1668 704 1709 ne
731 1668 873 1708 nunc
910 1652 1126 1724 quidem
1171 1651 1213 1705 si
1263 1651 1459 1705 mutari
1494 1650 1697 1719 possit,
1731 1647 2098 1718 intelligimus.

509 1743 792 1801 Absolutio
820 1743 965 1800 enim
1011 1742 1099 1797 illa
1137 1740 1571 1811 juramentorum
1602 1739 1840 1810 qualiter
1892 1737 2099 1793 cassari

2205 549 2399 621 gentia:
2422 550 2762 616 attribuitur,
2790 550 2935 621 quod
2971 550 3196 609 idoneos
3216 559 3273 607 ct
3300 551 3618 621 frequentes
3642 552 3777 623 lega-

2206 648 2290 696 tos
2311 640 2417 696 huc
2439 656 2544 696 non
2569 640 2856 697 mittimus.
2886 639 3032 698 Luce
3051 641 3196 701 enim
3219 642 3425 698 clarius
3443 651 3620 713 patet,
3647 644 3777 714 quod

2207 731 2282 787 illi
2304 732 2408 788 hoc
2427 731 2541 789 ﬁeri
2568 732 2887 803 prohibent,
2910 733 3033 804 qui,
3072 748 3140 788 ne
3171 733 3561 803 prohiberent,
3592 733 3778 804 jureju-

2206 825 2621 881 randovobis'"
2639 824 3023 895 promiserunt.
3040 825 3105 883 Et
3128 840 3269 881 nunc
3293 826 3360 882 de
3382 825 3621 885 violenta
3647 827 3777 882 sacri

2207 917 2417 973 itineris
2446 918 2835 975 interclusione
2863 928 2918 974 et
2951 919 3017 973 de
3048 918 3337 975 nrardfesto
3364 919 3590 977 illorum
3608 921 3775 990 per-ju-

2206 1012 2288 1064 rio
2315 1010 2526 1076 siletur,
2543 1020 2597 1066 et
2620 1011 2774 1067 nobis
2797 1012 3117 1081 imputatur,
3133 1013 3274 1084 quod
3302 1013 3526 1068 nuntios
3548 1027 3654 1068 non
3669 1013 3779 1068 mit-

2208 1098 2390 1154 timus.
2425 1098 2639 1156 Scimus
2658 1140 2675 1167 ,
2699 1102 2984 1157 carissime
3006 1102 3253 1165 domine,
3279 1111 3338 1158 et
3375 1118 3447 1157 ex
3481 1102 3778 1159 considera-

2208 1189 2353 1245 tione
2404 1191 2623 1259 pietatis
2672 1200 2868 1247 vestrae
2908 1208 3223 1261 speramus,
3272 1194 3402 1265 quia
3449 1195 3571 1251 haec
3611 1195 3777 1251 omnia

2205 1279 2343 1334 bona
2369 1281 2670 1337 intentione
2691 1291 2745 1338 et
2771 1283 2951 1354 aliqua
2971 1284 3152 1341 subtili
3172 1284 3571 1341 deliberatione
3593 1284 3775 1354 agitis;

2181 1373 2299 1432 sed
2323 1389 2422 1428 nos
2444 1374 2692 1431 homines
2714 1375 2951 1445 imperiti
2979 1375 3245 1439 occultam
3274 1375 3423 1449 illam
3445 1375 3778 1445 dispensatio-

2204 1480 2331 1520 nem
2362 1475 2654 1535 penetrare
2681 1482 2786 1522 non
2814 1465 3161 1531 sufﬁcientes,
3177 1467 3319 1536 quod
3356 1465 3650 1522 manifeste
3662 1466 3778 1519 vidi~

2205 1571 2323 1611 mus
2348 1564 2405 1611 et
2430 1556 2765 1623 audivimus,
2797 1560 2862 1614 de
2892 1558 2983 1631 illa
3009 1559 3291 1631 utriusque
3316 1560 3495 1629 partis
3520 1558 3777 1619 conforta-

2207 1646 2350 1701 tione
2379 1654 2433 1701 et
2458 1663 2640 1703 rerum
2661 1626 3018 1704 cértarumm
3048 1651 3257 1707 incerta
3302 1650 3571 1707 dilatione
3615 1660 3775 1704 ortum

2204 1753 2324 1794 esse
2343 1746 2398 1793 et
2417 1739 2640 1795 cottidie
2659 1741 2828 1806 oriri,
2857 1742 3011 1798 vobis
3034 1743 3355 1812 exponimus
3382 1760 3395 1795 :
3422 1742 3543 1797 lucc
3565 1741 3777 1805 suntm,

506 1837 721 1910 possit,
761 1835 907 1891 nullo
934 1836 1094 1891 modo
1136 1807 1416 1917 percipere
1450 1807 1712 1887 valent—us.
1747 1831 1880 1889 Sine
1915 1845 2099 1885 sacra-
2133 1807 2176 1866 Β
2202 1828 2342 1886 bella
2376 1830 2633 1887 intestina
2681 1840 2738 1887 et
2784 1831 2904 1902 plus
2931 1807 3355 1904 quam-civilia,
3380 1833 3681 1890 homicidia
3710 1834 3779 1888 ina

506 1939 822 1984 mentorum
858 1935 1042 1982 autem
1074 1923 1458 1980 observatione
1485 1920 1646 1993 regia:
1678 1920 1957 1993 dignitatis
1983 1917 2098 1974 olli-

508 2021 656 2075 cium
679 2034 1021 2091 nequaquam
1052 2016 1422 2075 administrari
1455 2025 1650 2087 potest.
1685 2015 1826 2085 Ergo
1847 2012 2098 2083 crunjam

507 2112 649 2167 ultra
675 2112 802 2166 anni
824 2110 1115 2165 terminum
1147 2109 1263 2167 sine
1288 2117 1499 2164 rectore
1528 2122 1794 2173 essemus,
1828 2107 1881 2161 in
1914 2108 2095 2161 locnrn

510 2204 577 2257 de
607 2218 716 2272 quo
738 2203 1124 2274 pratvaricatus
1168 2209 1251 2256 est
1283 2200 1405 2265 ille,
1454 2199 1594 2254 alius
1650 2199 1957 2269 principum
1996 2214 2097 2252 no-

511 2308 752 2351 strorum
778 2293 1039 2350 electione
1066 2293 1392 2363 subrogatus
1418 2300 1521 2346 est.
1554 2291 1801 2361 Cumque
1830 2290 1897 2345 de
1924 2289 2098 2343 electo

510 2385 671 2440 nobis
700 2399 829 2457 rege
848 2423 863 2450 ,
890 2394 945 2440 ct
974 2398 1081 2439 non
1121 2383 1187 2437 de
1215 2382 1431 2453 regibus
1451 2422 1464 2446 ,
1494 2396 1619 2451 spcs
1648 2396 1838 2450 magna
1866 2380 1931 2433 ad
1960 2378 2099 2434 refo-

508 2477 802 2532 cillandum
829 2476 1114 2546 imperium
1143 2482 1544 2539 succresceret,
1567 2487 1695 2527 ecce
1724 2486 1792 2527 ex
1828 2472 2100 2540 insperato

508 2570 706 2630 litterae
733 2578 930 2625 vcslrze
956 2567 1334 2633 advenientes,
1364 2565 1501 2622 duos
1528 2565 1580 2619 in
1611 2579 1718 2621 uno
1750 2579 1919 2633 regno
1947 2578 2100 2635 reges

505 2663 896 2734 pronuntiant,
921 2660 1129 2717 duobus
1150 2659 1475 2730 legationem
1500 2656 1902 2714 decernunt“.
1926 2655 2099 2723 Quam

509 2756 645 2827 regii
677 2754 911 2811 nominis
941 2753 1307 2824 pluralitatem
1338 2761 1393 2807 et
1420 2748 1821 2821 quodammodo
1846 2747 1995 2818 regni
2021 2747 2103 2802 di-

508 2848 774 2903 visionem
791 2847 862 2883 ⁵⁰¹
892 2845 1086 2903 divisio
1115 2858 1330 2914 quoque
1358 2842 1539 2914 populi
1575 2851 1631 2898 et
1652 2841 1830 2897 studia
1863 2840 2101 2911 partium

510 2940 803 2999 subsecuta
829 2945 988 3001 sunt;
1016 2936 1212 3008 quippe
1235 2950 1357 2990 cum
1384 2936 1436 2989 in
1470 2934 1715 3004 epistolis
1739 2934 1935 2988 vestris
1958 2931 2102 2987 illius

508 3028 948 3098 prtm'aricatoris
971 3041 1261 3097 personam
1285 3040 1497 3094 semper
1521 3023 1760 3094 prmponi
1790 3030 2098 3088 cernerent,

510 3129 565 3173 et
609 3120 676 3175 ah
727 3134 793 3174 eo
842 3118 982 3173 sicut
1016 3133 1046 3171 a
1094 3124 1309 3187 potente
1339 3116 1511 3185 exigi,
1544 3123 1812 3185 quatenus
1846 3114 2099 3168 ducatum

510 3211 670 3267 vobis
698 3211 752 3264 in
801 3210 899 3265 has
944 3218 1131 3279 partes
1172 3208 1240 3263 ad
1287 3206 1680 3263 discutiendam
1720 3221 1937 3261 causam
1969 3220 2103 3274 prm—

511 3304 691 3359 beret.
718 3300 885 3370 Cujus
912 3300 1264 3356 discussionis
1293 3298 1469 3369 qualis
1503 3299 1695 3352 modus
1737 3298 1836 3362 sit,
1867 3307 1924 3351 ut
1955 3298 2100 3352 salva

510 3392 686 3463 gratia
708 3399 888 3447 vestra
911 3390 1178 3456 dicamus,
1203 3389 1451 3445 mirabile
1473 3398 1556 3444 est
1581 3389 1633 3442 in
1662 3388 1837 3442 ocu'is
1862 3388 2061 3442 nostris
2084 3429 2097 3449 ,

509 3482 721 3539 Scilicet
749 3490 807 3536 ut
849 3481 896 3537 is
926 3481 1017 3552 qui
1050 3478 1167 3551 jam
1202 3478 1432 3536 sinodali
1477 3477 1685 3547 judicio
1735 3478 1881 3532 nulla
1916 3478 2099 3532 condi-

512 3575 661 3629 tione
696 3573 1015 3644 interposita
1065 3570 1344 3641 depositus
1394 3579 1504 3634 est,
1548 3569 1738 3624 aliom
1769 3569 1821 3623 in
1871 3569 2098 3624 eandem

510 3665 832 3736 dignitatem
857 3662 1152 3735 apostolica
1174 3662 1499 3725 auctoritate
1527 3661 1746 3719 firmato
1767 3701 1782 3727 ,
1817 3677 1958 3719 nunc
1982 3671 2098 3717 tarr-

510 3756 634 3810 dem
659 3756 727 3810 ad
748 3755 1013 3811 rationem
1042 3763 1295 3825 ponatur,
1321 3762 1377 3809 et
1402 3754 1542 3823 quod
1574 3753 1784 3808 finitum
1812 3761 1896 3808 est
1921 3753 2098 3809 denuo

509 3847 825 3918 incipiatur,
855 3858 911 3904 et
940 3849 1007 3903 de
1049 3863 1111 3907 re
1156 3845 1589 3903 indubitabiliIm
1625 3844 1854 3916 qumstio
1884 3860 2097 3900 mevea-

514 3950 620 4001 tur.
648 3938 764 3999 Hoc
788 3954 1006 4009 quoque
1029 3939 1402 3994 infirmitatem
1427 3946 1670 3994 nostram
1696 3946 1878 3993 movet
1895 3976 1909 3999 ,
1936 3938 2098 4003 quod,

508 4030 653 4084 sicut
684 4029 841 4087 nobis
867 4029 1229 4101 persuadetur
1271 4038 1329 4084 ut
1360 4027 1412 4083 in
1460 4029 1678 4098 incepto
1720 4027 1949 4083 firmiter
1979 4043 2102 4098 per-

509 4120 798 4191 duremus,
825 4121 906 4176 sic
931 4121 1096 4177 etiam
1127 4120 1417 4178 contraria:
1452 4120 1597 4189 parti
1646 4119 1828 4178 verbis
1860 4127 1915 4177 et
1942 4118 2102 4177 rebus

510 4230 637 4287 sper
686 4217 950 4274 inanitur.
1006 4216 1140 4272 Nam
1194 4216 1493 4283 fantiliares
1537 4218 1780 4287 prmdicti
1830 4218 2097 4281 Hcinrici,

510 4309 603 4378 qui
630 4309 699 4363 ab
719 4311 867 4363 omni
899 4323 1065 4381 regno
1085 4308 1309 4363 infamia
1324 4316 1606 4374 notantur,
1630 4310 1832 4379 quique
1858 4309 1930 4363 illi
1964 4311 2103 4366 sicut

511 4397 626 4467 regi
667 4398 957 4454 serviendo
999 4396 1340 4457 sinodalihus
1380 4399 1672 4469 praeceptis
1701 4400 1990 4460 manifeste
2023 4402 2106 4456 in-

2200 1922 2589 1989 numerabilia,
2630 1925 2983 1991 vastationes,
3016 1926 3299 1992 incendia,
3332 1928 3454 1981 sine
3491 1924 3777 1980 dilierentia

2200 2013 2392 2070 domus
2416 2024 2470 2070 et
2497 2015 2778 2081 ecclesiae,
2825 2017 3209 2087 oppressiones
3238 2032 3545 2088 pauperum
3594 2017 3781 2072 incora-

2199 2106 2493 2176 pirabiles,
2520 2123 2700 2164 rerum
2725 2108 3220 2166 ecclesiasticarum
3242 2108 3585 2181 direptiones
3606 2109 3777 2180 quam

2200 2212 2495 2269 numquam
2545 2199 2853 2256 audivimus
2897 2208 2993 2255 aut
3049 2201 3313 2265 vidimus,
3366 2200 3554 2272 legum
3584 2216 3778 2271 quoque

2201 2287 2511 2343 divinarum
2565 2298 2619 2343 et
2664 2289 2992 2346 secularium
3022 2291 3266 2347 defectus
3292 2291 3414 2348 sine
3444 2308 3546 2362 spe
3578 2308 3778 2363 repara-

2202 2380 2393 2448 tionis;
2441 2392 2718 2452 postremo
2766 2383 2821 2438 in
2872 2384 3222 2450 dimicatione
3282 2385 3521 2441 duorum
3577 2401 3776 2457 regunt,

2201 2485 2431 2541 quorum
2473 2480 2702 2545 uterque
2736 2474 2804 2528 ad
2851 2474 3133 2530 obtentum
3166 2475 3317 2546 regni
3361 2490 3518 2545 spem
3568 2491 3600 2529 a
3646 2475 3777 2529 vobis

2202 2565 2517 2635 accepitm,
2570 2574 2719 2621 tanta
2764 2568 3066 2637 profligatio
3109 2568 3407 2640 regalium,
3455 2579 3519 2624 ut
3566 2570 3773 2639 posthac

2204 2670 2359 2723 reges
2389 2667 2699 2713 nostrarum
2728 2660 2965 2729 partium
2994 2660 3202 2729 rapinis
3229 2660 3414 2731 potius
3441 2676 3613 2731 quam
3646 2676 3776 2730 rega-

2202 2746 2344 2803 libus
2364 2750 2703 2806 sustentandi
2724 2751 2854 2805 sint.
2880 2750 3005 2807 “rec
3030 2752 3374 2808 incommoda
3396 2761 3497 2808 aut
3520 2752 3666 2806 trulla
3681 2752 3775 2820 jant

2203 2854 2386 2900 essent
2440 2854 2534 2900 aut
2579 2845 2790 2901 minora
2838 2847 3036 2910 multo,
3069 2848 3115 2901 si
3161 2849 3214 2903 in
3244 2849 3466 2919 incepto
3516 2848 3777 2904 itinere”

2203 2953 2382 3005 neque
2411 2938 2479 2994 ad
2506 2939 2752 2994 dextram
2783 2955 2883 2994 nec
2913 2940 2979 2994 ad
3008 2940 3294 2997 sinistram
3316 2942 3595 2997 sententia
3624 2949 3778 2995 vestra

2204 3032 2537 3088 divertisset.
2569 3032 2813 3088 Arduum
2846 3034 2950 3090 iter
2984 3044 3205 3105 propter
3243 3034 3420 3093 zelum
3458 3036 3657 3091 domus
3691 3033 3779 3088 Do-

2130 3156 2175 3218 C
2204 3126 2338 3181 mini
2370 3142 2661 3196 aggressus
2680 3127 2750 3160 ⁵¹⁰
2784 3128 2936 3195 estis,
2966 3130 3020 3183 in
3045 3145 3155 3200 quo
3182 3130 3437 3200 progredi
3468 3130 3778 3186 laboriosum

2204 3230 2319 3282 est,
2352 3221 2562 3292 regredi
2595 3229 2774 3276 autem
2804 3221 3171 3278 inhonestum.
3210 3221 3419 3288 Nolite,
3456 3223 3780 3278 sanctissime

2204 3310 2395 3375 Pater,
2426 3310 2596 3365 nolito
2643 3311 2696 3367 in
2745 3311 2830 3366 via
2869 3311 3135 3376 deficere,
3166 3323 3221 3368 et
3268 3328 3339 3369 ne
3386 3312 3628 3369 ulterius
3649 3310 3780 3367 dide.

2207 3404 2374 3457 rendo
2402 3411 2457 3458 et
2487 3403 2768 3472 utrimque
2803 3404 3046 3460 cavendo
3077 3412 3226 3461 tanta
3273 3403 3417 3459 mala
3465 3419 3713 3460 crescere
3733 3411 3778 3456 et

2202 3496 2553 3566 multiplicari
2579 3497 2790 3552 sinatis.
2822 3498 2878 3553 Si
2901 3515 3067 3569 grave
3088 3499 3241 3555 vobis
3264 3508 3348 3554 est
3371 3514 3476 3570 pro
3504 3499 3615 3555 illis
3636 3498 3778 3552 verba

2204 3585 2383 3641 facere
2430 3588 2523 3656 qui
2571 3602 2670 3658 pro
2718 3588 2875 3645 vobis
2923 3590 3088 3644 vitam
3136 3591 3191 3645 in
3243 3605 3444 3663 magno
3482 3589 3779 3645 discriminc

2200 3687 2533 3747 posuerunt,
2582 3678 2830 3734 ecclesiae
2880 3688 3058 3735 tamen
3101 3681 3298 3736 vestris
3329 3680 3672 3749 temporibus
3698 3677 3778 3732 mi-

2201 3769 2512 3824 serabiliter
2532 3770 2824 3826 destructa
2851 3780 2908 3826 ct
2937 3772 3180 3827 inaudita
3211 3770 3580 3842 oppressione
3602 3772 3653 3824 in
3680 3781 3777 3824 seu

2202 3862 2430 3915 vitntem
2458 3859 2691 3915 redacta:
2713 3862 3039 3916 succurrite.
3069 3861 3236 3932 Cujus
3256 3863 3467 3931 apertis
3490 3861 3777 3917 destructo-

2203 3952 2351 4007 ribus
2398 3954 2444 4008 si
2496 3961 2683 4023 aperta
2726 3951 2905 4011 fronte
2949 3953 3003 4011 in
3046 3951 3239 4013 faciem
3287 3953 3553 4009 resistere
3577 3962 3777 4024 propter

2204 4043 2465 4099 instantia
2495 4042 2731 4113 pericula
2775 4054 2999 4103 cantum
3038 4060 3144 4099 non
3174 4044 3410 4107 videtur,
3459 4044 3569 4100 hoc
3606 4042 3776 4099 saltem

2204 4147 2419 4200 cavete,
2452 4152 2521 4191 ne
2552 4136 2654 4191 hoc
2685 4137 2830 4205 quod
2854 4135 2969 4205 jam
3003 4136 3239 4200 fecistis,
3272 4136 3496 4192 irritum
3530 4136 3646 4192 fieri
3670 4148 3776 4205 per

2204 4227 2456 4289 mittatis.
2496 4224 2633 4283 Nam
2665 4226 2711 4282 si
2742 4226 2846 4282 hoc
2877 4227 3022 4295 quod
3064 4228 3117 4282 in
3148 4228 3345 4284 sinodo
3375 4226 3628 4283 Romam
3649 4224 3774 4282 dii

2205 4320 2378 4373 nilum
2411 4326 2464 4375 et
2492 4327 2615 4388 post
2646 4319 2756 4373 a‘“
2787 4318 2963 4390 legato
2988 4320 3133 4375 sedis
3159 4318 3474 4390 apostolica:
3503 4318 3774 4375 continua-

2208 4417 2324 4471 tum
2349 4418 2461 4474 est,
2490 4409 2712 4465 silentio
2746 4410 2958 4481 contegi
2984 4419 3039 4466 et
3064 4425 3164 4482 pro
3186 4409 3391 4465 nichilo
3420 4409 3615 4471 haberi
3632 4423 3772 4479 opere.

514 4489 833 4547 obedientes
860 4499 986 4545 sunt
1027 4498 1083 4547 et
1111 4505 1216 4545 una
1252 4505 1375 4546 cum
1406 4506 1505 4546 suo
1534 4492 1714 4562 capite
1740 4509 1837 4562 per
1864 4494 2098 4566 legatum
2130 4502 2178 4563 D
2205 4507 2311 4566 tet,
2344 4499 2473 4570 quid
2499 4501 2728 4570 posthac
2757 4500 2914 4559 nobis
2947 4501 3283 4561 credendum
3308 4500 3397 4556 vel
3423 4515 3527 4571 pro
3552 4511 3669 4557 rato
3692 4499 3773 4554 ha-

514 4577 873 4646 apostolicum
896 4581 961 4635 ab
976 4579 1206 4636 ecclesia
1229 4590 1417 4638 sancta
1437 4583 1674 4652 separati
1695 4593 1844 4649 sunt,
1873 4586 1940 4640 ad
1965 4586 2105 4644 hanc

513 4670 700 4724 sedem
731 4671 1030 4738 venientes,
1062 4672 1290 4743 benigne
1316 4674 1779 4745 suscipiuntur,et
1799 4693 1904 4732 non
1926 4679 2100 4741 solum

516 4762 771 4832 impuniti
799 4765 1059 4829 redeunt,
1088 4769 1181 4820 sed
1219 4767 1442 4836 insuper
1488 4767 1661 4838 gloria
1692 4779 1746 4824 et
1774 4771 1978 4827 honore
2010 4788 2104 4829 co-

516 4862 803 4921 ronantur,
830 4865 886 4912 et
917 4857 983 4912 ad
1011 4858 1246 4927 priorem
1277 4859 1699 4917 inobedientiam
1731 4865 2096 4933 superbiendo

517 4959 882 5021 revertentes,
915 4966 1116 5010 nostrae
1152 4957 1383 5014 miseriae
1409 4960 1688 5015 insultant.
1723 4961 1888 5019 Nobis
1915 4975 2096 5021 autem

518 5043 671 5109 quasi
719 5045 962 5102 ridiculis
988 5048 1055 5102 ad
1103 5049 1467 5120 insipientiam
1509 5064 1814 5122 reputatur,
1857 5059 1999 5126 quod
2031 5059 2099 5112 ab

521 5128 737 5186 illorum
788 5139 1065 5191 consortio
1107 5140 1469 5206 abstinemus,
1504 5144 1596 5211 qui
1643 5145 1710 5198 ab
1757 5144 1875 5214 ipso
1921 5149 2101 5216 capite

517 5233 708 5281 nostro
735 5234 845 5280 tam
875 5228 1162 5282 caritativc
1188 5229 1238 5282 in
1270 5233 1701 5287 communionem
1740 5236 2095 5296 recipiuntur.

2205 4592 2438 4647 bernium
2488 4592 2589 4656 sit,
2635 4594 2860 4648 omnino
2920 4592 3256 4663 ignoramus.
3324 4592 3441 4649 Hoc
3509 4592 3771 4648 sanctitati

2204 4698 2400 4745 vestra:
2429 4704 2769 4761 nequaquam
2812 4700 3154 4762 arroganter,
3193 4690 3289 4746 sed
3324 4690 3379 4744 in
3426 4688 3772 4744 amaritudine

2202 4783 2398 4836 animze
2426 4793 2627 4835 nostra:
2674 4782 2835 4836 locuti
2865 4797 3085 4847 sumus,
3117 4782 3244 4851 quia
3273 4795 3383 4835 non
3429 4790 3517 4835 est
3540 4779 3688 4834 dolor
3706 4777 3770 4830 si-

2204 4874 2347 4929 milis
2376 4874 2519 4928 sicut
2547 4873 2701 4929 dolor
2724 4884 2929 4929 noster.
2960 4875 3095 4930 Cum
3124 4873 3268 4929 enim
3300 4887 3401 4942 per
3423 4871 3771 4927 obedientiun

2204 4964 2439 5034 pastoris
2467 4963 2715 5033 luporum
2746 4962 2998 5018 faucibus
3028 4962 3260 5031 expositi
3289 4961 3498 5026 simus,
3537 4961 3583 5016 si
3622 4960 3763 5014 etiam

2206 5055 2274 5108 ab
2304 5055 2421 5121 ipso
2450 5064 2668 5122 pastore
2718 5053 2874 5109 nobis
2898 5053 3200 5108 cavendum
3224 5060 3341 5116 est,
3370 5050 3765 5106 miserabiliores

2207 5158 2396 5197 sumus
2424 5144 2675 5198 omnibus
2702 5143 3029 5196 hominibus.
3062 5141 3205 5196 Deus
3234 5151 3417 5195 autem
3445 5139 3767 5209 omnipatens

2207 5235 2261 5290 in
2311 5235 2471 5288 talem
2504 5235 2679 5290 zelum
2725 5249 2821 5289 vos
2850 5243 3042 5289 contra
3073 5234 3323 5289 inimicos
3352 5233 3558 5288 Christi
3580 5230 3766 5296 erigat,
