3926 5326
159 289 281 343 565

1441 290 1528 348 DE
1566 291 1785 347 BELLO
1823 291 2187 351 SAXONICO.

3335 293 3451 347 Μυῒ

242 404 269 456 1
318 402 373 456 9.
415 401 495 455 Ad
521 415 657 471 quas
699 400 910 469 litteras
938 417 1059 458 cum
1104 403 1307 457 milium
1355 419 1453 474 pro
1477 405 1614 460 velle
1656 419 1756 459 suo
1787 409 1828 468 Λ
1859 416 1963 461 est.
2010 408 2073 461 Et
2102 411 2163 463 o!
2202 408 2409 464 utinam
2449 408 2517 463 de
2570 423 2663 463 sua
2703 408 3084 477 sociorumque
3124 410 3237 480 ejus
3287 408 3446 479 uagi.

163 507 507 561 re-punsum
536 492 895 561 accepissent,
928 492 1027 547 bas
1052 494 1103 549 ei
1137 494 1349 549 litteras
1378 487 1574 573 iterum
1606 498 1763 551 mise-

162 591 338 643 runt,
392 592 451 637 ut
496 583 623 652 quia
654 597 763 638 non
807 583 982 653 primo
1025 584 1179 654 quasi
1223 583 1346 655 galli
1377 594 1576 651 cantu,
1623 584 1763 639 sicut

158 674 475 729 secundum
519 673 760 729 Marcum
789 688 891 730 nec
917 674 1109 730 Petrus
1136 685 1219 731 est
1242 677 1540 741 excitatus,
1568 674 1762 729 saltem

159 782 300 821 eam
332 765 595 829 secundo,
623 767 777 837 quasi
810 767 1003 839 gallus,
1035 768 1265 839 populus
1295 767 1538 825 ecclesim
1575 782 1761 824 vocem

161 856 364 922 daret,
396 872 428 911 a
462 864 680 927 torpore
709 858 1064 915 dubitationis
1112 861 1179 916 ad
1223 860 1587 917 constantiam
1615 858 1762 915 Petri

160 963 296 1004 cum
324 949 494 1007 Petro
518 953 815 1009 suscitatus
835 967 1155 1024 exsurgeret
1188 973 1201 1009 :

241 1040 371 1095 HO.
414 1059 435 1093 ι
474 1040 715 1099 Βοωίιιον
750 1056 877 1099 vere
925 1045 1225 1115 apostolico
1271 1043 1568 1116 Gregorio,
1617 1042 1762 1098 beati

166 1131 321 1187 Petri
355 1130 546 1190 ﬁdeles
570 1142 627 1190 et
653 1136 756 1201 sui,
789 1135 1038 1193 devotum
1061 1151 1158 1207 pro
1188 1136 1397 1191 viribus
1419 1135 1762 1205 obsequium.

167 1223 338 1281 Novit
384 1227 655 1285 sanctitas
711 1238 892 1285 vestra
937 1238 997 1287 et
1043 1232 1294 1286 (mnibus
1342 1230 1766 1301 circumquaque

168 1324 365 1371 notum
392 1325 513 1382 est,
540 1330 701 1387 quam
726 1317 1099 1374 dilliculterIm
1128 1328 1439 1390 quantoque
1465 1319 1763 1389 baiulorum

169 1405 495 1462 discrimine
535 1407 833 1479 legationes
870 1409 939 1464 ad
989 1425 1085 1465 vos
1135 1411 1589 1475 transmittinius,
1638 1410 1764 1481 quia

168 1501 280 1555 iter
327 1501 477 1571 quod
526 1503 783 1559 omnibus
831 1506 1166 1575 temporibus
1211 1505 1467 1562 omnibus
1523 1504 1762 1576 populis,

171 1593 466 1658 tribubus,
496 1603 555 1650 et
581 1594 781 1666 linguis
808 1606 1061 1666 apertum
1091 1595 1192 1651 fuit
1219 1607 1275 1652 et
1306 1597 1590 1667 pervium,
1625 1613 1766 1653 nunc

169 1682 451 1738 clauditur
486 1692 545 1740 et
593 1686 938 1756 prohibetur,
984 1697 1040 1742 et
1087 1688 1193 1744 illis
1241 1689 1475 1745 maxime
1519 1688 1610 1761 qui
1659 1705 1764 1742 non

1864 499 1998 552 tiosa
2014 496 2308 554 '"fallacia
2334 499 2511 555 adhuc
2538 497 2671 554 satis
2700 498 2921 553 edoctus
2944 498 3217 554 fuissetis?
3244 498 3442 565 Nolite,
3522 551 3528 557 .

1862 584 2145 644 carissime
2191 590 2406 645 domine
2439 630 2454 655 ,
2503 590 2674 645 nolite
2732 589 2962 660 amplius
3016 591 3082 644 ad
3135 590 3447 645 irrisionem

1864 681 2118 736 sant-tim
2138 680 2371 737 nominis
2395 682 2559 736 vestri
2582 681 2884 750 huiusmodi
2910 682 3156 738 homines
3189 685 3447 751 mulcere,

1863 779 1919 826 et
1946 778 2067 841 post
2093 780 2202 825 tam
2229 769 2538 841 frequentes
2568 772 2825 842 repulsas
2850 783 3143 843 turpesque
3178 773 3449 843 deceptio-

1864 877 1962 917 nes
2000 862 2195 919 iterum
2235 871 2395 931 atque
2427 862 2622 917 iterum
2665 865 2914 918 ducatum
2947 863 3015 919 ab
3053 865 3131 919 eis
3180 879 3445 935 qmerere.

1862 954 2139 1010 Adventus
2162 960 2344 1009 vester
2367 954 2434 1007 ad
2475 968 2573 1009 nos
2601 962 2808 1008 tantum
2834 954 2987 1010 nobis
3007 963 3151 1010 esset
3174 954 3450 1009 desidera-

1864 1045 2008 1110 bilis,
2040 1053 2300 1117 quantnm
2325 1054 2378 1101 et
2398 1048 2763 1112 necessarius;
2797 1049 2889 1103 sed
2920 1063 3046 1104 vere
3075 1048 3300 1115 scimus,
3321 1047 3449 1119 quia

1866 1146 2059 1206 Sponte
2089 1136 2298 1190 illorum
2334 1128 2650 1192 ad'nostras
2682 1147 2861 1207 partes
2895 1154 3167 1208 nunquam
3199 1138 3448 1200 venietis,

1866 1225 1971 1281 nisi
2014 1225 2167 1295 prius
2200 1225 2335 1281 certi
2366 1226 2497 1291 sint,
2537 1241 2630 1281 vos
2668 1227 2880 1282 illorum
2916 1230 3053 1298 parti
3095 1228 3304 1293 favere,
3342 1243 3450 1283 non

1866 1332 1965 1389 pro
1992 1315 2198 1388 iustitia
2234 1318 2326 1372 sed
2359 1333 2457 1389 pro
2497 1317 2775 1374 voluntate
2819 1318 3077 1389 ipsorum.
3113 1318 3454 1390 Quapropter

1868 1411 2034 1467 nolite
2069 1412 2122 1465 in
2148 1425 2335 1466 eorum
2371 1411 2473 1465 fide
2505 1426 2655 1482 spem
2694 1424 2927 1483 ponere.
2967 1425 3194 1479 quorum
3226 1410 3453 1480 perlldia

1869 1499 2068 1556 totiens
2100 1500 2355 1573 deceptus
2376 1500 2527 1557 estis.
2556 1500 2696 1558 Ecce
2722 1499 2933 1565 videtis,
2966 1500 3234 1569 quomodo
3267 1499 3454 1555 multi-

1867 1592 2063 1664 plicata
2104 1592 2213 1648 sint
2259 1592 2401 1647 mala
2450 1593 2502 1648 in
2547 1602 2729 1657 terra,
2774 1590 2911 1646 mala
2947 1606 3177 1663 quorum
3226 1606 3329 1646 non
3371 1599 3457 1645 est

1870 1697 2160 1749 numerus;
2199 1690 2255 1738 et
2278 1691 2576 1749 certamen,
2609 1682 2751 1753 quod
2779 1697 2808 1736 a
2845 1682 3000 1737 vobis
3034 1681 3226 1737 initum
3249 1689 3457 1735 vestra-

170 1775 464 1831 niinininm
507 1793 607 1847 pro
650 1777 856 1835 honore
886 1780 1029 1837 illius
1069 1780 1481 1847 laboraverunt,
1514 1782 1581 1838 ad
1611 1782 1767 1850 ruitis
1802 1757 1843 1815 Β
1870 1795 1975 1849 que
1994 1778 2237 1850 iussione
2262 1787 2572 1849 susceptum
2593 1785 2694 1842 est,
2714 1775 2827 1846 iam
2851 1792 2958 1833 non
2987 1790 3083 1847 per
3107 1790 3203 1831 vos
3233 1788 3332 1830 nec
3361 1787 3458 1844 per

169 1880 369 1932 corpus
416 1868 613 1923 eadem
661 1868 749 1923 via
802 1872 971 1927 ducit.
1030 1873 1225 1929 Vestro
1276 1890 1408 1929 vero
1465 1875 1657 1929 honori
1712 1883 1766 1931 et

173 1968 373 2011 mistrae
406 1959 725 2015 necessitati
767 1972 1128 2034 congrueret,
1161 1971 1220 2020 ut
1250 1967 1399 2035 .quol
1446 1980 1567 2020 cum
1615 1974 1761 2019 tanta

170 2046 491 2105 dillicultate
514 2063 913 2122 perpetramus,
939 2057 1141 2126 aliquid
1170 2058 1324 2114 nobis
1345 2059 1470 2116 inde
1495 2060 1764 2125 ulilitat's,

173 2140 371 2210 aliquid
388 2142 524 2198 inm
539 2144 882 2203 tribulatione
905 2149 1297 2206 consolationis
1313 2153 1642 2222 proveniret.
1661 2152 1766 2210 Sed

171 2231 433 2301 quicquid
453 2236 790 2304 quaestionis,
810 2239 1066 2310 quiequid
1089 2245 1442 2313 querimoniae
1469 2245 1535 2300 ad
1560 2246 1765 2311 sedem,

172 2333 291 2391 quae
309 2323 743 2394 semperjudicii
775 2338 832 2384 et
850 2330 1079 2400 iustitiae
1121 2335 1380 2403 magistra
1413 2333 1546 2401 fuit,
1574 2335 1765 2405 dirigi-

174 2428 314 2478 mas,
339 2415 767 2474 nichildilliniu:
801 2423 1168 2490 responsionis
1201 2425 1514 2496 recipimus,
1533 2426 1625 2481 sed
1651 2441 1768 2479 om-

173 2504 261 2556 nia
283 2503 336 2557 in
362 2504 611 2560 futurum
644 2510 853 2566 incerta
877 2514 1304 2583 suspenduntur.
1334 2513 1467 2569 Nam
1494 2514 1634 2570 inter
1661 2514 1766 2571 alia

176 2592 344 2648 multa
373 2594 492 2659 hinc
512 2612 733 2668 quoque
759 2602 1033 2680 sanctitati
1069 2616 1265 2659 vestra:
1300 2619 1471 2674 nuper
1502 2604 1766 2661 indicati-

178 2700 325 2752 inus,
375 2687 595 2756 qualem
646 2694 973 2748 sententiam
1026 2696 1257 2753 domnus
1312 2696 1663 2753 Bernhardus
1714 2700 1766 2753 in

181 2779 495 2838 lleinricum
547 2783 659 2839 Deo
693 2784 766 2817 ""
830 2787 1084 2843 o.2ibilem
1167 2803 1403 2858 suosque
1476 2790 1769 2860 participes

182 2874 490 2942 protulerit,
553 2877 794 2948 quidque
836 2879 905 2933 de
956 2895 1083 2952 rege
1137 2881 1366 2936 ltodnlfo
1422 2894 1602 2937 vestra
1650 2882 1767 2952 ius-

184 2964 334 3019 sione
384 2967 663 3033 slatnerit,
700 2968 948 3025 ﬁduciam
989 2972 1274 3037 habentes,
1310 2972 1353 3028 si
1394 2973 1495 3028 hoc
1527 2974 1593 3027 ad
1626 2976 1762 3029 noti-

185 3055 313 3110 tiam
360 3067 601 3112 vestram
653 3062 989 3127 proveniret,
1018 3066 1497 3119 oinnem‘rausam
1529 3075 1766 3118 nostram

184 3147 236 3201 in
272 3147 376 3203 hoc
414 3149 715 3217 procedere
744 3159 797 3205 et
839 3154 1168 3222 prosperari.
1217 3153 1322 3209 Sed
1380 3162 1501 3222 post
1556 3154 1766 3225 longam

183 3239 619 3307 expectationem
670 3252 951 3307 nostram,
1013 3244 1230 3296 tandem
1284 3252 1504 3298 reverso
1559 3243 1767 3307 nuntio,

182 3331 348 3386 nichil
397 3332 546 3398 aliud
595 3334 756 3388 nobis
801 3332 1193 3391 consolationis
1244 3337 1471 3391 relatum
1518 3345 1637 3401 est,
1666 3339 1768 3391 nisi

184 3424 322 3491 quod
376 3423 671 3490 diceretis,
715 3426 801 3482 his
847 3442 968 3496 qua:
1030 3428 1405 3483 mandavimus
1459 3443 1556 3483 vos
1611 3426 1770 3481 ﬁdem

182 3532 285 3571 non
308 3517 592 3573 habuisse.
625 3517 692 3573 Et
715 3534 908 3588 quare,
941 3521 1221 3577 caiissinie
1247 3521 1484 3587 domine,
1521 3521 1764 3576 incredi-

182 3608 285 3663 bile
317 3609 476 3665 vobis
513 3608 687 3663 visum
719 3618 835 3671 est.
872 3612 1013 3679 quo!
1061 3612 1258 3667 l'r..lrcs
1301 3612 1471 3668 uestri
1509 3620 1564 3666 et
1593 3612 1773 3680 coepi-

182 3699 349 3766 scopi,
375 3700 588 3755 scilicet
610 3700 844 3755 dominis
868 3702 1386 3773 Wirtzeburgensis,
1407 3700 1770 3767 Patavicnsis,

180 3802 233 3847 et
274 3792 366 3847 alii
398 3792 503 3847 viri
548 3793 783 3862 religiosi
819 3795 971 3850 vobis
1007 3795 1060 3849 in
1102 3796 1326 3850 veritate
1362 3796 1770 3863 nuntiaverunt,

183 3886 434 3954 quodque
474 3901 536 3941 se
580 3887 780 3941 vidisse
815 3898 870 3942 et
917 3889 1133 3943 audisse
1164 3889 1344 3943 testati
1391 3890 1548 3944 sunt?
1592 3889 1772 3955 Certe,

188 3981 421 4044 :tumine,
455 3979 640 4034 nonin
673 3981 851 4037 verbis
877 3983 1142 4037 mendacii
1174 3982 1497 4037 confidimus
1531 3981 1772 4046 liberari,

182 4073 273 4127 sed
304 4073 487 4143 magis
513 4072 788 4129 credimus
817 4073 943 4143 quia
972 4074 1176 4129 veritas
1200 4074 1450 4129 liberabit
1474 4088 1590 4129 nos.
1612 4074 1771 4139 Deus,

180 4165 269 4232 qui
300 4175 387 4220 est
412 4164 642 4227 veritus,
665 4165 757 4234 qui
796 4165 941 4220 Solus
971 4166 1207 4222 lahotem
1237 4176 1291 4221 et
1328 4165 1568 4222 dolorem
1596 4168 1777 4223 consi-

183 4257 356 4321 derat,
395 4271 507 4310 non
541 4254 777 4310 deseruit
802 4268 1084 4326 sperantes
1107 4258 1162 4311 in
1192 4272 1267 4322 se,
1296 4257 1389 4312 sed
1415 4257 1653 4313 visitavit
1676 4273 1773 4313 nos

181 4342 235 4397 ia
272 4344 651 4400 misericordia
692 4355 746 4400 et
782 4346 1241 4402 miserationibus.
1277 4345 1410 4400 Nam
1455 4362 1547 4402 rex
1593 4355 1776 4402 noster

1867 1881 2049 1925 vestra
2082 1869 2300 1925 decreta
2339 1868 2711 1939 componitur,
2765 1867 2859 1923 sed
2908 1867 3208 1939 gladiorum
3252 1863 3461 1936 judicio

1870 1963 2271 2018 terminandum
2317 1961 2732 2033 derelinquitur.
2787 1961 3063 2033 Rogamus
3113 1974 3244 2031 ergo
3280 1973 3375 2013 vos
3404 1965 3461 2012 et

1867 2053 2288 2108 obsceramusin
2309 2051 2540 2108 Domino
2568 2060 2646 2117 ut,
2677 2052 2901 2108 remotis
2919 2050 3031 2120 iam
3077 2047 3460 2108 blandimentis

1868 2151 1921 2197 et
1953 2144 2324 2210 dilationibus,
2366 2143 2589 2215 justitim
2636 2143 2754 2199 zelo
2805 2158 2901 2199 vos
2949 2141 3363 2212 accingatis;et
3411 2139 3457 2194 si

1871 2251 1976 2288 non
2024 2245 2248 2305 prepter
2292 2249 2392 2290 nos
2415 2277 2429 2303 ,
2463 2244 2645 2291 tamen
2684 2246 2906 2306 propter
2941 2234 3203 2289 honorem
3257 2241 3461 2288 sanctae

1869 2326 1961 2379 sed
1988 2343 2012 2379 s
2033 2325 2309 2392 Ecclesite,
2333 2326 2651 2384 confirmato
2673 2328 2816 2398 quod
2835 2336 3090 2398 operatus
3109 2334 3191 2380 est
3217 2322 3461 2393 eiusdem

1870 2431 1928 2471 se
1954 2416 2014 2471 'is
2052 2417 2291 2489 legatus,
2330 2420 2404 2473 ita
2450 2427 2508 2472 ut
2544 2427 2599 2473 et
2626 2418 2750 2473 viva
2779 2434 2909 2473 voce
2948 2428 3002 2471 et
3031 2416 3227 2471 litteris
3260 2415 3462 2484 ubique

1872 2510 2207 2564 transmissis
2232 2508 2372 2565 'sine
2408 2508 2773 2580 ambiguitate
2811 2507 3178 2572 dcnutttictis,
3218 2505 3347 2576 quid
3403 2504 3465 2558 in

1871 2601 1971 2657 hac
1998 2600 2245 2656 ecclesiae
2284 2599 2550 2657 divisione
2597 2600 2886 2655 tenendum
2924 2600 3015 2666 sit,
3061 2597 3190 2668 quid
3230 2609 3463 2666 sequen-

1870 2691 2021 2745 dum.
2071 2690 2225 2758 Quod
2266 2691 2312 2747 si
2354 2689 2468 2760 iam
2521 2690 2723 2747 dudum
2780 2690 2981 2747 factum
3042 2689 3273 2753 fuisset,
3323 2686 3465 2742 certi

1869 2798 2077 2850 Sztmtls,
2102 2785 2228 2855 quia
2255 2799 2380 2854 pars
2415 2784 2596 2853 iniqua
2639 2783 2772 2839 adeo
2792 2782 2905 2852 iam
2935 2782 3082 2838 vires
3112 2779 3459 2853 perdidisset.

1872 2884 1929 2928 ut
1965 2892 2062 2930 nec
2096 2877 2251 2931 vobis
2287 2894 2385 2931 nec
2427 2877 2582 2933 nobis
2624 2876 2854 2946 amplius
2891 2888 3088 2931 nocere
3119 2870 3459 2944 praevaleret.

1872 2964 1949 3019 Ne
1991 2965 2211 3034 adiiciat
2253 2968 2390 3021 ultra
2422 2968 2685 3023 sanctitas
2717 2978 2893 3021 vestra
2924 2965 2991 3021 de
3017 2964 3185 3021 certis
3205 2960 3463 3030 ambigua

1873 3067 1925 3111 ct
1959 3059 2231 3128 utrimque
2260 3057 2536 3130 vergentia
2560 3057 2631 3090 ⁸¹⁹
2663 3066 2920 3116 statuere.
2951 3071 3071 3127 quae
3100 3068 3275 3125 usque
3302 3049 3471 3107 modo

1876 3167 1974 3205 nos
2016 3151 2090 3206 ita
2132 3150 2314 3207 fovere
2350 3152 2463 3206 visa
2500 3161 2645 3216 sunt,
2687 3162 2956 3222 quatenus
3004 3147 3253 3203 inimicos
3281 3154 3460 3200 tamen

1874 3232 1978 3296 ton
2007 3252 2413 3314 exasperarent.
2456 3242 2562 3297 Sed
2600 3253 2808 3298 certum
2876 3249 2961 3295 est
3010 3236 3153 3309 quod
3194 3237 3267 3268 ⁸¹⁰
3318 3231 3477 3289 nullo

1876 3336 2036 3390 modo
2082 3336 2365 3391 ecclesiam
2408 3335 2559 3391 vobis
2609 3334 2959 3389 commissam
3000 3332 3066 3387 de
3097 3345 3191 3386 sua
3240 3328 3469 3384 miseria

1876 3430 2123 3501 poteritis
2147 3428 2399 3489 liberare,
2444 3428 2546 3483 nisi
2596 3428 2937 3484 inimicorum
2969 3425 3111 3480 illius
3148 3419 3469 3478 inimicitias

1877 3523 2052 3577 velitis
2105 3522 2338 3579 tolerare
2368 3522 2459 3578 "1.
2494 3522 2763 3593 Rogamus
2806 3521 2971 3576 etiam
3027 3536 3095 3574 ne
3125 3518 3177 3572 in
3209 3517 3310 3570 hoc
3350 3522 3462 3568 sta-

1877 3626 1989 3673 tuta
2034 3617 2298 3673 canonica
2350 3617 2585 3672 deiicere
2643 3614 2967 3686 patiamini,
3017 3622 3289 3683 quatenus
3339 3622 3460 3663 cor-

1877 3724 2004 3774 pora
2042 3707 2112 3739 δ”
2149 3706 2740 3762 excommunicatorum
2771 3744 2785 3769 ,
2844 3704 2935 3774 qui
2985 3703 3036 3757 in
3088 3696 3471 3773 persequendo

1878 3797 2176 3853 Ecclesium
2199 3798 2365 3854 occisi
2390 3805 2535 3861 sunt,
2568 3798 2620 3850 in
2663 3797 2816 3851 atriis
2857 3793 3205 3850 ecclesiarum
3243 3788 3467 3859 sepeliri

1878 3891 2205 3961 permittatis
2230 3888 2330 3955 Im;
2365 3889 2452 3943 ubi
2489 3899 2667 3943 autem
2718 3886 2924 3956 sepulta
2982 3893 3142 3947 sunt,
3172 3881 3244 3935 ibi
3279 3880 3467 3934 divma

1878 3983 2051 4039 ol’licia
2085 3981 2345 4037 celebrari
2381 3979 2738 4051 prohibeatis.
2762 3976 2910 4031 Multi
2939 3990 3007 4029 ex
3030 3973 3110 4028 eis
3140 3973 3190 4025 in
3220 3973 3465 4039 Argustu

1878 4077 2097 4133 civitate
2125 4074 2321 4145 sepulti
2361 4084 2487 4127 sunt
2517 4071 2650 4144 (ll).
2676 4068 2929 4142 Ejusdem
2961 4066 3067 4122 loci
3089 4060 3465 4133 congregatio-

1882 4171 2042 4225 nibus
2063 4168 2269 4237 litteras
2294 4175 2503 4222 vestras
2533 4180 2628 4237 per
2653 4165 3022 4220 discurrentes
3044 4156 3359 4229 peregrinos
3390 4150 3466 4184 m

1880 4262 2014 4317 satis
2038 4262 2248 4316 mittere
2272 4259 2512 4330 potestis.
2544 4258 2686 4312 Deus
2719 4264 2898 4310 autem
2928 4250 3269 4321 onmipotens
3298 4245 3352 4300 in
3378 4243 3468 4298 his

1881 4363 1936 4408 et
1975 4353 2024 4407 iu
2076 4352 2326 4407 omnibus
2379 4351 2449 4405 ita
2501 4365 2597 4404 vos
2638 4348 2870 4419 dirigat,
2924 4353 2983 4400 ut
3031 4343 3170 4397 sicut
3208 4335 3467 4393 Ecclesia:

183 4433 450 4493 Itodulfus
494 4434 652 4492 fortis
694 4438 747 4491 in
778 4452 843 4493 eo
878 4439 970 4509 qui
1009 4438 1101 4494 dat
1146 4439 1375 4495 salutem
1423 4439 1659 4510 regibus,
1707 4441 1774 4495 de
1810 4453 1852 4511 υ
1880 4453 2083 4500 sancta:
2113 4438 2368 4510 praeesse,
2402 4442 2479 4498 sic
2508 4451 2561 4496 et
2585 4440 2842 4510 prodesse
2867 4433 3114 4491 valeatis.
3155 4448 3174 4483 ι

182 4528 418 4583 inimicis
446 4527 661 4583 Domini
692 4540 939 4599 potenter
961 4531 1462 4604 triumphavitMS),
1491 4534 1775 4589 lleinrieus

183 4630 359 4675 autem
386 4620 553 4675 solito
582 4637 752 4688 more,
781 4637 904 4678 cum
936 4625 1049 4679 suis
1084 4626 1434 4695 complicibus
1462 4626 1553 4691 δι’,
1580 4636 1776 4696 prmter

183 4726 274 4765 eos
305 4711 399 4781 qui
439 4712 495 4765 in
529 4712 708 4781 gladio
738 4715 1079 4779 ceciderunt,
1123 4716 1175 4770 in
1225 4716 1404 4788 fugam
1439 4733 1631 4774 versus
1667 4728 1771 4783 cs‘,

184 4805 380 4860 comite
418 4803 514 4860 illo
554 4813 609 4861 et
652 4806 914 4876 participe
942 4808 1097 4877 cujus
1126 4807 1384 4863 malitiam
1418 4824 1515 4863 vos
1547 4809 1598 4863 in
1630 4809 1773 4863 bono

182 4895 400 4952 vincere
445 4898 655 4954 frustra
688 4900 1014 4968 temptastis,
1064 4898 1305 4967 Rupertn
1338 4899 1420 4934 ἠ’
1438 4900 1645 4956 scilicet
1673 4897 1774 4950 lla-

186 4988 576 5063 bcubergrnse,
601 4992 697 5063 qui
723 4993 912 5046 borum
943 4995 1184 5048 ninnium
1217 5002 1404 5047 ain-tor
1435 5006 1484 5049 ct
1526 4996 1775 5049 incentor

1955 4536 2077 4590 ill.
2119 4533 2355 4590 Tertiam
2382 4547 2594 4605 quoque
2616 4533 2933 4585 direxernnt
2975 4522 3279 4598 epistolam,
3303 4532 3470 4590 quam

1878 4627 2163 4698 jusserunt
2214 4627 2265 4680 in
2310 4625 2501 4680 sinodo
2550 4623 2793 4677 Romana
2843 4617 3096 4681 recitari,
3136 4614 3183 4669 si
3238 4613 3474 4668 domnus

1882 4718 2212 4784 aiostolicns
2246 4716 2328 4768 vel
2381 4712 2703 4768 universalis
2748 4710 3000 4765 Ecclesia:
3055 4706 3363 4759 interventu
3401 4699 3472 4754 ad

1885 4810 2165 4877 dignitatis
2214 4807 2521 4876 apostolica:
2573 4806 2804 4875 rigorem
2845 4812 2900 4858 et
2942 4797 3294 4857 stabilitatem
3342 4807 3473 4864 pos-

1883 4908 1954 4961 sit
1981 4902 2053 4935 “5
2093 4900 2316 4956 excitari
2351 4916 2363 4954 :

1961 4993 2079 5047 ιιι).
2127 5014 2144 5043 ι
2191 4988 2590 5058 Conquerimur
2609 4986 2770 5043 beato
2801 4986 2988 5048 Petro,
3016 4978 3239 5049 eiusque
3267 4975 3481 5032 vicario

1492 5166 1725 5226 VARUE
1762 5163 2171 5226 LECTIONES.
