3926 5326
519 329 623 387 567

1506 337 1848 415 BRUNOMS
1887 341 2150 399 CLERICI
2193 341 2816 404 MAGDEBURGEN‘SIS

3658 357 3760 415 568

518 451 717 505 domno
735 450 1031 520 apostolico
1049 449 1597 524 Gregorio,omnique
1621 466 1823 512 sanctte
1838 458 2092 528 Romana:
2121 467 2164 523 Α
2196 459 2475 516 liminibus
2495 471 2695 516 sanctae
2718 461 2958 518 ecclesiae
2979 466 3249 535 separavit
3287 476 3392 522 tam
3419 467 3572 522 illum
3601 485 3759 540 quam

518 538 779 597 Ecclesiae
806 542 1060 609 concilio,
1083 558 1245 612 super
1271 543 1484 614 injuriis
1504 556 1555 601 et
1586 547 1872 612 violentiis,
1902 564 2037 618 quas
2059 563 2088 602 a

514 627 718 686 domno
741 629 995 686 Heinrico
1017 632 1158 702 passi
1181 647 1368 689 sumus
1392 645 1445 688 et
1473 635 1809 692 incessanter
1833 639 2088 708 patimur,

513 734 624 776 non
660 723 729 777 ob
787 723 944 777 aliam
996 738 1214 779 causam
1241 765 1258 794 ,
1291 726 1394 782 nisi
1444 729 1584 797 quod
1625 729 1740 784 sedi
1784 729 2091 800 apostolicae

513 811 830 866 obedientes
866 827 1074 869 smnus.
1130 814 1384 871 Pervenit
1425 827 1604 873 autem
1653 820 1719 873 ad
1777 836 1894 886 nos,
1943 822 1998 875 in
2020 821 2090 854 ⁵³⁸

513 911 700 955 sancta
734 901 926 958 sinodo
966 902 1210 960 Romana
1250 923 1420 977 nuper
1453 909 1632 965 habita
1665 911 1776 982 (45)
1805 914 2091 981 quaesitum

506 1003 632 1045 esse
659 1002 713 1047 et
737 993 971 1049 dubitari
1000 1011 1030 1050 a
1070 998 1414 1066 quibusdam,
1447 1011 1626 1055 utrum
1670 1005 1960 1073 ιιτίιξιιὶοιιιε
2007 1007 2091 1060 vir

506 1080 600 1134 ille
629 1087 1180 1143 excommunicandus
1203 1090 1294 1155 sit,
1329 1107 1397 1144 an
1447 1108 1572 1147 non.
1601 1093 1939 1165 Quapropter
1965 1113 2086 1164 nos,

508 1173 708 1242 quibus
733 1189 818 1229 res
847 1176 948 1232 ista
991 1180 1142 1249 gravi
1172 1183 1546 1252 experimento
1585 1185 1888 1243 evidentius
1933 1187 2089 1243 inno-

509 1263 652 1328 tttit,
701 1267 1025 1323 annuutiare
1071 1284 1172 1338 pro
1221 1281 1403 1327 nostra
1451 1275 1813 1348 testimatione
1869 1279 2086 1350 dignum

507 1353 781 1423 duximus,
810 1359 1036 1428 quantis
1052 1362 1412 1420 existentibus
1431 1369 1610 1424 causis
1638 1370 1754 1439 ipse
1785 1387 1887 1426 non
1915 1373 2086 1427 solum

506 1451 1065 1507 excommunicandus
1090 1455 1182 1508 sed
1215 1456 1398 1512 multis
1427 1460 1600 1514 modis
1624 1460 1735 1530 jam
1768 1476 1894 1517 vere
1923 1463 1992 1517 sit
2013 1461 2084 1496 ⁸²⁷

506 1542 1030 1599 excommunicatus.
1081 1544 1259 1601 Testis
1302 1557 1386 1606 est
1444 1551 1558 1606 haec
1604 1562 1789 1607 sancta
1844 1555 2084 1612 Romana

507 1625 774 1697 Ecclesia,
805 1648 904 1702 pro
930 1637 1150 1704 quantis
1192 1638 1490 1696 sceleribus
1544 1650 1598 1699 et
1643 1660 1803 1713 quam
1847 1647 2087 1702 inaudita

505 1724 932 1792 praesumptione
981 1726 1035 1780 in
1075 1727 1266 1783 sinodo
1299 1729 1539 1797 ejusdem
1596 1735 1838 1792 ecclesiae
1874 1739 2086 1794 vinculo

509 1812 875 1870 anathematis
902 1817 1149 1889 alligatus
1182 1831 1284 1887 est,
1321 1839 1425 1878 non
1448 1827 1598 1894 prius
1633 1837 1832 1896 tamen,
1859 1832 1992 1887 sicut
2019 1850 2082 1889 ex
2119 1807 2161 1866 Β

509 1901 683 1994 ipsius
732 1907 914 1964 domui
976 1913 1253 1982 apostolici
1307 1915 1502 1974 litteris
1557 1920 1880 1992 didicimus,
1926 1941 2087 1994 quam

507 1993 686 2063 ipsum
733 1999 903 2054 multa
939 2002 1100 2058 'sedis
1143 2007 1454 2075 apostolica:
1484 2001 1686 2068 monita
1722 1993 2088 2084 spernentem,

507 2101 726 2158 semper
750 2105 817 2146 ex
839 2097 1181 2167 correptione
1208 2099 1533 2173 deteriorem
1563 2118 1683 2160 esse
1713 2106 1782 2138 ⁸⁸⁸
1805 2107 2092 2177 probatum

509 2185 616 2231 est.
645 2177 910 2238 Peusetur
928 2199 1059 2256 ergo
1079 2188 1146 2244 de
1174 2188 1285 2254 illo,
1321 2193 1413 2262 qui
1435 2201 1560 2250 ante
1590 2195 1881 2254 triennium
1910 2200 2090 2257 incor-

509 2268 741 2339 rigibilis
770 2273 1021 2332 inventus
1060 2287 1167 2345 est,
1209 2281 1252 2335 si
1304 2282 1444 2338 infra
1485 2286 1775 2342 triennium
1824 2290 1965 2346 istud
2011 2292 2090 2349 sic

508 2373 789 2421 correctus
831 2369 1118 2439 resipuerit
1160 2373 1250 2439 ⁸³³,
1283 2384 1343 2430 ιιι
1387 2392 1531 2433 nunc
1569 2379 1634 2435 de
1673 2381 1993 2451 proferenda
2033 2386 2086 2440 in

508 2453 660 2510 illum
688 2462 961 2516 sententia
995 2464 1230 2521 dubitari
1267 2479 1538 2539 oporteat.
1579 2472 2089 2533 Evcommunicatus

510 2564 643 2616 ergo
665 2550 758 2618 ”°,
789 2552 925 2608 sicut
950 2553 1064 2622 jam
1105 2557 1360 2626 diximus,
1389 2577 1550 2633 quam
1581 2563 1830 2621 diuturna
1857 2569 2091 2637 pertina-

510 2640 592 2694 cia
618 2640 872 2699 ultionem
893 2647 1243 2716 apostolicam
1268 2652 1609 2722 despexerit,
1638 2657 1873 2727 undique
1901 2667 2086 2715 notum

510 2739 612 2786 est.
648 2731 886 2790 Tandem
918 2741 1270 2809 necessitate,
1303 2759 1424 2814 qua:
1456 2761 1559 2802 non
1592 2748 1660 2780 ³³⁸
1688 2757 1769 2804 est
1792 2749 2088 2820 ine-ignita,

511 2834 753 2893 coactus,
776 2829 1170 2888 absolutionem
1200 2850 1468 2904 quarens,
1491 2840 1642 2908 prius
1669 2840 1959 2910 impetrare
1982 2859 2086 2899 non

508 2917 706 2986 potuit,
738 2934 900 2989 quam
916 2920 1273 2992 jurejurando
1303 2928 1577 2996 pollicitus
1606 2941 1705 2992 est.
1733 2946 1791 2986 se
1831 2933 1896 2987 de
1916 2935 2090 2990 omni-

509 3014 612 3061 bus
649 3008 750 3063 sibi
780 3010 1006 3080 objectis
1037 3013 1466 3082 satisfacturum,
1489 3028 1648 3086 prout
1675 3019 1908 3076 domnus
1953 3039 2087 3092 papa

2191 568 2379 608 omnes
2422 553 2522 608 sibi
2560 554 2990 622 consentientes,
3027 564 3081 609 et
3112 555 3284 611 vitum
3315 558 3482 612 alium
3526 559 3579 614 in
3619 563 3762 630 regia

2193 643 2450 719 dignitate
2490 644 2833 700 confirmavit
2885 646 3183 714 apostolica
3229 649 3577 711 auctoritate.
3637 650 3764 718 Quae

2192 746 2392 796 sanctae
2437 736 2692 791 Romamn
2735 737 2991 792 Ecclesia:
3037 738 3210 792 edicta
3267 739 3406 793 sicut
3435 740 3558 801 alia
3600 741 3764 796 multa

2190 836 2598 897 contempnens,
2629 842 2852 896 regnum
2887 828 2989 882 sibi
3013 827 3124 898 jam
3154 829 3390 884 secundo
3420 830 3761 884 interdictum

2193 919 2479 983 invadens,
2515 933 2685 988 usque
2723 920 2857 974 adeo
2895 917 3178 973 demolitus
3213 928 3298 974 est
3331 919 3678 990 dissipando,
3711 932 3764 976 ut

2185 1008 2294 1079 jam
2325 1026 2543 1080 regnum
2579 1011 2683 1065 dici
2715 1026 2820 1064 non
2853 1011 3062 1079 valeat,
3091 1012 3174 1065 cui
3213 1011 3357 1066 nulla
3397 1027 3536 1081 pene
3573 1013 3762 1080 regalia

2191 1112 2500 1174 supersunt.
2530 1104 2662 1158 Cum
2695 1113 2872 1158 autem
2900 1104 2967 1158 ad
2997 1104 3364 1159 conciliandos
3391 1103 3494 1158 sibi
3531 1103 3765 1158 fautores

2191 1194 2338 1264 regni
2381 1193 2668 1248 facultates
2731 1193 2834 1248 sibi
2896 1207 3002 1246 non
3057 1191 3398 1257 sufficerent,
3448 1207 3667 1246 manum
3715 1193 3766 1244 in

2189 1293 2374 1338 sancta
2405 1292 2714 1338 sanctorum
2749 1283 3066 1347 extendens,
3099 1281 3450 1337 ecclesiarum
3479 1280 3572 1335 Dei
3599 1280 3764 1349 publi-

2189 1390 2285 1429 cus
2309 1375 2525 1428 invasor
2551 1371 2776 1428 effectus
2796 1382 2898 1437 est,
2921 1389 3027 1427 non
3057 1388 3120 1427 eo
3143 1373 3295 1443 quasi
3329 1372 3512 1437 modo,
3537 1387 3645 1441 quo
3658 1372 3762 1442 jam

2191 1467 2257 1522 ab
2281 1466 2550 1535 aliquibus
2577 1465 2820 1536 tyrannis
2845 1472 3225 1534 praesumptum
3247 1477 3369 1518 esse
3393 1462 3761 1530 cognovimus.

2189 1555 2640 1626 lucomparabiles
2671 1555 2816 1610 enim
2852 1563 2907 1610 et
2945 1555 3064 1608 sine
3089 1552 3338 1623 exemplo
3367 1551 3766 1622 praevaricatio-

2189 1660 2284 1702 nes
2311 1647 2426 1701 ista:
2455 1654 2600 1700 sunt.
2619 1644 2751 1698 Nam
2776 1660 2880 1699 non
2910 1645 3160 1715 quaelibet
3187 1643 3387 1712 praedia
3417 1651 3514 1696 aut
3538 1642 3767 1696 modicas

2189 1737 2396 1805 aliquas
2415 1736 2700 1790 facultates
2713 1735 3085 1798 ecclesiarum,
3110 1734 3200 1790 scd
3223 1736 3571 1804 episcopatus
3594 1747 3767 1802 quam-

2191 1828 2371 1900 plurcs
2399 1827 2666 1898 aufuga‘tis
2693 1827 2960 1896 cpisc0pis
2984 1827 3085 1881 sibi
3113 1826 3413 1896 usurpavit,
3443 1833 3499 1879 et
3522 1824 3766 1898 quicquid

2191 1919 2256 1972 ad
2283 1918 2498 1972 servitia
2529 1916 2611 1972 Vel
2641 1915 3066 1972 sustentationcs
3091 1915 3467 1984 episcoporum
3489 1913 3763 1984 pertinuit,

2191 2021 2359 2067 totum
2392 2011 2505 2066 suis
2538 2025 2868 2081 suorumque
2910 2010 3097 2067 usibus
3132 2009 3481 2080 mancipavit.
3520 2009 3623 2062 Pro
3667 2025 3764 2077 qua

2190 2120 2250 2161 re
2271 2104 2539 2175 episcopis
2567 2085 3051 2176 proclamantibus,
3075 2102 3303 2158 domnus
3340 2116 3480 2172 papa
3503 2102 3766 2172 querimo-

2190 2200 2296 2256 niis
2333 2215 2522 2254 eorum
2565 2197 2940 2264 satisfaciens,
2968 2210 3069 2267 pro
3101 2211 3199 2251 sua
3239 2195 3444 2265 pietate
3470 2195 3526 2249 in
3561 2191 3764 2254 sinodo,

2189 2310 2309 2366 qua:
2339 2296 2403 2350 17
2441 2293 2560 2348 Kal.
2599 2293 2850 2350 Deccmb.
2901 2293 3084 2348 habita
3130 2299 3237 2358 est,
3281 2289 3768 2347 excommunicavit

2189 2401 2400 2454 omnes,
2423 2386 2514 2455 qui
2544 2387 2684 2441 bona
2713 2401 2901 2441 eorum
2946 2386 3280 2440 invaserunt.
3306 2381 3463 2449 Quod
3492 2396 3618 2436 cum
3642 2395 3767 2450 pne-

2191 2477 2334 2533 dicto
2371 2478 2488 2532 viro
2517 2477 2791 2548 cognitum
2821 2476 3030 2543 fuisset,
3058 2490 3219 2548 quem
3259 2475 3505 2545 ejusdem
3541 2472 3764 2526 invasio-

2189 2568 2273 2623 nis
2301 2577 2576 2623 auctorem
2604 2575 2658 2621 et
2691 2567 3008 2637 participem
3038 2581 3160 2622 esse
3193 2563 3503 2620 certissime
3543 2571 3763 2622 constat,

2190 2677 2290 2715 nec
2316 2661 2428 2730 ipse
2466 2669 2688 2731 propter
2708 2661 2812 2715 hoc
2838 2661 2906 2715 ab
2937 2660 3216 2715 invasione
3242 2657 3504 2719 cessavit,
3535 2672 3637 2710 nec
3659 2669 3764 2715 eos,

2190 2752 2279 2821 qui
2312 2767 2415 2806 una
2447 2766 2568 2805 cum
2615 2751 2729 2821 ipso
2772 2749 3228 2806 excommunicati
3251 2757 3399 2810 sunt,
3431 2762 3461 2800 a
3496 2762 3594 2801 sua
3627 2761 3765 2799 com-

2190 2843 2446 2898 munione
2487 2843 2570 2898 vel
2613 2846 2680 2899 ad
2727 2845 2919 2899 horam
2971 2843 3183 2914 repulit.
3223 2840 3551 2896 Audivimus
3601 2847 3766 2892 autem

2189 2935 2331 3004 quod
2352 2933 2434 2988 sui
2467 2933 2778 2989 defensores
2801 2934 2888 2989 his
2908 2931 3258 3004 querimoniis
3288 2929 3426 2985 tales
3471 2928 3765 2985 excusatio-

2190 3041 2286 3081 nes
2324 3027 2618 3082 obtendant
2642 3027 2732 3094 ⁸³³,
2764 3027 2905 3097 quod
2960 3027 3073 3097 ipse
3114 3025 3180 3079 de
3227 3022 3384 3079 bonis
3417 3023 3765 3078 ecclesiarum

510 3097 615 3153 sibi
649 3109 860 3172 tempus
887 3105 1262 3161 constitueret.
1300 3105 1412 3161 [lac
1442 3110 1750 3167 conditione
1789 3114 2084 3180 absolutus,
2117 3150 2161 3212 Ε
2195 3117 2323 3172 nulli
2359 3117 2559 3188 aliquid
2596 3119 2945 3189 praestiterit,
2978 3131 3150 3187 neque
3183 3114 3249 3170 de
3278 3130 3436 3169 manu
3483 3113 3604 3180 ejus
3627 3125 3767 3166 acce-

511 3192 758 3248 recessit.
784 3193 916 3246 Cum
947 3204 1128 3250 autem
1173 3196 1465 3266 placuisset
1513 3201 1710 3257 domno
1765 3207 2080 3276 apostolico,

512 3281 696 3336 missis
742 3282 932 3353 legatis
961 3296 1016 3341 et
1071 3285 1264 3343 litteris
1311 3293 1491 3360 exegit
1533 3293 1601 3348 ab
1651 3312 1741 3362 eo,
1785 3305 1843 3350 ut
1882 3295 2087 3353 faceret

512 3373 657 3440 quod
726 3373 1082 3446 jurejurando
1147 3384 1414 3450 promisit.
1473 3384 1711 3453 Quarum
1784 3387 2085 3444 litterarum

512 3463 713 3520 latores
743 3481 864 3521 cum
912 3472 1293 3540 appropiarent
1325 3476 1390 3530 ad
1419 3493 1563 3541 eum,
1588 3493 1617 3531 a
1649 3477 1762 3533 suis
1791 3478 2092 3536 fautoribus

512 3555 679 3624 capti,
704 3558 920 3626 quidam
961 3561 1011 3616 in
1043 3565 1342 3620 custo‘diam
1370 3568 1520 3624 missi
1550 3577 1674 3624 sunt
1717 3570 1893 3638 quoad
1927 3585 2092 3640 usque

512 3648 741 3715 pecunia
774 3651 1188 3722 redimerentur,
1234 3658 1324 3712 alii
1358 3673 1486 3715 vero
1515 3661 1778 3717 excoriati
1827 3679 1890 3718 ac
1928 3664 2092 3719 deca-

509 3739 682 3810 pillati
737 3753 884 3798 sunt.
931 3746 1083 3814 Quod
1144 3765 1264 3805 cum
1328 3753 1394 3807 ad
1448 3763 1665 3811 nostros
1728 3757 2089 3811 renuntiatum

514 3831 728 3898 fuisset,
767 3834 961 3890 iterum
1017 3854 1114 3908 per
1162 3839 1326 3896 alium
1370 3843 1616 3898 nuntium
1671 3844 1991 3915 legationem
2038 3856 2094 3900 et

513 3919 723 3977 litteras
747 3927 1073 3993 apostolicus
1105 3931 1552 3999 transmiserunt;
1586 3950 1615 3987 a
1653 3950 1762 4003 quo
1790 3935 1902 4005 ipse
1930 3939 2088 3990 verba

511 4011 796 4082 legationis
842 4017 1084 4084 audiens,
1124 4021 1291 4075 nichil
1344 4025 1660 4092 respondit,
1707 4024 1918 4080 litteras
1961 4041 2091 4081 vero

512 4115 793 4171 porrectas
840 4109 1088 4180 accipere
1139 4114 1426 4169 recusavit.
1484 4113 1655 4185 Hujus
1700 4116 1768 4146 ⁸³²
1808 4116 1885 4172 rei
1926 4125 2092 4172 testes

514 4202 640 4246 sunt
684 4196 836 4251 multi
865 4197 1063 4266 idonei,
1094 4201 1361 4270 praecipue
1402 4211 1581 4258 autem
1607 4204 1748 4259 sedis
1783 4206 2090 4274 apostolicae

513 4282 720 4354 legatus
772 4287 1002 4343 domnus
1051 4290 1397 4347 Bcrnbardus
1449 4294 1756 4357 cardiualis,
1802 4297 1995 4365 quitob
2039 4299 2088 4353 id

511 4379 788 4446 negotium
827 4380 880 4433 in
906 4380 1026 4435 illas
1070 4393 1254 4450 partes
1287 4385 1638 4440 transmissus
1670 4395 1806 4441 erat.
1839 4389 1937 4456 Qui
1968 4398 2088 4444 cum

2194 3212 2356 3282 perit,
2383 3212 2469 3267 vel
2515 3212 2710 3282 aliquis
2760 3212 2876 3282 ipso
2915 3210 3140 3280 jubente
3178 3207 3461 3264 invaserit.
3493 3206 3647 3273 Quod
3677 3217 3766 3258 nec

2197 3319 2297 3359 nos
2318 3303 2389 3358 illi
2417 3302 2732 3373 objicimus;
2757 3304 2852 3358 sed
2881 3304 2935 3357 in
2962 3303 3064 3358 hoc
3094 3300 3242 3356 illum
3263 3313 3618 3363 accusamus,
3636 3294 3767 3366 quod

2194 3407 2248 3454 et
2278 3399 2576 3468 approbare
2621 3398 2950 3469 paratissimi
3001 3411 3222 3460 sumus,
3264 3394 3466 3466 quippe
3517 3393 3658 3461 quod
3693 3388 3764 3443 sui

2193 3505 2288 3544 sua
2320 3489 2676 3558 permissione
2712 3488 2855 3543 bona
2887 3487 3252 3543 ecclesiastica
3290 3487 3638 3541 invaserunt.
3658 3480 3765 3549 qui-

2193 3577 2292 3631 bus
2339 3578 2451 3647 ipse
2481 3577 2798 3647 rogantibus
2829 3578 2929 3631 hoc
2961 3576 3248 3639 concessit,
3278 3572 3534 3626 dividens
3557 3568 3764 3638 singulis

2194 3677 2351 3738 prout
2392 3667 2588 3735 voluit;
2622 3677 2677 3722 et
2711 3669 2813 3722 hac
2847 3669 3094 3722 mercede
3126 3663 3376 3720 conducti
3409 3671 3567 3724 sunt,
3598 3669 3655 3714 ut
3678 3658 3766 3712 ini-

2193 3761 2387 3830 quitati
2425 3760 2497 3794 '“
2533 3775 2644 3815 sua;
2691 3761 2835 3816 vires
2869 3759 3356 3815 ammiuistrarent.
3409 3754 3766 3821 Quzecumque

2193 3861 2371 3906 autem
2419 3853 2485 3907 de
2525 3852 2870 3907 facultatibus
2901 3851 3272 3921 episcoporum
3305 3848 3357 3900 in
3391 3847 3482 3900 illa
3519 3842 3766 3899 distribu—

2195 3942 2340 3996 tione
2371 3942 2635 3997 militibus
2662 3958 2767 3997 non
2799 3954 3056 3997 concessa
3090 3936 3505 4008 superfuerunt,
3552 3936 3636 3990 bis
3660 3934 3765 4002 ipse

2193 4041 2468 4102 tamquam
2514 4032 2747 4102 propriis
2796 4032 2996 4094 utitur,
3044 4037 3099 4083 et
3153 4037 3260 4081 tam
3311 4025 3606 4082 manifeste
3661 4022 3765 4075 suis

2192 4124 2380 4179 usibus
2404 4124 2746 4188 deserviunt,
2778 4123 2888 4178 acsi
2929 4119 3256 4176 hereditario
3278 4118 3403 4186 jure
3447 4117 3554 4170 sibi
3583 4129 3764 4186 prove-

2193 4215 2422 4269 nissent.
2440 4214 2494 4268 In
2513 4229 2616 4283 qua
2648 4213 2993 4269 accusatione
3020 4213 3064 4266 si
3096 4209 3348 4266 falsitatis
3374 4208 3762 4266 convincimur,

2192 4318 2310 4367 nos,
2336 4303 2428 4372 qui
2461 4314 2807 4358 accusatores
2833 4318 3038 4368 sumus,
3069 4300 3304 4356 accusati
3335 4313 3558 4370 ptenam
3594 4296 3767 4352 subire

2191 4396 2364 4465 parati
2393 4410 2596 4449 sumus.
2627 4393 2840 4449 Judicct
2868 4409 3000 4462 ergo
3045 4402 3229 4448 sancta
3270 4392 3428 4445 sedes
3455 4389 3760 4460 apostolica,

512 4464 834 4538 legationem
861 4485 1011 4525 suam
1043 4471 1096 4526 in
1125 4471 1334 4528 irritum
1381 4475 1674 4543 procedere
1699 4480 2087 4547 conspexisset,
2120 4498 2166 4557 ι)
2193 4464 2536 4555 inquiruntur
2564 4496 2870 4542 sanctorum
2901 4487 3120 4542 Patrum
3147 4484 3399 4549 concilia,
3427 4483 3760 4555 interrogen-

513 4560 762 4628 quamvis
789 4571 1001 4616 certum
1045 4563 1260 4628 fuisset,
1297 4567 1612 4634 przediCtum
1650 4567 1822 4628 visum
1856 4585 1955 4638 pro
1991 4572 2088 4625 ad-

443 4637 446 4640 ’
511 4648 700 4720 juneto
746 4650 1123 4730 inobedientiae
1166 4653 1402 4723 perjurio
1465 4655 1662 4724 prioris
1732 4637 2089 4716 anathematis

515 4740 731 4796 vinculo
761 4741 1094 4809 innodatum,
1127 4746 1195 4802 de
1225 4762 1332 4819 quo
1351 4745 1462 4815 jam
1491 4749 1556 4802 ad
1588 4757 1795 4819 tempus
1823 4753 2090 4806 conditio-

515 4831 712 4887 naliter
731 4832 1008 4891 absolutus
1032 4836 1150 4901 fuit,
1181 4846 1358 4892 tamen
1385 4839 1526 4908 quod
1567 4841 1668 4896 sibi
1695 4842 1762 4895 ab
1795 4843 2086 4912 apostolica

517 4923 646 4980 sede
683 4924 980 4994 injunctum
1017 4937 1102 4984 est
1143 4931 1583 5000 superimposuit.
1637 4932 1883 4989 Jussione
1927 4935 2089 5004 igitur

2196 4586 2282 4631 tur
2312 4579 2676 4632 Romanorum
2722 4577 3032 4648 pontificum
3081 4578 3327 4640 decreta,
3357 4585 3545 4628 utrum
3575 4573 3646 4634 bi,
3676 4572 3760 4639 qui

2196 4672 2298 4726 ista
2325 4651 2528 4726 faciunt
2556 4671 2635 4726 vel
2664 4670 3010 4725 consentiunt
3034 4668 3357 4723 facientibus
3376 4707 3389 4728 .
3427 4681 3527 4735 pro
3556 4677 3762 4719 οςροιιι-

2193 4763 2483 4818 municatis
2531 4771 2586 4818 et
2640 4764 2916 4834 sacrilegis
2964 4761 3197 4827 [labendi
3252 4758 3360 4814 sint
3403 4757 3497 4820 ⁸³³,
3527 4764 3583 4809 et
3613 4757 3654 4808 si
3687 4751 3760 4804 vel

2193 4853 2324 4922 ipsis
2351 4852 2435 4908 vel
2482 4853 2721 4922 ipsorum
2776 4853 3077 4909 fautoribus
3124 4848 3630 4906 communicandum
3674 4845 3757 4896 sit.

2197 4941 2297 5008 Qui
2325 4957 2449 4997 cum
2481 4958 2607 4999 vere
2636 4945 2972 5007 sciant,vera
3003 4957 3122 4997 esse
3147 4956 3267 5010 quae
3297 4941 3363 4995 de
3388 4954 3454 4994 eo
3478 4936 3756 5006 loquimur,
