3926 5326
161 248 252 305 569

162 459 310 508 stant.
343 452 578 520 Cumque
619 452 674 506 in
710 454 940 508 concilio
993 455 1152 524 hujus
1196 465 1398 511 sancta:
1449 457 1710 524 ecclesiaa,

162 559 268 614 qua:
303 558 516 613 semper
567 546 636 601 ab
663 547 1150 604 excommunicatis
1187 550 1460 605 abstinere
1510 552 1712 616 docuit,

160 652 210 690 se
237 637 387 706 quasi
422 648 666 693 oratores
696 639 974 706 exhibent,
1006 641 1080 696 ita
1108 643 1375 712 patienter
1399 644 1710 710 audiuntur,

161 728 282 781 sicut
301 737 356 782 et
383 729 572 794 nostri,
598 730 742 785 nullo
761 732 1073 788 discrimine
1096 733 1236 789 inter
1254 733 1408 788 laesos
1432 745 1486 789 et
1511 734 1712 789 laeden-

161 827 232 873 tes
255 819 449 874 habito.
481 821 542 874 lli
581 822 745 877 etiam
794 821 969 894 nuperi
995 826 1048 880 in
1092 829 1352 881 comitatu
1383 827 1582 882 domini
1628 829 1709 883 sui

162 909 206 962 in
230 924 315 963 eos
342 910 771 977 insurrexerunt,
811 917 901 985 qui
933 909 1214 987 praeceptis
1248 917 1557 986 apostolicis
1585 920 1712 973 obe-

161 999 322 1063 diunt,
350 1009 408 1055 ιιι
445 1005 512 1057 ad
546 1005 964 1062 inobedientiam
1009 1011 1469 1080 constringerent;
1507 1010 1713 1065 scilicet

160 1089 204 1143 in
241 1093 477 1158 partibus
518 1094 752 1162 Sucviaz,
807 1098 896 1153 ubi
953 1101 1216 1156 incendiis
1257 1101 1608 1158 ecclesiarum
1658 1112 1714 1158 et

161 1180 382 1236 altarium
411 1183 484 1215 ⁸⁸⁸
507 1186 966 1244 destructionibns
993 1191 1273 1261 sacrilegia
1300 1191 1706 1247 innumerabilia

160 1273 416 1329 commissa
471 1285 619 1330 sunt.
660 1277 716 1332 ln
758 1294 862 1348 qua
904 1296 961 1336 re
991 1281 1110 1337 illos
1145 1298 1244 1338 nec
1276 1283 1343 1314 ⁸³⁷
1387 1298 1707 1340 accusamus

161 1375 244 1414 nec
269 1377 617 1430 excusamus;
654 1366 783 1424 illud
810 1380 989 1425 autem
1028 1386 1156 1426 vere
1199 1371 1704 1442 aﬂirmamus‘qttod

160 1452 320 1520 rapina
342 1454 426 1508 illa
450 1456 503 1510 in
524 1458 770 1515 ecclesiis
795 1469 849 1515 et
874 1477 1061 1516 earum
1085 1464 1239 1518 atriis
1256 1465 1416 1530 facta,
1434 1477 1702 1518 consensu

162 1548 569 1613 etpermissinne
623 1561 733 1606 tam
777 1554 1036 1625 principis
1085 1572 1247 1626 quam
1299 1556 1538 1613 omnium
1566 1573 1704 1627 pene

161 1638 386 1705 majorum
414 1643 502 1710 qui
531 1641 756 1699 aderant
786 1656 1094 1716 perpetrata
1121 1657 1224 1709 cst.
1248 1663 1309 1704 ea
1335 1649 1548 1719 quidem
1571 1647 1704 1704 deli-

1344 248 1431 304 DE
1473 249 1695 306 DELLO
1735 249 2096 310 SAXONICO.

161 363 235 418 nis
279 359 590 425 obtendant,
636 369 692 416 et
738 370 1009 417 tantorum
1058 360 1320 418 scelerum
1359 367 1572 434 patroni
1601 367 1716 420 exi-
1744 393 1791 431 ι,

3295 261 3396 315 570

1894 369 2014 423 115.
2057 369 2210 425 Tunc
2256 369 2324 424 ab
2375 370 2484 439 ipsa
2535 369 2726 425 sinodo
2756 368 2868 441 (16)
2927 371 2979 425 in
3036 369 3396 430 Thentonicas

1816 472 1997 533 partes
2013 461 2309 532 subjeclam
2333 463 2768 532 misitepistolam
2793 478 2808 517 :
2840 481 2857 513 ι
2878 463 3172 534 Gregorius
3193 465 3262 497 ”'
3283 482 3397 521 ser-

1815 563 1914 604 vus
1941 563 2219 603 servorum
2247 549 2338 603 Dei
2371 551 2562 622 (Gneo.
2597 551 2681 605 VII
2701 591 2716 614 ,
2750 549 2950 620 Regist.
2980 567 3033 605 vt
3053 593 3068 618 ,
3099 554 3149 622 1)
3175 593 3187 617 ,
3215 556 3394 609 omni-

1815 636 1915 692 bus
1935 637 2148 693 clericis
2177 647 2229 694 et
2253 638 2404 694 laicis
2430 641 2481 694 in
2508 656 2672 710 regno
2695 640 3034 698 Thentonico
3059 646 3390 713 constitutis,

1814 729 1904 797 qui
1935 731 2512 786 excommunicationis
2550 732 2764 788 vinculo
2791 748 2895 787 non
2931 743 3213 803 tenentur,
3244 738 3391 793 salu-

1816 830 1925 876 tem
1955 830 2009 876 et
2033 822 2386 890 apostolicam
2427 823 2882 879 benedictionem.
2935 826 3064 893 Qua:
3100 837 3156 882 et
3190 841 3393 899 quanta

1813 911 1970 966 nobis
1991 927 2121 965 cura
2153 911 2317 966 fuerit
2346 921 2534 978 etest,
2571 924 2628 968 ut
2663 914 2969 984 pestilentia
3010 916 3192 972 clades
3238 919 3309 950 “°
3341 930 3396 974 et

1813 1003 2072 1058 desolatio
2101 1020 2129 1057 a
2161 1019 2324 1075 regno
2352 1013 2534 1060 vestro
2565 1005 2872 1070 auferatur,
2909 1022 3014 1076 pax
3049 1007 3118 1040 ’δι
3141 1016 3196 1063 et
3222 1009 3393 1066 hone-

1813 1104 1926 1151 stas
1949 1104 2004 1150 et
2022 1095 2240 1150 solitum
2271 1097 2438 1153 decus
2466 1097 2620 1151 vobis
2653 1099 2907 1153 reddatur
2927 1140 2942 1164 ,
2971 1100 3022 1153 in
3052 1101 3248 1158 sinodo
3273 1118 3394 1173 quae

1813 1186 1917 1241 hoc
1963 1202 2105 1242 anno
2159 1187 2212 1241 in
2270 1188 2683 1258 quadragesima
2732 1188 2916 1243 liorme
2963 1191 3230 1246 celebrata
3291 1192 3396 1248 fuit

1815 1277 2233 1336 deelaravimus.
2285 1279 2494 1335 Judicio
2540 1281 2686 1335 enim
2733 1281 2906 1336 sancti
2939 1281 3171 1352 Spiritus
3205 1283 3394 1340 decre-

1813 1366 1988 1421 vimus
2013 1377 2066 1422 et
2102 1369 2494 1438 praecepimus,
2535 1379 2595 1424 ut
2641 1370 2694 1424 in
2736 1385 2901 1441 regno
2940 1382 3122 1428 vestro
3151 1375 3392 1429 omnium

1809 1469 2109 1512 conventus
2132 1459 2507 1528 episcoporum
2524 1468 2578 1514 et
2592 1459 2852 1516 laicorum
2877 1475 3064 1515 eorum
3082 1463 3175 1533 qui
3201 1463 3395 1519 timent

1807 1548 1975 1604 Deum
1999 1559 2052 1604 et
2079 1549 2220 1605 inter
2241 1566 2336 1605 vos
2363 1566 2550 1621 pacem
2575 1551 2890 1608 desiderant
2918 1553 3068 1608 ﬁeret
3087 1595 3100 1618 ,
3126 1563 3181 1610 et
3207 1572 3392 1612 coram

1806 1639 2007 1692 nostris
2055 1638 2246 1709 legatis
2302 1640 2723 1707 decerneretur,
2789 1642 2834 1696 si
2885 1643 2972 1697 cui
3001 1643 3100 1708 Μ,
3140 1644 3393 1702 lleinrico

161 1728 422 1794 bcratione,
452 1735 599 1802 quod
643 1737 964 1808 sacrilegum
1009 1739 1156 1794 illum
1196 1742 1494 1796 exercitum
1549 1741 1707 1795 aliter
1737 1728 1781 1787 Β
1809 1730 2058 1786 νίίίθιίεθι
2088 1731 2157 1762 ⁵³³
2189 1731 2270 1785 Vel
2308 1732 2571 1800 Βοάυιῖον
2610 1734 2702 1802 (liii
2738 1733 2807 1789 d0
2841 1734 2990 1804 1⁵88οῖ
3027 1736 3394 1806 Βιιιιθτηθειηο

163 1821 413 1873 sustentari
442 1837 554 1876 non
587 1839 744 1893 posse
764 1839 1115 1882 censuerunt.
1159 1829 1270 1884 Hoc.
1297 1845 1513 1901 quoque
1557 1832 1706 1887 novit

161 1921 310 1965 sancta
340 1913 584 1970 Romana
624 1917 888 1985 Ecclesia,
921 1922 1062 1989 quod
1118 1922 1372 1992 prmfattts
1420 1922 1704 1980 lleinricns

162 1999 322 2055 domno
345 2005 1013 2080 apostolicojurejurando
1045 2012 1353 2080 afﬁrmavit,
1389 2016 1530 2084 quod
1585 2017 1706 2070 nul-

163 2087 248 2144 lum
283 2096 482 2162 amodo,
506 2097 602 2168 qui
635 2102 702 2155 ad
733 2101 921 2158 limina
958 2105 1322 2174 apostolorum
1363 2108 1430 2164 de
1476 2109 1703 2179 quibus-

163 2195 356 2273 cumque
404 2197 675 2246 terrarum
710 2193 844 2250 locis
887 2197 1195 2266 tenderent,
1218 2200 1304 2257 vel
1336 2201 1450 2273 ipse
1490 2204 1574 2258 vel
1603 2204 1702 2260 ali-

162 2271 257 2363 quis
295 2290 470 2331 eorum
521 2296 665 2351 quos
707 2287 1082 2360 constringere
1128 2299 1312 2359 posset
1358 2271 1698 2363 prohiberet.

163 2360 364 2428 Qualiter
381 2380 559 2426 autem
583 2372 822 2442 juratam
840 2378 983 2433 illam
1009 2360 1425 2451 promissionem
1448 2387 1702 2442 observa-

162 2456 458 2521 verit,nobis
506 2465 816 2522 tacentibus
861 2468 974 2538 ipsa
1021 2487 1206 2526 rerum.
1237 2474 1431 2529 indicia
1470 2478 1700 2533 manife-

161 2555 278 2602 stant
321 2551 448 2622 Ergo
471 2565 679 2624 praeter
705 2559 851 2613 illam
875 2577 994 2630 qua:
1015 2571 1069 2617 et
1094 2565 1162 2620 ab
1185 2567 1424 2636 antiquis
1445 2567 1702 2626 Patr-ibus

162 2646 428 2700 ctavestta
476 2649 772 2706 sanclitate
807 2653 858 2706 in
901 2654 1209 2725 bujusmodi
1255 2664 1702 2730 praevaricatores

162 2733 443 2803 promulgata
495 2747 586 2793 est
636 2746 962 2800 sententiam
989 2749 1562 2824 m,~archiepiscopus
1590 2755 1702 2812 Mo-

161 2825 369 2918 gontinus
415 2832 688 2902 majorum
729 2839 976 2909 exempla
1027 2853 1269 2911 secutus,
1297 2849 1566 2918 adjunctis
1599 2852 1701 2906 sibi

161 2913 380 3010 episcopis
434 2937 670 2981 numero
719 2939 950 2996 septem,
1001 2935 1198 3003 quibus
1247 2939 1435 2994 eadem
1491 2940 1701 3010 injurim

160 3005 270 3058 ratio
307 3006 420 3074 fuit,
465 3028 564 3081 pro
623 3015 942 3075 defensione
978 3023 1222 3080 ecclesiae
1261 3027 1361 3082 sibi
1398 3005 1702 3088 commissa:

158 3098 426 3190 praedictum
452 3105 658 3176 virum,
689 3110 778 3178 qui
804 3116 1198 3182 parrocitianus
1239 3120 1382 3176 illius
1405 3133 1508 3190 est,
1535 3127 1701 3182 tradi-

161 3183 220 3236 dit
244 3185 476 3247 Satbanae
503 3196 556 3248 in
589 3195 873 3254 interitum
897 3205 1082 3260 carnis
1106 3222 1230 3261 cum
1262 3183 1531 3268 universis
1583 3216 1697 3271 suis

163 3279 483 3375 complicibus.
508 3285 647 3343 ltem
678 3290 909 3348 domnus
939 3294 1226 3366 cpiscopus
1256 3299 1701 3375 Wirtzeburgen-

162 3367 479 3466 s-isprzcsente
525 3391 581 3435 et
617 3393 949 3452 cooperante
979 3387 1124 3443 sedis
1164 3393 1470 3459 apostolica:
1521 3367 1699 3466 legato

161 3456 316 3520 domno
354 3466 672 3527 Bernbardo
711 3488 904 3531 omnes
935 3476 1053 3534 illos
1077 3456 1695 3558 anathematizav'il,uqui

159 3561 255 3648 actu
283 3557 356 3612 vel
375 3564 597 3619 consilio
624 3565 678 3619 in
729 3567 833 3623 hoc
873 3570 1169 3641 culpabiles
1207 3576 1524 3642 extiterunt,
1553 3557 1695 3648 quod

159 3639 273 3700 illca
301 3665 386 3705 sua
434 3655 562 3709 sede
603 3658 914 3727 prohibitus
960 3639 1061 3718 est.
1115 3665 1283 3734 Cujus
1316 3639 1696 3738 prohibiti-onis

158 3744 311 3827 auctor
345 3757 443 3796 non
477 3746 725 3802 incertus
747 3758 856 3815 est;
881 3752 974 3820 qui
1003 3755 1166 3820 etiam
1198 3757 1249 3810 in
1285 3758 1524 3827 ejusdem
1552 3761 1696 3817 sedis

159 3825 355 3896 civitate,
385 3835 432 3888 in
486 3854 594 3905 qua
649 3855 787 3908 pene
835 3858 994 3897 nemo
1037 3860 1141 3899 non
1196 3851 1694 3908 excommunicatus

157 3929 238 3984 est,
261 3922 684 3997 frequentissime
727 3945 988 3991 moratur.
1031 3938 1170 3994 Ecce
1199 3942 1404 3996 audivit
1431 3945 1693 4000 sanctitas

157 4020 318 4077 vestra,
344 4033 494 4087 quam
523 4022 635 4076 mnl
646 4023 716 4077 tis
735 4026 908 4081 modis
935 4027 1015 4081 vir
1038 4028 1124 4082 ille
1143 4045 1263 4084 cum
1291 4034 1403 4087 suis
1430 4033 1692 4104 dampna~

158 4109 224 4157 tus
244 4107 302 4161 sit
331 4120 381 4165 et
407 4127 532 4170 vere
583 4117 984 4186 dampnandus.
1017 4121 1289 4192 Rogamus
1317 4139 1446 4196 ergo
1472 4141 1568 4183 vos
1596 4144 1694 4198 per

159 4208 316 4255 nomen
342 4200 546 4260 Domini
575 4209 752 4262 nostri
783 4208 910 4264 Jesn
936 4211 1156 4278 Christi,
1187 4222 1242 4270 et
1269 4231 1367 4284 per
1390 4231 1514 4271 eum
1541 4217 1692 4285 cujus

158 4285 293 4342 vicem
316 4294 480 4362 agitis,
505 4305 562 4351 ut
589 4298 634 4352 si
657 4297 770 4366 jam
819 4301 1048 4370 prolatis
1088 4303 1143 4358 in
1181 4305 1400 4362 eosdem
1443 4307 1691 4365 homines

1807 1821 1947 1875 inter
1973 1837 2029 1877 se
2059 1821 2362 1890 decertant,
2400 1823 2629 1894 amplius
2652 1825 2864 1896 justitia
2904 1825 3135 1892 faveret,
3157 1842 3396 1897 parsque

1807 1910 1876 1942 ⁵³⁸
1900 1911 2150 1980 injustior
2184 1913 2391 1969 ratione
2414 1915 2625 1970 devicta
2645 1924 2700 1969 et
2727 1916 2867 1971 beati
2893 1916 3038 1970 Petri
3069 1919 3395 1973 auctoritate

1805 2003 2134 2070 constricta,
2166 2004 2380 2060 lacilius
2413 2006 2634 2061 cederet
2661 2006 2803 2061 etab
2835 2006 3058 2062 interitu
3087 2009 3392 2064 animarum

1805 2101 1860 2146 et
1901 2107 2231 2162 corporum,
2284 2093 2396 2150 Deo
2452 2097 2806 2166 propitiante,
2864 2107 3137 2163 cessaret,
3191 2099 3393 2167 justior

1803 2199 1934 2240 vero
1963 2200 2090 2255 pars
2117 2186 2349 2255 amplius
2375 2188 2441 2243 de
2465 2189 2574 2244 Deo
2597 2189 2894 2244 confideret
2913 2230 2928 2255 ,
2958 2199 3013 2245 et
3042 2190 3224 2260 adjuta
3247 2193 3391 2248 beati

1803 2273 1949 2329 Petri
1973 2277 2304 2333 auctoritate
2324 2279 2392 2313 ⁸³⁸
2416 2287 2474 2334 et
2493 2279 2733 2335 omnium
2759 2278 3024 2349 justitiam
3051 2282 3390 2354 diligentiam

1803 2385 2110 2439 consensu,
2155 2371 2224 2428 de
2271 2374 2497 2430 victoria
2531 2375 2758 2431 omnino
2782 2387 3031 2447 speraret
3054 2386 3110 2434 et
3139 2387 3390 2436 neutram

1803 2465 1873 2496 ⁸³⁸
1899 2474 2126 2520 mortem
2155 2466 2392 2522 timeret.
2429 2466 2534 2524 Sed
2577 2469 2702 2537 quia
2734 2471 2984 2538 pervenit
3007 2471 3076 2526 ad
3110 2486 3211 2528 nos
3247 2471 3391 2542 quod

1803 2553 2008 2610 inimici
2056 2555 2145 2610 Dei
2187 2565 2242 2611 et
2275 2557 2368 2610 lilii
2402 2557 2600 2612 diaboli
2639 2559 2858 2629 quidam
2891 2561 3031 2629 apud
3063 2576 3161 2616 vos
3199 2574 3387 2616 contra

1803 2648 2146 2703 interdictum
2179 2649 2491 2718 apostolicae
2517 2651 2664 2707 sedis
2709 2652 3026 2721 praedictum
3057 2663 3383 2709 conventum

1801 2750 2092 2811 procurent
2117 2741 2184 2771 “7
2218 2742 2268 2796 in
2300 2741 2516 2796 irritttm
2547 2742 2778 2807 ducere,
2829 2751 2882 2797 et
2904 2757 3011 2798 non
3049 2743 3257 2812 justitia
3287 2744 3386 2798 sed

1803 2832 2052 2900 superbia
2083 2847 2146 2887 ac
2171 2832 2335 2887 totius
2363 2833 2510 2902 regni
2543 2833 2876 2887 desolatione
2899 2849 3028 2890 suas
3053 2834 3387 2904 cupiditates

1803 2921 2059 2975 anhelent
2084 2921 2306 2991 implere
2333 2931 2390 2976 et
2407 2922 2769 2977 Christianam
2797 2924 3112 2994 religionem
3137 2926 3385 2980 destrue-

1804 3029 2085 3068 moncmns
2114 3029 2208 3069 vos
2234 3025 2288 3069 et
2319 3031 2385 3069 ex
2416 3023 2570 3079 parte
2620 3017 2760 3070 beati
2811 3016 2956 3072 Petri
3006 3017 3384 3088 prateipimns,

1727 3077 1773 3139 Ο
1804 3113 1862 3157 ιιι
1893 3102 2088 3157 talibus
2122 3104 2328 3158 nullum
2353 3077 2614 3158 auxilium
2654 3105 2723 3136 ⁵³⁸
2752 3077 3040 3174 praebe-alis
3079 3077 3258 3178 neque
3281 3077 3386 3164 illis

1803 3194 2237 3261 communicetis.
2275 3194 2329 3248 ln
2358 3194 2615 3262 praedicta
2649 3194 2794 3248 enim
2836 3195 3027 3250 sinodo
3050 3195 3164 3266 jam
3195 3213 3387 3254 omnes

1801 3289 1870 3324 δι’
1893 3287 2468 3342 excommunicationis
2517 3293 2572 3339 et
2611 3287 2977 3343 anathematis
3003 3295 3129 3342 sunt
3166 3289 3384 3344 vinculo

1802 3382 2041 3437 innodati
2062 3424 2076 3447 ,
2116 3393 2172 3438 et
2201 3391 2258 3437 ut
2299 3382 2501 3437 nullam
2530 3381 2814 3437 victoriam
2845 3383 3056 3453 possint
3091 3383 3343 3439 obtinere
3363 3426 3378 3451 ,

1800 3473 1943 3528 beati
1977 3473 2044 3504 “5°
2089 3473 2236 3527 Petri
2289 3481 2562 3541 potestate
2597 3480 2724 3527 sunt
2774 3472 3029 3544 obligati;
3081 3481 3140 3528 ut
3186 3473 3384 3530 saltem

1796 3564 1970 3619 coacti
1995 3545 2422 3627 cenfundantur,
2459 3574 2515 3619 et
2552 3578 2580 3617 a
2613 3574 2788 3618 morte
2813 3564 3122 3618 animarum
3151 3580 3378 3621 suarum

1798 3657 2210 3713 ctdesolationc
2246 3658 2479 3726 propria:
2515 3657 2581 3688 ³⁵⁸
2633 3657 2825 3727 patria:
2874 3666 3218 3714 revocentur.
3274 3657 3385 3715 Vos

1799 3760 2015 3815 autem,
2075 3749 2270 3805 fratres
2323 3750 2618 3816 carissimi,
2681 3751 2747 3805 de
2795 3764 2882 3805 me
2924 3751 2994 3782 ⁸⁵⁸
3038 3751 3188 3806 nullo
3222 3752 3384 3807 modo

1796 3841 2085 3906 dubitetis,
2131 3840 2274 3909 quod
2321 3837 2532 3906 iujusta:
2564 3839 2702 3908 parti
2731 3838 2970 3894 scienter
2997 3839 3178 3908 aliquo
3221 3842 3382 3896 modo

1797 3932 2030 3987 faveam.
2064 3931 2262 4002 vblagis
2308 3932 2450 3986 enim
2505 3947 2603 4001 pro
2655 3938 2836 3986 vestra
2903 3932 3076 3987 salute
3132 3932 3382 3987 desidero

1795 4033 2023 4079 mortem
2052 4025 2265 4099 subire,
2297 4039 2458 4095 quam
2486 4025 2650 4080 totius
2681 4025 2867 4080 mundi
2893 4025 3120 4095 gloriam
3168 4026 3234 4080 ad
3262 4040 3378 4093 ves.

1796 4124 1936 4170 trum
1967 4115 2244 4170 interitum
2264 4115 2528 4185 arripere.
2569 4116 2723 4183 Quod
2761 4117 2804 4171 si
2836 4116 2999 4186 aliqui
3042 4120 3106 4172 de
3144 4116 3381 4194 falsitate

1794 4208 2020 4276 confisi,
2054 4208 2248 4264 litteris
2273 4208 2356 4262 vel
2399 4208 2581 4264 verbis
2615 4207 2774 4262 aliter
2803 4208 2956 4263 vobis
2987 4208 3376 4272 indicaverint,

1794 4298 1940 4353 nullo
1977 4299 2133 4353 modo
2161 4298 2242 4353 eis
2265 4298 2334 4330 ’⁸⁸³
2357 4299 2740 4368 acquiescmis.
2761 4294 2941 4352 Deum
2961 4299 3104 4354 enim
3131 4299 3380 4370 timemus

159 4383 391 4438 sententiis
417 4387 620 4457 aliquid
671 4393 1033 4460 superaddere
1062 4396 1424 4451 necessarium
1454 4413 1560 4453 non
1593 4415 1690 4469 pu-
1720 4419 1768 4479 ο
1795 4399 1851 4446 et
1880 4406 1978 4460 pro
2009 4390 2126 4461 ejus
2164 4390 2236 4423 ⁵⁸⁸
2261 4406 2448 4447 amore
2496 4391 2722 4447 cottidie
2764 4390 3089 4462 affligimur,
3148 4399 3205 4446 et
3259 4390 3380 4448 ideo

160 4470 272 4532 tatis,
293 4474 383 4530 hoc
404 4485 579 4534 tamen
602 4480 910 4537 firmissime
933 4484 1286 4552 prohibeatis,
1313 4502 1380 4541 ne
1403 4488 1485 4542 vel
1509 4489 1562 4543 in
1590 4489 1693 4546 bac

161 4570 304 4618 sancta
340 4569 460 4625 sede
491 4573 574 4626 vel
616 4573 917 4640 alicubiad
947 4579 1386 4646 communionem
1426 4582 1692 4652 recipian-

161 4655 244 4714 ιυτ,
271 4657 562 4730 priusquam
597 4665 844 4730 ecclesiis
867 4682 1003 4736 quas
1036 4668 1294 4735 laeserunt
1325 4671 1688 4739 satisfaciant,

164 4752 213 4792 ue
231 4759 338 4812 grex
373 4751 516 4807 vobis
540 4757 867 4811 commissus
895 4758 1127 4828 amplius
1157 4760 1224 4814 ab
1250 4761 1329 4815 eis
1356 4765 1689 4818 contamine-

164 4836 242 4897 tur,
261 4845 305 4889 et
331 4855 389 4894 ne
417 4845 709 4910 pessimum
745 4847 873 4902 illud
901 4847 1225 4906 fermentum
1258 4861 1423 4908 totam
1451 4870 1686 4911 massam

164 4935 432 5001 corrumpat,
467 4953 486 4987 ι

1796 4482 2103 4553 superbiam
2131 4491 2185 4538 et
2252 4483 2646 4538 oblectamenta
2686 4483 2854 4538 seculi
2895 4483 3338 4554 parvipendimns
3363 4524 3379 4550 ,

1794 4577 1920 4646 quia
1940 4577 2050 4632 cito
2071 4577 2214 4646 apud
2239 4590 2360 4632 eum
2391 4575 2658 4631 consolari
2687 4575 3060 4630 indubitanter
3085 4575 3378 4631 credimus.

1793 4667 2150 4738 Omnipotens
2195 4677 2250 4722 et
2302 4667 2616 4745 misericors
2646 4668 2820 4730 Dens,
2879 4667 2970 4735 qui
3012 4665 3152 4719 ultra
3186 4682 3338 4735 spem
3363 4707 3379 4730 ,

1794 4759 1938 4812 ultra
1970 4759 2226 4812 meritum
2257 4757 2552 4810 miseretur
2575 4765 2629 4810 et
2659 4755 2973 4809 consolatur
2996 4768 3095 4807 nos
3125 4753 3178 4806 in
3212 4755 3386 4808 tribu-

1791 4848 1993 4903 latione
2048 4857 2230 4903 nostra
2255 4885 2269 4908 ,
2307 4846 2516 4916 aperiat
2563 4858 2661 4898 cnr
2711 4853 2955 4896 vestrum
3004 4842 3060 4896 in
3098 4841 3216 4911 lege
3254 4859 3383 4906 sua,

1795 4941 1957 5004 et)”
1986 4941 2038 4996 in
2067 4941 2355 5014 prmceplis
2374 4939 2487 4994 suis
2515 4937 2805 4992 confirmet
2834 4951 2948 5002 vos,
2975 4943 3035 4989 ιιι
3063 4936 3389 4992 auctoritate

1392 5055 1630 5112 VARI/15
1683 5040 2087 5113 LECTIONES.

210 5126 264 5158 "‘
293 5133 579 5193 aitariorum
623 5140 673 5194 1.
767 5146 835 5176 ⁸³⁷
875 5147 946 5202 ita
967 5149 1020 5204 2.
1047 5165 1104 5203 ιι.
1137 5146 1174 5198 i.
1204 5145 1254 5199 1.

157 5189 277 5286 ,ει
317 5189 577 5286 clades
627 5189 683 5242 ’δ
705 5215 750 5248 ’⁸⁸
791 5225 845 5270 et
1123 5189 1330 5268 illum
1360 5189 1592 5275 άρὲεῗξ.

1329 5146 1402 5178 ⁸⁸⁸
1436 5151 1576 5205 deest
1608 5147 1656 5200 1.
1684 5146 1742 5220 2;
1777 5147 2024 5219 supplevit
2063 5147 2316 5204 Ecklmrt.

1329 5224 1330 5229 “
1360 5220 1502 5274 deest
1537 5222 1592 5274 2.
1669 5217 1742 5249 “3
1771 5223 1909 5274 deest
1946 5216 2011 5270 R.
2095 5219 2163 5252 ⁸⁵⁵
2194 5218 2231 5269 f.
2265 5215 2316 5270 lu

2391 5147 2459 5178 δδυ
2497 5142 2590 5197 Gr.
2630 5140 2925 5210 episc0pus
2955 5156 3000 5195 s.
3035 5137 3161 5210 Beg.
3195 5139 3263 5210 Si
3286 5181 3300 5202 ,
3337 5142 3385 5192 i-

2095 5219 2163 5252 W‘
2194 5218 2231 5269 f.
2265 5214 2560 5286 lnjnstitior
2598 5206 2753 5286 enim
2793 5206 2923 5280 pars
2950 5227 2997 5262 ι’.
3035 5206 3099 5258 R.
3193 5207 3264 5238 ⁸⁸³
3296 5225 3388 5278 ςέο.-
