3926 5326
85 271 202 327 573
1348 281 1438 338 DE
1471 263 1697 340 tit-1L”)
1737 285 2096 345 sitxoxtco.

3276 298 3384 354 57$

87 395 217 448 cela
262 393 687 448 contradicendo
723 394 792 426 ⁸⁸³
823 410 852 449 a
891 395 1167 452 liminibus
1211 408 1413 456 sanetae
1456 402 1696 458 ecclesia:
1724 407 1772 466 Α
1803 417 1830 456 a
1865 406 2238 473 prmliautibus
2270 407 2444 463 lenlns
2470 408 2676 464 sederet
2697 449 2712 471 ,
2745 420 2993 466 eventum
3029 411 3149 468 belli
3182 409 3376 470 dubius

88 501 207 553 Sep.
236 486 420 550 ravit;
469 485 543 540 illi
574 487 639 539 ad
671 489 1076 556 Oppressioneni
1119 500 1356 546 nostrain
1389 509 1510 549 cum
1547 497 1691 550 omni

89 577 282 631 stadio
309 577 453 631 vires
485 577 886 635 administrant.
925 582 1190 652 Quicquid
1221 585 1366 640 cnim
1397 587 1520 641 mali
1558 589 1694 658 pati-

88 682 245 730 mur,
277 667 348 721 ab
381 667 488 723 illis
516 669 757 738 patimur
782 686 917 741 quos
946 687 1041 728 vos
1070 673 1360 743 prohibere
1404 688 1455 730 et
1486 679 1694 735 ilebi-t's

89 768 146 812 ct
179 759 432 827 potestis.
463 759 668 827 Quibus
693 763 816 816 dum
847 763 988 819 nulla
1016 781 1044 820 a
1075 767 1225 822 vobis
1253 771 1574 835 auctoritate
1607 790 1692 826 reo

91 853 334 920 sistitur,
365 856 483 910 sine
513 857 678 912 dubio
707 859 772 912 ad
804 858 1230 918 internecionem
1270 880 1509 921 nostram
1545 868 1692 924 tri-na

94 946 381 1002 laxantur.
418 949 588 1018 Igitur
613 960 788 1005 vestra
820 952 907 1007 illa
939 954 1143 1010 famosa
1175 960 1510 1013 streunuitas
1531 1003 1545 1025 ,
1574 977 1694 1030 qua!

86 1033 248 1100 juxta
291 1038 596 1102 apostolum
635 1054 846 1110 semper
882 1044 933 1097 in
975 1059 1228 1118 promptu
1277 1048 1462 1103 habuit
1507 1051 1690 1106 ulcisci

91 1142 320 1182 omnem
354 1129 798 1198 inobcdieutiam,
833 1151 1004 1206 quare
1037 1138 1193 1194 istam
1229 1157 1332 1194 non
1373 1142 1693 1198 ulciscitur?

93 1219 281 1284 Quare
306 1220 466 1274 istam
497 1222 831 1290 dissimulat,
864 1236 917 1283 et
948 1228 1108 1284 talem
1138 1233 1354 1300 quidem
1377 1234 1693 1289 inobedieu-

94 1311 230 1362 tiam
266 1311 332 1365 de
363 1324 471 1382 qua
505 1314 640 1368 mala
676 1315 914 1372 inaudita
963 1320 1032 1351 m
1068 1322 1338 1387 oriuntur,
1379 1327 1516 1381 mala
1562 1344 1697 1397 quo-

97 1418 219 1454 ium
253 1420 361 1458 non
395 1417 479 1461 est
511 1412 814 1464 numerus?
853 1413 908 1466 Si
939 1416 1156 1483 quando
1189 1418 1401 1475 misera:
1441 1437 1538 1476 nos
1567 1439 1694 1479 oves

96 1495 149 1546 iu
183 1495 370 1566 aliquo
400 1500 756 1565 excessimus,
787 1505 1070 1561 confestim
1103 1509 1224 1564 sine
1251 1527 1435 1578 mora,
1467 1516 1584 1571 sine
1613 1519 1693 1571 di-

97 1587 297 1644 latione
336 1592 388 1644 in
431 1608 530 1647 nos
575 1597 886 1664 apostolicae
917 1603 1253 1658 austeritatis
1283 1606 1519 1662 vindicta
1568 1627 1687 1680 pro-

95 1678 284 1731 cessit.
321 1679 472 1735 Nunc
500 1693 678 1738 autem
705 1702 827 1740 cum
855 1690 922 1744 ad
949 1689 1101 1759 lupos
1127 1705 1441 1763 perventum
1469 1678 1580 1759 est,
1599 1702 1690 1770 qui

1796 507 2122 564 espertans,
2158 508 2211 551 ut
2245 499 2328 552 cui
2362 501 2498 569 parti
2531 501 2754 555 victoria
2785 503 3034 567 cederet,
3067 504 3118 557 ei
3148 518 3380 574 Congru-

1800 587 2019 640 tulando
2056 589 2234 644 socius
2274 592 2570 646 accederet.
2620 593 2785 662 igitur
2827 594 3101 649 exercitus
3150 605 3376 667 uterque

1796 691 2162 734 eunveueruut
2196 682 2247 736 in
2285 681 2400 738 loco
2432 685 2522 753 qui
2559 686 2923 743 l-‘lathecheim
2953 688 3023 719 "°
3060 689 3172 759 (47)
3211 705 3373 747 voca-

1798 782 1902 833 ιη’,
1937 783 1987 826 et
2018 774 2093 827 sic
2118 776 2502 842 consederunt,
2529 788 2584 831 ut
2615 779 2756 835 inter
2781 795 2874 835 eos
2903 780 3067 848 rivus,
3099 800 3204 838 non
3234 783 3374 841 latus

1794 864 2009 933 quidem
2043 866 2134 919 sed
2167 865 2492 934 profundus,
2532 869 2840 926 haberetur.
2875 869 3059 940 Itaque
3103 884 3374 930 nostrates

1796 953 1862 1010 ad
1896 953 2292 1010 defendendum
2327 959 2493 1028 partis
2522 976 2631 1014 sua:
2677 962 2803 1016 titus
2840 963 3073 1017 ordinati
3103 1003 3118 1026 ,
3165 963 3285 1018 illos
3311 961 3380 1019 ad
3433 1041 3436 1044 Α

1795 1062 1854 1102 se
1886 1060 2140 1104 venturos
2177 1050 2227 1103 in
2265 1050 2456 1106 declivi
2504 1054 2701 1108 montis
2742 1066 3063 1122 expectant,
3105 1066 3162 1112 ιιι
3211 1056 3380 1127 ipsius
3440 1047 3443 1049 ’

1795 1139 2162 1208 oportunitate
2199 1140 2299 1196 loci
2332 1143 2753 1208 descendentes,
2785 1148 2966 1203 hostes
2996 1149 3218 1219 supinos
3248 1147 3382 1203 faci-

1797 1229 1898 1283 lius
1927 1240 2219 1286 retrorsum
2249 1233 2542 1305 impellant.
2574 1236 2635 1292 Et
2663 1236 2846 1292 Ottoni
2873 1240 3020 1306 duci,
3048 1257 3154 1310 quo
3174 1239 3381 1312 primus

1797 1337 2032 1392 pugnam
2063 1335 2346 1388 conserat,
2383 1326 2669 1396 imperant.
2703 1328 2842 1396 Ergo
2883 1331 3006 1384 dum
3043 1332 3120 1388 sic
3145 1333 3380 1388 ordinati

1797 1426 2102 1482 nostrates,
2131 1417 2421 1473 adversum
2453 1435 2510 1474 se
2541 1431 2794 1475 venturos
2829 1423 3010 1477 hostes
3052 1425 3373 1491 attendunt,

1797 1504 1902 1570 illi,
1945 1506 2085 1560 sicut
2127 1523 2342 1577 semper
2380 1509 2622 1565 solebant
2649 1553 2663 1576 ,
2709 1512 3005 1567 calliditate
3046 1517 3375 1585 pugnaturi,

1796 1605 2009 1650 nostros
2052 1597 2322 1668 improvisi
2365 1601 2826 1667 circumveniunt,
2864 1615 2918 1657 ct
2965 1606 3088 1659 dttnt
3122 1623 3151 1660 a
3204 1607 3380 1664 fronte

1796 1689 1980 1744 venire
2021 1700 2298 1758 putantur,
2340 1695 2518 1750 subito
2552 1707 2672 1765 post
2712 1707 2917 1768 tergum
2969 1700 3384 1767 respicientibus

98 1768 301 1834 apertis
333 1772 601 1828 morsibus
632 1774 682 1828 in
718 1791 936 1848 gregem
971 1777 1310 1838 Dominiczim
1354 1768 1649 1863 desawiunt
1673 1833 1687 1854 ,

1797 1783 1985 1837 adesse.
2017 1786 2284 1839 videntur.
2321 1786 2472 1842 Tune
2519 1806 2609 1843 res
2649 1789 2907 1846 liodulfus
2952 1792 3188 1848 velocem
3229 1795 3378 1851 misit.

99 1861 284 1914 omnia
326 1877 449 1916 eum
488 1866 744 1933 patientia
791 1878 843 1922 et
893 1870 1302 1939 longanimitate
1345 1861 1688 1944 differuntur,

98 1955 277 2007 munia
309 1957 361 2010 in
395 1960 586 2028 spiritu
633 1961 871 2018 lenitatis
911 1966 1225 2024 tolerantur.
1264 1971 1537 2041 llogamus
1564 1992 1692 2048 ergo

100 2062 192 2097 γης
223 2048 293 2080 ⁸⁸⁸
328 2065 426 2118 per
463 2067 656 2106 nomen
696 2055 905 2111 Domini
939 2057 1088 2124 .lesu,
1137 2071 1193 2116 ut
1223 2064 1338 2119 sive
1386 2081 1479 2121 vos
1519 2076 1694 2123 terror

103 2139 197 2191 viri
228 2144 554 2210 peccatoris,
587 2147 742 2215 cujus
781 2149 949 2217 gloria
997 2161 1212 2208 stercus
1240 2163 1293 2209 et
1320 2158 1522 2212 vermis
1567 2170 1649 2215 est
1676 2201 1690 2226 ,

101 2233 411 2287 exorbitare
443 2235 589 2299 fecit,
631 2239 743 2293 sive
781 2240 1127 2298 familiarium
1158 2261 1512 2316 personarum
1557 2254 1691 2306 mol-

106 2323 190 2374 lita
218 2327 504 2394 persuasio
526 2328 793 2392 delinivit,
821 2342 877 2384 ιιι
906 2335 1139 2388 redeatis
1163 2338 1228 2389 ad
1255 2353 1368 2401 eor,
1400 2349 1453 2394 ut
1486 2356 1691 2396 ntcmor

101 2416 217 2467 sitis
254 2416 558 2472 honestatis
599 2429 652 2472 et
694 2421 904 2476 timoris
948 2424 1195 2492 Domini,
1228 2438 1280 2482 et
1319 2430 1362 2483 si
1397 2447 1502 2486 non
1538 2435 1690 2490 nobis

103 2512 317 2572 j-rupler
357 2522 453 2559 nos
495 2510 746 2576 parcitis,
795 2513 984 2568 saltem
1035 2527 1226 2572 vestrae
1276 2520 1604 2577 innocentia)
1637 2525 1688 2578 in

102 2597 233 2649 tanti
285 2600 568 2669 sanguinis
607 2601 869 2659 effusione
907 2608 1256 2674 provide-alis.
1298 2611 1429 2666 Nam
1477 2615 1520 2668 si
1573 2615 1689 2670 illos

100 2689 328 2756 amplius
365 2691 420 2746 in
454 2694 806 2765 nosjgrassari
841 2702 1186 2767 permit:itis,
1227 2720 1362 2774 quos
1401 2708 1688 2774 prohibere

100 2780 307 2835 debetis
345 2793 399 2837 et
440 2789 697 2853 potestis,
733 2789 1027 2844 timendum
1075 2802 1187 2859 est,
1218 2810 1286 2848 ne
1324 2813 1506 2851 coram
1541 2801 1688 2870 justo

98 2868 285 2926 Judice
312 2873 377 2927 de
422 2876 727 2944 perditione
773 2890 956 2934 nostra
996 2884 1402 2940 excusationem
1439 2868 1552 2942 non
1593 2889 1686 2944 ba-

100 2959 289 3015 beatis.
329 2983 347 3014 )

167 3053 288 3107 116.
332 3055 422 3110 Sic
446 3065 589 3112 totus
611 3077 785 3116 annus
812 3063 900 3118 ille
919 3069 1275 3134 consumitur,
1301 3078 1357 3122 ιιι
1381 3070 1494 3124 fere
1518 3072 1684 3126 nichil

1797 1870 1974 1926 Olloni
2007 1874 2126 1928 duci
2163 1877 2437 1941 nuntium,
2473 1896 2567 1948 per
2596 1880 2761 1936 llctnn
2791 1883 3100 1945 obtestans,
3142 1893 3200 1938 ut
3237 1887 3380 1940 anti-

1796 1979 1915 2031 qum
1948 1981 2154 2020 memor
2186 1969 2398 2024 virtutis
2419 2013 2433 2033 .
2479 1973 2618 2028 sicut
2661 1974 2974 2042 dispositum
3008 1976 3183 2032 fuerat
3211 2020 3224 2041 ,
3262 1979 3376 2048 ipse

1796 2055 1990 2109 bellum
2029 2060 2232 2128 primus
2273 2062 2508 2132 incipere
2538 2081 2642 2121 non
2692 2068 2941 2139 refugiat.
2973 2068 3070 2125 Ctti
3111 2072 3212 2124 dux
3253 2073 3380 2127 Otto

1798 2147 2092 2215 respondit,
2126 2149 2171 2203 si
2204 2150 2327 2215 sibi,
2357 2152 2499 2207 sicut
2524 2154 2868 2224 putabantur,
2902 2157 3080 2226 primo
3106 2161 3378 2216 venissent

1796 2240 1886 2306 5",
1915 2255 1973 2295 se
2000 2242 2304 2298 nullatenus
2331 2261 2516 2300 eorum
2548 2248 2854 2304 violentiam
2880 2249 3203 2313 formidare;
3233 2270 3374 2310 tltlth

1793 2347 1923 2385 vero
1949 2347 2007 2386 se
2032 2348 2135 2386 non
2166 2351 2322 2404 posse
2351 2352 2461 2391 sua:
2492 2337 2725 2408 legionis
2743 2340 2987 2396 ordinem
3019 2354 3372 2409 convertere;

1793 2432 1845 2474 et
1880 2423 2119 2492 rugavit,
2149 2434 2203 2478 ut
2239 2426 2310 2480 illi
2351 2429 2545 2496 quibus
2574 2430 2748 2498 primo
2787 2431 3096 2496 venissent,
3136 2448 3230 2488 eos
3265 2443 3374 2487 tota

1795 2513 1990 2567 virtute
2020 2516 2374 2586 susciperent,
2411 2520 2732 2588 promittens
2763 2536 2822 2574 se
2851 2537 2970 2576 cum
3001 2523 3232 2592 primum
3256 2542 3379 2593 pot;-

1793 2612 1897 2668 Sct,
1931 2605 2010 2658 eis
2044 2605 2093 2658 in
2129 2607 2388 2660 auxilium
2417 2618 2721 2663 venturum.
2759 2611 2998 2681 Denique
3024 2612 3192 2668 multo
3220 2615 3377 2668 aliter

1794 2695 2051 2764 int'ipilttr
2087 2714 2249 2766 quam
2294 2699 2612 2770 dispositum
2655 2701 2863 2757 fuisset.
2910 2702 3044 2758 Nam
3095 2704 3372 2761 novissimi

1794 2788 1925 2841 tiunt
1953 2790 2133 2858 primi,
2160 2800 2208 2843 ct
2239 2792 2392 2860 primi
2421 2795 2722 2849 novissimi.
2751 2795 2965 2850 Acriter
2988 2796 3168 2865 itaque
3191 2798 3378 2852 utrim:

1790 2895 1892 2949 que
1917 2894 2201 2949 pugnatur,
2225 2884 2317 2936 sed
2347 2894 2617 2940 momento
2641 2885 2788 2940 brevi
2821 2887 3022 2941 linitur.
3049 2886 3180 2942 Nam
3206 2887 3376 2944 Saso-

1790 2988 1885 3026 nes
1923 2971 2182 3028 citissime
2210 2977 2485 3035 conversi.
2533 2975 2804 3036 hostibus,
2840 2978 2933 3046 qui
2977 2978 3078 3033 sibi
3111 2990 3375 3034 venerant

1740 3131 1754 3150 Ἰ
1789 3077 1818 3115 a
1862 3072 2012 3133 tergo
2040 3105 2052 3128 ,
2087 3064 2266 3119 vultus
2307 3065 2596 3121 horribiles
2626 3069 2917 3124 ostendunt
2943 3110 2956 3133 ,
2999 3079 3054 3125 et
3096 3085 3200 3124 non
3248 3081 3374 3127 ante

101 3147 447 3202 memorabile
477 3150 628 3203 fieret
652 3152 704 3204 in
733 3155 932 3209 nostris
957 3157 1224 3225 partibus,
1255 3161 1357 3214 nisi
1386 3165 1528 3230 quod
1557 3180 1682 3232 apo-
1713 3132 1756 3192 Ο
1789 3154 2076 3223 (ιιιῖυεπίτιτιλι
2099 3195 2112 3217 ν
2152 3171 2313 3223 ¹1¹¹τ¹¹¹¹
2355 3170 2446 3210 ουδ
2500 3157 2549 3210 in
2593 3156 2771 3228 Γιιὲίηη
2818 3176 3033 3223 κόΓδυδν
3083 3161 3184 3216 Sibi
3223 3169 3373 3232 ιειῈπ

102 3234 274 3289 stolici
302 3237 460 3307 legati
487 3239 803 3310 frequenter
824 3245 890 3297 ad
914 3256 1170 3316 utrasque
1193 3259 1374 3317 partes
1398 3263 1682 3318 venerunt,

101 3336 149 3378 et
184 3343 329 3382 nunc
369 3333 524 3386 nobis
549 3374 563 3398 ,
612 3351 755 3390 nunc
798 3337 1045 3393 hostibus
1087 3343 1287 3397 nostris
1328 3345 1683 3413 apostolicum

103 3418 337 3473 favorem
366 3424 770 3490 promittentes,
800 3427 868 3480 ab
901 3428 1145 3498 utrisque
1172 3434 1479 3500 pecuniam,
1510 3451 1686 3505 quan-

106 3520 207 3563 tam
240 3522 491 3581 poterant
534 3531 684 3572 more
717 3517 962 3573 Romano
989 3524 1332 3592 conquirere,
1364 3541 1549 3582 secum
1591 3527 1684 3584 de-

106 3600 358 3656 tulerunt.

168 3694 288 3746 117.
333 3694 388 3748 ln
423 3699 669 3766 sequenti
705 3715 830 3758 vero
863 3717 1026 3768 anno,
1057 3705 1147 3773 qui
1179 3714 1296 3761 erat
1337 3707 1404 3760 ab
1431 3708 1686 3764 lnearna-

103 3785 240 3839 tione
272 3787 488 3842 Domini
523 3791 690 3855 1080,
722 3808 908 3848 mense
945 3793 1224 3863 Januario,
1273 3797 1557 3854 Heinricns
1587 3801 1685 3855 ite-

104 3894 210 3934 ruin
253 3895 586 3950 congregato
625 3901 730 3938 non
777 3901 956 3954 parvae
993 3889 1356 3946 multitudinis
1399 3895 1640 3949 exercitu
1665 3935 1681 3961 ,

106 3969 388 4026 Saxoniam
409 3974 621 4028 volebat
645 3976 916 4042 invadere,
946 3989 1199 4050 reputans
1221 3983 1484 4050 Saxones,
1501 3993 1684 4056 utpote

103 4064 326 4126 quietem
351 4063 482 4116 dum
509 4079 609 4132 pax
636 4077 752 4120 erat
775 4080 1042 4135 amantes,
1068 4087 1172 4126 non
1203 4073 1513 4143 frequentes
1535 4077 1685 4131 exire

105 4151 286 4208 hiemis
322 4164 592 4226 tempore.
633 4158 878 4215 Saxones
902 4177 1028 4216 vero
1061 4163 1376 4234 multisjani
1406 4166 1683 4222 laboribus

103 4245 378 4299 exercitati
405 4255 460 4299 et
485 4263 582 4316 per
609 4249 806 4304 multas
835 4251 1237 4322 inquietudines
1261 4274 1288 4310 a
1317 4274 1505 4313 somno
1531 4261 1683 4328 quie-

107 4334 164 4387 tis
186 4337 581 4408 expergefacti,
616 4349 722 4394 tota
746 4343 815 4372 ⁸⁸⁸
841 4344 1040 4400 virtute
1069 4347 1358 4403 studebant
1386 4351 1434 4405 ei
1465 4350 1680 4406 obviam

1788 3257 2096 3301 monstrare
2129 3249 2474 3316 compellunt.
2518 3249 2760 3305 Victores
2794 3251 2973 3321 itaque
3003 3253 3246 3308 Saxones
3283 3270 3369 3308 re-

1785 3340 1949 3402 versi,
1983 3341 2200 3407 nuiltas,
2234 3341 2372 3395 sicut
2404 3342 2660 3409 decebat,
2695 3342 2878 3397 laudes
2918 3343 3221 3399 referebant
3250 3360 3372 3398 om-

1787 3433 1936 3487 nium
1968 3433 2229 3487 bonorum
2262 3432 2523 3502 largitori.
2558 3434 2631 3488 Ex
2667 3435 2864 3489 nostris
2892 3446 3074 3489 autem
3111 3436 3281 3504 jacuit
3315 3437 3367 3490 in

1787 3523 1876 3580 illo
1926 3524 2118 3593 pro'lio
2167 3524 2515 3594 llleginfridus
2561 3526 2634 3556 ⁵⁷³
2681 3525 3190 3598 lllagedaluirgensis
3231 3543 3370 3599 prae-

1786 3619 1981 3681 fectus,
2010 3635 2075 3673 ex
2104 3621 2172 3650 "3
2203 3620 2308 3674 illis
2344 3636 2472 3676 vero
2508 3621 2822 3677 Folcmarus
2853 3624 2922 3654 5”
2952 3636 3004 3679 et
3031 3625 3100 3655 ⁵⁷⁵
3131 3624 3370 3696 l‘ragen-

1785 3710 1862 3763 sis
1890 3709 2200 3778 prtefectus,
2231 3719 2285 3764 et
2317 3727 2438 3764 cum
2470 3713 2550 3765 eis
2583 3712 2926 3767 Boemiorum
2957 3723 3372 3785 ceterorumque

1786 3815 1892 3854 non
1933 3815 2130 3868 parvus
2169 3816 2448 3855 numerus.
2492 3800 2803 3857 lleinricum
2850 3813 3067 3868 autem,
3105 3805 3195 3873 qui
3242 3819 3368 3860 mox

1786 3893 2001 3962 incepto
2041 3893 2236 3962 prmlio
2275 3891 2415 3963 fuga:
2459 3907 2518 3947 se
2553 3896 2980 3957 commendavit,
3021 3895 3372 3966 Lothow'gus

1784 4001 1883 4056 per
1907 3984 2094 4039 silvam
2119 3984 2326 4040 semitis
2349 3984 2640 4042 latentibus
2660 3988 2903 4042 abduxit.
2928 3989 3213 4044 Exercitus
3235 4005 3372 4048 vero.

1785 4074 1901 4142 ejus
1942 4092 2047 4129 non
2097 4075 2254 4145 longe
2300 4085 2421 4147 post
2471 4075 2536 4130 ad
2582 4076 2823 4146 ejusdem
2872 4078 3010 4149 fugat
3056 4079 3368 4148 prtesidium

1785 4177 2050 4230 coaetus,
2101 4167 2256 4236 juxta
2311 4167 2582 4236 quoddam
2636 4168 2919 4224 castellum
2974 4169 3116 4239 quod
3169 4167 3374 4223 dicitur.

1786 4257 2072 4329 Wartberg
2091 4258 2161 4289 ⁵⁷⁸
2179 4257 2290 4328 (48)
2310 4257 2564 4329 fatigatus
2585 4259 2845 4324 consedit,
2864 4268 2916 4314 et
2931 4259 3019 4321 ibi,
3045 4261 3216 4314 donec
3229 4259 3366 4314 cibis

1785 4361 1839 4404 et
1868 4351 2050 4420 requie
2082 4360 2461 4406 recreatentur
2484 4366 2732 4422 corpora,
2779 4352 3107 4422 repausavit.
3139 4351 3364 4407 Nostr..-

104 4430 276 4485 venire
313 4440 370 4485 et
403 4432 522 4502 ejus
556 4433 815 4503 impetum
863 4439 930 4491 at,
977 4439 1267 4497 i;.vasionc'
1295 4445 1529 4514 regionis
1571 4463 1680 4503 sua;
1709 4479 1757 4536 υ
1789 4453 1866 4497 tes
1894 4458 2039 4508 vero,
2079 4443 2166 4512 qui
2198 4442 2480 4498 castellum
2521 4443 2790 4505 tenebant,
2828 4446 3026 4513 impetu
3067 4441 3244 4498 subito
3274 4459 3368 4500 eos

106 4521 375 4588 repellere.
413 4523 521 4577 Sed
549 4525 638 4579 ille
664 4527 818 4582 solita
853 4530 1143 4588 calliditate
1176 4533 1419 4591 Saxones
1445 4538 1511 4591 ab
1536 4539 1643 4594 invi
1664 4570 1679 4580 -
1709 4521 1732 4562 Ἴ

107 4626 210 4664 cem
243 4614 412 4668 multa
452 4619 821 4685 promittendo
852 4621 1140 4688 diviserat,
1179 4635 1234 4678 ut
1275 4643 1378 4681 non
1427 4630 1514 4683 diu
1555 4642 1681 4686 ante

107 4699 234 4755 diem
270 4705 447 4772 praelii
482 4707 733 4764 Widekin
764 4711 865 4776 ⁵⁸⁷,
901 4711 1181 4782 \Vipreclit
1209 4717 1306 4780 ⁸⁸⁸,
1340 4727 1393 4772 et
1433 4721 1677 4776 Theode-

109 4787 240 4844 ricus
268 4791 498 4850 Geronis
536 4798 606 4829 “9
637 4798 806 4863 filius,
848 4816 973 4854 cum
1007 4803 1188 4858 multis
1235 4806 1355 4861 aliis
1384 4826 1412 4861 a
1445 4809 1678 4868 Saxoni-

107 4877 195 4934 bus
239 4884 302 4937 ad
349 4887 534 4944 hostes
583 4893 919 4956 transirent,
963 4902 1016 4947 et
1066 4893 1387 4952 Ekkibertus
1437 4903 1678 4957 marchio

108 4985 219 5029 cum
249 4994 336 5032 sua
375 4981 586 5054 legione
622 4995 832 5041 neutra:
863 4988 1000 5056 parti
1043 4990 1337 5056 accedens,
1369 5009 1474 5048 non
1523 4997 1678 5066 longe

1781 4534 2060 4603 insiliunt,
2089 4542 2143 4589 et
2171 4535 2252 4589 eis
2286 4535 2518 4607 fugatis,
2558 4538 2736 4591 omnia
2775 4553 2912 4606 pene
2940 4553 3058 4608 qua:
3097 4536 3367 4592 habebant

1779 4628 2056 4696 diripiunt,
2082 4643 2273 4697 equos,
2299 4645 2468 4689 arma,
2499 4643 2623 4682 vasa
2648 4645 2808 4683 aurea
2836 4637 2888 4683 et
2915 4637 3188 4697 argentea,
3215 4628 3368 4698 piper

1778 4730 1830 4776 et
1861 4720 1961 4772 alia
1994 4719 2290 4790 pigmenta,
2322 4720 2480 4789 pallia
2508 4730 2562 4774 et
2595 4722 2827 4789 pretiosa
2862 4721 3200 4773 vestimenta.
3236 4719 3370 4773 Erat

1785 4812 1931 4866 enim
1971 4812 2024 4863 in
2055 4812 2245 4865 eadem
2286 4814 2546 4866 societate
2578 4811 2886 4880 patriarcha
2924 4821 2975 4865 et
3007 4811 3093 4864 alii
3133 4813 3374 4875 partium

1787 4906 1997 4959 illarum
2048 4904 2360 4975 principes,
2396 4904 2487 4977 qui
2538 4919 2718 4958 secum
2765 4905 2979 4958 divitias
3023 4911 3379 4971 portaverant

1786 4989 2052 5070 ingentes.
2091 4999 2316 5054 Factum
2357 5008 2438 5054 est
2479 5007 2659 5052 autem
2708 4997 2815 5054 hoc
2859 4996 3072 5052 tertium
3121 4997 3380 5064 praelium

1400 5151 1633 5207 VARle
1673 5154 2076 5214 LECTIONES.

171 5268 618 5326 mimanta-man
672 5281 724 5326 ρ-
843 5282 909 5310 δίη
953 5281 1161 5326 infinila
1226 5283 1268 5326 ι).
1371 5287 1443 5319 σεῖε
1483 5290 1679 5326 ,ιοοειι

1820 5295 1888 5326 δβδ
1918 5308 2039 5326 nun!
2095 5307 2218 5326 νιὶηη
2273 5308 2372 5326 cun
2417 5290 2647 5326 ιξηιιηιίιιὶ
2699 5300 2814 5326 Illi-1
2864 5294 2897 5326 Ο
3003 5291 3069 5320 εστ
3112 5289 3376 5326 ὶὶνῖιζιὶιξῗιιί

2095 5307 2218 5326 manu"
2273 5308 2372 5326 cun
