3926 5326
531 294 636 370 5":5

1488 284 1840 383 nnUNONts‘
1870 322 2796 411 etsntcrmcossuncsxsts
3168 382 3171 385 λ
3258 380 3259 383 γ
3526 388 3527 391 γ
3680 316 3788 372 5¹ῖ6

533 441 676 484 anno
718 429 928 488 Domini
961 431 1116 500 1080,
1169 435 1203 490 6
1250 400 1472 493 Kalend.
1514 439 1807 506 Februar.,
1860 440 1995 498 feria
2052 440 2106 495 2.
2214 428 2521 496 observent.
2553 441 2888 509 Quicumque
2910 445 3087 492 autem
3110 434 3225 491 hzec
3246 441 3434 490 nostra
3463 440 3658 489 statuta
3682 433 3789 487 ulla

607 523 708 578 HS
726 524 815 578 ⁸⁷⁷.
832 524 951 595 Ipso
966 526 1076 599 (49)
1099 544 1239 583 anno
1260 531 1487 588 domnus
1509 534 1835 604 apostolicus
1856 536 1907 590 in
1927 533 2106 590 Then-

536 613 744 670 tonicas
772 624 951 685 partes
980 631 1009 670 a
1041 618 1230 674 sinodo
1258 619 1370 691 (50)
1402 621 1695 689 subjectam
1733 620 1880 679 misit
1907 625 2109 695 episto-

537 703 644 759 lam
673 706 743 739 ⁸⁷⁸
772 725 785 761 :
818 725 837 757 ι
872 706 1163 780 Gregorius
1188 711 1478 782 episcopus
1506 714 1576 746 ⁸⁷⁹
1606 730 1798 771 servus
1827 731 2106 772 servorum

537 795 667 860 Dei,
708 797 954 854 omnibus
986 800 1407 879 archiepiscopis
1438 814 1491 859 et
1525 806 1811 882 episcopis,
1832 809 1883 863 in
1928 808 2108 864 Theu~

542 887 718 942 tonico
748 896 910 958 atque
940 888 991 943 in
1029 889 1300 948 Saxonico
1328 909 1495 963 regno
1523 899 1989 953 commanentibus
2016 899 2109 963 m,

537 979 892 1069 omnibusque
914 981 1270 1053 principibus,
1292 983 1502 1043 cunctis
1532 988 1694 1042 etiam
1727 989 2018 1059 majoribus
2042 990 2107 1024 ⁸⁸⁸

539 1080 701 1141 atque
740 1073 1072 1139 minoribus,
1113 1078 1202 1146 qui
1252 1092 1355 1133 non
1402 1088 1526 1135 sunt
1565 1084 2015 1138 excommunicati
2058 1093 2114 1141 et

538 1161 781 1217 oboedire
816 1164 1106 1231 voluerint,
1146 1166 1371 1222 salutem
1408 1178 1463 1223 et
1495 1172 1843 1240 apostolicam
1887 1174 2111 1230 benedi-

539 1252 794 1333 ctionem.
819 1252 1082 1321 Quoniam
1109 1271 1175 1310 ex
1200 1256 1292 1313 lite
1313 1266 1367 1312 et
1387 1260 1740 1326 dissensione,
1768 1277 1889 1333 quae
1911 1263 2113 1319 tamdiu

540 1342 681 1399 inter
707 1358 805 1399 vos
835 1352 946 1410 est,
988 1347 1281 1402 maximum
1317 1350 1371 1405 in
1410 1362 1595 1407 sancta
1622 1352 1859 1411 Ecclesia
1906 1356 2115 1426 pericu-

540 1435 673 1500 lum,
705 1437 1000 1493 maximum
1031 1441 1269 1511 undique
1296 1443 1438 1501 inter
1463 1462 1559 1501 vos
1584 1446 1965 1503 detrimentum
1999 1449 2113 1505 ﬁeri

540 1527 760 1582 cottidie
786 1531 1177 1599 cognoscimus,
1207 1532 1409 1590 idcirco
1434 1536 1604 1591 visum
1632 1546 1713 1593 est
1738 1538 1912 1603 nobis,
1940 1539 2114 1593 visum

543 1625 628 1672 est
676 1626 732 1673 et
782 1618 1042 1677 fratribus
1094 1625 1295 1681 nostris
1351 1627 1404 1682 in
1457 1628 1688 1684 concilio
1736 1630 2113 1702 congregatis,

543 1718 754 1763 summo
803 1710 1072 1767 desiderio
1118 1724 1379 1782 aestuare,
1433 1733 1643 1773 summa
1688 1733 1790 1789 ope
1836 1718 2116 1775 elaborare

2209 531 2626 601 prmsumptione
2654 529 2857 585 violare
2885 528 3249 598 temptaverit,
3279 525 3645 582 anathematis
3666 540 3788 578 eum

2211 624 2422 679 vinculo
2457 622 2724 693 ligamus,
2756 632 2812 678 et
2855 639 2961 679 non
3002 610 3174 678 soluru
3222 622 3276 677 in
3317 621 3511 693 spiritu
3543 661 3558 685 ,
3604 636 3791 675 verum

2210 716 2369 769 etiam
2401 722 2457 770 ct
2479 715 2550 747 "°
2576 715 2629 770 in
2660 730 2886 785 corpore
2913 721 2968 769 et
2994 713 3046 768 in
3078 713 3222 768 omni
3254 711 3619 783 pr05peritate
3638 711 3792 781 hujus

2210 803 2335 858 vitae
2362 804 2657 875 apostolica
2690 804 3011 859 auctoritate
3042 804 3383 866 innodamus,
3422 811 3479 857 et
3515 802 3791 856 victoriam

2213 894 2265 949 in
2295 894 2462 949 armis
2498 893 2796 949 auferimus
2818 935 2834 960 ,
2875 904 2931 949 ut
2967 894 3045 950 sic
3080 893 3268 949 saltem
3312 893 3717 950 confundantur
3741 904 3795 948 et

2214 984 2411 1057 duplici
2442 985 2767 1040 contritione
2797 994 3163 1040 conterantur.
3201 1005 3220 1037 ι

2287 1076 2407 1131 H9.
2450 1075 2580 1131 [tem
2612 1076 2841 1131 domnus
2882 1092 3016 1147 papa
3069 1076 3179 1145 regi
3224 1076 3457 1131 Rodulfo
3492 1094 3507 1130 :
3547 1095 3566 1128 ι
3599 1077 3795 1147 Grego-

2217 1168 2329 1222 rius
2366 1167 2650 1238 episc0pus
2691 1181 2880 1222 servus
2924 1183 3202 1222 servorum
3247 1167 3377 1229 Dei.
3422 1166 3657 1221 Roztnlfo
3688 1170 3794 1234 rogi

2215 1268 2270 1317 et
2298 1259 2548 1314 omnibus
2573 1274 2753 1315 secum
2775 1259 3135 1313 Christianam
3166 1260 3491 1327 religionem
3514 1258 3796 1314 defenden-

2219 1348 2360 1403 tibus
2387 1348 2616 1403 salutem
2652 1357 2708 1403 et
2748 1347 3099 1418 apostolicam
3149 1346 3608 1403 benedictionem.
3655 1347 3795 1415 Quod

2218 1456 2442 1511 regnum
2466 1439 2947 1501 Theutouicorum,
2971 1438 3231 1493 hactenus
3253 1439 3393 1493 inter
3413 1439 3599 1494 omnia
3624 1440 3793 1493 mundi

2220 1548 2382 1604 regna
2413 1532 2830 1597 nobilissimum,
2855 1531 2965 1603 jam
3001 1531 3157 1588 video
3184 1532 3451 1587 incendiis
3482 1533 3723 1588 caedibus
3747 1545 3795 1589 et

2221 1622 2423 1692 rapinis
2465 1622 2734 1677 devastari
2781 1622 3033 1677 confundi
3085 1623 3151 1655 ⁸⁸⁸
3188 1631 3242 1678 et
3288 1623 3560 1679 anuullari
3591 1664 3607 1689 ,
3648 1640 3797 1695 quam

2222 1729 2449 1785 magnus
2474 1715 2667 1770 exinde
2693 1714 2841 1770 cordi
2874 1729 2995 1769 meo
3019 1714 3172 1768 dolor
3202 1715 3466 1780 insideat,
3493 1731 3660 1785 quam
3683 1731 3799 1770 con-

542 1810 641 1865 pro
676 1798 910 1865 viribus,
948 1804 1216 1872 quatenus
1255 1806 1431 1863 idonei
1473 1808 1677 1875 nuntii,
1715 1817 1824 1864 tam
1860 1809 2117 1881 religione
2150 1798 2190 1856 Β
2223 1805 2403 1859 ιίιιιιιιε
2429 1804 2482 1859 in
2523 1804 2820 1860 visceribus
2853 1804 2989 1859 meis
3027 1817 3113 1859 me
3144 1805 3375 1875 gemitus
3405 1803 3634 1873 alliciat,
3664 1806 3800 1861 testis

543 1890 959 1956 quam‘scientia
1002 1893 1300 1963 pollentes,
1346 1912 1377 1952 e
1417 1897 1586 1954 latere
1626 1899 1932 1970 apostolica
1972 1900 2118 1957 sedis

543 1978 612 2032 ad
642 1989 822 2048 partes
851 1990 1062 2039 vestras
1091 1986 1452 2055 mitterentur,
1491 1989 1581 2059 qui
1609 1990 1891 2061 religiosos
1913 1992 2114 2062 episco-

540 2085 660 2141 pos,
693 2069 856 2158 laicos
880 2075 1043 2129 etiam
1072 2077 1222 2147 pacis
1248 2088 1303 2133 et
1326 2078 1559 2148 justicim
1584 2091 1881 2147 amatores,
1915 2084 1966 2137 in
1997 2099 2121 2155 par-

544 2160 687 2217 tibus
716 2166 907 2220 vestris
941 2166 1011 2199 ³⁸³
1042 2181 1440 2227 commorantes
1461 2214 1477 2238 ,
1509 2176 1575 2229 ad
1605 2174 1709 2231 hoc
1741 2190 1874 2246 opus
1901 2175 2121 2233 idoneos

545 2261 935 2325 congrega’rent
965 2277 978 2313 :
1011 2260 1128 2329 qui,
1162 2261 1372 2318 Donnui
1404 2266 1575 2336 gratia
1615 2276 1918 2338 prazeunte,
1950 2269 2036 2324 die
2065 2277 2122 2324 et

546 2346 664 2403 loco
686 2349 754 2405 ab
783 2349 888 2407 illis
911 2361 1132 2419 statuto,
1161 2367 1268 2411 tam
1297 2356 1423 2427 ipsi,
1450 2374 1610 2429 quam
1631 2376 1768 2431 quos
1797 2361 1925 2431 ipsis
1946 2362 2123 2418 adhuc

540 2438 770 2512 junget'e
805 2442 878 2475 ⁵⁸³
920 2444 1212 2512 debemus,
1255 2456 1349 2503 aut
1390 2464 1578 2519 pacem
1624 2461 1986 2522 componant,
2028 2460 2124 2507 aut

542 2532 771 2588 veritate
808 2536 1163 2608 praecognita,
1194 2552 1357 2610 super
1389 2539 1513 2596 illos
1551 2541 1645 2611 qui
1682 2552 1807 2597 sunt
1843 2542 1975 2597 tanti
2010 2542 2125 2598 dis-

543 2620 666 2676 sidii
696 2628 769 2664 m
796 2638 987 2692 causa,
1014 2628 1330 2685 canonicam
1360 2646 1644 2688 censuram
1678 2641 1989 2689 exerceant.
2021 2633 2125 2691 Ve-

547 2728 669 2768 rum
711 2715 964 2785 quoniam
1016 2720 1303 2776 nonnullos
1350 2722 1614 2783 diabolico
1650 2725 1903 2783 instinctu
1942 2726 2125 2784 confe»

545 2813 663 2863 ctos
700 2808 794 2875 ⁵⁸⁸,
835 2810 1132 2881 iniquitatis
1161 2829 1272 2871 suae
1314 2814 1522 2873 facibus
1565 2818 1790 2889 iguitos,
1833 2819 2126 2891 cupiditate

548 2897 797 2956 inductos
824 2942 839 2967 ,
881 2902 1206 2961 discordiam
1250 2908 1428 2978 potius
1474 2924 1633 2979 quam
1673 2925 1862 2981 pacem
1908 2911 2025 2977 beri
2070 2919 2128 2968 et

548 2990 732 3047 videre
763 2992 1135 3051 desiderantes
1167 2996 1281 3051 fore
1310 3013 1414 3054 non
1446 3000 1779 3070 ignoramus,
1839 3003 2126 3060 statuimus

550 3082 604 3147 in
629 3083 730 3139 hac
756 3083 945 3140 sinodo
974 3086 1039 3141 ad
1066 3088 1293 3144 eandem
1321 3088 1547 3146 formam
1575 3093 1712 3147 sicut
1742 3100 1796 3147 et
1826 3093 1878 3147 in
1906 3100 2125 3164 praeter-

2219 1904 2303 1950 est
2333 1894 2419 1950 ille
2448 1894 2594 1951 solus
2620 1936 2634 1962 ,
2669 1896 2758 1966 qui
2790 1896 3032 1950 omnium
3071 1894 3346 1950 hominum
3390 1896 3565 1950 corda
3601 1906 3798 1952 scruta-

2222 1995 2311 2041 tur
2336 1995 2389 2040 et
2411 1985 2623 2054 probat.
2656 1984 2985 2040 Deferuntur
3015 1985 3158 2039 enim
3189 1984 3258 2016 ’θ’
3286 1984 3452 2039 michi
3478 1983 3597 2053 jam
3624 1987 3799 2055 saepius

2221 2076 2516 2146 legationes
2552 2074 2788 2130 Heinrici
2831 2090 2952 2129 cum
2996 2074 3066 2106 ⁸⁸³
3110 2090 3208 2145 per
3254 2075 3510 2145 proprios
3558 2077 3798 2137 nuntios,

2225 2174 2335 2221 tum
2366 2179 2464 2236 per
2490 2172 2750 2237 cognatos
2778 2175 2832 2221 et
2868 2165 3095 2219 aliarum
3129 2175 3397 2220 terrarum
3446 2165 3719 2236 principw
3754 2175 3801 2219 et

2224 2256 2451 2325 amnes,
2498 2257 2657 2313 modo
2705 2271 2920 2311 omnem
2973 2256 3361 2311 obmdientiam
3402 2256 3797 2326 promittendo,

2224 2350 2385 2405 modo
2412 2364 2509 2419 per
2531 2350 2677 2404 varia
2707 2349 2919 2419 ingenia
2950 2348 3310 2415 sollicitando,
3343 2347 3395 2402 id
3426 2364 3458 2403 a
3485 2364 3580 2403 me
3610 2362 3799 2404 summo

2224 2443 2511 2499 conamine
2533 2442 2812 2513 cupientes
2835 2440 3072 2508 eliicere,
3106 2456 3213 2511 quo
3239 2456 3325 2496 me
3350 2442 3418 2496 ad
3449 2450 3641 2496 votum
3664 2454 3797 2496 snum

2225 2536 2341 2592 suis
2369 2534 2440 2568 '“
2463 2534 2708 2605 partibus
2741 2533 2955 2589 valeant
2985 2533 3262 2589 inclinare.
3300 2532 3506 2589 Verum
3538 2533 3667 2603 quia
3691 2531 3800 2587 hinc

2225 2625 2350 2682 inde
2385 2634 2440 2682 et
2475 2625 2715 2681 Romana
2752 2622 2991 2695 gravitas
3028 2631 3084 2678 et
3122 2621 3417 2694 apostolica
3457 2620 3801 2677 mansuetudo

2227 2731 2314 2773 me
2356 2732 2454 2788 per
2498 2714 2732 2771 mediam
2761 2713 2989 2782 iustitia)
3032 2714 3173 2770 viam
3215 2713 3288 2745 "'
3331 2712 3598 2768 incedere
3641 2711 3799 2782 cogit,

2226 2809 2476 2864 omnibus
2513 2806 2710 2878 quibus
2744 2820 2962 2876 possum
3001 2806 3177 2862 modis
3219 2806 3322 2861 hoc
3367 2812 3594 2875 oportet
3643 2809 3803 2858 inlen-

2227 2901 2376 2968 dere,
2404 2899 2673 2972 quomodo
2702 2913 2884 2953 veram
2913 2915 2941 2953 a
2978 2898 3111 2953 falsa
3135 2898 3426 2967 justitiam,
3466 2897 3753 2968 perfectam
3778 2911 3803 2950 ι

2229 2993 2352 3049 ﬁcta
2398 2992 2817 3057 oboedientiam,
2860 2991 3063 3062 judicio
3111 2991 3283 3045 sancti
3326 2989 3572 3060 Spiritus
3615 2989 3802 3044 valeam

2230 3084 2537 3139 discernere
2562 3123 2576 3147 ,
2616 3092 2670 3137 et
2707 3093 2825 3136 rato
2863 3082 3052 3137 ordine
3093 3082 3159 3137 ad
3201 3081 3361 3135 finem
3402 3096 3583 3151 usque
3626 3079 3801 3151 perdu-

551 3173 646 3238 ita,
698 3182 757 3228 ut
785 3175 932 3229 nulla
960 3192 1213 3246 umquam
1245 3195 1473 3251 persona
1502 3181 1730 3254 alicujus
1757 3145 2010 3254 potenrtite
2042 3185 2119 3257 vel

2233 3186 2377 3229 cere.
2420 3172 2544 3228 Haac
2583 3187 2712 3227 vero
2739 3172 2810 3204 ⁵⁹⁸
2841 3181 2896 3227 et
2931 3171 3067 3235 alia,
3114 3172 3160 3227 si
3198 3172 3433 3242 propitio
3470 3171 3587 3226 Deo
3623 3171 3687 3224 ad
3721 3170 3803 3222 vos

553 3262 830 3333 dignitatis
859 3264 950 3331 ⁸⁸⁸,
982 3266 1097 3321 sive
1126 3283 1316 3337 magna
1351 3270 1464 3326 sive
1488 3287 1649 3342 parva
1672 3313 1686 3339 ,
1723 3274 1838 3330 sive
1876 3276 2128 3345 princeps

552 3352 666 3408 sive
708 3353 1011 3424 subjectus,
1051 3356 1225 3426 aliqua
1270 3358 1686 3431 praesumptione
1721 3372 2014 3433 przesumat
2057 3366 2127 3399 ⁸⁸⁷

554 3440 747 3512 legatis
776 3445 975 3500 nostris
1005 3447 1296 3513 obsistere,
1326 3459 1381 3504 et
1408 3462 1694 3521 postquam
1713 3454 1788 3519 ad
1820 3470 1914 3509 vos
1939 3469 2129 3525 perve-

553 3534 769 3600 nerint,
802 3535 867 3590 de
904 3540 1273 3608 componenda
1311 3557 1442 3613 pace
1473 3545 1776 3611 contraire;
1818 3562 1917 3603 nec
1948 3556 2130 3625 postea

552 3633 743 3681 contra
772 3627 1119 3687 interdictum
1159 3630 1373 3688 illorum
1404 3633 1541 3691 alter
1568 3636 1620 3691 iu
1666 3636 1892 3693 alterum
1938 3640 2134 3696 audeat

554 3716 836 3800 insurgere
859 3720 952 3787 ⁵³⁸,
978 3724 1071 3780 sed
1096 3739 1267 3796 usque
1293 3726 1361 3781 ad
1386 3727 1526 3783 diem
1558 3719 1754 3784 abillis
1781 3740 2037 3786 statutam
2063 3733 2132 3768 δι’

555 3807 768 3867 firmam
806 3828 993 3885 pacem
1022 3831 1212 3873 omnes
1254 3819 1371 3875 sine
1399 3819 1500 3875 ulla
1537 3822 1822 3879 occasione
1860 3829 1915 3878 et
1944 3821 2133 3881 fraude

2235 3267 2351 3321 sani
2386 3264 2706 3337 perveniunt
2734 3263 2896 3335 legati
2928 3263 3064 3331 mei,
3098 3262 3290 3318 melius
3321 3278 3488 3332 quam
3520 3263 3608 3317 ba:
3634 3261 3804 3315 littera:

2234 3358 2358 3411 viva
2387 3371 2518 3411 voce
2548 3355 2979 3411 testificabuntur
3007 3362 3063 3409 et
3092 3353 3362 3409 docebunt
3395 3352 3537 3424 (5|).
3573 3372 3595 3405 ι

2310 3448 2432 3501 1°20.
2500 3446 2628 3500 Item
2678 3447 2906 3499 domnus
2963 3445 3290 3514 apostolicus
3352 3446 3467 3515 regi
3528 3443 3801 3499 Rodulfo:

2243 3559 2263 3592 ι
2296 3538 2589 3610 Gregorius
2615 3537 2900 3608 episcopus
2924 3551 3116 3592 servus
3138 3552 3420 3592 servorum
3444 3536 3569 3603 Dei,
3593 3534 3804 3593 Rodulfo

2241 3633 2352 3705 regi
2384 3631 2744 3701 omnibusque
2768 3646 2950 3684 secum
2976 3630 3027 3683 in
3060 3644 3226 3700 regno
3258 3627 3541 3683 Saxonum
3588 3641 3805 3684 comma-

2242 3727 2516 3793 nentibus,
2552 3735 2658 3780 tam
2699 3725 2965 3794 episcopis
2985 3738 3146 3794 quam
3178 3723 3409 3777 ducibus
3436 3733 3494 3777 et
3515 3723 3802 3784 comitibus,

2239 3839 2340 3880 nec
2368 3839 2474 3880 non
2503 3822 2801 3894 majoribus
2825 3831 2880 3877 et
2906 3818 3225 3887 minoribus,
3262 3828 3618 3889 peccatorum
3668 3818 3805 3871 abso-

1854 4003 2089 4060 VARIAS
2126 4002 2528 4060 LECTIONES.

625 4135 692 4167 ⁸⁷⁷
743 4137 906 4188 cortex
953 4137 1158 4190 nonnisi
1190 4138 1241 4190 in
1294 4155 1409 4191 rore
1452 4136 1744 4207 Gregorius
1792 4140 1942 4193 aliud
1988 4151 2141 4205 caput
2187 4140 2411 4194 orditur.

553 4207 804 4275 sequitur,
831 4222 945 4259 cum
973 4213 1271 4276 npographo
1298 4225 1414 4261 mc.
1447 4207 1551 4261 XI.
1583 4211 1636 4262 in
1666 4210 1781 4262 rod.
1814 4209 2011 4263 Trevir.
2044 4210 2177 4263 Nro.
2206 4210 2323 4263 ltl‘2.
2400 4211 2470 4242 ⁸⁷9
2495 4211 2629 4262 (locst
2660 4209 2680 4261 i
2734 4208 2787 4261 εἰ.

2180 4281 2250 4313 εει
2278 4282 2485 4333 discidii
2513 4280 2567 4333 ξι..

1900 4351 1970 4381 ⁵⁹⁰
1999 4352 2137 4405 deest
2169 4352 2224 4406 ἓ.

557 4286 669 4349 atq.
698 4276 904 4349 t_nai._l_.
981 4275 1051 4308 ⁸⁸³
1080 4275 1281 4349 nostris
1312 4278 1408 4349 1.“,
1439 4278 1508 4310 ³⁸³
1533 4279 1827 4349 adjuugcre
1854 4281 2027 4332 adhuc
2048 4282 2102 4333 ‘2.

555 4346 678 4400 deat
701 4345 757 4416 2.
833 4345 903 4416 ⁸εέ
923 4361 1212 4416 resurgere
1243 4347 1294 4399 i.
1368 4347 1439 4379 ⁵⁸³
1469 4345 1726 4402 statutum
1775 4350 1824 4403 1.

556 4417 695 4484 parti
732 4415 787 4469 2.
860 4415 931 4446 ⁸⁹⁸
968 4414 1059 4470 ini
1092 4414 1151 4470 'l.
1226 4416 1299 4455 ⁸⁸⁸
1335 4418 1476 4471 deest
1514 4417 1567 4471 2.

2489 4139 2559 4171 ⁸⁷⁸
2606 4139 2690 4191 Itin
2739 4136 3005 4195 collatam,
3049 4151 3193 4205 mque
3232 4144 3397 4204 atque
3439 4134 3666 4205 alterum
3702 4145 3802 4205 qua

2866 4206 2935 4245 ⁵⁸⁰
2958 4202 3424 4260 CUttttttorattiihtts
3453 4202 3516 4256 Τ.
3595 4204 3660 4234 ⁸⁸¹
3686 4204 3800 4254 mia.

3131 4275 3202 4306 ⁸⁸³
3229 4275 3310 4326 vel
3335 4277 3480 4328 deest
3514 4276 3559 4326 I.
3635 4274 3701 4303 "7
3722 4288 3803 4322 -ϋ

3157 4344 3229 4378 ⁸⁵³
3252 4360 3326 4416 vv)
3357 4355 3473 4399 tum
3501 4344 3556 4398 2.
3632 4344 3701 4374 ⁵⁸⁸
3722 4355 3804 4395 sae

2646 4279 2717 4310 ⁸⁸⁵
2790 4293 2839 4329 c.
2867 4278 2908 4331 si
2939 4276 2975 4331 i.
3006 4278 3051 4329 l.

2301 4352 2370 4384 ⁸⁹¹
2399 4355 2527 4407 ιινεῑ
2555 4367 2605 4405 c.
2633 4351 2689 4405 Ξ.
2766 4350 2836 4381 ⁸³⁸
2863 4349 3000 4401 deest
3033 4348 3082 4400 l.

2041 4560 2249 4618 NOT/E
2260 4602 2274 4617 .

631 4690 744 4761 (‘9)
768 4690 1059 4765 ,ΕΡῘΜΟῘΨ
1083 4691 1196 4765 is”!
1220 4707 1361 4765 θηηρ
1392 4693 1527 4750 10⁷9
1555 4694 1768 4763 εονίβιαε
1793 4710 1914 4752 esse
1941 4696 2130 4751 νῖιῑοη-
2164 4704 2209 4759 1)
2236 4699 2397 4755 audio
2423 4699 2565 4754 enim
2600 4700 2739 4753 inter
2764 4713 2861 4753 vos
2889 4711 3012 4752 esse
3049 4694 3315 4765 quosdam
3354 4695 3485 4750 boni
3525 4690 3802 4765 testimonii

561 4769 677 4834 tur;
728 4760 799 4834 c_l'.
850 4762 1115 4817 Berthultli
1163 4763 1398 4818 Annales
1443 4780 1600 4834 supra
1760 4767 1884 4822 518.
1933 4766 2132 4821 Paulus

560 4832 720 4914 etiam
745 4832 933 4914 Bernr.
957 4848 1074 4904 cap.
1100 4834 1201 4890 105
1233 4836 1468 4904 priorem
1492 4832 1771 4905 epistolam
1812 4854 1952 4892 anno
1997 4838 2132 4893 1079

561 4913 821 4957 assignat.

632 4918 943 5048 :gsatiijus
968 4982 1085 5048 acta
1117 4991 1168 5048 γ’.
1202 4992 1358 5045 supra
1387 4994 1510 5048 pag.
1543 4976 1649 5034 516
1677 4993 1799 5048 sqq.

633 5045 950 5117 (5|)_Codcx
979 5045 1318 5117 Trevjrensis
1359 5045 1685 5103 lia-.eatltlit:
1725 5045 1975 5102 i'Audivi
2016 5048 2136 5117 qui-

564 5113 684 5187 dem
707 5132 742 5187 ag
763 5114 938 5183 legato
966 5130 1083 5187 meo
1108 5114 1163 5167 Β.
1197 5119 1532 5187 tuetrnpulim
1585 5113 2129 5187 Magedeburgensem

559 5182 670 5258 jam
693 5185 780 5239 diu
803 5182 921 5239 esse
947 5185 1245 5258 viduatam,
1277 5196 1330 5241 ct
1358 5182 1532 5242 adhuc
1574 5182 1826 5258 perrcrsa
1852 5190 1853 5193 “
1886 5182 2131 5257 quorun-

565 5255 686 5326 dam
719 5256 1086 5316 contentione,
1121 5271 1187 5309 ne
1217 5256 1533 5326 desponsari
1576 5255 1776 5326 possit,
1800 5255 1967 5312 fuisse
2022 5267 2136 5309 tur-

2235 4771 2404 4833 viros,
2450 4770 2512 4823 A.
2566 4770 2772 4823 scilicet
2828 4762 3226 4823 Guslaric'nsem
3269 4767 3561 4825 decanum,
3591 4763 3655 4817 G.
3691 4762 3803 4816 Ber-

2236 4840 2362 4893 taldi
2396 4839 2548 4894 ducis
2576 4840 2767 4903 liliutn,
2803 4836 3133 4911 Ii._Sigifridi
3169 4837 3387 4890 comitis
3438 4835 3798 4911 t_ilium,_.quo-

2234 4926 2353 4964 rum
2403 4924 2568 4963 unum
2619 4925 2702 4963 me
2733 4902 3081 4979 praecipiente
3125 4916 3181 4979 et
3216 4906 3595 4979 consentiente
3617 4902 3799 4979 eligite.

2233 4990 2287 5034 et
2324 4980 2375 5033 iu
2407 4971 2877 5049 archiepiscopum
2901 4971 3331 5049 'prmnominatae
3377 4974 3624 5049 ecclesiae
3675 4971 3803 5024 ordi-

2236 5059 2397 5122 nate.
2426 5050 2482 5104 Si
2532 5045 2662 5122 vero
2693 5045 2866 5122 in'his
2897 5045 3066 5122 tribus
3093 5047 3182 5115 qui
3230 5047 3424 5122 (lignus
3459 5045 3529 5122 sit
3577 5054 3800 5122 nomon.

2238 5120 2366 5174 terit
2388 5120 2641 5182 inveniri,
2695 5120 2747 5172 in
2780 5114 3320 5173 (-outritione’cm'dis
3349 5114 3556 5168 orando
3587 5123 3639 5166 et
3681 5114 3801 5179 jeju-

2239 5190 2416 5243 nantlo
2442 5190 2509 5244 ad
2541 5191 2705 5243 Deum
2735 5186 3137 5248 convertimini,
3164 5194 3418 5254 rogantes
3442 5192 3501 5236 ut
3530 5198 3624 5236 sua
3663 5195 3800 5233 reve-

2241 5260 2386 5312 lante
2406 5261 2602 5326 gratia,
2637 5267 2888 5326 persona
2917 5272 3038 5326 quae
3095 5256 3220 5308 huic
3262 5254 3588 5326 negotio_sit
3624 5264 3802 5326 conte.
