3926 5326
139 203 252 258 577

1409 199 1496 255 DE
1535 200 1754 257 BELLO
1794 200 2157 259 SAXONlCO.

3310 203 3414 260 578

142 315 416 370 lntionem
439 323 493 370 et
512 313 859 384 apostolicam
883 313 1332 370 benedictionem.
1356 313 1488 368 Cum
1514 314 1727 370 Veritas
1758 323 1803 379 Α
1835 325 1944 370 tum
1971 317 2297 384 intelligens,
2326 327 2518 387 magna
2551 315 2701 371 turba
2733 315 2968 386 peditum
3002 317 3161 372 simul
3187 326 3241 374 ct
3265 320 3414 387 equi-

144 411 269 479 ipsa
313 411 478 473 dicat,
510 411 751 464 omnium
793 410 882 478 qui
923 421 1144 481 propter
1179 411 1448 480 justitiam
1481 425 1736 480 persecu-

151 500 362 558 tionem
392 501 691 570 patiuntur,
723 515 943 569 regnum
975 517 1096 556 esse
1127 501 1406 568 cmlorum,
1432 511 1486 554 ct
1507 503 1736 570 Aposto-

150 589 238 644 lus
265 589 463 644 clamet
519 592 808 655 nemiuem,
861 593 965 646 nisi
1019 593 1106 660 qui
1157 593 1394 663 legitime
1423 594 1734 659 certaverit,

149 696 317 752 posse
356 683 604 736 coronari
661 700 674 737 :
745 684 930 747 nolite,
989 685 1082 738 ﬁlii
1113 688 1240 750 mei,
1306 687 1358 740 in
1381 688 1504 751 hoc,
1525 690 1737 756 quivos

145 771 264 840 jam
299 774 466 826 multo
490 785 738 842 tempore
761 776 1018 844 exagitat,
1044 776 1234 831 bellico
1265 776 1447 834 furore
1469 780 1733 845 deficere;

155 865 334 918 nolite
375 880 469 934 per
493 865 652 920 ullius
677 867 744 897 ⁸³⁷
783 867 1014 921 fallentis
1039 884 1285 938 persona:
1337 873 1616 926 mendacia
1671 873 1738 926 de

155 968 347 1008 nostro
379 955 519 1009 tideli
548 958 812 1026 adjutorio
838 959 1103 1022 dubitare,
1127 962 1220 1015 sed
1262 964 1432 1032 magis
1463 965 1739 1034 magisque

154 1061 259 1114 pro
315 1048 512 1100 tuenda
559 1048 785 1102 veritate
815 1049 1204 1117 ecclesiastica,
1263 1069 1359 1121 pro
1404 1055 1738 1108 defendenda

157 1148 359 1192 vestra:
411 1141 708 1196 nobilitatis
761 1143 831 1173 ⁸⁸⁸
881 1144 1152 1209 libertate,
1214 1146 1380 1200 labori
1427 1149 1538 1218 jam
1578 1149 1740 1203 citius

157 1227 401 1283 finiendo
431 1231 745 1297 incmnbite,
787 1244 838 1288 et
883 1251 948 1289 ex
998 1236 1227 1291 adverso
1253 1239 1614 1304 ascendendo,
1648 1255 1741 1294 vos

159 1326 216 1372 et
272 1333 505 1388 corpora
564 1334 740 1375 vestra
799 1325 955 1392 quasi
999 1341 1210 1380 murmn
1260 1344 1356 1396 pro
1386 1329 1741 1382 domolsrael

156 1423 432 1478 opponere
453 1412 703 1478 satagite.
732 1413 868 1478 Quid
888 1414 1000 1481 jam
1035 1418 1087 1469 itt
1111 1418 1321 1470 duabus
1345 1420 1517 1473 sinodi
1543 1430 1743 1474 nostra:

156 1501 611 1556 conventionibus
645 1504 710 1555 de
739 1521 860 1574 rege
876 1505 1106 1559 llodulfo
1132 1518 1186 1562 et
1215 1511 1280 1562 de
1309 1510 1559 1564 lleinrico
1575 1520 1745 1564 statu-

162 1599 300 1652 tum,
336 1591 578 1660 quidque.
604 1593 674 1646 ibi
703 1593 768 1648 de
800 1610 932 1662 pace
970 1607 1024 1649 et
1067 1599 1350 1652 concordia
1381 1601 1529 1668 regni
1577 1602 1739 1654 etiam

1839 419 1950 461 tum
1973 408 2225 462 derelicta
2248 408 2393 462 illum
2418 419 2499 462 est
2526 409 2818 463 insecutus.
2833 408 3197 478 Cumquejam
3224 411 3299 464 illi
3325 427 3417 465 no.

1838 505 2036 551 strates
2061 498 2576 566 appropinquarent,
2603 514 2830 566 emnque
2850 495 3180 569 Niuamburg
3209 500 3278 532 ⁶⁰⁶
3301 499 3414 570 (56)

1838 588 2207 656 episcOpatum
2234 589 2520 643 incendere
2548 590 2683 643 velle
2717 590 2978 656 viderent,
3001 608 3232 662 propero
3255 609 3416 648 cursu

1838 692 1958 740 eum
1988 693 2082 745 per
2105 693 2357 731 montana
2389 681 2798 748 praevenientes,
2835 683 3022 736 urbem
3069 684 3138 737 ab
3167 683 3417 739 incendio

1839 767 2055 820 fortiter
2081 767 2455 822 defenderunt.
2479 771 2597 836 Quo
2630 771 2716 826 ille
2740 773 2978 842 cognito,
3015 775 3170 828 obvia
3221 783 3418 830 cuncto

1839 858 2166 912 comburens
2214 868 2270 912 et
2323 867 2581 923 vastans,
2645 862 2712 914 ad
2786 861 3006 916 ﬂuvium
3071 864 3161 933 qui
3221 865 3419 920 dicitur

1839 946 2046 1000 Elstera
2140 949 2439 1017 pervenit;
2539 949 2693 1018 cujus
2779 969 2968 1024 magna
3059 955 3420 1024 profunditate

1841 1039 1989 1103 visa,
2052 1040 2237 1094 nolens
2296 1041 2364 1094 ibi
2413 1052 2591 1096 castra
2649 1043 2862 1098 locavit.
2933 1047 3031 1101 llic
3083 1048 3419 1103 diversorum

1843 1131 2083 1185 diversas
2106 1133 2390 1200 opiniones
2413 1133 2575 1186 michi
2604 1135 2830 1205 contigit
2857 1153 3168 1205 agnoscere,
3196 1139 3290 1194 sed
3332 1141 3420 1195 cui

1842 1238 2027 1276 earum
2089 1225 2290 1276 veritas
2348 1226 2588 1291 accedat,
2650 1243 2755 1281 non
2824 1227 2972 1283 licuit
3032 1229 3191 1284 michi
3257 1231 3418 1286 scire.

1844 1313 1948 1366 Alii
2013 1331 2247 1383 namque
2305 1316 2585 1380 dicebant,
2646 1320 2770 1388 quia
2831 1320 2913 1374 bis
2951 1336 2978 1373 a
3019 1323 3208 1389 proelio
3246 1323 3423 1378 disce-

1847 1405 2007 1459 debat
2072 1407 2293 1471 victus,
2379 1409 2611 1478 amplius
2692 1425 2813 1464 eum
2901 1410 3170 1466 fortunam
3247 1415 3420 1484 proelii

1846 1493 1987 1549 nolle
2045 1503 2325 1564 temptare,
2391 1497 2484 1550 sed
2562 1499 2764 1552 nostris
2822 1508 2938 1554 arte
2991 1516 3086 1555 sua
3141 1501 3418 1571 deceptis,

1848 1603 2096 1656 magnam
2146 1597 2352 1656 partem
2402 1589 2636 1658 regionis
2692 1591 2829 1647 velle
2873 1594 3212 1660 comburere,
3241 1596 3422 1666 sicque

164 1682 641 1752 cumjuramentis
671 1686 742 1739 sit
786 1661 1095 1752 dillinitmn,
1137 1703 1234 1756 per
1277 1701 1490 1744 nostras
1534 1692 1742 1744 litteras

1854 1676 1960 1727 sine
1985 1675 2192 1743 prtelio,
2219 1677 2372 1744 quasi
2399 1692 2518 1730 cum
2544 1678 2779 1734 victoria:
2803 1680 2992 1748 gloria,
3022 1698 3145 1736 suas
3169 1684 3219 1737 in
3245 1695 3424 1751 partes

163 1780 218 1824 et
287 1788 384 1840 per
441 1782 656 1827 vestros
709 1775 930 1846 legatos,
982 1779 1083 1831 nisi
1131 1778 1268 1832 forte
1315 1780 1454 1850 capti
1517 1782 1622 1835 sint
1649 1781 1740 1846 "’,

160 1865 504 1933 apertissime
562 1870 786 1936 potestis
837 1885 1154 1939 agnoscere,
1216 1872 1339 1925 etsi
1389 1871 1514 1940 quid
1569 1873 1745 1927 adhuc

163 1957 485 2010 remanserit
511 1957 603 2021 ‘°°,
632 1975 726 2027 per
753 1960 1036 2028 episc-Opos
1065 1961 1356 2015 aletettsem
1383 1972 1434 2015 et
1469 1961 1747 2016 Patavien-

162 2062 275 2101 sem
305 2059 356 2102 et
391 2050 640 2104 abbatem
671 2052 994 2123 Augiensem
1041 2055 1108 2085 ⁶⁰¹
1150 2055 1284 2124 (52),
1333 2057 1423 2124 qui
1469 2057 1746 2110 nobiscum

162 2136 326 2193 finem
381 2142 458 2194 rei
505 2143 860 2210 praestolando
908 2154 1204 2210 morantur,
1255 2162 1377 2200 cum
1419 2147 1484 2199 ad
1516 2162 1609 2200 vos
1648 2145 1747 2215 ipsi

162 2231 534 2294 pervenerint,
567 2233 724 2298 quasi
769 2233 819 2285 in
847 2246 1093 2302 promptu
1143 2234 1352 2288 habetis
1387 2237 1592 2289 audire.
1647 2235 1749 2289 Po-

163 2327 373 2371 stremo
417 2320 520 2373 hoc
568 2336 662 2374 vos
695 2322 940 2391 ignorare
991 2324 1257 2389 nolumus,
1295 2326 1420 2394 quia
1469 2326 1613 2380 onmi
1644 2343 1749 2396 qua

164 2419 382 2475 oportet
425 2411 704 2474 instantia,
758 2428 876 2466 cum
925 2413 993 2444 ⁶⁰¹
1041 2416 1303 2469 orationis
1355 2425 1554 2470 nostra:
1615 2418 1750 2470 aSsi-

167 2497 397 2566 duitate,
430 2511 540 2554 tum
573 2502 732 2556 ollicii
766 2505 934 2557 nostri
975 2507 1260 2574 gravitate,
1295 2516 1348 2560 et
1373 2509 1750 2576 prospiciendo

167 2593 454 2649 consulere
504 2604 561 2648 et
611 2597 939 2652 consulendo
985 2599 1296 2668 prospicere
1329 2609 1522 2654 vestra:
1556 2615 1747 2655 ncces-

171 2683 318 2736 sitati
347 2700 451 2738 non
476 2685 806 2740 dubitamus.
856 2706 874 2738 ι
1740 2762 1742 2764 ν

242 2775 367 2828 sit.
410 2775 610 2832 Eodem
645 2791 811 2842 anno,
837 2792 1020 2833 mense
1044 2778 1293 2834 videlicet
1317 2779 1558 2846 Octobri,
1587 2779 1752 2836 llein-

173 2865 319 2922 ricus
349 2867 556 2922 militiae
586 2867 656 2898 ‘°'
683 2868 957 2924 laboribus
986 2871 1350 2942 infatigabilis,
1384 2874 1579 2928 iterum
1616 2890 1749 2951 conf

174 2961 420 3032 gregavit
456 2963 781 3028 exercitum,
825 2974 884 3017 ut
908 2964 1184 3019 invaderet
1232 2964 1481 3021 Samnite
1504 2982 1748 3038 regnum.

176 3049 424 3106 Saxones
447 3067 576 3106 vero
601 3069 722 3108 eum
754 3053 958 3124 ingenti
1003 3053 1347 3108 multitudine
1397 3065 1753 3110 occurrerunt

176 3143 223 3195 ei
273 3142 326 3194 in
379 3141 498 3196 loco
549 3143 643 3211 qui
695 3142 897 3196 Cancul
938 3143 1314 3213 (53)vocatur,
1359 3144 1538 3214 ibique
1559 3146 1754 3212 castris

176 3235 387 3304 positis,
425 3237 696 3298 sederunt,
733 3247 790 3289 ut
837 3236 972 3290 fines
1004 3251 1130 3290 suos
1175 3252 1298 3290 cum
1343 3236 1435 3290 Dei
1483 3236 1752 3306 adjutorio

181 3331 245 3381 ab
275 3327 454 3382 hostili
481 3328 756 3382 invasione
781 3337 1078 3382 tuerentur.
1097 3328 1338 3396 Cumque
1363 3329 1541 3383 missis
1571 3329 1759 3397 explo-

182 3419 457 3473 ratoribus
490 3419 578 3472 ille
612 3429 853 3474 nostram
887 3420 1138 3474 virtutem
1173 3431 1551 3491 cognosceret,
1609 3429 1663 3474 et
1705 3421 1753 3476 ei

182 3524 300 3562 cum
351 3526 449 3563 sua
513 3510 711 3564 virtute
750 3511 1000 3582 congredi
1044 3526 1150 3565 non
1197 3513 1440 3578 auderet,
1491 3513 1556 3566 ad
1585 3522 1756 3566 artem

181 3604 400 3657 malitia:
462 3606 731 3659 convertit
772 3620 864 3671 se,
915 3605 1128 3675 dolique
1177 3606 1468 3661 calliditate
1515 3617 1759 3661 nostrum

161 3691 372 3763 agmen
398 3697 449 3748 iu
483 3697 619 3750 duas
648 3706 828 3766 partes
855 3698 1131 3767 dispergit,
1161 3706 1219 3751 ut
1270 3697 1411 3766 quod
1464 3698 1756 3768 integrum,

180 3785 290 3838 suis
319 3784 532 3839 viribus
553 3785 980 3851 dillidcns,adire
1009 3804 1111 3842 nou
1129 3787 1507 3856 prtesumebat,
1528 3788 1759 3848 divisum

182 3891 274 3944 per
298 3886 504 3943 partes.
539 3875 582 3929 si
632 3879 926 3931 necessitas
965 3879 1328 3948 compelleret,
1386 3879 1604 3949 aggredi
1652 3895 1758 3933 non

185 3967 525 4020 formidaret.
570 3965 706 4020 Nam
740 3982 858 4021 cum
887 3968 1134 4037 proelium
1185 3969 1430 4023 devitans
1469 3986 1592 4024 cum
1639 3971 1761 4024 uui-

163 4045 345 4110 ‘verso
378 4057 620 4110 exercitu
644 4073 742 4110 suo
771 4069 956 4112 contra
1000 4059 1316 4128 Erphesfort
1375 4060 1446 4092 ⁶⁰δ
1499 4047 1763 4129 tenderet,

159 4139 566 4205 .velocissimos
593 4153 804 4221 equites
829 4162 972 4207 retro
1011 4163 1200 4207 contra
1247 4153 1548 4208 Goslariam
1599 4156 1762 4221 misit,

186 4239 271 4306 qui
301 4239 631 4308 quibusdam
660 4241 798 4295 villis
824 4242 1060 4296 incensis
1083 4243 1148 4296 ad
1169 4233 1227 4296 se
1265 4244 1522 4298 velociter
1570 4261 1765 4316 prope-

188 4339 392 4384 rarent.
416 4330 486 4384 At
527 4333 774 4386 Saxones
810 4349 906 4401 per
934 4348 1058 4387 suos
1107 4321 1476 4403 exploratores
1519 4336 1621 4390 iter
1651 4318 1765 4406 ejus

187 4435 378 4476 contra
411 4424 728 4492 Erpltesfort
759 4425 830 4456 ³³⁸
850 4426 1046 4491 edocti,
1072 4443 1191 4481 cum
1221 4415 1343 4481 eum
1371 4427 1526 4482 facile
1550 4437 1768 4497 pesscnt

191 4516 400 4584 insequi
434 4517 512 4570 vel
541 4519 708 4571 etiam
743 4519 1058 4587 prmveuire,
1095 4505 1212 4574 viso
1243 4530 1363 4589 post
1385 4521 1600 4574 dorsum
1623 4520 1772 4586 fmqu

165 4597 316 4660 'illue
380 4607 616 4662 universi
674 4607 955 4675 festinant,
1007 4611 1162 4664 ut‘ci
1217 4611 1518 4673 GOslat‘iam
1558 4620 1608 4666 et
1657 4611 1772 4688 tilas

191 4703 374 4768 partes
431 4698 683 4780 Saxonia:
731 4703 1075 4771 prohibeant.
1116 4704 1207 4758 llle
1257 4720 1382 4760 vero
1402 4715 1637 4775 emptum
1672 4708 1773 4782 iter

163 4778 174 4869 ί
196 4794 262 4845 ad
283 4778 601 4864 Erphesfort
631 4797 701 4827 m
731 4812 1016 4868 peragens,
1038 4785 1293 4874 oppidum
1311 4785 1425 4868 jam
1451 4813 1772 4854 succensunt

196 4883 366 4940 fuerat
405 4886 768 4957 depraedatus,
801 4904 924 4944 cum
968 4877 1156 4947 noster
1183 4891 1454 4970 exercitus
1497 4907 1555 4948 se
1584 4891 1779 4958 decep-

1499 5021 1740 5082 vsnm
1778 5015 2186 5092 caenosus.

1846 1766 2138 1827 declinare,
2170 1767 2260 1819 scd
2290 1766 2519 1821 inscium
2547 1766 2781 1824 ﬂuminis
2814 1769 2970 1839 hujus
2997 1771 3420 1840 profunditatem

1849 1856 2162 1923 incurrisse,
2186 1858 2372 1928 sicque
2401 1871 2672 1923 coactum,
2700 1862 2826 1930 quia
2855 1880 2956 1916 non
2997 1863 3153 1918 facile
3193 1866 3426 1920 transire

1847 1957 1957 2017 pot.
1979 1957 2080 2011 rat,
2113 1948 2304 2017 prtelio
2347 1964 2406 2002 se
2439 1950 2793 2004 commisisse.
2824 1951 2926 2006 Alii
2958 1968 3088 2007 vero
3140 1954 3424 2022 putabant,

1849 2038 1990 2105 quod
2041 2054 2106 2090 ex
2169 2037 2237 2069 ⁶⁰⁶
2303 2038 2563 2092 imlustria
2613 2040 2989 2096 malivolentia:
3051 2043 3192 2098 hunc
3238 2059 3427 2114 pugna:

1851 2130 2102 2198 elegisset
2124 2129 2322 2194 locum,
2350 2131 2439 2184 ubi
2464 2131 2576 2185 suis
2606 2132 2800 2200 quibus
2848 2150 2953 2188 non
2981 2135 3119 2190 bene
3173 2138 3428 2191 credebat

1851 2230 1944 2274 aut
2002 2219 2214 2276 fortiter
2269 2232 2412 2276 esset
2467 2225 2831 2292 pugnandum,
2901 2236 2994 2280 aut
3061 2228 3229 2297 turpis
3289 2227 3426 2297 fuga:

1850 2313 2129 2382 przetnium
2160 2312 2452 2382 periculum
2483 2313 3006 2371 lluviisobeuudum.
3033 2319 3135 2374 Alii
3161 2337 3286 2374 vero
3310 2337 3428 2376 cre-

1851 2406 2068 2469 dobant,
2092 2408 2232 2474 quod
2260 2407 2379 2460 ideo
2402 2407 2647 2475 regiones
2673 2409 2792 2462 illas
2813 2413 3180 2480 peteret,quia
3198 2411 3428 2467 .llisneu-

1852 2498 1990 2551 sium
2033 2497 2113 2551 vel
2142 2496 2484 2552 Boemiorutn
2540 2515 2638 2567 pro
2676 2491 2875 2568 quibus
2925 2501 3130 2570 legatos
3184 2505 3424 2569 miserat,

1852 2587 2108 2642 auxilium
2140 2597 2423 2658 speraret;
2463 2589 2554 2656 qui
2598 2591 2644 2642 si
2691 2590 2810 2653 sibi,
2876 2591 3040 2658 sicut,
3083 2595 3425 2663 expectabat,

1853 2678 2082 2735 fuissent
2107 2680 2349 2743 adunati,
2381 2681 2504 2736 inde
2529 2696 2624 2750 per
2653 2682 2962 2753 .llerseburg
2988 2695 3041 2738 et
3068 2685 3426 2755 Magcdalntrg

1853 2783 1908 2828 et
1958 2788 2056 2841 per
2107 2755 2411 2828 universam
2459 2783 2710 2842 potenter
2774 2775 3044 2830 transiens
3095 2776 3382 2832 Saxo..iam
3411 2819 3426 2843 ,

1855 2869 2048 2920 cuncta
2099 2875 2279 2936 posset
2327 2867 2662 2936 depopulari,
2718 2882 2938 2938 suaeque
2994 2868 3047 2922 itt
3110 2879 3428 2939 perpetuum

1855 2955 2123 3026 subjicere
2143 2959 2516 3013 dominationi.

1930 3039 2052 3108 122.
2086 3051 2253 3120 Igitur
2273 3035 2557 3107 lleinricus
2581 3053 2772 3108 castris
2796 3053 2848 3108 in
2871 3053 3064 3110 Elstra:
3082 3055 3193 3125 ripa
3217 3055 3431 3122 locatis,

1855 3143 2096 3198 crastino
2124 3158 2282 3198 mane
2321 3127 2494 3214 primo
2527 3159 2652 3198 suas
2679 3145 2823 3199 acies
2845 3145 3124 3214 disposuit,
3159 3147 3284 3216 quia
3315 3146 3434 3200 nul-

1857 3234 1962 3288 lam
2016 3225 2187 3304 prcelii
2239 3250 2445 3288 moram
2503 3249 2598 3304 per
2646 3249 2704 3289 se
2760 3235 2876 3289 fieri
2918 3236 3221 3305 voluit(an.
3275 3237 3431 3300 1080,

1859 3337 1960 3381 οτι.
1993 3326 2078 3397 15)
2115 3344 2129 3382 :
2163 3342 2287 3382 cum
2313 3342 2440 3381 ecce
2468 3327 2640 3381 nostri
2693 3327 2858 3380 multa
2901 3327 3246 3382 festinatione
3275 3330 3434 3384 simul

1860 3427 1912 3470 et
1959 3418 2171 3472 itineris
2214 3417 2504 3486 asperitate
2551 3416 2780 3486 fatigati,
2815 3418 3000 3472 multis
3029 3418 3080 3471 iu
3108 3419 3192 3471 via
3226 3434 3334 3488 pra}
3365 3418 3432 3449 ‘°’

1861 3509 2178 3565 lassitudine
2206 3506 2477 3563 derelictis
2500 3506 2795 3560 adveniunt
2835 3516 2888 3560 et
2946 3509 3243 3572 audientes,
3293 3509 3435 3576 quod

1854 3594 2048 3654 'hostes
2070 3605 2274 3660 essent,
2318 3611 2346 3650 e
2372 3607 2556 3652 contra
2575 3596 2692 3650 sine
2716 3611 2866 3650 mora
2888 3612 2946 3651 se
2975 3597 3041 3651 ad
3067 3598 3436 3654 defensionem

1862 3693 2051 3762 patria:
2080 3706 2191 3745 sua:
2218 3689 2289 3721 '°‘
2319 3689 2628 3758 disponunt.
2661 3688 2794 3742 Cum
2828 3705 2956 3744 vero
3002 3691 3208 3758 pedites
3247 3690 3437 3744 admo-

1863 3783 1989 3844 dum
2019 3781 2173 3850 pauci
2200 3793 2320 3834 esse
2342 3777 2434 3841 ‘°',
2465 3776 2710 3846 plurimis
2752 3793 2857 3830 non
2904 3778 3204 3832 valentibus
3263 3779 3434 3847 sequi,

1865 3879 2328 3946 conspicerentur,
2378 3887 2566 3927 omnes
2611 3872 2699 3940 qui
2752 3887 2854 3924 non
2897 3873 3027 3924 satis
3057 3870 3224 3926 fortes
3270 3886 3440 3939 equos

1867 3971 2232 4043 habebant‘ex
2279 3965 2550 4042 equitibus
2612 3963 2817 4032 pedites
2869 3962 2986 4015 ficti
3036 3963 3325 4043 jubenlur;
3385 3970 3439 4016 et

1854 4047 1994 4122 ,tunc
2022 4039 2279 4121 ord;nati,
2307 4039 2552 4110 hostibus
2581 4054 2791 4107 obviam
2817 4051 3068 4122 paulatim
3094 4039 3444 4121 progrediun-

1870 4165 1974 4211 tur.
2027 4150 2272 4222 Episcopi
2322 4163 2450 4203 vero
2499 4146 2724 4200 clericos
2753 4159 2942 4200 omnes
2982 4145 3069 4212 qui
3108 4144 3354 4208 aderant,
3385 4155 3444 4198 ut

1850 4246 2132 4318 psalmum
2160 4243 2302 4298 82w
2330 4240 2504 4318 multa
2527 4239 2810 4294 devotione
2838 4244 3143 4313 cantarent,
3169 4251 3446 4290 ammone-

1797 4315 2021 4421 Dbant.
2103 4320 2385 4413 Exercitus
2474 4315 2654 4408 autem
2739 4339 2964 4405 uterque
3049 4329 3115 4383 ad
3191 4326 3442 4397 paludem

1858 4413 1992 4502 .qtne
2029 4437 2272 4484 vocatur
2315 4426 2497 4480 Grona
2527 4423 2595 4454 ⁶¹⁰
2628 4428 3016 4482 convenerunt,
3076 4427 3129 4472 et
3175 4418 3298 4486 quia
3331 4417 3448 4471 sine

1861 4523 2013 4589 vado
2058 4520 2212 4590 palus
2267 4525 2412 4582 erat,
2477 4515 2748 4569 exercitus
2803 4514 2960 4565 ambo
3009 4509 3316 4564 dubitantes
3374 4509 3445 4562 ibi

1878 4614 2257 4673 substiterunt,
2315 4617 2370 4662 et
2418 4607 2614 4682 alteros
2664 4604 2836 4665 alteri,
2899 4611 2956 4656 ut
3010 4602 3218 4670 priores
3259 4599 3325 4652 ad
3387 4613 3446 4652 se

1880 4712 2180 4767 transeant,
2236 4699 2539 4770 opprobriis
2590 4697 2974 4770 increpantes,
3026 4692 3243 4760 utrique
3295 4703 3448 4744 suam

1861 4778 2050 4866 iripam
2089 4775 2280 4846 inmoti
2311 4793 2620 4842 tenuerunt.
2651 4783 2888 4836 Tandem
2912 4781 3080 4836 nostri
3101 4789 3262 4848 caput
3283 4780 3452 4850 ipsius

1858 4881 2088 4956 .paludis
2111 4896 2219 4936 non
2239 4878 2394 4947 longe
2417 4890 2538 4932 esse
2561 4880 2972 4943 cognoscentes,
2995 4869 3063 4924 ad
3109 4869 3238 4924 illud
3269 4869 3454 4924 tende-

3402 5105 3436 5126 Δ
