3926 5326
513 301 616 358 579

1486 280 1833 360 BttUXONtS
1865 272 2133 335 CLERICI
2176 266 2803 332 MACDEBL’llGENSlS

3685 276 3794 333 580

513 395 813 484 boumque
843 410 979 476 viso,
1020 402 1276 463 contrarii
1319 416 1472 474 :rquo
1502 401 1698 457 itinere
1746 397 1813 453 ad
1868 395 2098 451 eundem
2131 400 2177 457 Λ
2206 392 2457 448 ditissimi
2488 392 2734 448 homines
2787 407 2968 448 secum
3011 399 3380 463 poztaverant,
3429 390 3689 462 quicquid
3736 392 3790 447 in

513 504 804 559 terminum
826 500 1035 573 paludis
1058 496 1372 569 pergebant.
1400 493 1474 547 lbi
1513 506 1634 546 cum
1666 490 1718 545 iit
1762 497 1878 543 tuto
1898 500 2097 542 conve-

512 596 745 658 nissent.
803 605 1130 649 conseruere
1178 601 1388 645 manus.
1442 592 1497 638 et
1536 583 1808 651 utrimque
1857 578 2102 633 fecerunt

514 685 823 747 miserabile
880 681 1114 737 facinus.
1156 675 1442 732 lleiuricus
1482 682 1685 734 autem,
1736 682 1859 723 mox
1908 677 1967 720 ut
2006 677 2102 720 eos

514 775 752 831 vicissim
792 769 1007 827 misceri
1041 765 1345 837 conspexit,
1377 778 1437 817 se
1467 762 1609 815 sicut
1642 759 1835 814 solitus
1878 762 2000 811 erat
2046 753 2100 807 in

514 866 693 935 fugam
731 863 897 918 dedit.
928 859 1216 916 Exercitus
1244 872 1371 909 vero
1410 852 1527 921 ejus
1558 861 1702 907 tanta
1730 852 1929 905 virtute
1979 863 2103 903 uos-

517 960 614 1014 tris
641 956 899 1016 instabat,
933 961 993 1007 ιιι
1025 949 1347 1022 quihusdam
1379 955 1527 1016 terga
1561 944 1837 1009 dantibus,
1867 943 1958 1013 ad.
1980 939 2102 995 illo-

514 1064 633 1101 rum
665 1053 842 1101 castra
870 1042 1032 1097 fallax
1077 1039 1216 1093 fama
1250 1037 1484 1098 veniret,
1516 1050 1639 1105 quae
1688 1034 1934 1089 Saxones
1984 1045 2105 1085 esse

512 1140 688 1194 victos
714 1152 811 1191 ore
835 1133 1104 1191 mendacii
1138 1131 1417 1186 nuutiaret
1442 1128 1533 1182 ⁶¹¹.
1568 1130 1812 1197 Dumque
1846 1125 2107 1196 praesules

512 1231 604 1301 qui
654 1226 967 1284 lleinricum
1023 1223 1373 1288 adiuvab‘aut,
1429 1234 1551 1276 cum
1613 1221 1729 1274 suis
1775 1217 1990 1274 clericis
2035 1215 2105 1270 Te

513 1322 683 1376 Deum
710 1317 991 1372 laudamus
1007 1316 1304 1384 gaudentes
1329 1311 1715 1374 cantarent“,
1736 1309 1997 1381 Bappo-do
2011 1308 2102 1375 ⁶¹³,

515 1426 655 1466 unus
698 1409 765 1465 de
809 1408 1034 1463 summis
1076 1405 1409 1477 principibus
1436 1403 1524 1469 ⁶¹³,
1571 1412 1821 1474 portatur
1868 1401 2102 1456 occisus.

516 1504 687 1572 Quem
743 1500 834 1571 qui
861 1499 1126 1562 ferebant,
1194 1498 1280 1552 his
1331 1496 1424 1567 qui
1477 1495 1531 1550 in
1581 1494 1780 1550 castris
1829 1500 2007 1556 erant,
2038 1492 2105 1546 de

514 1597 714 1669 longe:
770 1592 982 1666 Fugite,
1016 1591 1227 1663 Fugite,
1264 1587 1636 1653 clamabant;
1698 1586 1827 1643 Otto
1876 1594 2108 1656 namque

517 1689 626 1743 dux
661 1686 944 1756 adsumpta
974 1684 1214 1754 peditum
1245 1690 1441 1744 turma,
1505 1678 1612 1735 illis
1642 1678 1731 1749 qui
1787 1686 2005 1732 nostros
2055 1677 2106 1731 in

2202 483 2525 553 Erphesfort
2553 492 2865 554 rapuerant,
2889 483 3070 539 omnia
3103 483 3190 539 illa
3221 484 3392 538 nostri
3447 484 3608 537 simul
3649 483 3791 538 (liri-

2204 578 2436 649 pieutes,
2463 577 2529 631 ad
2553 586 2730 632 castra
2759 592 2858 632 sua
2893 585 3161 633 venerunt
3192 577 3613 645 triumphantes.

2274 668 2397 724 l25.
2427 668 2502 723 llli
2547 684 2679 724 vero
2726 669 2814 738 qui
2866 668 3100 739 gladium
3166 667 3502 740 eﬂ‘ugerant,
3559 678 3793 736 quantas

2207 761 2544 818 calamitates
2598 761 2648 815 in
2679 761 2868 827 ﬂuvio,
2907 761 3073 826 silvis,
3101 761 3388 831 paludibus
3422 761 3792 823 sustinerent,

2208 852 2338 908 nulli
2364 862 2445 907 cst
2470 852 2751 919 credibile,
2778 851 2883 907 nisi
2924 852 3010 907 cui
3046 851 3270 923 contigit
3310 853 3429 907 haec
3455 852 3640 907 omnia
3685 850 3796 904 loca

2204 943 2624 1014 prtesentialitcr
2652 942 2857 998 videre.
2888 943 3109 998 Fluvios
3140 943 3285 999 enim
3313 942 3455 998 tales
3480 957 3551 998 ex
3574 952 3800 1012 utraque

2206 1045 2360 1106 parte
2391 1036 2534 1104 ripas
2560 1035 2747 1098 habet,
2776 1045 2834 1088 ut
2868 1035 2954 1089 hic
2985 1049 3143 1090 nemo
3167 1036 3271 1092 n'si
3301 1034 3508 1089 cadens
3530 1034 3699 1104 possit
3728 1035 3798 1087 in-

2208 1136 2385 1191 lrare,
2414 1126 2523 1182 illic
2567 1140 2727 1181 nemo
2774 1125 2874 1182 nisi
2918 1126 3166 1181 frutectis
3210 1125 3300 1181 vel
3329 1125 3522 1181 herbis
3569 1124 3798 1194 arreptis

2207 1234 2400 1289 repens
2452 1217 2624 1288 possit
2654 1218 2824 1273 exire.
2866 1217 3016 1273 Multi
3069 1201 3369 1290 fugientes,
3404 1232 3530 1273 cum
3590 1217 3666 1271 illi
3721 1219 3798 1273 hic

2204 1310 2359 1379 proni
2401 1308 2620 1364 ﬂuvium
2651 1308 2911 1364 velociter
2941 1310 3261 1375 inciderent,
3294 1317 3348 1365 et
3380 1308 3496 1364 illic
3529 1308 3595 1363 de
3628 1309 3797 1363 dorsis

2205 1413 2470 1469 equorum
2501 1397 2633 1467 ripae
2676 1398 2963 1462 insilirent,
2997 1398 3176 1471 gladio
3204 1398 3379 1469 ripam
3420 1398 3725 1462 caedebant,
3748 1408 3798 1452 ut

2206 1504 2377 1560 equos
2417 1500 2543 1560 post
2590 1505 2650 1546 se
2708 1489 2774 1545 de
2820 1488 2985 1545 ﬂuvio
3038 1489 3434 1555 extraherent,
3474 1489 3797 1560 tandemun

2209 1582 2466 1637 ezedeudo
2513 1580 2743 1654 fatigati,
2794 1584 2952 1654 equis
3005 1583 3282 1641 derelictis
3340 1584 3625 1656 armisque
3679 1598 3796 1654 p.0-

2204 1672 2364 1758 jectis
2401 1672 2581 1745 fugam
2633 1675 2827 1747 trepidi
2889 1677 3293 1749 corripuerunt.
3354 1676 3498 1746 Ergo
3550 1678 3798 1747 quicquil

519 1774 699 1851 fugam
750 1785 1030 1833 verterant
1081 1790 1292 1844 :eqnam
1339 1773 1515 1828 vicem
1568 1770 1848 1841 rependit,
1911 1768 2186 1838 eosquc'B
2220 1766 2644 1824 Unstrodmubi
2676 1768 2807 1824 victi
2837 1771 3220 1826 sumusinnos
3241 1768 3793 1841 peccavit,Elstet-.t‘"

520 1880 673 1941 terga
724 1868 827 1924 sibi
877 1876 1244 1924 monstrantes
1299 1863 1510 1933 insequi
1564 1878 1672 1917 non
1718 1870 1843 1917 ante
1876 1860 2107 1927 desistit,

520 1978 683 2034 quam
742 1976 838 2018 eos
899 1977 998 2033 per
1056 1960 1230 2015 media
1280 1965 1457 2014 castra
1515 1956 1836 2011 festinantes
1890 1951 2111 2007 ﬂuvium

519 2052 653 2108 satis
709 2067 831 2108 cum
878 2049 1116 2123 periculo
1169 2048 1431 2104 transisse
1479 2046 1778 2117 conspexit.
1834 2043 1969 2099 Nam
2000 2044 2112 2099 fere

520 2156 628 2197 non
685 2141 865 2196 minor
909 2155 1038 2210 pars
1086 2138 1322 2194 hostium
1368 2136 1422 2192 in
1466 2136 1631 2191 ﬂuvio
1682 2148 1843 2205 quam
1873 2132 2035 2203 periit
2059 2131 2109 2187 in

520 2230 903 2305 prmlio.Tunc
938 2232 1143 2302 pedites
1167 2231 1380 2300 plenam
1410 2244 1467 2285 se
1495 2238 1779 2299 sperantes
1805 2226 2110 2291 victoriam,

522 2331 827 2379 castrorum
858 2321 1109 2377 volebant
1140 2321 1396 2375 invadere
1426 2320 1691 2389 rapinam.
1722 2317 1827 2375 Sed
1858 2320 1962 2374 (lux
1986 2316 2113 2373 Otto

523 2415 762 2485 prudens
789 2414 859 2445 ⁶¹⁸
892 2414 944 2468 ἰιι
976 2413 1137 2476 bello,
1169 2404 1365 2468 timens
1400 2427 1468 2467 ne
1506 2411 1680 2467 adhuc
1713 2412 1895 2467 hostes
1946 2406 2113 2481 aliqui

524 2517 646 2577 post
676 2516 822 2580 terga
850 2507 1263 2572 remansissent,
1298 2505 1509 2560 monuit
1534 2520 1627 2561 eos
1657 2520 1685 2559 a
1715 2504 1895 2575 przeda
1920 2519 2114 2559 manus

529 2599 746 2655 interim
770 2600 1069 2663 continere,
1102 2598 1271 2653 donec
1307 2598 1439 2652 certi
1463 2597 1605 2667 quod
1651 2597 1833 2653 nullus
1862 2597 2036 2653 hostis
2084 2611 2115 2651 a

525 2696 678 2760 tergo
706 2688 971 2753 latuisset,
1016 2688 1191 2742 securi
1240 2697 1460 2757 possent
1494 2687 1705 2743 hostilia
1749 2697 1928 2744 castra
1986 2686 2117 2742 diri-

524 2796 675 2851 pere.
707 2780 891 2851 Itaque
920 2796 1170 2836 reversus
1200 2797 1319 2835 cum
1354 2780 1644 2850 peditibus,
1678 2781 1882 2837 invenit
1917 2781 1971 2836 in
1998 2781 2114 2836 loco

526 2870 704 2941 proelii
772 2869 1082 2925 Heinricum
1151 2870 1218 2925 de
1282 2869 1461 2926 Laelia
1511 2886 1634 2925 eum
1692 2871 1924 2925 maxima
1962 2880 2116 2940 parte

528 2963 823 3028 exercitus,
868 2962 978 3031 jam
1028 2963 1182 3032 quasi
1240 2962 1304 3017 de
1341 2962 1566 3017 victoria
1612 2963 2031 3033 triumphantem
2061 2971 2116 3019 et

533 3053 696 3124 Kyrie
736 3052 945 3124 eleyson
977 3053 1099 3107 laeto
1122 3054 1360 3108 clamore
1384 3063 1692 3109 canentem.
1733 3055 1905 3121 Quam
1934 3054 2116 3109 multi-

2213 1876 2311 1931 pro
2355 1861 2513 1918 nobis
2543 1860 2829 1932 dupliciter
2870 1863 3187 1920 vindicavit.
3229 1862 3342 1917 lllic
3394 1862 3545 1918 enim
3602 1873 3799 1917 tantum

2213 1962 2429 2009 nostras
2469 1969 2559 2009 res
2602 1954 2875 2025 fugientes
2917 1955 3229 2019 amisimus,
3279 1953 3443 2009 isthic
3486 1963 3546 2009 et
3585 1954 3798 2009 hostiles

2214 2055 2269 2101 et
2294 2054 2548 2110 nostras,
2581 2062 2716 2116 quas
2756 2046 2912 2103 nobis
2942 2046 3235 2119 praedando
3262 2044 3504 2100 tulerant
3547 2045 3798 2116 fugientes

2214 2135 2421 2205 hostes,
2453 2134 2785 2207 fugientibus
2812 2146 2865 2193 et
2898 2136 3203 2194 interfectis
3225 2135 3579 2191 abstulimus.
3600 2137 3658 2191 ln
3687 2136 3795 2203 luga

2214 2241 2346 2282 vero
2374 2226 2756 2297 quamplurimi
2798 2225 2965 2282 fortes
3005 2228 3104 2282 viri
3156 2244 3184 2282 a
3249 2228 3476 2283 rusticis
3531 2226 3796 2282 securibus

2219 2328 2277 2375 et
2300 2319 2534 2375 fustibus
2564 2319 2769 2385 occisi,
2802 2319 2954 2374 muhi
2987 2320 3090 2375 nob
3116 2320 3194 2375 les
3238 2328 3293 2375 et
3342 2319 3589 2375 illustres
3633 2330 3747 2374 sunt
3771 2338 3795 2371 ,ι

2213 2413 2501 2483 personnis
2540 2413 2737 2468 vilibus
2788 2414 2977 2483 capti,
3027 2414 3177 2469 inulti
3233 2413 3378 2469 fame
3427 2414 3794 2471 crudelissima

2215 2502 2462 2567 cruciati,
2499 2518 2667 2574 equos
2691 2503 2775 2559 vel
2799 2503 3003 2575 gladios
3035 2520 3134 2576 pro
3156 2504 3333 2562 frusto
3358 2512 3523 2577 panis
3551 2507 3679 2561 dare
3706 2521 3793 2560 nea

2217 2593 2569 2658 dubitabant,
2600 2611 2700 2650 nec
2745 2595 2790 2650 si
2834 2611 3027 2667 panem
3064 2596 3300 2651 venalem
3349 2597 3693 2653 invenirent.
3720 2599 3794 2649 ulii

2217 2699 2328 2740 sua:
2357 2685 2433 2741 rei
2465 2687 2775 2755 parcebant.
2816 2686 2872 2742 Si
2910 2687 3001 2758 qui
3035 2704 3162 2743 vero
3190 2688 3330 2757 capti
3368 2690 3434 2741 ad
3475 2688 3710 2759 aliquem
3744 2687 3800 2741 de

2217 2775 2418 2831 nostris
2465 2776 2739 2832 hominem
2790 2778 3017 2849 probum
3064 2785 3192 2833 sunt
3238 2776 3499 2839 adducti,
3545 2780 3715 2833 sanati
3761 2782 3798 2829 si

2218 2866 2485 2922 vulnerati
2519 2876 2707 2931 erant,
2747 2868 2916 2938 gratis
2956 2868 3006 2921 in
3050 2869 3276 2938 patriam
3305 2885 3476 2923 osuam
3532 2871 3798 2925 temitzuu-

2220 2972 2329 3027 tur,
2359 2963 2596 3018 vestibus
2620 2973 2674 3017 et
2708 2964 2872 3017 armis
2906 2963 3160 3018 decenter
3203 2964 3481 3018 instructi.
3526 2963 3684 3018 Tunc
3728 2963 3798 3015 di-

2222 3064 2366 3110 ctum
2417 3062 2499 3109 est
2557 3053 2661 3109 illis
2702 3054 2843 3124 quod
2893 3053 3177 3109 lleint-ieus
3204 3055 3459 3108 dominus
3488 3070 3623 3108 cora
3646 3074 3673 3107 ιι
3700 3061 3801 3123 post

534 3145 776 3199 tudinem
802 3158 924 3200 cum
955 3144 1179 3200 vidisset
1212 3145 1315 3200 dux
1345 3143 1493 3211 Otto,
1520 3145 1689 3200 voluit
1729 3162 1850 3200 eam
1879 3147 2119 3202 devitarc
2146 3117 2192 3178 Ο
2224 3145 2471 3201 Boemios
2507 3145 2763 3209 misisset,
2802 3153 2855 3199 et
2900 3145 3005 3202 illis
3050 3145 3417 3211 venientibus,
3463 3161 3592 3201 cum
3635 3147 3799 3200 eodem

533 3236 729 3307 primo,
757 3237 884 3307 quia
918 3252 1026 3291 non
1055 3253 1175 3291 eam
1204 3237 1415 3291 turbam
1441 3252 1499 3293 se
1546 3238 1676 3292 vidit
1724 3237 1943 3304 habere,
1997 3255 2120 3294 cum

533 3344 638 3400 qua
663 3345 783 3383 cum
815 3338 962 3384 tanta
993 3330 1199 3399 legione
1226 3337 1441 3400 putaret
1483 3339 1656 3385 tuttun
1698 3345 1974 3402 pugnare;
2028 3332 2120 3387 sed

533 3435 719 3474 rursus
749 3419 1072 3492 recogitans,
1097 3421 1223 3491 quia
1243 3422 1349 3476 lteo
1371 3435 1476 3475 non
1499 3429 1580 3476 est
1598 3419 1813 3477 diﬂieile
1835 3422 2032 3477 multos
2052 3423 2122 3455 ⁶¹⁶

535 3511 588 3566 iu
617 3514 803 3582 paucis
822 3513 1062 3579 vincere,
1092 3512 1307 3568 fortiter
1334 3528 1429 3569 eos
1455 3514 1644 3580 adivit,
1698 3523 1753 3571 et
1798 3515 1907 3571 Deo
1958 3500 2123 3573 dante

535 3602 645 3659 illis
674 3604 923 3676 spiritum
956 3606 1188 3670 timoris.
1225 3606 1333 3661 cito
1365 3621 1457 3661 eos
1494 3607 1546 3661 in
1601 3606 1779 3679 fugam
1833 3612 2122 3669 convertit.

536 3694 800 3752 Omnibus
821 3710 951 3766 ergo
982 3704 1072 3750 aut
1099 3697 1149 3751 in
1179 3694 1340 3750 ﬂuvio
1367 3696 1561 3751 mersis
1592 3706 1685 3751 aut
1713 3697 1850 3752 ultra
1901 3697 2121 3754 ﬂuvium

538 3787 775 3859 fugatis:
818 3805 837 3839 ι
868 3786 1039 3853 Nunc,
1070 3791 1146 3842 ait
1170 3790 1274 3843 dux
1299 3788 1446 3849 Otto.
1475 3800 1651 3844 castra
1688 3791 1864 3845 securi
1911 3792 2125 3862 perqui-

536 3877 679 3943 rite;
738 3893 882 3932 nunc
917 3878 1015 3931 tuti
1072 3877 1328 3949 quicquid
1380 3879 1697 3935 inveneritis
1743 3880 2005 3951 accipite;
2072 3891 2126 3937 cl

537 3968 790 4040 quiequid
820 3969 979 4025 hodie
1012 3969 1109 4024 fuit
1140 3971 1402 4036 hostium,
1430 3982 1607 4025 vestra
1642 3971 1709 4002 ⁸³⁷
1744 3971 1942 4026 virtute
1969 3972 2125 4028 vobis

537 4070 852 4132 prrestaute,
883 4071 1123 4118 vestrum
1155 4064 1387 4117 vocate!
1447 4082 1465 4115 ι
1513 4062 1607 4116 llis
1650 4062 1828 4117 verbis
1885 4063 2124 4119 nondum

539 4150 731 4218 linitis,
766 4151 981 4207 hostilia
1016 4152 1084 4183 ⁸⁸⁸
1114 4160 1288 4207 castra
1320 4153 1651 4221 pervadunt,
1682 4162 1736 4207 et
1782 4154 1961 4207 omnia
2007 4168 2128 4224 qua:

541 4241 933 4307 suntinventa,
973 4240 1295 4296 festinanter
1320 4242 1599 4296 invadunt.
1638 4242 1776 4297 Sunt
1815 4252 1993 4297 autem
2044 4245 2127 4299 in-

539 4340 701 4387 venta
728 4334 895 4387 multa
942 4334 1181 4401 pretiosa
1227 4332 1484 4395 tentoria,
1547 4332 1713 4386 multa
1750 4335 2124 4403 episcoporum

542 4424 742 4480 scrinia
774 4423 945 4478 sacris
968 4423 1296 4479 indumentis
1340 4433 1393 4478 et
1423 4424 1569 4479 vasis
1592 4422 1768 4494 plena,
1802 4425 1967 4480 multa
1994 4440 2121 4480 vasa
2154 4459 2202 4520 ο

543 4530 707 4569 aurea
756 4522 809 4568 et
849 4522 1105 4583 argentea
1164 4514 1478 4571 cottidianis
1524 4516 1712 4571 usibus
1765 4523 1908 4584 apta.
1941 4516 2125 4574 multa:

544 4620 757 4675 quoque
784 4606 991 4676 argenti
1019 4606 1103 4661 vel
1125 4607 1243 4662 auri
1278 4606 1522 4674 laminas,
1549 4607 1827 4679 multoque
1857 4608 1924 4642 "’
1951 4611 2155 4665 maxim

543 4709 631 4749 nia
687 4709 814 4765 pars
870 4706 1164 4752 numeratae
1216 4697 1487 4767 pecunite,
1543 4698 1667 4767 equi
1744 4698 2128 4769 quamplurimi

544 4785 785 4841 simulet
821 4787 1032 4857 optimi,
1064 4802 1213 4842 arma
1248 4788 1461 4859 generis
1507 4787 1771 4855 universi,
1816 4790 2124 4856 tuntatoria,

545 4888 838 4950 ceteraque
866 4880 983 4935 sine
1005 4880 1368 4936 :estimatione
1390 4881 1740 4948 vestimenta,
1786 4881 1873 4937 vel
1897 4891 1953 4937 ut
1999 4884 2126 4937 hrc-

546 4969 685 5023 viter
706 4969 906 5028 dicam.
942 4970 1195 5028 uuicouid
1223 4971 1460 5030 enisconi
1484 4972 1824 5028 Coloniensis
1847 4973 1967 5034 fuit.
1995 4973 2130 5029 Tre-

2223 3236 2312 3306 qui
2356 3236 2529 3290 adhuc.
2558 3236 2797 3307 reliquus
2821 3247 2939 3292 erat
2981 3238 3224 3293 exercitu
3255 3237 3557 3292 Saxoniatn
3584 3245 3801 3308 repetere

2225 3329 2501 3384 voluisset.
2533 3328 2639 3385 Sed
2682 3329 2757 3384 illi
2811 3331 3211 3400 responderunt
3257 3344 3317 3386 se
3344 3330 3561 3401 potius.
3616 3332 3659 3385 si
3698 3343 3802 3399 pos-

2225 3420 2379 3476 sibile
2408 3430 2583 3490 esset,
2633 3430 2804 3477 totum
2863 3422 3121 3476 mundum
3170 3421 3307 3477 velle
3342 3421 3587 3476 circuire
3616 3463 3631 3483 ,
3662 3434 3799 3491 quam

2225 3508 2546 3565 Saxonicam
2580 3518 2781 3565 terrain
2829 3527 3084 3581 umquam
3131 3511 3302 3583 magis
3332 3512 3576 3566 transire
3592 3511 3680 3563 m.

2296 3598 2419 3655 124.
2457 3599 2664 3655 Interea
2700 3599 2944 3655 Saxones
2976 3601 3042 3655 ad
3072 3616 3166 3655 θυι
3201 3611 3380 3655 castra
3425 3601 3635 3655 reversi
3668 3613 3802 3670 rvpe-

2225 3702 2415 3747 rerunt
2446 3691 2770 3747 inminutum
2800 3709 3047 3763 magnam
3090 3701 3300 3764 partem
3337 3695 3422 3748 sui
3451 3695 3662 3765 gaudii,
3695 3694 3802 3763 quia

2226 3800 2322 3839 rex
2366 3798 2555 3839 eorum
2609 3784 2870 3839 Rodulfus
2921 3786 3130 3841 duobus
3170 3788 3411 3855 acceptis
3466 3785 3801 3846 vulneribus,

2225 3892 2334 3931 uno
2362 3876 2539 3941 letali,
2574 3875 2747 3931 altero
2775 3876 3025 3942 deformi,
3069 3878 3241 3948 magis
3278 3893 3445 3947 quam
3478 3894 3639 3933 suum
3670 3878 3801 3932 dele-

2228 3969 2319 4023 bat
2343 3985 2528 4024 casum
2557 3970 2762 4040 populi.
2807 3969 2913 4026 Sed
2945 3987 3068 4025 cum
3110 3972 3457 4043 cognovisset
3513 3972 3659 4042 quod
3690 3986 3803 4025 suos

2228 4060 2447 4116 haberet
2484 4061 2765 4116 victoriam
2815 4062 3085 4132 populus:
3114 4083 3131 4113 ι
3169 4063 3323 4117 Nunc
3349 4105 3363 4124 ,
3395 4063 3508 4128 ait,
3547 4064 3696 4119 lxetus
3722 4075 3800 4132 pa-

2230 4154 2335 4207 tiar
2365 4153 2519 4209 vivus
2564 4154 2702 4209 etm
2741 4156 3006 4218 moriens,
3054 4155 3312 4226 quicquid
3366 4142 3605 4213 voluerit
3645 4153 3804 4210 Domi-

2231 4247 2374 4299 nus!
2417 4265 2434 4296 ι
2466 4245 2725 4312 Quamvis
2778 4255 2961 4300 autem
3005 4248 3228 4302 dextera
3274 4262 3471 4303 manus
3515 4248 3590 4301 illi
3637 4247 3803 4301 fuis<et

2229 4345 2530 4407 amputata,
2564 4344 2618 4391 et
2642 4352 2805 4407 grave
2848 4335 3043 4394 vulnus
3092 4338 3320 4393 haberet
3370 4349 3565 4393 venter
3599 4338 3687 4394 ubi
3730 4338 3800 4389 t'c-

2228 4428 2437 4485 scendit
2465 4429 2531 4483 ad
2563 4427 2651 4482 ilia
2676 4437 2895 4495 ,tanzen
2944 4438 3004 4482 ut
3053 4428 3172 4484 illos
3209 4443 3346 4499 quos
3386 4428 3456 4485 de
3498 4444 3598 4485 sua
3650 4434 3801 4482 utorte

2232 4521 2446 4576 videbat
2483 4519 2731 4575 dolentes
2774 4520 3177 4586 consolaretur,
3208 4537 3268 4576 se
3303 4537 3411 4576 non
3468 4522 3524 4576 iu
3572 4513 3797 4590 prmsenti

2232 4613 2551 4667 moriturum
2597 4609 2829 4665 fidenter
2883 4611 3202 4681 pollicetur;
3256 4613 3455 4683 suique
3485 4620 3801 4683 postponens

2230 4719 2419 4759 curam
2449 4743 2463 4768 ,
2506 4702 2619 4757 suis
2679 4703 2978 4758 vulneratis
3026 4704 3346 4759 ostendebat
3392 4720 3559 4775 quam
3608 4704 3802 4758 deceret

2232 4793 2475 4848 adhiberi
2522 4793 2868 4848 medicinam.
2905 4794 3023 4861 Qua
3073 4794 3391 4853 fortitudine
3428 4796 3595 4852 simul
3630 4805 3685 4852 et
3709 4795 3801 4865 pie-

2236 4895 2344 4941 tate
2394 4884 2564 4941 nostri
2620 4886 2893 4955 principes
2927 4887 3085 4943 valde
3135 4890 3393 4944 commoti
3422 4931 3437 4954 ,
3480 4890 3801 4946 concorditer

2234 4991 2425 5031 omnes
2468 4975 2517 5031 ei
2567 4977 2975 5034 suononderunt
3003 5017 3019 5034 .
3067 4987 3128 5032 ut
3157 4982 3201 5034 si
3270 4979 3417 5034 Deus
3483 4981 3800 5034 omainotens
