3926 5326
102 284 209 339 δὲςι
1353 266 1441 322 DE
1480 261 1700 319 BELLO

1830 254 2102 315 XONICO.
3262 242 3373 355 β]

100 402 155 454 el
181 405 356 469 geret.
408 394 521 463 Qua
575 391 678 446 fide
733 389 961 445 multum
1010 386 1096 440 ille
1143 385 1395 448 la-tatus,
1437 380 1578 436 felici
1602 387 1754 455 est;
1787 373 2083 444 goutinus,
2140 365 2686 469 legetla-lll-lf'gcdl‘SlS.,
2747 360 3215 469 Strbel-iuramus,
3270 360 3375 464 Pa:

104 500 293 547 morte
324 486 590 543 resolutus
610 481 944 536 m.i-‘aetnnt
980 487 1065 531 est
1093 485 1275 531 autem
1305 474 1408 528 hoc
1444 472 1695 542 prmlium

101 591 367 654 quartum
395 594 537 635 anno
566 576 635 631 ab
670 572 1046 629 incarnatione
1083 566 1292 625 Domini
1324 565 1491 629 1080,
1518 563 1697 618 ldibus

102 672 387 734 Octobris,
425 668 560 725 feria
588 666 641 721 5.

181 764 310 819 I25.
347 760 557 817 Deinde
600 769 787 812 mense
859 750 1179 814 Decembri,
1239 763 1361 804 cum
1428 745 1700 818 principes

103 856 289 912 nostri
314 849 632 923 congregati
660 848 727 904 de
756 855 901 902 stam
929 844 1079 916 regni
1106 843 1188 898 sui
1218 848 1551 905 tractarent,
1572 853 1699 894 ecce

105 947 349 1003 nuncius
383 945 573 999 aderat
632 940 721 1011 qui
763 937 971 994 diceret
1011 933 1323 991 lleinricum
1366 930 1432 985 ad
1478 946 1605 985 suos
1634 928 1701 983 de

104 1041 306 1111 praelia
346 1049 626 1095 reversum
653 1032 922 1103 iactasse,
948 1028 1091 1100 qnozl
1124 1041 1248 1096 rege
1290 1026 1569 1080 Saxonum
1611 1037 1702 1076 oe—

104 1133 226 1187 ciso
277 1138 451 1187 totam
489 1124 784 1182 Saxoniam
831 1137 944 1177 suae
1000 1118 1193 1174 ditioni
1244 1114 1573 1185 subjeeisset
1601 1154 1615 1179 ,
1648 1121 1704 1167 et

106 1219 531 1278 nuncexercitu
567 1223 893 1286 congregato
927 1210 1222 1266 adventare
1248 1247 1263 1274 ,
1292 1208 1368 1262 ita
1408 1214 1466 1259 ut
1510 1203 1704 1259 Gosla—

108 1314 206 1367 Γίίῐξ
246 1309 485 1367 natalem
508 1306 577 1338 ⁸³⁵
605 1306 816 1362 Domini
864 1303 1187 1360 celebraret.
1220 1299 1324 1355 Sed
1367 1297 1542 1355 nostri
1591 1311 1708 1351 ma-

108 1420 218 1473 gno
246 1401 499 1465 exercitu
547 1414 646 1470 per
687 1397 922 1452 triduum
958 1392 1218 1456 collecto,
1251 1390 1300 1446 ei
1348 1392 1707 1460 perrexerunt

109 1496 359 1558 obviam,
390 1494 588 1551 virtute
624 1504 775 1544 suam
823 1484 1095 1543 defensuri
1132 1483 1383 1553 patriam.
1430 1478 1583 1547 Quod
1619 1478 1708 1534 ille

108 1581 551 1656 cognosceus‘“,
574 1596 606 1635 a
637 1592 829 1651 magna
863 1590 960 1646 spe
1002 1573 1220 1639 cecidit,
1256 1570 1382 1641 quia
1430 1571 1704 1636 Saxones,

111 1678 242 1731 dum
271 1690 379 1728 non
409 1673 671 1737 baberent
705 1675 1005 1730 rectorem,
1033 1664 1192 1719 facile
1221 1662 1359 1717 vinci
1389 1676 1547 1731 posse
1584 1675 1711 1730 spc-

111 1764 277 1819 ravit.
307 1763 479 1833 igitur
516 1758 759 1815 exercitu
799 1772 900 1812 suo
929 1756 1148 1811 dimisso
1171 1794 1186 1819 ,
1220 1752 1551 1821 consilioque
1590 1768 1706 1806 nm-

116 1867 261 1920 talo,
288 1854 441 1919 misit
469 1851 536 1917 ad
564 1850 808 1905 Saxones
834 1847 1036 1919 legatos
1051 1846 1141 1913 ⁶²⁷,
1173 1854 1233 1898 ut
1276 1841 1707 1913 quandoquidem

116 1950 325 2005 nollent
344 1961 471 2003 esse
495 1945 612 2009 sine
643 1958 804 2013 rege,
833 1939 1000 1995 filium
1031 1953 1186 1993 suum
1227 1935 1330 1992 sibi
1361 1933 1604 1990 facerent
1630 1949 1711 1988 re-

117 2057 264 2110 gem,
296 2051 465 2107 seque
518 2034 623 2088 illis
663 2034 886 2103 jurarc,
942 2030 1085 2100 quod
1134 2040 1425 2095 numquam
1481 2025 1712 2078 intraret

123 2141 328 2183 tetram
365 2124 638 2187 Saxonim.
667 2122 763 2176 Cui
805 2118 1054 2195 legationi
1102 2117 1206 2171 dux
1238 2116 1363 2171 Otto
1384 2156 1397 2180 ,
1426 2114 1567 2169 sicut
1598 2121 1714 2168 erat

125 2215 551 2287 solitustjocose
607 2226 802 2280 magna
857 2209 998 2264 seria
1027 2207 1094 2239 ⁸³⁸
1132 2203 1392 2261 nonnullo
1441 2203 1715 2259 schemate

130 2308 349 2365 ludendi
386 2306 566 2361 velare
586 2344 600 2368 ,
627 2300 907 2371 respondit
935 2314 949 2352 :
984 2318 1003 2351 ι
1032 2299 1207 2368 Saepe,
1241 2298 1445 2357 dicens.
1473 2311 1541 2351 ex
1578 2295 1715 2349 bove

131 2401 275 2455 ma‘lo
316 2398 518 2455 malum
566 2393 792 2449 vitulum
846 2391 953 2447 vidi
1006 2388 1402 2463 generatumm
1435 2405 1450 2454 ;
1489 2386 1715 2457 ideoque

124 2511 223 2547 nec
252 2492 346 2544 lilii
378 2504 483 2544 nec
512 2486 682 2558 patris
716 2484 890 2539 habeo
918 2481 1266 2537 desiderium.
1308 2500 1325 2531 ι

193 2584 318 2639 126.
363 2582 667 2637 Transacto
730 2592 859 2631 vero
917 2575 1078 2630 natali
1148 2571 1356 2628 Domini
1421 2571 1715 2643 proximo,

122 2694 231 2747 quo
274 2674 471 2730 ίθόιυθ
499 2672 569 2728 ab
596 2669 975 2727 lucarnatione
1015 2666 1226 2721 Domini
1266 2665 1513 2734 inceptus
1534 2662 1600 2693 ⁶³⁰
1627 2680 1721 2716 an-

125 2782 225 2821 nus
265 2773 416 2827 erat,
448 2761 744 2817 lleinricus
795 2774 963 2815 cxrex
1015 2758 1222 2811 ltaliam
1270 2753 1592 2826 disponebat
1639 2754 1719 2808 iit-

124 2857 300 2928 gredi,
337 2865 398 2911 ut
438 2855 745 2923 imponeret
786 2851 1021 2921 aliquem
1063 2850 1225 2903 finem
1275 2862 1455 2901 rcrmu
1501 2860 1720 2899 suarum

129 2951 285 3020 longe
313 2947 508 3013 labori,
554 2945 767 3002 scilicet
808 2954 869 2999 ut
898 2941 983 2999 vel
1020 2942 1220 2997 domno
1268 2953 1407 3011 papa
1460 2936 1722 3009 Gregorio

128 3040 505 3097 humiliatione
535 3037 659 3094 ﬁcta
682 3035 922 3108 placato,
956 3034 1070 3089 sive
1098 3032 1152 3088 vi
1196 3030 1474 3103 tyrannica
1503 3039 1713 3091 coacto,

128 3130 342 3185 vincula
386 3126 555 3191 balani
584 3167 599 3192 ,
646 3126 844 3197 quibus
870 3130 988 3181 erat
1041 3122 1267 3194 ligatus,
1315 3127 1578 3184 evucret,
1632 3118 1713 3172 vel

131 3221 273 3290 quod
312 3218 491 3288 magis
521 3216 758 3285 volebat,
790 3212 1053 3285 Gregorio
1078 3227 1178 3283 per
1201 3212 1308 3265 vim
1340 3212 1407 3266 de
1432 3211 1559 3267 sede
1582 3224 1719 3281 pou-

134 3310 369 3371 tiﬁcatus
395 3307 595 3377 ejecto,
628 3316 681 3362 et
718 3308 767 3360 iu
817 3305 933 3375 ipsa
960 3306 1089 3360 sede
1116 3302 1364 3372 Wiperto
1407 3302 1720 3357 Ravennate

132 3402 418 3461 collocato,
453 3400 548 3470 qui
589 3397 702 3469 jam
741 3412 836 3467 per
888 3395 1179 3451 triennium
1216 3392 1363 3465 jusle
1402 3390 1584 3447 fuerat
1628 3409 1719 3447 ex-

135 3496 590 3564 eozmnnnicatus,
634 3490 802 3545 libere
851 3486 1279 3557 faceretpmnia
1329 3502 1449 3557 qua:
1495 3502 1605 3540 sua:
1642 3496 1723 3557 ty-

135 3586 348 3647 rannidi
400 3584 701 3657 placerent,
732 3598 855 3637 eum
904 3582 970 3637 de
1015 3580 1143 3637 sede
1198 3579 1493 3650 apostolica
1546 3580 1723 3633 omnis

133 3693 243 3731 sua:
290 3675 590 3737 voluntatis
649 3673 889 3729 favorem
954 3671 1366 3747 haberet._Sed
1432 3668 1725 3724 familiares

134 3769 304 3837 ipsius
343 3784 451 3822 non
483 3776 659 3822 tutum
691 3764 1129 3840 putabant‘fore,
1173 3761 1479 3819 Saxonibus
1520 3760 1722 3818 recenti

129 3862 318 3932 prndio
377 3860 728 3915 vehementer
784 3857 1126 3912 exacerbatis
1193 3855 1523 3910 invadendos
1589 3854 1724 3908 lines

130 3967 257 4007 suos
304 3948 643 4018 relinquere,
691 3964 814 4005 cum
859 3949 925 4001 de
970 3948 1204 4002 adventu
1254 3947 1463 4001 illorqu
1515 3944 1727 3997 dubita-

134 4044 339 4099 tionem
366 4042 573 4103 nullam
622 4041 903 4104 baberent,
938 4038 981 4096 si
1031 4050 1317 4112 pergentes
1370 4039 1423 4092 in
1479 4036 1723 4100 Italiam,

129 4150 289 4191 suam
323 4134 560 4203 patriam
593 4132 712 4191 sine
741 4132 940 4187 virtute
986 4132 1205 4187 militari
1253 4131 1589 4188 dimitterent
1638 4126 1728 4182 bli-

129 4236 324 4282 serunt
347 4240 481 4294 ergo
517 4224 853 4294 principibus
886 4224 1088 4280 nostris
1128 4224 1378 4287 nuntios,
1411 4222 1500 4291 qui
1541 4220 1727 4289 singu-

128 4316 249 4371 lare
301 4315 641 4385 Colloquium
694 4324 979 4394 rogantes,
1014 4325 1223 4384 tempus
1259 4323 1315 4368 et
1361 4312 1536 4389 locum
1597 4327 1728 4381 pra:-

1799 460 2253 518 tborbiunnensis
2278 499 2293 525 ,
2341 457 2870 514 llildinisheimensis
2885 456 2974 509 ⁸³¹.
3001 455 3243 524 Cumque
3274 453 3381 521 Aqui

1797 569 1862 608 ex
1898 552 1984 606 illa
2016 562 2172 622 parte
2211 559 2392 617 erant,
2441 562 2741 614 secretum,
2768 550 2909 619 quod
2966 546 3063 602 soli
3113 546 3388 617 principes

1799 646 2066 706 audirent,
2113 644 2312 699 habere
2360 643 2686 713 colloquium
2721 641 3035 707 voluissent,
3070 640 3239 695 nostri
3270 641 3388 694 nul-

1802 735 1911 790 ltnn
1954 750 2258 790 sermonem
2308 735 2560 788 conferte
2610 732 2882 797 volebant,
2909 733 3010 787 nisi
3063 747 3223 802 quem
3263 746 3392 785 cuu-

1803 827 1906 881 ctis
1921 828 2012 895 qui
2032 834 2416 889 convenerant,
2436 825 2643 894 magnis
2669 834 2725 878 et
2749 826 2955 894 parvis,
2969 824 3156 879 audire
3181 823 3388 879 liceret.

1801 917 1920 974 Jam
1948 933 2075 973 vero
2115 918 2366 973 sedentes
2394 933 2457 970 ex
2492 927 2721 987 utraque
2767 927 2925 988 parte
2972 918 3061 972 diu
3100 918 3386 982 tacebant;

1803 1010 1929 1081 quia
1957 1017 2012 1063 et
2061 1010 2271 1072 nostri,
2326 1008 2417 1079 qui
2467 1009 2637 1077 rogali
2689 1008 2793 1062 illis
2839 1017 3233 1074 occurrerant,
3263 1009 3391 1077 quid

1807 1099 1880 1153 illi
1928 1099 2126 1154 vellent
2179 1101 2587 1170 expectabant;
2643 1106 2699 1154 et
2768 1099 2843 1154 illi
2911 1116 3015 1154 non
3063 1115 3121 1153 se
3175 1113 3394 1168 rogasse

1806 1201 2043 1257 nostros,
2084 1192 2178 1247 sed
2202 1192 2405 1247 nostris
2437 1201 2651 1262 rogatos
2673 1191 2889 1247 venisse
2920 1192 3086 1247 videri
3119 1193 3390 1256 volentes,

1808 1284 1938 1353 quid
1978 1300 2008 1339 a
2072 1283 2273 1339 nostris
2334 1293 2655 1353 peteretur,
2706 1282 3106 1338 auscultabant.
3154 1281 3394 1337 Tandem

1808 1372 1983 1428 nostri
2014 1384 2328 1446 rumpentes
2355 1373 2661 1440 silentium,
2696 1385 2752 1429 ut
2778 1374 3017 1429 onmimn
3046 1373 3250 1429 faceret
3280 1389 3397 1428 ver-

1808 1465 1934 1520 bum
1966 1506 1983 1535 ,
2014 1464 2394 1521 chehardum
2453 1468 2726 1536 petierunt
2779 1466 3249 1536 Sallzburgensem
3307 1480 3398 1519 ar-

1810 1558 2232 1630 chiepiscopum.
2264 1558 2365 1626 Qui
2399 1573 2658 1629 surgens,
2693 1567 2751 1612 ut
2792 1569 2911 1615 erat
2958 1560 3040 1612 vir
3070 1574 3167 1628 per
3214 1560 3397 1613 omnia

1810 1654 2048 1727 prudens
2096 1662 2151 1707 et
2198 1653 2477 1717 honestus,
2521 1663 2575 1707 ct
2614 1653 2803 1707 honori
2844 1666 3003 1721 quem
3032 1653 3252 1720 gerebat
3286 1646 3396 1703 non

1816 1745 2098 1799 minimum
2154 1745 2441 1802 conferens
2468 1748 2689 1801 honoris
2712 1787 2726 1811 ,
2756 1745 2906 1799 vultu
2956 1746 3233 1807 modesto,
3268 1759 3399 1799 voce

1813 1839 2009 1894 medio:
2030 1840 2115 1909 ri,
2167 1856 2384 1895 sensum
2441 1840 2678 1911 profudit
2724 1840 2981 1910 sapientis
3022 1848 3076 1893 et
3108 1836 3181 1908 pii
3218 1850 3402 1907 perto-

1815 1944 1892 1982 t‘ts
1922 1945 1934 1981 Ξ
2794 1946 2795 1949 “

1886 2022 2010 2077 127.
2056 2041 2074 2074 ι
2110 2022 2353 2093 Epismpi
2379 2021 2714 2077 venerabiles
2737 2021 3012 2091 ceterique
3042 2035 3180 2090 quos
3210 2020 3403 2075 videtis

1814 2121 2006 2175 adesse
2063 2119 2336 2190 principes
2392 2118 2691 2184 Saxonici,
2748 2120 2888 2173 hanc
2951 2134 3168 2189 Operam
3238 2119 3400 2173 miihi

1816 2210 2021 2279 dignati
2050 2219 2175 2265 smit
2208 2208 2505 2279 imponere,
2539 2218 2804 2278 quatenus
2843 2209 3053 2263 anintos
3074 2209 3220 2264 enni
3246 2225 3314 2261 im
3334 2209 3402 2267 ei”

1817 2302 1924 2357 mei
1957 2301 2227 2360 sermonis
2262 2300 2437 2355 ollieio
2478 2301 2702 2356 debeam
2737 2300 2887 2355 vobis
2927 2314 3220 2370 exponere.
3258 2300 3404 2354 Unde

1818 2405 1917 2446 vos
1961 2407 2192 2456 omnes,
2227 2392 2539 2447 sacerdotes
2595 2393 2768 2446 sancti
2821 2393 3096 2462 ceterique
3149 2392 3406 2461 primates

1819 2482 2030 2547 eximii,
2066 2492 2281 2552 rogatos
2309 2498 2428 2535 esse
2480 2483 2618 2548 volo,
2653 2492 2826 2538 utine
2869 2481 3161 2552 dignemini
3200 2484 3398 2553 patio.»-

1823 2582 1903 2628 ter
1951 2574 2175 2638 audire,
2222 2583 2278 2629 et
2306 2588 2484 2629 causm
2515 2575 2816 2641 Cllllllllllll,
2856 2590 3018 2643 quam
3062 2591 3179 2629 sum
3227 2573 3344 2642 juss
3384 2589 3407 2628 s

1820 2679 2003 2734 agere,
2048 2664 2288 2717 animout
2332 2664 2713 2734 tranquillum,
2741 2682 2849 2736 quo
2896 2680 3080 2722 verum
3115 2680 3408 2736 agnoscere

1821 2767 1876 2811 et
1901 2757 1969 2788 ⁸³³
2014 2756 2327 2812 examinare
2359 2758 2610 2828 possitis,
2658 2758 2957 2825 adhibere;
2993 2760 3116 2827 quia
3157 2776 3260 2813 non
3290 2758 3409 2828 plus

1822 2854 2010 2902 nostra
2053 2862 2217 2916 quam
2261 2856 2459 2911 vestra,
2500 2846 2544 2902 si
2593 2847 2792 2915 vultis,
2828 2850 3077 2913 interest,
3122 2865 3242 2921 quae
3290 2865 3409 2905 sum

1823 2937 2070 2993 dicturus
2117 2952 2435 3008 agnoscere.
2472 2936 2668 2994 Vestro
2710 2940 2947 3011 ipsorum
2993 2941 3303 2997 testimonio
3352 2943 3410 2994 li-

1826 3029 2018 3086 denter
2071 3031 2456 3097 inuitimur‘“,
2488 3033 2612 3101 quia
2662 3049 2800 3101 vos,
2842 3035 3091 3103 quamvis
3147 3051 3176 3088 a
3226 3046 3410 3089 nostra

1824 3122 2083 3178 societate
2104 3124 2453 3189 discessistis.
2471 3142 2500 3179 a
2533 3126 2776 3181 veritatis
2792 3141 2978 3185 amore
3000 3142 3104 3183 non
3134 3127 3412 3199 discedere

1822 3215 2145 3271 confidimus
2174 3229 2189 3269 :
2220 3245 2289 3256 -ο
2317 3225 2528 3280 vestro,
2562 3217 2805 3287 inquam,
2838 3218 3151 3273 testimonio
3184 3216 3414 3288 probare

1821 3307 2070 3362 volumus
2097 3347 2112 3371 ,
2147 3308 2365 3379 quantis
2407 3306 2653 3377 injuriis,
2682 3311 2901 3379 quantis
2943 3308 3290 3385 contumeliis
3342 3310 3416 3363 si-

1825 3417 1948 3455 mus
1982 3400 2163 3456 allecti
2192 3401 2318 3457 dum
2371 3410 2485 3456 toto
2534 3402 2747 3469 animo,
2774 3412 2884 3461 tota
2937 3403 3233 3467 voluntate,
3274 3404 3416 3457 sicut

1824 3490 2095 3556 decebat.
2141 3492 2282 3567 regis
2331 3506 2549 3547 eramus
2597 3478 2819 3548 servitio
2853 3492 3101 3562 subjecti.
3158 3490 3266 3548 Vas
3316 3492 3416 3561 ipsi

1766 3650 1791 3665 ρ
1826 3581 2001 3648 scitis,
2043 3583 2294 3651 quotiens
2326 3583 2644 3654 singillatim
2676 3582 2756 3639 vel
2791 3585 3153 3639 communiter
3178 3592 3418 3637 vestrum

1824 3672 2115 3741 petivimus
2171 3673 2464 3740 auxilium,
2519 3688 2625 3742 quo
2686 3689 2784 3743 pro
2845 3674 3092 3729 benivola
3159 3675 3421 3729 servitute

1826 3773 2015 3819 nostra
2072 3764 2156 3820 vel
2206 3765 2308 3820 hoc
2368 3780 2435 3821 ex
2497 3768 2886 3823 intercessione
2941 3776 3119 3822 vestra
3169 3767 3421 3822 redderet
3462 3768 3475 3777 '

1826 3856 1982 3910 nobis
2018 3857 2330 3926 prmmium,
2360 3865 2420 3911 ut
2449 3872 2477 3909 a
2513 3857 2824 3924 multarum,
2852 3874 2971 3927 qttm
3019 3873 3117 3912 nos
3165 3857 3421 3927 importa-

1828 3947 1968 4002 biles
2030 3948 2377 4019 premebant,
2412 3948 2619 4004 levaret
2664 3948 2814 4003 fasce
2865 3947 3255 4003 calamitatum.
3307 3946 3421 4002 lloc

1825 4037 1952 4106 quia
2008 4052 2154 4107 satpe
2210 4038 2478 4108 postulavi
2503 4054 2635 4105 aus,
2693 4040 2899 4108 Optime
2948 4038 3144 4103 scitis;
3185 4046 3239 4091 et
3291 4036 3420 4107 φή]

1828 4130 2151 4199 postulando
2188 4129 2538 4200 profecimus,
2577 4131 2830 4185 similiter
2852 4130 3053 4199 optime
3082 4128 3255 4185 scitis.
3292 4128 3422 4183 lude

1827 4240 1925 4280 vos
1970 4240 2075 4279 non
2132 4225 2462 4293 incusamus,
2504 4228 2626 4297 quia
2681 4241 2775 4282 vos
2826 4241 2923 4295 pro
2982 4234 3163 4280 nostra
3224 4238 3418 4289 causa,

1832 4319 2086 4387 quamvis
2134 4335 2326 4391 parum
2378 4321 2533 4375 nobis
2582 4321 2894 4390 prodesset,
2947 4333 3090 4387 smpe
3142 4316 3424 4372 laborasse

129 4410 383 4471 inritent,
414 4422 529 4476 quo
552 4423 621 4462 ex
668 4416 898 4475 utraque
940 4413 1089 4476 parte
1133 4404 1403 4473 principes
1447 4403 1625 4469 electi,
1656 4404 1716 4458 de

1828 4413 2177 4484 cognovimus
2205 4413 2293 4469 ⁸³⁵.
2326 4413 2493 4482 Quale
2530 4430 2658 4469 vero
2698 4413 2979 4484 praemium
3013 4421 3213 4468 nostra:
3254 4411 3422 4473 devo-

128 4498 413 4556 eommnni
464 4499 625 4561 bono.
666 4497 972 4573 tractaturi,
1025 4497 1395 4569 convenirent.
1447 4495 1725 4551 (ὶοιινοιιο-

131 4599 264 4655 runt
304 4600 491 4655 autem
539 4589 681 4644 ultra
719 4589 941 4644 fluvium
994 4589 1086 4658 qui
1138 4586 1351 4642 \V'isara
1403 4575 1643 4653 dicitur,
1673 4588 1724 4641 iu

130 4685 273 4738 silva
319 4698 447 4753 qua;
470 4684 597 4739 inde
650 4683 907 4753 Capuana
960 4691 1205 4745 vocatur,
1239 4684 1363 4752 quia
1417 4684 1484 4737 ad
1539 4684 1727 4740 urbem

132 4791 260 4845 qua:
301 4773 488 4845 Capua
518 4775 635 4847 (55)
683 4775 995 4831 nominatur
1039 4774 1313 4847 pertinere
1364 4777 1730 4845 cognoscitur.

134 4867 531 4928 Conveneruut
568 4876 752 4923 autem
796 4867 1033 4938 episcopi
1079 4868 1190 4936 (un.
1234 4868 1390 4932 l08l,
1438 4866 1622 4938 Febr.)
1666 4884 1734 4925 ex

138 4956 230 5009 illa
254 4967 412 5027 parte
443 4958 808 5022 Coloniensis,
847 4955 1221 5019 Trevcreusis,
1251 4956 1732 5029 Babenbergensis,

141 5051 445 5119 Spirensis,
482 5050 523 5106 Τ
530 5050 883 5120 raj»:ctensis;
926 5067 993 5105 ex
1029 5057 1218 5104 nostra
1266 5064 1393 5104 vero
1420 5060 1572 5120 parte
1618 5048 1732 5102 Ma-

1835 4505 2220 4562 tionidederit
2273 4508 2547 4573 ultimum,
2574 4508 2700 4578 quid
2727 4522 2866 4576 opus
2915 4514 3001 4561 est
3044 4504 3258 4568 dicere,
3299 4518 3426 4559 cum

1836 4598 2187 4655 manifestum
2229 4610 2314 4654 est
2338 4600 2511 4655 oculis
2539 4600 2816 4664 omnium,
2846 4600 2971 4668 quia
2997 4598 3128 4661 hoc,
3152 4596 3297 4665 quod
3327 4596 3426 4650 ha-

1842 4688 1963 4745 buit
1984 4692 2299 4753 maximum,
2327 4692 2481 4747 nobis
2515 4691 2760 4761 rependit
2786 4702 3117 4746 extremum.
3158 4688 3431 4743 Sacerdo-

1843 4790 1923 4837 tes
1950 4796 2182 4849 namque
2212 4796 2318 4837 non
2365 4782 2537 4837 solum
2570 4783 2635 4837 de
2678 4781 2824 4836 nullo
2852 4782 3084 4838 crimine
3122 4780 3430 4847 convictos,

1841 4874 1932 4935 sed
1972 4886 2071 4927 nec
2107 4872 2430 4940 regulariter
2468 4882 2753 4928 accusatos
2776 4915 2792 4939 ,
2823 4874 2994 4928 autin
3027 4872 3243 4928 vincula
3288 4875 3437 4933 sicut

1844 4964 2086 5017 latrones
2121 4962 2374 5030 eoi-.jecit,
2421 4972 2514 5017 aut
2542 4980 2572 5017 a
2618 4964 2842 5020 sedibus
2883 4966 3030 5028 suis,
3059 4977 3195 5033 quos
3239 4980 3444 5037 capere

1840 5069 1944 5109 non
1998 5061 2231 5122 poterat,
2273 5054 2515 5108 omnium
2548 5070 2727 5109 rerum
2781 5072 3006 5115 suarum
3039 5055 3208 5109 nudos
3236 5055 3447 5129 effuga-

1372 5284 1377 5287 ‘
1458 5203 1693 5261 vmnr.
1739 5206 2147 5264 LECTIONES.

3554 198 3561 223 ’
3604 218 3637 235 ,ρ

3570 228 3611 316 5
