3926 5326
526 311 630 368 383

1474 303 1819 362 BRUNONIS
1859 298 2127 359 ccsmcr
2179 280 2805 358 MAGDEBURGENSIS

3686 281 3788 344 595

527 423 642 487 vit;
685 422 1032 476 ecclesiarum
1077 421 1214 476 bona
1239 459 1255 487 ,
1312 419 1507 490 quibus
1563 419 1801 489 episcopi
1853 417 1936 472 vel
1999 415 2101 486 ipsi
2134 418 2182 477 Α
2212 402 2348 468 tratn
2379 409 2811 483 persecutionem
2842 420 2999 478 posse
3027 405 3300 478 compelli.
3327 404 3453 460 ηερε
3497 405 3662 473 igitur
3708 413 3789 458 cst

526 511 709 565 vivere
747 511 829 566 vel
861 525 1120 580 pauperes
1150 509 1241 565 Dei
1293 518 1598 564 sustentare
1624 508 1906 575 deberent,
1947 505 2110 562 scele-

527 613 645 651 rum
706 612 924 653 suorum
984 597 1284 651 fautoribus
1352 597 1662 666 dissipanda
1693 595 1764 628 ⁸³⁸
1817 594 2105 652 concessit.

528 685 752 740 Terram
795 696 1033 741 nostram
1086 686 1270 740 multis
1309 686 1422 757 jam
1466 687 1672 741 vicibus
1715 686 1823 756 igni
1855 685 2109 755 ferroque

531 783 795 848 vastavit;
847 790 1105 852 cognatos
1159 781 1275 835 sive
1314 779 1510 834 milites
1563 787 1777 833 nostros
1822 777 1876 831 in
1911 775 2111 830 nostris

530 872 725 926 liuibus
752 872 1070 926 innocentes
1091 870 1310 934 occidit,
1339 884 1458 923 cum
1489 867 1632 921 nulla
1656 867 1844 921 fuisset
1869 867 1916 921 ei
1945 880 2108 920 causa

529 964 791 1020 bellorum
823 1005 837 1030 ,
870 964 972 1019 nisi
1027 964 1168 1033 quod
1229 978 1414 1016 servos
1463 961 1661 1015 habere
1710 959 1922 1015 volebat
1972 958 2110 1013 ﬁlios

527 1055 808 1109 hominum
837 1055 1152 1110 liberorum.
1191 1054 1344 1122 Saepe
1384 1053 1584 1122 ipsum,
1611 1065 1754 1120 smpe
1807 1064 1902 1104 vos
1931 1050 2111 1120 singu-

526 1144 608 1200 los
636 1155 690 1200 et
717 1145 999 1200 universos
1026 1144 1341 1214 suppliciter
1369 1141 1663 1206 oravimus,
1708 1147 1767 1194 ut
1795 1139 1970 1210 gladio
2017 1139 2110 1193 de-

529 1233 702 1301 posito
758 1247 975 1287 causam
1028 1231 1307 1286 nobiscum
1357 1228 1575 1297 judiciis
1623 1235 1850 1296 ageret,
1901 1235 1956 1280 et
2011 1239 2109 1279 nos

526 1333 767 1377 vestrum
825 1339 924 1394 per
965 1323 1148 1377 omnia
1186 1321 1449 1390 judicium
1495 1312 1780 1376 secuturus
1831 1317 2012 1372 animo
2051 1315 2110 1370 li-

526 1414 674 1468 benti
703 1415 1106 1484 spopondimns.
1127 1412 1264 1480 Quid
1292 1412 1376 1467 his
1401 1412 1654 1467 omnibus
1676 1407 2066 1480 profecerimus
2088 1428 2106 1472 ,

526 1522 623 1561 vos
654 1507 799 1575 ipsos
850 1507 903 1560 in
956 1506 1328 1561 testimonium
1363 1519 1640 1559 vocamus.
1671 1502 1812 1571 Ergo
1853 1515 1984 1565 nos,
2016 1497 2106 1567 qui

527 1612 671 1650 nunc
709 1597 985 1661 adsumus,
1029 1612 1150 1651 cum
1195 1595 1443 1650 omnibus
1469 1609 1604 1663 quos
1654 1601 1798 1648 tenet
1839 1589 2107 1646 Saxonica

532 1690 719 1754 tellus,
751 1690 921 1755 vobis,
965 1707 998 1744 o
1049 1690 1372 1745 sanctissimi
1413 1688 1613 1744 Christi
1667 1687 1997 1747 sacerdotes,
2052 1691 2108 1740 et

2209 520 2418 561 summa
2463 496 2666 558 nostra:
2710 500 2987 572 petitionis
3011 539 3028 566 ,
3067 509 3127 554 ut
3165 499 3422 555 domuum
3476 497 3789 552 Hrinrncum

2209 595 2293 652 vel
2325 611 2419 652 vos
2442 595 2564 665 jure
2598 608 2755 664 posse
2785 606 3016 663 regnare
3041 591 3196 647 nobis
3221 588 3581 662 probabiliter
3604 597 3789 642 osten-

2211 688 2384 751 datis,
2443 686 2525 741 vel
2574 700 2672 740 nos
2726 685 2900 749 vobis,
2939 696 3062 738 eum
3115 697 3221 738 non
3262 696 3420 752 posse
3448 719 3464 744 ,
3518 679 3790 734 veraciter

2210 777 2497 833 ostendere
2540 776 2771 842 sinatis;
2798 785 3000 831 etcum
3044 789 3133 829 res
3181 772 3443 828 alterutra
3497 770 3663 825 fuerit
3703 771 3789 824 de-

2211 877 2531 931 monstrata,
2554 882 2651 922 nos
2681 868 2789 936 igni
2828 867 3079 936 ferroque
3104 864 3354 935 persequi
3377 861 3720 918 cessetis‘“.
3765 881 3783 912 ι

2282 961 2402 1016 128.
2445 959 2595 1014 Tunc
2625 959 2702 1014 illi
2739 958 3134 1028 responderunt
3179 971 3239 1012 se
3286 970 3390 1011 nec
3450 955 3519 1008 ad
3569 967 3788 1007 causam

2212 1051 2548 1107 tractandam
2571 1051 3034 1115 convenisse,'nec
3063 1057 3309 1104 setantae
3334 1061 3458 1102 esse
3485 1047 3787 1115 sapientis,

2211 1152 2271 1197 ut
2303 1151 2410 1197 tam
2438 1157 2687 1210 magnam
2713 1156 2828 1195 rem
2851 1155 2918 1195 ex
2949 1141 3242 1209 improviso
3265 1149 3602 1209 praesumant
3628 1153 3790 1207 agen-

2210 1236 2334 1292 dam
2364 1235 2610 1305 accipere
2640 1233 2739 1300 W;
2771 1233 3072 1303 praesertim
3099 1247 3220 1286 cum
3251 1245 3356 1286 non
3388 1229 3457 1283 ad
3485 1245 3545 1284 se
3580 1229 3786 1292 solum,

2209 1327 2305 1384 sed
2329 1327 2397 1382 ad
2433 1341 2612 1397 regem
2645 1333 2978 1393 cunctosque
3008 1338 3176 1394 regno
3205 1322 3322 1391 ejus
3347 1308 3599 1378 subditos
3621 1323 3786 1391 perti-

2209 1435 2344 1475 nere
2391 1419 2664 1474 videatur.
2722 1416 3010 1488 Rogabant
3057 1426 3240 1470 autem
3282 1423 3345 1470 tzt
3387 1413 3458 1468 ab
3490 1414 3649 1469 initio
3687 1413 3789 1467 Fe-

2209 1511 2444 1576 bruarii,
2501 1510 2644 1580 quod
2704 1521 2830 1564 tunc
2882 1517 3028 1571 erat,
3094 1523 3263 1576 usque
3314 1507 3384 1562 ad
3444 1506 3786 1561 medietatem

2209 1599 2350 1656 Junii
2400 1615 2505 1670 pax
2551 1613 2618 1653 ex
2665 1605 2896 1666 utraque
2943 1604 3096 1667 parte
3132 1595 3353 1651 daretur
3381 1635 3397 1660 ,
3450 1595 3598 1650 intra
3653 1594 3784 1663 quod

2211 1700 2424 1762 tempus
2460 1700 2728 1746 conventu
2771 1689 2937 1756 facto,
2980 1689 3168 1743 eadem
3196 1701 3361 1743 causa
3386 1729 3399 1752 ,
3430 1701 3595 1756 quam
3624 1685 3785 1739 nostri

529 1780 707 1842 vobis,
736 1793 768 1833 ο
814 1780 1128 1835 nobilissimi
1161 1781 1430 1850 principes
1466 1788 1521 1834 et
1550 1777 1833 1834 fortissimi
1864 1777 2066 1832 milites
2087 1816 2103 1842 ,
2137 1754 2182 1813 Β
2213 1754 2354 1838 nunc
2389 1796 2552 1853 agere
2578 1781 2845 1845 volebant,
2879 1777 3153 1835 communi
3204 1776 3370 1832 totius
3425 1754 3580 1846 regni
3609 1776 3786 1843 partis

531 1871 811 1924 humiliter
855 1870 1254 1940 supplicamus,
1306 1878 1365 1924 ut
1400 1883 1667 1925 memores
1720 1866 2107 1938 omnipotentis

532 1959 627 2014 Dei
670 1958 944 2028 vestrique
997 1957 1189 2023 officii,
1242 1973 1372 2024 vos,
1421 1959 1563 2028 quod
1619 1958 1751 2013 estis
1800 1957 2105 2011 animarum

527 2063 772 2122 pastores
816 2066 918 2105 non
955 2052 1255 2120 perditorcs
1295 2051 1494 2116 vocati,
1527 2066 1620 2106 vos
1651 2066 1802 2115 vero,
1827 2049 1968 2120 quod
1996 2048 2108 2119 gla-

532 2145 677 2198 dium
728 2144 793 2197 ad
836 2142 1200 2198 defensionem
1249 2159 1355 2198 non
1395 2143 1462 2197 ad
1510 2142 1917 2198 internicionem
1957 2152 2108 2195 acce-

527 2235 682 2305 pistis
719 2235 1086 2300 innocentum,
1129 2234 1407 2306 cogitetis,
1439 2243 1494 2288 et
1531 2248 1628 2288 nos
1656 2240 1866 2288 vestros
1911 2229 2107 2286 fratres

529 2326 584 2380 in
635 2325 886 2392 Christo,
933 2337 1143 2381 vestros
1198 2335 1454 2396 cognatos
1506 2325 1560 2379 in
1613 2339 1816 2390 carne,
1864 2322 2009 2378 ferro
2053 2330 2109 2378 et

528 2415 738 2471 ﬂamma
779 2417 1008 2488 amplius
1033 2417 1278 2488 persequi
1310 2433 1374 2472 ne
1411 2417 1608 2472 velitis.
1647 2415 1799 2483 Quod
1848 2415 2110 2471 hactenus

528 2507 893 2562 molestiarum
933 2524 961 2561 a
1001 2509 1152 2562 vobis
1201 2507 1434 2577 perpessi
1469 2522 1653 2561 sumus
1675 2546 1688 2569 ,
1715 2505 1867 2560 vobis
1898 2507 2106 2560 donan-

529 2607 611 2652 tes
633 2639 646 2660 ,
675 2599 917 2666 peccatis
959 2598 1158 2652 nostris
1200 2597 1584 2667 imputabimus
1613 2603 1666 2651 et
1711 2596 2106 2666 correptione'm

529 2690 719 2744 divina:
742 2691 958 2759 pietatis
984 2689 1402 2761 appellabimus,
1444 2689 1570 2743 dum
1604 2688 1830 2760 posthac
1879 2687 2106 2755 injurias

529 2796 647 2833 rum
701 2781 765 2836 de
819 2781 970 2836 vobis
1019 2780 1193 2835 securi
1237 2795 1356 2835 esse
1409 2777 1998 2848 possimns.Cladium
2055 2785 2109 2830 et

529 2871 706 2940 ignem
745 2871 1013 2941 deponite,
1044 2881 1097 2926 et
1134 2870 1274 2925 sicut
1299 2870 1451 2924 decet
1493 2869 1741 2922 homines
1771 2867 2109 2923 Christianos

530 2975 652 3016 cum
701 2959 1050 3025 Christianis,
1086 2974 1304 3015 causam
1347 2957 1682 3022 rationibus,
1716 2971 1824 3011 non
1872 2956 2110 3013 aedibus

531 3051 700 3122 agite;
727 3059 780 3106 et
804 3053 946 3121 quod
966 3059 1090 3106 ante
1112 3050 1326 3106 cruoris
1345 3047 1658 3103 effusionem
1683 3047 2074 3116 postulavimus
2093 3089 2108 3113 ,

533 3157 677 3200 nunc
699 3142 886 3198 saltem
909 3143 993 3199 vel
1023 3155 1217 3196 cruore
1253 3151 1438 3197 nostro
1476 3140 1652 3195 satiati
1685 3146 1951 3210 praestate.
1977 3138 2110 3194 Mul-

535 3245 620 3290 tas
659 3236 874 3305 quidem
923 3235 1078 3290 nobis
1102 3248 1410 3304 aerumpnas
1448 3233 1699 3288 dominus
1724 3241 1904 3287 vester
1949 3231 2111 3287 Hein-

535 3326 686 3380 rieus
731 3324 1022 3380 crudeliter
1072 3324 1289 3388 intulit,
1321 3323 1506 3378 multis
1556 3323 1960 3379 calamitatibus
2012 3338 2112 3379 nos

536 3416 676 3470 ultra
721 3416 935 3470 modum
980 3416 1244 3487 fatigavit,
1273 3424 1328 3470 et
1359 3425 1534 3470 tamen
1569 3429 1695 3469 ecce
1727 3414 1897 3483 parati
1929 3429 2114 3469 sumus

537 3521 662 3561 eum
697 3505 854 3560 nobis
906 3521 1083 3576 regem
1113 3545 1127 3571 ,
1158 3506 1298 3561 sicut
1340 3507 1467 3561 olim
1507 3506 1645 3573 fuit,
1679 3506 1960 3576 accipere;
1988 3522 2114 3561 ecce

536 3596 711 3667 parati
743 3611 928 3650 sumus
968 3597 1016 3650 ei
1067 3595 1378 3650 ﬁdelitatem
1410 3605 1465 3650 et
1507 3596 1893 3666 subjectionem
1929 3597 2115 3667 jurare

538 3697 593 3742 et
633 3686 868 3753 juratatn
901 3687 1131 3741 fideliter
1156 3696 1208 3742 et
1243 3687 1473 3742 libenter
1499 3703 1716 3756 servare
1740 3706 1753 3742 :
1781 3696 1985 3743 tantum
2022 3703 2116 3745 vos

539 3777 642 3832 hoc
689 3777 828 3832 veris
874 3777 1262 3833 assertionibus
1293 3779 1550 3843 astruite,
1587 3787 1646 3833 ut
1691 3795 1788 3835 nos
1826 3781 1977 3834 salvo
2020 3797 2114 3836 or-

540 3869 664 3925 dine
704 3876 917 3935 uostro,
964 3878 1019 3925 et
1067 3868 1186 3925 laici
1223 3871 1427 3940 possint
1478 3870 1658 3925 facere
1697 3871 1799 3925 hoc
1842 3872 1960 3927 sine
1992 3871 2115 3926 lidei

541 3976 709 4016 sacra:
728 3961 1080 4027 detrimento;
1101 3975 1198 4016 nec
1227 3976 1325 4016 nos
1350 3963 1417 4016 ab
1441 3962 1540 4016 isto
1568 3977 1758 4033 campo
1781 3963 2116 4027 recedemus,

541 4049 710 4104 donec
763 4050 1122 4119 omniaquae
1184 4049 1292 4104 dixi
1346 4049 1814 4120 compleverimus.
1875 4051 1931 4105 Si
1991 4066 2119 4106 vero

542 4147 756 4194 nostras
802 4139 1100 4192 sententias
1141 4138 1341 4207 dignati
1388 4139 1598 4194 fueritis
1635 4140 1948 4206 attendere,
1978 4141 2120 4196 veris

543 4239 597 4285 et
623 4230 924 4285 manifestis
964 4238 1020 4285 et
1067 4245 1132 4285 ex
1175 4229 1574 4300 Scripturarum
1610 4232 1917 4289 testimonio
1953 4233 2122 4288 [inuis

549 4322 853 4377 rationibus
903 4323 1268 4388 ostendemus,
1298 4325 1439 4391 quod
1504 4325 1759 4378 domnmn
1809 4325 2120 4380 lleinricum

2207 1874 2494 1943 utriusque
2563 1872 2788 1928 consilio
2839 1877 3182 1925 tractaretur.
3236 1867 3418 1922 Nostri
3469 1881 3600 1920 vero
3644 1864 3786 1920 dolus

2209 1965 2420 2021 illorum
2467 1963 2848 2035 percipientes,
2897 1961 3020 2032 quia
3076 1969 3361 2030 propterea
3413 1966 3530 2011 tam
3575 1957 3784 2026 longum

2209 2067 2423 2128 tempus
2453 2057 2605 2128 pacis
2639 2055 2842 2111 habere
2879 2054 3152 2118 volebant,
3182 2062 3242 2107 ut
3273 2052 3326 2106 bi
3370 2051 3465 2120 qui
3516 2049 3662 2104 domi
3710 2062 3785 2100 re-

2209 2149 2503 2204 manebant
2564 2154 2747 2202 essent
2798 2143 2943 2210 tuti,
2983 2144 3153 2201 donec
3216 2141 3290 2197 illi
3334 2141 3431 2210 qui
3479 2140 3537 2194 in
3587 2139 3782 2193 Iuliam

2207 2239 2509 2311 pergebant
2555 2232 2939 2293 contumeliam
2982 2234 3219 2289 facerent
3257 2231 3573 2303 apostolicae
3615 2228 3781 2298 dig-ni-

2210 2331 2342 2396 tati;
2374 2329 2766 2399 responderunt
2791 2320 2858 2381 'se
2887 2319 2987 2380 nee
3014 2323 3263 2394 decipere
3296 2321 3435 2376 velle
3463 2335 3571 2376 nec
3596 2318 3778 2386 decipi.

2209 2422 2302 2478 sed
2332 2421 2544 2476 firmam
2573 2428 2628 2475 et
2655 2420 2920 2490 integram
2950 2412 3138 2488 pacem
3163 2415 3292 2470 dare
3322 2422 3378 2469 et
3409 2422 3604 2483 petere
3628 2425 3779 2478 usque

2209 2515 2277 2568 ad
2309 2512 2604 2568 terminum
2633 2509 2892 2580 temporis
2923 2507 3184 2580 praedicti.
3214 2505 3464 2574 Cumque
3499 2503 3578 2557 illi
3617 2501 3780 2555 Theu-

2211 2604 2409 2660 touicis
2453 2602 2705 2657 omnibus
2728 2642 2741 2665 ,
2775 2609 2972 2656 nostra:
3015 2598 3183 2670 partis
3213 2595 3579 2667 adiutoribus,
3609 2607 3780 2664 pacem

2207 2702 2268 2750 'se
2298 2695 2428 2748 dare
2456 2692 2836 2762 promitterent
2867 2709 2879 2744 :
2921 2709 2938 2741 ε
2974 2688 3146 2752 Itane,
3193 2687 3328 2741 dixit
3358 2683 3655 2754 Otto’dux,
3695 2696 3782 2734 nos

2209 2783 2436 2840 ‘stolidos
2466 2799 2585 2838 esse
2617 2781 2840 2852 putatis,
2875 2789 2935 2834 ut
2976 2794 3082 2834 non
3114 2776 3479 2846 intelligamus
3511 2771 3782 2828 consilium

2210 2886 2405 2932 vestra:
2434 2873 2789 2930 calliditatis?
2835 2871 3027 2927 Petitis
3063 2865 3259 2924 vestris
3299 2865 3553 2936 partibus
3583 2881 3611 2917 a
3645 2862 3784 2916 nolis

2211 2969 2363 3042 pacis
2403 2965 2770 3028 securitatem,
2809 2962 2978 3017 donec
3010 2958 3360 3029 apostolicam
3392 2954 3620 3025 possitis
3648 2953 3786 3006 inho-

2213 3074 2409 3116 norarc
2443 3057 2794 3128 dignitatem;
2848 3061 2904 3109 et
2941 3052 3096 3108 nobis
3141 3064 3326 3120 pacem
3383 3056 3624 3100 vestram
3677 3058 3786 3114 pm-

2215 3151 2428 3206 mittitis
2451 3188 2467 3214 ,
2513 3149 2684 3204 donec
2713 3145 2884 3212 illum,
2920 3144 3011 3215 qui
3059 3153 3301 3196 nostrum
3353 3130 3524 3207 caput
3558 3145 3671 3200 est,
3699 3149 3786 3205 pro

2212 3250 2397 3297 vestro
2438 3238 2612 3305 libitu,
2661 3237 2706 3292 si
2765 3235 2906 3291 Deus
2955 3232 3302 3306 permiserit,
3343 3229 3487 3285 male
3537 3227 3786 3283 ιηιιειίς.

2214 3333 2259 3392 Ο
2290 3332 2632 3404 quam-bona
2682 3345 2790 3400 pax
2835 3327 2996 3383 datur
3043 3325 3281 3396 corpori.
3329 3323 3455 3378 dum
3509 3319 3790 3376 crudeliter

2216 3425 2429 3480 absciso
2479 3420 2750 3478 crudelius
2799 3414 3286 3498 illuditur‘capiti!
3341 3413 3485 3484 Ergo
3540 3412 3695 3468 nobis
3740 3418 3790 3463 et

2217 3515 2416 3570 nostris
2455 3512 2706 3570 omnibus
2736 3505 2890 3576 date,
2928 3519 2983 3565 et
3027 3508 3181 3563 vobis
3213 3514 3267 3562 et
3319 3505 3524 3561 vestris
3553 3503 3788 3560 omnibus

2218 3607 2465 3676 accipite,
2516 3619 2705 3675 pacem
2735 3610 2828 3656 aut
2862 3601 3128 3669 integram
3175 3608 3268 3652 aut
3299 3596 3524 3651 nullam.
3577 3596 3722 3662 Quod
3747 3593 3788 3646 si

2217 3701 2433 3772 plenam
2489 3711 2676 3770 pacem
2729 3695 2885 3750 nobis
2934 3703 2990 3748 et
3041 3692 3238 3746 nostris
3283 3688 3542 3744 omnibus
3593 3685 3786 3744 amicis,

2221 3789 2431 3860 magnis
2472 3797 2526 3843 et
2555 3786 2754 3858 parvis,
2794 3785 2924 3838 dare
2952 3798 3057 3836 non
3087 3782 3266 3845 vultis,
3295 3779 3509 3849 pergite
3534 3779 3638 3832 iter
3661 3773 3790 3844 quod

2220 3881 2497 3952 cmpistis;
2533 3880 2634 3934 hoc
2665 3887 2840 3934 tamen
2877 3885 3002 3930 ante
3026 3874 3303 3944 praedicto,
3337 3873 3480 3940 quod
3527 3873 3581 3924 in
3614 3869 3791 3923 linitur:

2222 3975 2417 4031 vestris
2449 3972 2690 4042 hospites
2720 3971 2829 4024 cito
2881 3983 2985 4022 non
3026 3975 3209 4035 gratos
3254 3962 3550 4025 habebitis,
3591 3975 3687 4015 nec
3715 3972 3790 4010 res

2222 4073 2452 4129 vestras,
2487 4070 2545 4115 ut
2574 4059 2805 4123 velletis,
2833 4057 2899 4111 ab
2946 4056 3093 4110 Italia
3119 4051 3347 4109 reversi
3391 4052 3694 4106 custoditas
3719 4049 3792 4100 in—

2222 4156 2469 4211 venietis.
2500 4151 2633 4206 Nam
2671 4151 2774 4206 hoc
2817 4148 3066 4202 nolumus
3111 4161 3206 4200 vos
3253 4143 3457 4208 celare,
3511 4141 3657 4213 quod
3685 4153 3791 4194 cum

2218 4249 2399 4320 "primo
2441 4245 2760 4317 poterimus,
2809 4254 2973 4295 unum
3007 4246 3272 4293 rectorem
3303 4234 3567 4317 volumus
3587 4233 3790 4290 habere,

2225 4340 2315 4408 qui
2347 4347 2402 4393 et
2439 4352 2537 4392 nos
2565 4337 2632 4391 ab
2680 4332 2892 4403 injuriis
2920 4331 3132 4385 fortiter
3162 4327 3453 4398 adjuvante
3483 4325 3595 4381 Deo
3623 4323 3791 4378 defen-

545 4427 647 4468 nec
676 4412 860 4466 clerici
891 4427 990 4466 nec
1039 4411 1160 4465 laici
1214 4427 1394 4482 regem
1438 4413 1638 4467 habere
1679 4430 1966 4483 possumus
1997 4431 2118 4468 cum
2153 4446 2198 4506 Ι)
2226 4432 2338 4494 ἀπε,
2390 4437 2445 4482 ει
2491 4427 2577 4481 his
2627 4424 2718 4495 qui
2768 4423 2923 4477 nobis
2982 4420 3205 4490 injurias
3250 4418 3499 4471 fecerunt
3545 4411 3794 4484 aequitatis

529 4504 848 4559 animarum
894 4512 1197 4556 nostrarum
1253 4505 1446 4558 Salute.
1498 4505 1648 4559 Nunc
1695 4522 1823 4576 ergo
1879 4496 1972 4560 vel.
2027 4523 2121 4561 vos

551 4596 883 4664 nobis,qnod
904 4596 1047 4665 juste
1073 4598 1242 4666 possit
1270 4613 1496 4667 regnare
1521 4638 1534 4664 ,
1560 4599 1908 4668 probabiliter
1936 4610 2119 4656 osten-

551 4687 681 4751 dite,
714 4697 768 4740 ct
797 4703 893 4741 nos
914 4687 1012 4742 sub
1038 4688 1151 4756 ejus
1180 4703 1343 4757 regno
1369 4691 1544 4742 socios
1570 4689 1750 4744 lideles
1777 4690 2116 4760 accipit/2”":

551 4775 634 4830 vel
665 4776 818 4830 nobis
841 4818 855 4842 ,
883 4778 1024 4846 quod
1056 4777 1176 4845 jure
1213 4795 1436 4849 regnare
1478 4797 1582 4834 non
1631 4781 1828 4850 possit,
1860 4783 2124 4836 veraciter

533 4870 784 4949 probare
853 4871 1334 4940 permittentes”,
1389 4874 1573 4940 nobis,
1629 4875 1794 4928 immo
1853 4875 2122 4942 veritati,

529 4975 875 5018 consensum
919 4963 1149 5017 amicum
1197 4963 1454 5033 praebete,
1510 4965 1794 5034 nosquem
1832 4975 1889 5020 ut
1945 4967 2124 5022 hostes

554 5054 803 5104 nerseuui
858 5055 1104 5104 desinite.
1152 5055 1302 5104 (tum!
1361 5057 1403 5104 si
1471 5059 1724 5104 nbiir-it-is-
1785 5071 2126 5104 snnrnnmntn

2223 4523 2396 4575 vicem
2453 4518 2732 4588 rependat.
2802 4537 2819 4566 ι
2865 4513 3060 4568 Milites
3117 4526 3245 4582 ergo
3296 4509 3474 4580 plebei
3521 4508 3684 4578 partis
3715 4503 3792 4557 ad-

2223 4629 2395 4669 versa:
2423 4613 2790 4676 conclamant,
2823 4594 3037 4664 nostros
3061 4621 3271 4676 aequam
3301 4619 3416 4658 rem
3445 4601 3662 4664 oﬂ‘crre,
3683 4609 3790 4652 suos

2225 4705 2499 4776 principes
2555 4717 2768 4772 aequum
2817 4713 2917 4753 nec
2951 4698 3228 4767 accipere;
3274 4710 3332 4749 se
3363 4693 3595 4764 posthac
3623 4691 3684 4744 ad
3708 4702 3795 4757 pu-

2226 4795 2498 4864 gnandum
2546 4794 2725 4846 minus
2773 4790 2889 4846 fore
2952 4797 3170 4858 paratos
3199 4801 3366 4856 quam
3415 4791 3646 4838 actenus
3681 4778 3795 4831 fuis-

2227 4897 2386 4951 sent,
2436 4887 2561 4956 quia
2611 4899 2829 4939 causam
2873 4880 3102 4950 justitiac
3153 4893 3274 4934 eum
3336 4876 3647 4932 Saxonibus
3689 4885 3794 4926 esse

2233 4979 2632 5050 cognovissent,
2660 4977 2885 5047 plusque
2921 4975 3077 5028 nobis
3119 4973 3264 5026 illum
3297 4980 3627 5026 conventum
3653 4979 3792 5036 quam

2233 5071 2286 5104 ἶσι
2328 5071 2492 5104 Iviluuc
2541 5069 2741 5104 nnmliic
2793 5069 3075 5104 vininvinm
3124 5063 3416 5104 nrmlncen'
3458 5063 3601 5104 ’ΠΙἏῘΞΙ
3628 5102 3636 5103 κ
3669 5055 3793 5104 ηιιθά
