3926 5326
119 230 228 286 583
266 227 563 288 TOIELLI
598 224 899 286 ΜΟΝΑΟΙΙ.
933 226 1227 284 HASNON.
1264 225 1583 283 HISTORIA
1613 224 1910 285 HASNON.
1947 227 2387 289 MONASTERII.
2411 261 2475 273 -—
2506 234 2884 296 ADMONITIO
2925 234 3224 293 ΡηΑενιΑ.
3272 236 3375 293 586

117 350 350 404 dissent.
403 346 496 405 Sic
552 347 621 405 ab
667 345 896 400 invicem
947 341 1242 397 disceditur
1272 382 1288 408 ,
1344 350 1550 397 tantum
1602 356 1701 411 per
1730 348 1774 403 Λ
1805 358 1925 397 nem
1969 343 2105 412 ejus,
2161 362 2229 403 ne
2272 350 2644 418 perficeretur,
2690 353 2862 409 modis
2888 354 3141 412 omnibus
3173 357 3374 413 distur.

115 450 332 509 septem
365 440 482 493 dies
510 438 833 490 altrinsecus
864 449 995 504 pace
1026 431 1169 485 data.

1803 432 1933 487 bare
1971 438 2303 503 qumrebant.
2346 438 2595 497 Ottnnem
2636 456 2766 512 ergo
2811 444 3003 498 ducem
3048 445 3221 501 solum
3268 447 3370 501 sibi

189 530 313 584 129.
356 528 643 582 Heinricus
713 524 877 596 igitur
941 524 1179 577 intrante
1234 523 1426 579 Martio
1482 526 1703 580 intravit
1803 524 2562 601 loquirogabant,multis.jue
2589 534 3069 604 pollicitationibus
3112 536 3192 598 ei,
3232 537 3369 591 utin

112 622 351 684 Italiam,
378 620 743 675 semiuaturus
776 628 830 671 et
858 616 961 679 ibi,
995 617 1133 669 sicut
1176 617 1383 684 pridem
1434 617 1486 669 in
1520 617 1699 670 Theu-

112 716 299 769 tonica
327 714 528 768 fecerat
562 721 729 773 terra,
762 709 1082 765 discordiam
1112 749 1126 773 ,
1170 725 1277 778 quo
1320 708 1515 761 nullam
1550 709 1697 778 regni

108 807 195 859 sui
246 814 457 874 partem
500 804 765 873 placatam
812 801 1125 864 dimitteret,
1160 808 1320 868 atque
1367 800 1433 834 “‘
1460 800 1697 855 civilium

106 898 380 953 bellorum
428 896 647 952 venenis
682 895 828 963 pacis
877 894 1110 964 quietem
1158 909 1263 947 non
1304 902 1694 963 corrumperet.

181 988 311 1042 130.
374 988 655 1057 Principes
711 999 841 1040 vero
891 986 1138 1040 Saxonis:
1191 986 1401 1038 cunctis
1448 985 1695 1053 gentibus

105 1080 469 1134 Tbeutonicze
515 1078 730 1149 linguae,
777 1092 881 1131 non
936 1077 1114 1130 minus
1146 1076 1377 1131 inimicis
1421 1075 1490 1117 “'
1532 1090 1693 1148 quam

104 1173 332 1237 amicis,
383 1171 590 1240 legatos
636 1171 938 1231 miserunt,
993 1177 1250 1235 rogantes
1295 1178 1393 1233 ut,
1441 1166 1693 1221 Heinrico

105 1262 329 1331 ﬁlioque
389 1263 507 1331 ejus
554 1270 821 1330 excepto,
867 1257 1163 1328 quemlibet
1210 1258 1371 1311 alium
1428 1266 1689 1312 rectorem

99 1354 413 1423 eligerent;
461 1368 519 1406 se
556 1353 627 1416 ei,
681 1352 1010 1420 quicumque
1045 1357 1209 1414 esset,
1244 1348 1474 1403 ﬁdeliter
1523 1348 1692 1402 servi-

103 1454 259 1498 turos
302 1444 654 1513 pollicentes;
704 1451 971 1511 quatenus
1000 1442 1179 1495 omnia
1231 1441 1377 1509 regni
1427 1439 1688 1505 membra,

100 1537 249 1590 sicut
266 1536 397 1591 olim
419 1537 653 1603 fuerant,
682 1535 733 1589 in
753 1550 915 1588 unum
934 1534 1033 1587 sub
1051 1547 1155 1586 uno
1177 1547 1303 1602 rege
1322 1532 1685 1586 convenirent.

100 1628 291 1683 Mense
333 1639 514 1683 autem
547 1627 738 1693 .lunio,
767 1627 1007 1682 exercitu
1044 1624 1299 1688 collecto,
1333 1631 1688 1693 perrexerunt

100 1717 158 1771 is;
186 1716 518 1772 orientalem
543 1716 850 1780 Franciam,
882 1726 937 1769 et
965 1714 1159 1786 prmdis
1180 1713 1263 1767 vel
1282 1712 1546 1767 incendiis
1569 1726 1689 1766 eam

99 1809 394 1872 vastando,
428 1808 626 1863 multas
673 1824 810 1878 quas
853 1808 953 1862 sibi
991 1807 1233 1861 fecerant
1262 1806 1487 1875 injurias
1515 1804 1688 1857 vindi'

97 1909 386 1954 caverunt.
418 1900 549 1955 Nam
594 1901 809 1954 flamma
841 1900 1006 1953 latum
1036 1898 1301 1954 facientes
1346 1900 1451 1953 iter
1473 1939 1487 1964 ,
1528 1910 1685 1951 vene-

99 2002 228 2046 runt
254 2008 363 2047 non
409 1992 568 2063 longe
595 2009 625 2047 a
656 1992 994 2061 Babenberg,
1032 1992 1212 2062 ibique
1244 1991 1449 2046 Suevos
1474 1999 1683 2048 veteres

98 2084 310 2141 amicos
359 2084 637 2143 habentes.
667 2084 857 2139 obvios
900 2083 987 2149 ⁸⁸⁵,
1032 2085 1097 2139 de
1144 2084 1415 2139 communi
1464 2084 1679 2153 negotio

98 2175 245 2244 regis
274 2176 636 2231 constituendi
663 2175 935 2231 communi
959 2174 1187 2230 consilio
1217 2184 1602 2238 tractaverunt,
1626 2184 1680 2229 et

96 2278 223 2336 pust
264 2268 464 2323 multos
508 2276 768 2323 tractatus
794 2308 808 2333 ,
856 2276 917 2322 ut
965 2266 1353 2323 lleriniannum
1398 2266 1468 2299 ⁸³⁸
1498 2282 1676 2338 regem

96 2360 385 2428 eligerent,
415 2360 740 2415 unanimiter
764 2374 953 2415 omnes
983 2368 1395 2416 consenserunt.

168 2454 293 2507 131.
325 2451 433 2506 Sed
452 2468 575 2507 cum
600 2452 843 2509 Saxones
863 2453 1079 2507 domum
1105 2451 1207 2506 lmti
1233 2451 1561 2524 gloriosique
1584 2467 1676 2508 re»

95 2547 326 2611 disserit,
350 2546 663 2619 nullumque
684 2547 905 2602 dubium
932 2547 998 2601 de
1021 2546 1674 2617 recipiendoregeretine—

95 2648 255 2701 rent,
297 2638 567 2708 principes
601 2640 842 2695 adversa}
885 2638 1074 2709 partis,
1119 2639 1252 2694 artis
1298 2638 1535 2708 antiqua:
1563 2653 1671 2693 non

93 2726 276 2797 obliti,
305 2727 433 2799 quia
460 2729 692 2785 electum
721 2744 899 2800 regem
931 2728 1085 2784 valde
1110 2729 1403 2795 timebant,
1442 2727 1669 2783 electio-

1801 616 2066 672 clectionc
2114 619 2412 686 vacillaret,
2453 624 2878 691 persuadebant;
2914 640 3018 679 non
3074 633 3277 691 tamen,
3310 636 3372 679 ut

1800 718 2005 763 certum
2028 711 2153 779 quid
2173 712 2252 767 eis
2280 714 2639 782 promitteret,
2654 716 2867 771 efﬁcere
2896 726 3164 786 poterant.
3190 716 3281 771 Sic
3304 732 3372 772 eo

1799 799 2081 857 dubitante
2114 818 2416 873 magnaque
2450 816 2602 874 parte
2632 810 2750 878 ejus
2783 808 3104 863 dubitationi
3142 822 3370 864 consen-

1800 891 1989 958 tiente,
2024 903 2133 949 tota
2158 898 2401 965 praeterit
2422 907 2612 964 testas,
2645 908 2699 955 et
2720 916 2856 971 pene
2882 910 3045 957 totam
3073 900 3367 957 Saxoniam

1796 996 2137 1039 commovera
2149 985 2292 1053 tejus
2304 988 2640 1045 instabilitas.
2654 989 2711 1044 ln
2726 990 3025 1047 Novembre
3039 1008 3165 1048 vero
3183 1006 3373 1047 mense

1796 1073 1989 1129 iterum
2022 1086 2246 1131 vocatus
2294 1081 2363 1134 ab
2413 1081 2519 1137 illis
2564 1084 2629 1136 ad
2675 1083 3043 1153 soliloquium,
3090 1101 3213 1141 cum
3253 1083 3368 1152 jam

1795 1174 1937 1223 totus
1966 1177 2111 1223 esset
2154 1171 2441 1227 inclinatus
2468 1175 2534 1229 ad
2563 1183 2867 1230 nostrorum
2895 1184 3074 1246 partes
3108 1177 3367 1241 hostium.

1793 1258 1887 1313 Dei
1916 1262 2291 1318 misericordia
2321 1265 2575 1333 faciente,
2608 1283 2674 1322 ne
2700 1277 2777 1323 tot
2801 1283 2928 1323 suos
2952 1267 3164 1325 labores
3186 1309 3202 1336 ,
3233 1285 3371 1340 quos

1791 1366 1890 1421 pro
1918 1353 2091 1420 patria
2130 1354 2475 1423 toleraverat,
2504 1357 2556 1412 in
2588 1357 2791 1413 ultimis
2820 1360 3150 1427 temporibus
3179 1361 3370 1427 perde-

1791 1454 1895 1511 ret,
1937 1461 2107 1515 eqnus
2152 1447 2237 1501 cui
2271 1448 2493 1503 sedebat
2535 1446 2607 1480 m
2644 1449 2694 1503 in
2742 1450 2901 1519 plano
2931 1465 3122 1518 campo
3150 1452 3365 1514 cecidit,

1792 1536 1999 1608 ipsique
2039 1536 2239 1591 sessori
2270 1552 2394 1593 crus
2438 1554 2601 1593 unum
2642 1540 2713 1593 ita
2742 1538 3018 1602 contrivit,
3052 1548 3110 1593 ut
3140 1538 3253 1592 fere
3286 1540 3370 1594 in-

1795 1639 1946 1701 tegro
1978 1644 2163 1683 mense
2195 1628 2300 1683 nisi
2329 1637 2573 1699 portatus
2602 1630 2681 1685 ire
2722 1646 2827 1683 non
2856 1638 3057 1698 posset.
3092 1630 3255 1698 Igitur
3299 1631 3368 1684 ad

1796 1720 2102 1790 se,'gratia
2146 1719 2237 1773 Dei
2286 1729 2556 1784 movente,
2608 1734 2876 1784 reversus,
2917 1734 2977 1774 se
3017 1734 3272 1791 peccasse
3313 1731 3372 1775 et

1794 1812 1975 1865 divina
2038 1810 2237 1881 pietate
2293 1819 2601 1880 correptum
2667 1824 2786 1865 esse
2846 1810 3129 1865 intellexit.
3192 1809 3371 1867 Missis

1792 1906 1975 1975 itaque
2027 1904 2385 1973 legationibus
2445 1902 2672 1957 diversis
2700 1940 2717 1968 ,
2762 1908 2820 1957 et
2869 1902 3113 1959 hostibus
3148 1917 3368 1973 .renun-

1792 1996 1969 2061 tiavit,
2030 2005 2082 2050 et
2128 1992 2341 2049 civibus
2401 1994 2516 2047 suis
2567 2007 2626 2047 se
2696 2006 2911 2063 semper
2970 1991 3089 2049 fore
3149 1993 3365 2049 fidelem

1786 2097 1844 2141 et
1896 2088 2220 2141 concordem
2267 2083 2497 2138 ﬁdeliter
2541 2086 2869 2153 repromisit.
2902 2082 3053 2137 Unde
3095 2083 3369 2153 principes

1788 2177 2039 2233 Samnite
2080 2176 2234 2231 valde
2281 2175 2444 2230 laetati
2471 2215 2487 2241 ,
2529 2190 2709 2245 regem
2777 2189 2933 2228 suum
2979 2173 3367 2229 Herimannum

1785 2286 1907 2325 cum
1936 2283 2133 2339 magno
2175 2266 2407 2337 tripudio
2446 2264 2707 2321 Goslaria:
2750 2273 3137 2335 susceperunt,
3181 2265 3368 2335 paucis

1783 2358 1977 2414 diebus
2000 2370 2125 2413 ante
2148 2356 2325 2411 natale
2354 2355 2587 2411 Domini.
2617 2356 2672 2409 In
2702 2354 2864 2408 natali
2895 2369 3021 2409 vero
3047 2354 3219 2408 sancti
3244 2353 3369 2408 Ste-

1779 2452 1944 2523 phani
2008 2450 2075 2483 ⁸⁸⁷
2122 2447 2544 2520 prolemartyris
2594 2462 2625 2501 a
2675 2445 2990 2516 Sigefrido,
3036 2445 3366 2513 Moguntina:

1784 2543 1929 2599 sedis
1959 2539 2388 2610 archiepiscopo,
2431 2537 2484 2592 in
2531 2550 2709 2605 regem
2738 2533 3118 2590 venerabiliter
3146 2542 3230 2588 est
3258 2549 3362 2586 un-

1781 2646 1921 2700 ctus,
1946 2648 2067 2688 cum
2089 2630 2199 2701 jatn
2228 2629 2422 2685 1082‘"
2452 2642 2627 2684 almus
2649 2625 3041 2683 lncarnationis
3066 2623 3363 2681 Dominica

1776 2723 1967 2779 fuisset
1988 2723 2229 2794 inceptus
2252 2719 2341 2775 ⁸⁵⁸.

1380 2886 1612 2942 VARUE
1653 2879 2058 2945 LECTIONES.

148 3019 225 3091 ‘f'ﬁ
256 3019 347 3075 ubi
371 3018 456 3075 ib.
532 3021 601 3054 ⁸⁸³
624 3038 671 3076 a.
708 3038 740 3091 q

750 3063 761 3074 .
800 3037 836 3076 ι.
869 3022 919 3076 1.
994 3023 1064 3063 ιη
1093 3024 1253 3077 deest.
1286 3024 1337 3077 l.
1413 3023 1860 3081 mbermannum
1904 3023 1955 3078 l.
1980 3028 2297 3074 constanter.
2374 3016 2441 3049 “‘
2482 3014 2749 3070 insidebat
2791 3013 2845 3067 2.
2923 3012 2988 3045 “'
3029 3009 3243 3067 atellani
3280 3006 3326 3065 "l

163 3090 233 3121 ⁸³⁸
270 3091 542 3160 inceptus.
587 3093 652 3146 Et
670 3083 880 3147 tantum
907 3095 973 3149 de
997 3093 1135 3149 bello
1161 3093 1431 3149 Saxonico
1457 3105 1511 3147 et
1540 3094 1795 3149 lleiurico
1819 3102 2015 3162 quarto
2046 3106 2113 3145 ex
2140 3088 2397 3145 chronica
2423 3098 2477 3142 et
2512 3086 2741 3141 bistoria
2768 3085 2869 3139 ista
2897 3083 2921 3138 Ι

95 3220 3344 3275 υ

1238 3376 1421 3419 CIDCA
1466 3375 1688 3418 ANNUM
1724 3374 1954 3419 DOMINI
1988 3374 2232 3418 MLXXX.

1242 3548 2255 3705 TOMELLUS

782 3814 1556 3935 MONACHUS
1639 3812 2676 3931 HASNONIENSIS

1490 3976 1979 4023 w...L_...—..___—.

1384 4018 2143 4218 HiSTOBIA

401 4329 1752 4449 nasmomrmsrs
1850 4271 3010 4449 montanam:

1114 4580 1657 4676 AUCTORE
1756 4581 2324 4675 TOMELLO

194 4751 541 4818 BALDUlNl,
573 4752 1049 4811 COGNOMENTO
1088 4752 1423 4821 MONTANI,
1462 4752 1831 4810 FLANDRLIE
1876 4752 1964 4810 ET
2003 4747 2379 4805 HANNOleE
2419 4744 2715 4809 COMlTlS,
2750 4745 3205 4804 SECRETARIO.

604 4905 697 4976 (D.
738 4903 1015 4971 Mauram,
1049 4904 1301 4971 Thesaur.
1338 4907 1561 4974 Auecd.,
1596 4911 1727 4959 tom.
1751 4902 1836 4969 Ill,
1867 4918 1988 4975 pag.
2020 4899 2145 4963 7'77,
2184 4912 2250 4993 ex
2277 4913 2377 4953 ms.
2406 4894 2859 4970 llasnoniensis.)

1495 5049 1909 5065 ——__

1075 5146 1775 5242 ADMONITIO
1822 5139 2339 5237 PRIEVIA.

2342 5306 2388 5326 ε..
2444 5316 2578 5326 ---η
2611 5298 2923 5326 Ποθ..η---...

2933 5317 2959 5326 Α
3009 5295 3073 5326 ΛΑ
3129 5294 3380 5326 αιδην-...ι
