3926 5326
423 759 426 764 .
509 715 660 787 ptum
694 715 874 787 Imbro.

1577 367 1836 442 ouem
1875 382 2183 442 MONACHI
2225 338 2722 446 msuomeusts

515 389 620 450 587
1582 389 1678 442 ΟΜ
1686 389 1836 442 ELLI
1875 389 2097 442 ΜΟΝᾹ(

2225 389 2311 442 IIA
2321 389 2722 446 SNONIENSIS
3680 391 3790 452 εδ

513 513 642 562 runt
668 502 923 560 Joannes'
951 511 1006 558 et
1053 501 1269 558 Eulasia
1303 500 1639 572 fundatores,
1667 516 1732 555 ex
1781 500 1909 572 ipsis
1938 501 2244 572 purissimis
2279 503 2460 557 hausit
2500 503 2758 567 fontibus,
2791 519 2858 560 ex
2887 504 3126 562 arebivis
3156 504 3412 563 nimirum
3445 507 3784 572 monasterii.

511 577 590 632 uti
622 577 733 647 ipse
767 583 1000 647 testatur
1032 587 1270 647 uonuno
1304 574 1357 627 iu
1390 573 1528 647 loco.
1560 571 1703 647 Nam
1725 571 1904 647 capite
1925 571 2103 647 primo
2131 572 2209 626 sic
2241 573 2485 647 loquitur
2519 591 2533 628 :
2565 574 2692 647 Non
2723 575 2931 647 habebit
2957 578 3037 630 his
3066 578 3119 631 in
3151 579 3359 647 scriptis
3394 596 3478 633 me
3511 571 3786 633 auctorem

424 671 427 675 ·
507 641 792 738 ηξιοιίιὶςγειι
806 646 1054 738 script-um
1085 641 2599 738 [alliifiter‘ﬁetum,nquziafifero,|e:c.arcltiris
2636 645 2873 738 egentem
2903 648 3204 729 monasterii
3235 641 3582 738 comprobare
3608 666 3785 738 prom-

554 718 660 770 tum
694 715 874 786 Imbro.
910 711 1176 786 Etcapite
1210 713 1264 778 3,
1295 713 1563 786 relaturus
1586 711 1781 786 seriem
1811 711 2066 786 abbatum
2089 723 2157 786 et
2184 713 2604 776 abbatissarum,
2638 711 2727 768 Fit
2765 727 2822 769 ut
2848 733 3077 782 onmem,
3111 718 3305 786 inquit,
3343 711 3619 772 rectorum‘
3643 719 3780 785 ejus-

512 782 630 840 dem
655 786 756 858 loci
785 785 949 858 le_cto_r
975 782 1208 858 inveniat
1242 785 1644 845 successionem,
1682 782 1818 835 hanc
1848 784 1920 858 ob
1951 783 2176 858 are/civis
2202 796 2466 858 sumptam
2507 786 3103 858 legatdescriptionem,
3131 782 3291 858 quam
3329 790 3530 845 dende
3561 782 3786 856 subjuno

552 859 589 910 it
619 856 793 925 capite
815 855 872 925 4.
907 854 1374 910 Restaurationem
1407 868 1538 909 vero
1566 852 1882 908 monasterii
1913 852 2129 922 qualem
2159 855 2270 923 ipse
2297 855 2492 925 viderit
2527 852 2732 920 retulit,
2780 852 2966 925 utpote
3017 852 3170 912 testis
3207 859 3460 914 oculatus
3489 877 3506 925 ;
3556 852 3680 912 nam
3727 870 3784 910 et

560 923 1106 999 alduinilundatoris
1145 925 1813 999 secretariusexstiterat,
1856 932 1911 976 et
1959 938 2096 992 opus
2122 923 2618 999 suunrRudlando
2666 923 2864 999 primo
2893 927 3071 981 abbati
3105 923 3500 998 nuncupavita
3532 946 3642 999 quo
3685 928 3781 982 de-

508 997 698 1068 functo
742 996 982 1068 historiae
1006 1007 1168 1066 caput
1225 996 1289 1068 l7
1339 995 1546 1068 addidit
1593 994 1687 1068 DeA
1719 994 1866 1068 bomc
1915 995 2182 1068 memoria:
2225 994 2721 1068 abbgteuliotlumlo
2745 1014 2808 1068 ne
2831 998 2896 1050 de
2929 1015 3133 1052 morum
3163 994 3587 1068 ejus'probimte'.
3616 999 3785 1054 Pcrro

510 1066 870 1137 similitudine
897 1063 1528 1137 nomin'umallucinatus
1554 1073 1636 1120 est
1663 1063 1907 1137 Andreas
1937 1065 2202 1137 Yallerius
2232 1065 2284 1137 in
2309 1063 2645 1137 Bibliotheca
2676 1067 2910 1137 Belgica,
2941 1068 3035 1122 ubi
3064 1072 3134 1124 de
3173 1063 3424 1125 Tomello
3449 1078 3643 1126 nostro
3673 1073 3787 1123 ure

508 1138 677 1209 habet
716 1155 728 1190 :
767 1135 1068 1209 Tltomellus
1100 1136 1439 1209 rElnonensis
1474 1135 1772 1209 monac/ms
1825 1135 1894 1209 ad
1937 1131 1994 1188 S.
2053 1133 2352 1209 Amandum
2396 1134 2586 1209 claruit
2629 1131 2960 1209 σῃηοίοἳο.
2994 1137 3214 1209 Scripsit
3235 1139 3393 1208 jussu
3441 1140 3507 1193 Β.
3563 1138 3783 1192 Rolaudi

517 1208 727 1262 abbatis
759 1208 843 1262 sui
881 1207 946 1262 de
973 1207 1286 1276 fundatione
1318 1205 1535 1262 cmuobii
1566 1205 1928 1276 Elnonensis,
1961 1206 2293 1273 reparatione
2339 1222 2400 1276 oc
2443 1206 2790 1270 dedicatione,
2823 1219 2870 1262 et
2899 1209 2963 1260 de
3009 1205 3249 1262 moribus
3276 1209 3538 1264 Bnldufni
3588 1211 3734 1262 comi:
3759 1225 3790 1261 ι

514 1277 755 1348 ejusdem
795 1275 1138 1348 reparatorir.
1166 1278 1300 1331 Nam
1329 1276 1534 1332 nullum
1571 1277 1831 1348 habemus
1873 1275 2228 1348 Elnouensem
2257 1276 2314 1329 ὃ.
2347 1275 2578 1348 Amandi
2616 1277 2863 1348 abbatem
2895 1277 3212 1348 Rollaudum
3258 1281 3502 1339 nomine.
3531 1280 3664 1333 bene
3693 1296 3785 1331 au-

507 1345 620 1404 tem
653 1345 1316 1415 Hasnoniensemtneque
1343 1348 1665 1402 Eluoneusis
1702 1345 1865 1399 etiam
1905 1345 2208 1400 monachus
2235 1347 2445 1400 exstitit
2477 1346 2774 1414 Tomellus,
2814 1350 2905 1402 sed
2942 1347 3370 1415 iiasnornierisis;
3405 1352 3502 1404 sed
3537 1365 3640 1404 nec
3667 1365 3787 1416 qua

510 1421 578 1472 de
615 1419 930 1490 monasterii
974 1419 1054 1473 sui
1098 1418 1430 1490 (mulatione,
1474 1417 1819 1490 reparatione
1865 1431 1929 1470 ac
1972 1416 2336 1490 dedicatione,
2365 1417 2551 1490 _ae_t_le
2591 1418 2852 1490 "mribus:
2871 1418 3116 1490 Balduiui
3149 1421 3364 1474 comitis
3404 1421 3618 1490 scripto
3641 1435 3780 1472 com-

508 1489 808 1552 mendavit,
863 1489 1155 1544 Elnonensi
1199 1489 1450 1542 cteuobio
1479 1488 1854 1558 conveniunt,
1895 1486 1988 1540 sed
2021 1485 2402 1558 Ilasnouiensi.
2465 1487 2612 1542 Hanc
2648 1502 2778 1541 vero
2809 1487 3102 1543 Historiam
3153 1485 3548 1558 descripsimus
3587 1505 3649 1540 ex
3684 1505 3784 1541 ms.

509 1560 697 1616 codice
729 1559 1110 1623 Hasuouiensi,
1140 1569 1412 1613 minuente
1444 1556 1898 1629 revereudissimo
1936 1564 1989 1610 et
2029 1556 2363 1629 amplissimo
2402 1558 2646 1626 ejusdem
2681 1559 2780 1612 loei
2816 1561 3033 1624 abbate,
3077 1575 3106 1613 a
3135 1575 3242 1629 quo
3271 1556 3443 1624 etiam
3484 1566 3670 1615 mutuo
3698 1557 3786 1611 bi-

509 1629 728 1702 buimus
755 1630 1093 1702 cbartarium
1122 1630 1461 1684 dominorum
1496 1631 1561 1686 dc
1592 1627 1808 1690 Aveuis,
1854 1642 1920 1682 ex
1961 1641 2070 1696 quo
2115 1627 2281 1681 multa
2315 1630 2381 1682 ad
2412 1629 2697 1682 historiam
2739 1629 3012 1702 Belgicam
3055 1627 3383 1700 pertinentia
3412 1631 3788 1701 excerpsimus

510 1700 566 1754 iu
599 1707 743 1756 tomo
782 1700 802 1755 ι
843 1711 1150 1757 nostrorum
1179 1709 1458 1756 contenta.

1868 1812 2400 1838 ﬂ

1103 1933 1228 2030 DE
1291 1929 1916 2032 FUNDATIONE
1973 1926 2670 2028 HASNONIENSIS
2741 1899 3222 2030 ceuceu;

817 2117 1062 2173 INCIPIT
1104 2116 1474 2174 PROLOGUS
1511 2115 1810 2172 TOMELLI

507 2232 588 2288 De
616 2232 926 2302 [undazioue
967 2231 1348 2285 "nationiensis
1376 2231 1612 2290 canobii,
1649 2231 1718 2302 ad
1769 2228 2093 2282 Rollandum

724 2303 964 2357 abbatem
997 2304 1226 2372 primum
1269 2312 1382 2372 post
1427 2301 1884 2354 restaurationem.

584 2440 735 2497 Licet
787 2438 1005 2495 divitias
1053 2439 1215 2510 hujus
1258 2436 1440 2493 smculi
1494 2435 1666 2506 prima
1703 2433 1959 2489 mortales
2000 2449 2088 2504 pu-

501 2542 647 2602 tent,
690 2531 892 2588 divitia:
939 2541 1116 2587 tamen
1168 2531 1360 2587 salutis
1395 2530 1659 2602 sapientia
1688 2539 1741 2584 ct
1777 2527 2001 2584 scientia
2034 2542 2098 2581 ac

509 2627 678 2682 timor
703 2625 917 2680 Domini
943 2624 1058 2694 ipse
1085 2622 1483 2678 cst'tbesaurus
1514 2621 1649 2691 ejus.
1691 2621 1860 2688 Quem
1896 2635 1952 2674 se
1981 2619 2100 2674 the-

510 2731 738 2772 saurum
766 2715 818 2769 in
851 2713 1260 2769 vasislictilibus
1285 2714 1482 2768 habere
1495 2711 1786 2782 Apostolus
1809 2709 2093 2782 gloriatur,

509 2809 640 2879 quia
679 2814 998 2862 conservata
1051 2805 1100 2860 in
1163 2805 1351 2860 humili
1400 2806 1562 2862 corde
1609 2803 1897 2874 sapientia,
1949 2801 2098 2856 omni

507 2897 820 2968 principum
852 2893 1009 2964 hujus
1039 2893 1218 2950 saeculi
1277 2893 1450 2964 major
1491 2897 1576 2948 est
1611 2891 1872 2962 potentia.
1924 2891 2117 2957 Hanc,

511 2987 822 3045 venerande
869 2986 1030 3043 Pater
1078 2987 1358 3052 Rullande,
1393 2986 1722 3058 posthabitis
1765 2984 2100 3055 sapientibus

508 3090 570 3137 et
595 3078 1060 3150 conquisitorilus
1097 3077 1257 3146 hujus
1305 3077 1509 3142 mundi,
1550 3076 1601 3129 in
1636 3084 1684 3131 te
1725 3062 2021 3144 amplector
2045 3081 2099 3128 et

515 3171 768 3236 veneror,
800 3166 955 3237 cujus
982 3177 1234 3224 senectus
1259 3164 1580 3222 venerabilis
1605 3175 1660 3220 et
1684 3164 1958 3228 diuturna,
1993 3179 2098 3217 non

513 3276 781 3316 annorum
818 3275 1045 3315 numero
1071 3267 1400 3329 computata,
1429 3245 1521 3312 sed
1553 3255 1794 3341 ompium
1840 3255 2099 3308 virtutum

514 3353 734 3408 facetiis
765 3363 990 3418 ornata;
1022 3349 1176 3420 cujus
1217 3349 1445 3418 imperio
1477 3362 1670 3417 parere
1706 3357 1787 3402 est
1817 3347 2102 3417 imperium

515 3459 735 3514 parare,
765 3443 969 3514 tibique
999 3439 1276 3496 humiliter
1305 3438 1528 3493 subesse
1566 3445 1650 3492 est
1693 3453 1796 3491 non
1835 3437 1953 3492 sine
1981 3437 2097 3508 glu-

514 3541 598 3595 ria
635 3546 890 3609 prieesse.
918 3535 1068 3590 Unde
1103 3531 1341 3586 animum
1374 3529 1558 3584 induxi
1585 3529 1842 3600 quidquid
1871 3530 2100 3599 impera-

511 3635 684 3696 veris,
718 3644 783 3685 ac
817 3629 862 3684 si
889 3627 1146 3682 divinitus
1178 3625 1478 3695 imperetur
1497 3623 1777 3688 obaudire,
1823 3632 1875 3678 et
1899 3623 1964 3676 ad
2003 3637 2102 3676 uu-

514 3737 631 3778 tum
665 3722 742 3777 tui
788 3721 916 3776 totis
947 3717 1109 3772 animi
1158 3725 1212 3772 et
1263 3714 1509 3788 corporis
1552 3715 1802 3785 passibus
1834 3714 1931 3769 ire.
1965 3712 2095 3767 Novi

512 3814 658 3868 enim
696 3822 750 3867 te
781 3817 955 3866 matre
987 3808 1244 3863 virtutum
1271 3822 1430 3862 omne
1458 3807 1599 3876 quod
1627 3805 1743 3874 agis
1776 3813 2093 3874 temperare,

512 3917 573 3962 ut
603 3918 657 3961 et
681 3908 750 3961 sit
770 3905 911 3976 quod
938 3902 1102 3959 fortes
1129 3903 1347 3974 cupiant
1377 3912 1429 3956 et
1453 3899 1651 3956 infirmi
1677 3914 1782 3955 non
1806 3897 2094 3968 refugiant.

510 4002 700 4074 Exigis
748 4017 779 4055 a
828 4017 914 4056 me
938 3999 1220 4070 antiquam
1277 3995 1666 4052 liasuoniensis
1702 3991 1934 4049 coenobii
1978 4006 2124 4064 cum

512 4091 871 4146 structionem
913 4105 1052 4145 novo
1092 4087 1231 4160 stylo
1262 4087 1460 4142 cudere
1490 4085 1795 4156 passimque
1827 4083 1880 4136 in
1919 4080 2098 4136 archi-

510 4183 597 4238 vis
633 4183 861 4238 divisam
912 4182 967 4236 in
1014 4196 1180 4236 unum
1227 4178 1477 4234 volumen
1507 4175 2097 4243 colligere,quantum-

511 4289 618 4342 que
649 4273 783 4328 diva:
829 4253 1105 4326 memoriae
1147 4269 1390 4322 marchio
1437 4265 1731 4320 Balduiuus
1765 4261 2094 4337 beneficium

513 4367 690 4422 eidem
721 4364 839 4419 loco
879 4373 1061 4417 nostra
1084 4369 1244 4416 mtate
1276 4358 1580 4423 indulserit,
1616 4355 1958 4410 subscribere
2009 4353 2097 4408 Ju-

491 4455 664 4510 ‘henti
693 4453 891 4523 quippe
946 4461 1098 4506 tanto
1137 4451 1256 4505 viro
1296 4449 1556 4505 obaudire
1591 4455 1824 4512 constat,
1866 4456 1924 4500 ut
1962 4446 2090 4511 dixi,

513 4544 832 4612 gloriosum,
876 4542 970 4598 sed
1014 4544 1272 4614 imparem
1313 4541 1464 4612 operi
1506 4555 1723 4595 manum
1757 4555 1958 4609 ponere
1988 4556 2092 4596 nou

512 4637 726 4693 modice
757 4634 1106 4691 laboriosum.
1150 4633 1254 4689 Sed
1297 4649 1383 4688 me
1427 4633 1528 4688 sub
1563 4631 1709 4688 fasce
1755 4633 2094 4703 gradientem

509 4728 737 4784 baculus
774 4737 878 4782 tua:
908 4725 1237 4782 sustentabit
1269 4724 1604 4790 sanctitatis;
1639 4738 1871 4794 cumque
1906 4731 2093 4778 extre-

509 4835 655 4875 mam
686 4819 834 4890 operi
867 4835 1083 4874 manum
1119 4817 1338 4882 dedero,
1387 4817 1461 4871 tui
1493 4817 1563 4872 sit
1603 4814 1867 4880 muneris,
1895 4815 1938 4869 si
1966 4814 2086 4884 pla-
2117 4828 2163 4892 ο
2485 4880 2516 4892 η
2787 4814 2942 4892 ,υδξ
2953 4814 2990 4844 υ
3011 4814 3030 4844 ⁸
3079 4814 3139 4845 "-

510 4927 628 4956 mn-
672 4911 799 4956 dum
826 4925 990 4956 unum
1032 4909 1356 4956 atmlnrilale
1401 4906 1597 4956 nrobes
1625 4946 1639 4956 .
1681 4903 1910 4956 alterum
1966 4919 2090 4956 ora-
2197 4878 2277 4933 De
2299 4878 2515 4934 amab"
2554 4877 2939 4934 Has'mmem"
2985 4893 3392 4956 ‘9"?Wd'0’wo
3445 4885 3779 4956 dudm“

510 4927 630 4978 ceo,
672 4911 799 4966 dum
826 4925 990 4966 unum
1032 4909 1356 4965 auctoritate
1400 4906 1597 4979 probes
1625 4946 1639 4970 ,
1681 4903 1910 4960 alterum
1966 4919 2090 4958 ora-

507 5008 662 5062 tione
704 5005 948 5062 robores.
989 5003 1328 5060 Succurrunt
1365 5011 1420 5058 et
1465 5001 1636 5057 labori
1670 5001 1791 5055 meo
1813 5000 2091 5055 orationes

2708 2114 2936 2171 CAPUT
2975 2115 3266 2172 PRIMUM.

2270 2226 2349 2282 De
2385 2225 2594 2284 Joanne
2633 2229 2744 2283 viro
2783 2228 2982 2300 illustri
3015 2230 3231 2300 ejusque
3275 2245 3464 2286 sorore
3504 2229 3724 2287 Eulalia

2691 2301 2874 2370 primis
2899 2299 3290 2369 fundatoiibus.

2272 2389 2526 2444 Dicturus
2573 2390 2944 2445 laudationem
2977 2389 3363 2447 Ilasuoniensis
3400 2392 3534 2459 loci,
3581 2409 3668 2448 res
3697 2409 3787 2462 po-

2200 2482 2370 2535 stulat
2394 2481 2731 2552 temporibus
2752 2490 2806 2536 et
2837 2482 3108 2552 personis,
3129 2482 3246 2537 loco
3270 2498 3334 2538 ac
3363 2487 3669 2540 commodis
3691 2489 3782 2542 uti:

2201 2572 2252 2628 id
2275 2572 2419 2628 enim
2444 2573 2814 2642 grammaticis
2843 2588 2964 2628 cum
2978 2574 3291 2629 oratoribus
3303 2591 3599 2632 commune
3621 2575 3785 2631 :stlo-

2199 2679 2343 2729 cum,
2384 2673 2614 2736 tempus,
2645 2680 2934 2734 personam
2972 2667 3025 2721 in
3054 2667 3266 2722 cunctis
3296 2669 3586 2723 attendere
3620 2683 3783 2738 nego-

2202 2758 2308 2811 liis.
2334 2757 2556 2820 Locum,
2590 2758 2832 2826 inquam,
2857 2757 2948 2828 qui
2975 2757 3228 2812 fundatus
3252 2773 3271 2824 ;
3309 2765 3546 2826 tempus,
3576 2773 3716 2826 quau
3744 2767 3786 2809 ὀ

2199 2848 2484 2916 fundatus;
2535 2866 2820 2921 personas,
2869 2851 3063 2921 quibus
3116 2861 3331 2906 constat
3383 2851 3669 2906 fundatus.
3723 2849 3782 2903 Et

2199 2942 2432 3011 primum
2458 2957 2520 2997 os
2551 2943 2604 2996 in
2649 2941 2864 2996 laudem
2905 2941 3208 2997 fundatoris
3251 2941 3467 3012 praefati
3508 2943 3613 2996 loci
3660 2957 3782 3009 ape-

2202 3032 2372 3096 riam;
2431 3032 2624 3086 deinde
2685 3032 2922 3101 qualiter
2983 3032 3185 3087 eisdem
3267 3033 3337 3086 sit
3406 3032 3784 3087 fundatoribus

2202 3133 2572 3188 constructus,
2605 3126 2748 3194 quod
2782 3135 2971 3196 potero
3000 3124 3258 3180 referam.
3289 3124 3428 3195 Non
3452 3105 3682 3182 habebit
3709 3126 3788 3180 his

2201 3216 2252 3270 in
2277 3215 2496 3286 scriptis
2522 3231 2606 3271 me
2630 3226 2907 3272 auctorem
2929 3216 3208 3286 quodlibet
3233 3219 3500 3286 scriptum
3527 3217 3786 3273 fallaciter

2203 3307 2413 3372 fictum,
2442 3309 2567 3378 q‘uia
2599 3307 2860 3378 quidquid
2904 3309 3092 3362 dixero
3141 3324 3207 3363 ex
3259 3310 3505 3365 archiris
3546 3310 3784 3381 ejusdem

2205 3399 2520 3453 monasterii
2563 3398 2908 3468 comprobari
2947 3407 3257 3469 promptum
3307 3402 3507 3456 habeo.
3546 3401 3783 3456 Habebat

2135 3487 2174 3544 Β
2207 3491 2444 3545 Ecclesia
2498 3491 2796 3560 pretiosum
2855 3490 3121 3546 Dominici
3171 3491 3496 3546 diadematis
3535 3493 3783 3563 lapidem.

2199 3579 2464 3635 Joannem
2511 3581 2718 3636 scilicet
2765 3595 2965 3651 genere
3016 3591 3072 3637 et
3115 3583 3316 3636 virtute
3356 3584 3630 3638 illustrem
3674 3599 3782 3652 pcr-

2203 3672 2554 3726 fectissimum
2596 3671 2813 3736 laicum,
2847 3671 3105 3742 perfectis
3134 3673 3299 3727 etiam
3346 3672 3506 3728 laicis
3550 3673 3781 3726 imitabi-

2201 3763 2337 3828 lem;
2381 3762 2856 3832 perfectissimum,
2899 3763 3141 3834 inquam,
3179 3763 3304 3833 quia
3339 3765 3642 3819 Dominicae
3674 3763 3784 3819 \"Ot'i

2201 3854 2380 3924 paruit
2408 3853 2604 3906 dicenti
2637 3865 2655 3902 :
2687 3849 2744 3906 Si
2785 3855 2858 3907 vis
2879 3854 3140 3924 perfectus
3176 3870 3307 3919 esse,
3349 3856 3482 3909 eode
3530 3865 3582 3909 et
3631 3857 3786 3909 read:

2199 3945 2372 3998 omnia
2397 3961 2514 4014 qua:
2543 3944 2722 4009 Imber,
2768 3954 2815 3998 et
2851 3945 2921 3998 da
2966 3947 3305 4016 pauperibus,
3349 3956 3399 4001 et
3424 3948 3540 4001 veni
3572 3963 3782 4018 super:

2198 4053 2298 4090 me.
2345 4036 2512 4104 Quod
2562 4036 2653 4090 tali
2703 4036 2898 4092 aﬂ'eetu
2939 4037 3152 4094 effectui
3198 4039 3570 4110 mancipavit,
3619 4048 3682 4095 ut
3734 4039 3784 4092 in

2198 4129 2655 4198 conéequentibus
2713 4128 2887 4198 palam
2945 4131 3241 4186 constabit.
3309 4129 3515 4185 llalmit
3564 4146 3700 4186 sane
3732 4132 3780 4183 in

2197 4220 2525 4274 consortium
2562 4237 2672 4275 sua:
2706 4221 2990 4291 probitatis
3011 4237 3254 4276 sororem
3297 4237 3467 4278 carne
3505 4234 3561 4276 et
3591 4223 3779 4294 spiritu

2197 4326 2302 4365 non
2335 4309 2605 4366 inferioris
2632 4311 2908 4374 bonitatis,
2935 4314 3157 4367 nomine
3185 4311 3492 4378 Eulaliam;
3537 4315 3632 4368 seJ
3656 4313 3767 4383 qni-

2197 4400 2299 4454 bus
2327 4399 2642 4469 parentibus
2679 4400 2945 4471 originem
2977 4401 3234 4457 duxerint
3273 4413 3328 4458 et
3355 4418 3496 4473 quas
3527 4418 3780 4474 personas

2197 4492 2574 4558 germanitatis
2600 4492 2817 4546 vinculo
2852 4493 3159 4560 habuerint,
3201 4495 3555 4567 qualiterque
3569 4511 3668 4567 per
3695 4511 3782 4547 eos

2196 4584 2476 4638 exordium
2523 4583 2898 4640 Hasnoniense
2958 4588 3266 4644 cmnobium
3311 4591 3583 4660 coeperit,
3635 4589 3780 4645 facile

2196 4674 2379 4746 agnitu
2409 4675 2462 4730 in
2499 4676 2956 4746 subsequentibus
2983 4679 3107 4733 erit.

2813 4789 3041 4844 CAPUT
3079 4790 3139 4845 Il.

2621 4962 2958 5005 sacrosancta
3000 4953 3349 5007 dedicatione.

2266 5041 2388 5097 Erat
2413 5041 2634 5112 ιιι-πὼιο
2653 5041 2846 5097 Joanni
2872 5044 3010 5098 sicut
3034 5044 3249 5114 egregia
3273 5046 3468 5114 Stirpis
3499 5047 3777 5104 claritudo.
