3926 5326
1080 378 1395 439 msmmt
1436 367 1933 441 HASNONIENSIS
1971 377 2413 441 MONASTERIL

3272 390 3376 449 590

119 490 313 559 verum
340 500 441 557 Det
463 500 675 557 mansio
698 517 712 565 ;
738 513 857 569 qua:
891 498 945 555 in
977 496 1119 570 pago
1143 501 1507 556 Austrebanto
1538 500 1699 556 Scar—
1725 506 1774 565 Α
1874 499 2207 555 Waltoarius
2240 515 2383 555 anno
2410 517 2425 554 ι
2454 509 2509 556 et
2538 501 2701 557 semis

119 592 209 647 bin
242 591 458 661 adjaeet
484 590 668 655 ﬂuvio,
708 592 761 646 in
793 606 923 662 qua,
970 600 1029 645 ut
1072 591 1377 645 ctenobium
1419 592 1530 647 Deo
1572 606 1699 647 eon-

117 696 378 751 strueret,
409 685 513 739 sibi
542 684 826 753 sororique
855 699 966 740 sua:
998 682 1219 738 Eulaliae
1238 681 1351 752 jam
1386 693 1699 739 memorata:

116 776 395 841 convenit,
441 786 497 831 et
527 785 690 829 tantae
734 776 1040 830 devotionis
1077 774 1325 830 affectum
1353 774 1576 830 effectus
1614 791 1699 830 se—

117 866 319 937 quitur,
349 868 693 936 tandemque,
723 866 832 921 Deo
870 877 1215 935 cooperante,
1247 867 1547 936 perﬁcitur.
1577 867 1700 923 Cre-

113 969 267 1029 ptum
293 968 380 1014 est
408 968 588 1013 autem
618 958 719 1013 hoc
745 972 882 1026 opus
905 972 1048 1011 anno
1077 958 1359 1012 humanati
1395 956 1550 1012 Verbi
1577 974 1698 1012 sex-

114 1047 419 1102 centesimo
444 1048 861 1118 septuagesimo,
898 1046 1218 1101 Theoderici
1264 1049 1406 1119 regis
1444 1048 1539 1103 lilii
1571 1048 1694 1102 Clo-

114 1140 273 1193 dovei
321 1141 469 1209 regis
514 1150 567 1193 et
613 1138 873 1193 Bathildis
912 1139 1109 1209 regina:
1157 1154 1299 1193 anno
1342 1156 1413 1193 tv.
1455 1139 1699 1210 Cumque

111 1231 448 1285 architector
482 1240 783 1285 extremam
831 1232 981 1299 operi
1036 1246 1251 1299 manum
1280 1231 1538 1296 dedisset,
1569 1246 1699 1285 evo-

111 1331 237 1377 cato
289 1321 606 1376 venerando
667 1321 1081 1376 Cameracensis
1146 1322 1397 1377 Ecclesia:
1455 1322 1699 1377 antistite

114 1408 462 1473 Viudiciano,
498 1410 607 1464 Deo
642 1419 934 1479 sanctoque
971 1409 1131 1465 Petro
1162 1412 1300 1465 idem
1330 1411 1481 1465 locus
1514 1413 1699 1466 attitu-

110 1498 255 1551 latnr
280 1500 455 1569 pridie
482 1498 751 1555 Kalendas
775 1500 921 1554 Maii.
948 1500 1082 1554 Tutu
1114 1511 1301 1556 sancta
1327 1502 1456 1557 Sion
1490 1502 1698 1574 Sponso

109 1605 210 1644 suo
254 1590 473 1658 juncta,
535 1592 670 1647 ﬁlios
711 1602 912 1647 sancta:
959 1594 1263 1649 dilectionis
1320 1607 1555 1663 peperit,
1605 1610 1699 1663 per

110 1696 250 1750 quos
276 1682 499 1736 odorem
533 1682 791 1737 virtutum
841 1683 947 1737 late
990 1684 1270 1754 respersit,
1312 1684 1383 1739 ita
1423 1693 1482 1737 ut
1514 1684 1697 1738 exsul-

114 1780 237 1825 tans
266 1772 447 1827 dicere
474 1782 661 1843 posset
695 1788 708 1826 :
742 1772 876 1827 Cum
908 1785 1039 1829 esset
1074 1774 1187 1829 Rex
1214 1775 1272 1829 iu
1296 1775 1538 1829 accubitu
1576 1792 1695 1841 suo,

112 1868 312 1917 παι-αυτ
335 1880 450 1918 mea
470 1865 616 1918 dedit
647 1866 880 1920 odorem.

723 1986 954 2043 CAPUT
990 1987 1075 2043 lll.

182 2077 263 2133 De
288 2078 591 2134 illustribus
628 2079 864 2149 ejusdem
894 2079 1115 2134 ρωποι)Ξὶ
1153 2078 1523 2147 fundatoribus
1562 2096 1623 2133 ac

756 2150 1065 2206 rectoribus.

180 2240 263 2297 Ad
310 2240 583 2296 Joannem
640 2241 818 2296 virum
864 2242 1234 2297 venerabilem
1280 2241 1469 2299 redeat
1497 2242 1693 2307 oratio,

112 2336 203 2405 qui
234 2349 399 2388 causa
458 2342 514 2387 et
553 2334 879 2402 principium
928 2334 1053 2389 huic
1094 2333 1271 2389 fuerat
1308 2334 1586 2398 coenobio,
1643 2341 1698 2388 et

111 2424 408 2493 pra-missis
453 2423 705 2479 effectum
747 2425 1003 2489 daturus;
1058 2425 1253 2494 quibus
1300 2425 1344 2479 is
1384 2425 1698 2494 parentibus

111 2515 377 2585 originem
408 2515 650 2580 duxerit,
684 2530 929 2585 quosque
967 2530 1255 2586 germanos
1296 2514 1377 2569 vel
1409 2528 1698 2586 germanas

111 2604 385 2672 habuerit,
433 2605 653 2675 scriptis
705 2605 950 2676 signabo.
1006 2604 1104 2660 llic
1147 2604 1415 2659 Autbaldo
1462 2613 1615 2673 patre
1643 2611 1699 2657 et

109 2695 397 2751 Grimoara
429 2708 610 2752 matre
661 2707 837 2762 ortus,
870 2712 1159 2768 germanos
1194 2697 1381 2752 habuit
1410 2696 1695 2761 Aldonem,

110 2788 494 2860 Autgangum,
551 2789 928 2854 Adalbodum,
987 2789 1347 2853 Adalardum;
1412 2802 1699 2859 germanas

111 2896 243 2935 vero
270 2881 563 2946 Euialiam,
597 2880 914 2936 Bertrudem
952 2890 1007 2936 et
1033 2880 1421 2934 Adalunaram.
1452 2878 1699 2933 Habuere

112 2970 542 3039 hiarunculum,
575 2972 791 3027 nomine
828 2980 883 3027 et
924 2972 1120 3027 merito
1151 2972 1471 3027 Deodatum.
1527 2969 1699 3039 llique
1737 2982 1741 2984 '

113 3063 211 3116 viri
246 3073 303 3118 et
329 3062 547 3119 femina:
574 3064 979 3130 misericordia),
1020 3080 1249 3134 quorum
1286 3063 1512 3133 justitias
1558 3063 1699 3117 obli-

112 3135 333 3210 vionem
362 3172 467 3211 uon
496 3166 840 3226 acceperunt,
871 3156 1106 3226 Spiritus
1126 3156 1299 3212 sancti
1330 3156 1540 3212 fervore
1566 3170 1690 3209 con-

112 3258 271 3318 cepto
300 3259 628 3319 pepererunt
664 3251 939 3316 virtutem,
999 3266 1093 3320 per
1138 3267 1300 3321 quam
1347 3249 1699 3305 facultatibus

110 3341 351 3409 propriis
408 3356 467 3396 se
513 3341 881 3411 spoliaverunt
940 3342 1227 3413 locumque
1290 3343 1430 3397 hunc
1484 3341 1701 3410 egregie

113 3432 448 3486 ditat-erunt.
507 3432 748 3499 Quorum
801 3434 1010 3503 primus
1050 3431 1286 3487 Joannes
1322 3446 1444 3487 cum
1494 3430 1699 3484 Eulalia

113 3536 305 3578 sorore
333 3538 431 3577 sua
457 3523 637 3577 locum
669 3525 812 3579 hunc
838 3532 1161 3579 construens
1195 3521 1492 3578 honorifice
1530 3521 1697 3586 rexit,

114 3614 432 3684 sanctisque
471 3622 579 3668 tam
618 3630 799 3669 rerum
828 3630 1047 3671 suarum
1075 3628 1241 3684 quam
1270 3614 1527 3667 virtutum
1575 3628 1700 3683 pro-

111 3706 367 3762 ventibus
391 3707 446 3761 in
472 3707 640 3761 altum
663 3708 855 3761 erexit.
886 3707 983 3763 Cui
1023 3706 1189 3765 frater
1225 3707 1359 3762 Aldo
1380 3707 1698 3768 succedens,

114 3802 321 3857 relictis
371 3802 535 3856 rebus
594 3801 930 3873 conjugeque
980 3801 1193 3865 OEdila,
1246 3801 1489 3872 deposita
1543 3815 1699 3855 coma

114 3896 333 3964 capitis,
377 3895 574 3950 castris
617 3910 676 3950 se
717 3894 919 3950 Christi
962 3896 1187 3949 militem
1230 3895 1423 3949 eodem
1476 3892 1533 3947 in
1579 3892 1699 3947 loco

114 3986 408 4055 ascripsit;
438 3987 529 4055 qui
553 3984 699 4041 sicut
731 3987 992 4039 virtutum
1030 4000 1288 4041 ascensus
1330 3985 1380 4039 in
1412 3984 1577 4039 corde
1605 3997 1702 4038 suo

116 4075 405 4145 disposuit,
446 4077 517 4129 ita
566 4091 665 4146 per
694 4076 1095 4131 ecclesiasticos
1130 4077 1329 4147 gradus
1360 4074 1659 4130 ascendens
1683 4115 1699 4138 ,

115 4167 439 4237 presbyterii
481 4167 746 4222 honorem
782 4167 1036 4231 obtinuit,
1063 4182 1224 4236 quem
1261 4167 1465 4221 sanctis
1492 4166 1703 4220 actibus

118 4275 291 4329 usque
321 4260 387 4313 ad
417 4258 944 4315 consummationem
973 4258 1097 4311 vita:
1130 4257 1491 4313 decorabilem
1524 4257 1703 4312 reddi—

118 4349 215 4404 dit.
238 4350 303 4405 Et
327 4358 381 4405 ut
409 4363 634 4405 omnem
676 4356 946 4404 rectorum
989 4346 1231 4416 ejusdem
1271 4346 1373 4403 loci
1414 4347 1585 4403 lector
1621 4348 1703 4401 in-

119 4442 297 4497 veniat
320 4443 754 4506 successionem,
786 4441 926 4495 hanc
961 4439 1030 4495 ab
1062 4440 1298 4495 archivis
1328 4449 1599 4507 sumptam
1634 4438 1703 4494 le-

121 4545 204 4605 gat
229 4536 683 4610 descriptionem.

738 4622 967 4679 CAPUT
1004 4622 1092 4678 1V.

360 4718 821 4778 Commemoratio
851 4726 1111 4771 rectorum
1140 4717 1301 4785 hujus
1329 4716 1453 4770 loci.

186 4810 415 4868 Joannes
438 4812 588 4866 abba
613 4815 671 4863 et
698 4807 901 4862 Eulalia
926 4822 1081 4862 soror
1102 4805 1222 4876 ejus
1252 4815 1537 4862 tenuerunt
1568 4804 1706 4875 regi-

127 4918 243 4958 men
263 4900 660 4958 Hasnoniensis
684 4898 918 4954 cmnobii
948 4898 1104 4953 anuis
1127 4913 1259 4951 xm.

195 4993 323 5047 Διάο
348 4997 663 5063 presbyter,
692 4988 863 5042 frater
884 4987 1124 5058 praedicti
1155 4986 1400 5051 Joannis,
1424 4987 1579 5043 annis
1614 5002 1702 5039 xL.

127 5082 197 5136 At
216 5082 508 5149 Bertrudis,
525 5097 691 5139 soror
719 5081 857 5150 ejus,
880 5095 999 5134 cum
1021 5094 1087 5134 eo
1108 5078 1264 5133 annis
1286 5094 1378 5133 xx.
1396 5079 1702 5152 Sigebolda,

130 5192 285 5232 soror
318 5178 520 5253 prazfati
558 5173 817 5238 Aldonis,
849 5174 1017 5228 tenuit
1047 5187 1169 5227 eum
1215 5186 1281 5226 eo
1326 5174 1562 5243 regimen
1611 5188 1707 5225 an-

708 5280 730 5296 c
764 5265 1038 5296 Antinoo-nun
1084 5278 1137 5296 ιιι
1201 5261 1519 5296 Δδηιηηη-ἶη
1578 5265 1704 5296 :ln-n

134 5283 212 5296 ’διο
237 5284 324 5296 σει-ι
378 5279 424 5296 Α.
468 5276 587 5296 οιΑῆο
614 5276 701 5296 ιὶὶιι

1869 592 2109 661 Alpaidis
2135 608 2277 647 anno
2308 609 2439 648 uno.

1868 682 2139 736 Amadeus
2164 684 2321 737 annis
2350 684 2557 740 duobus
2579 694 2627 739 et
2662 684 2841 740 semis.

1872 771 2156 826 Adalulfus
2184 773 2341 826 annis
2370 789 2443 827 vtt
2476 785 2528 829 et
2558 790 2739 831 setius.

1871 861 2203 932 Algnitrudis
2228 864 2385 917 annis
2409 879 2463 918 ι.

1874 951 2251 1007 Ermeutrudis
2295 954 2607 1023 imperatrix
2643 965 2700 1011 et
2742 958 2925 1029 regina
2956 974 3079 1015 cum
3107 960 3212 1017 filia
3243 964 3372 1022 item

1798 1036 2153 1095 Ermentrudc
2183 1043 2340 1097 annis
2369 1059 2446 1098 tx.

1870 1130 2213 1201 Colliguntur
2265 1134 2316 1188 in
2370 1150 2579 1189 summa
2642 1137 2771 1192 anni
2821 1148 3038 1195 centum
3082 1145 3377 1213 nonaginta

1800 1231 2062 1291 quatuor.
2095 1221 2189 1277 His
2233 1225 2532 1279 rectoribus
2587 1226 2752 1284 multa
2797 1243 2894 1297 per
2941 1236 3185 1301 tempora
3225 1233 3377 1288 locus

1803 1311 1893 1366 hic
1917 1313 1968 1365 in
1993 1310 2109 1367 dies
2138 1314 2423 1383 processit,
2451 1327 2503 1370 et
2530 1318 2771 1386 adusque
2795 1319 2982 1374 ultima
3012 1320 3194 1377 Caroli
3219 1324 3373 1379 Calvi

1810 1413 2048 1474 tempora
2102 1406 2258 1475 rigidi
2306 1398 2553 1461 servator
2614 1409 2824 1464 honesti
2878 1414 3196 1481 permansit.
3265 1414 3378 1469 Nec

1800 1493 2055 1549 lectorem
2108 1505 2321 1550 moveat
2366 1499 2648 1568 utriusque
2684 1516 2848 1557 sexus
2892 1518 3152 1573 personas
3199 1507 3375 1563 eidem

1800 1586 1921 1641 ioco
1950 1587 2248 1657 przefuisse,
2279 1590 2549 1660 geminam
2577 1594 2773 1664 quippe
2801 1596 2852 1649 in
2883 1596 3091 1651 duobus
3117 1608 3382 1655 monasteo

1801 1681 1897 1736 riis
1924 1685 2310 1739 monachorum
2338 1700 2402 1741 ac
2426 1688 2915 1743 sanctimonialium
2944 1700 3221 1746 catervam
3246 1707 3381 1749 con-

1800 1784 1910 1831 stat
1935 1775 2119 1832 fuisse.
2151 1776 2317 1845 Cujus
2338 1779 2413 1834 rei
2444 1780 2601 1834 fidem
2642 1781 2769 1836 huic
2806 1781 3093 1839 collatione
3118 1785 3379 1841 similium

1724 1850 1772 1909 Β
1803 1870 2114 1924 testimonio
2151 1881 2397 1926 veterum
2448 1872 2606 1927 facile
2648 1874 2764 1928 fieri
2814 1883 3046 1931 constat.
3095 1876 3163 1931 Et
3205 1876 3383 1946 major

1798 1961 1995 2031 quippe
2038 1975 2103 2015 eo
2153 1961 2257 2017 loci
2311 1962 2491 2018 divina
2522 1966 2697 2034 gratia
2748 1965 2943 2033 fuerat,
2991 1969 3135 2039 quod
3172 1970 3267 2025 Dei
3323 1970 3379 2025 in

1797 2052 2080 2123 utriusque
2106 2068 2268 2109 sexus
2294 2068 2390 2111 ore
2411 2054 2578 2124 gloria
2605 2066 2881 2113 sonuerat.

2416 2164 2649 2223 CAPUT
2687 2168 2753 2223 V.

1801 2253 1953 2319 Quod
1972 2253 2308 2326 Ementtjudis
2334 2256 2525 2326 regina:
2542 2259 2721 2326 petitio
2746 2264 2983 2315 eumdem
3005 2262 3174 2318 locum
3198 2261 3381 2320 Caroli

2149 2324 2295 2379 Calvi
2323 2324 2703 2394 muniﬁcuverit
2740 2330 3012 2400 beneﬁcio.

1867 2415 2097 2471 Praefata
2154 2434 2389 2489 namque
2448 2421 2826 2481 Ermeutrudis
2870 2428 3172 2485 nobilitatis
3221 2429 3382 2486 titulo

1800 2508 2014 2577 egregie
2044 2509 2312 2578 pollebat,
2335 2525 2497 2580 quem
2532 2515 2742 2569 meritis
2770 2526 2824 2571 et
2855 2518 3116 2588 sapientia
3148 2522 3381 2592 egregiis

1799 2599 2158 2655 decorabilem
2207 2602 2467 2657 reddebat
2502 2604 2637 2659 adeo
2679 2616 2737 2660 ut
2778 2607 2831 2662 in
2881 2608 3120 2666 fascibus
3163 2612 3379 2682 imperii

1799 2688 2057 2745 humilem
2113 2691 2414 2747 mirareris.
2450 2691 2560 2748 Nec
2587 2697 2763 2766 magni
2801 2699 2989 2753 habuit
3011 2700 3130 2755 sine
3162 2701 3381 2756 humili-

1804 2791 1913 2837 tate
1963 2791 2018 2836 et
2062 2783 2330 2838 eharitate
2361 2800 2627 2856 regnare;
2678 2790 2873 2857 quibus
2910 2790 3011 2847 alis
3050 2792 3117 2847 de
3148 2794 3380 2848 terrenis

1799 2874 1867 2927 ad
1895 2872 2136 2927 coelestia
2168 2874 2357 2929 didicit
2399 2876 2638 2931 evolare.
2682 2877 2738 2931 In
2782 2882 3114 2936 consortium
3156 2884 3382 2953 proinde

1803 2982 1913 3021 sua:
1959 2970 2179 3024 virtutis
2219 2985 2387 3025 carne
2414 2978 2471 3026 et
2498 2972 2689 3041 spiritu
2720 2983 3004 3044 pepererat
3040 2974 3229 3041 tiliam,
3277 2993 3381 3031 uo-

1804 3062 1946 3115 mine
1982 3063 2081 3116 sibi
2110 3063 2467 3133 tequivocam,
2494 3065 2590 3119 sed
2615 3066 2824 3122 meritis
2867 3068 3186 3135 univocam;
3214 3085 3379 3140 quam

1803 3152 1981 3207 verbis
2016 3162 2069 3207 et
2104 3154 2367 3224 exemplis
2426 3155 2629 3221 docuit,
2690 3172 2756 3212 ac
2798 3158 2865 3212 ad
2911 3160 3075 3213 totius
3116 3158 3382 3215 bonitatis

1754 3238 1770 3257 '
1806 3260 2040 3315 unguem
2075 3246 2327 3301 instituit.
2368 3246 2607 3313 Quarum
2639 3249 2812 3303 virtus
2842 3249 2979 3304 adeo
3013 3250 3258 3306 excrevit
3294 3258 3379 3317 ut,

1804 3337 1992 3391 relicta
2019 3337 2202 3393 szeculi
2230 3353 2454 3408 pompa,
2493 3353 2552 3393 se
2584 3341 2803 3405 mundo,
2830 3341 3087 3397 mundum
3121 3342 3225 3396 sibi
3254 3359 3384 3396 cru-

1802 3428 2105 3498 cingerent,
2139 3429 2561 3500 prazscriptoque
2600 3430 2657 3485 in
2706 3431 2821 3486 loco
2851 3430 3066 3486 feminae
3104 3432 3157 3486 in
3184 3432 3383 3489 castris

1802 3518 2099 3573 Dominicis
2127 3520 2323 3574 milites
2355 3520 2571 3585 tierent,
2602 3522 2890 3591 locumque
2926 3523 3071 3577 hunc
3102 3532 3213 3577 tum
3248 3539 3380 3579 con-

1804 3605 1939 3661 siliis
1973 3615 2084 3661 tum
2123 3607 2284 3661 rebus
2312 3608 2574 3673 ditavere,
2615 3619 2777 3679 atque
2818 3618 2927 3665 tam
2964 3610 3129 3682 regali
3166 3612 3382 3667 munifi-

1809 3700 1985 3754 centia
2009 3714 2167 3768 quam
2192 3700 2470 3770 privilegio
2496 3702 2943 3757 corroboravere.
2978 3701 3223 3757 Habebat
3242 3712 3376 3759 tunc

1806 3791 1858 3846 in
1886 3792 2114 3861 sceptris
2147 3790 2377 3846 Francia
2416 3794 2649 3862 primum
2680 3793 2976 3864 principem
3008 3794 3088 3849 sui
3118 3794 3377 3850 Carolum

1804 3884 2124 3953 Augustum,
2167 3884 2485 3954 cognomine
2527 3884 2770 3949 Calvum,
2829 3885 2970 3955 apud
3024 3900 3186 3954 quem
3236 3899 3383 3955 saepe

1806 3985 2155 4031 memoratam
2183 3977 2594 4033 Ermentrudem
2624 3977 2913 4049 plurimum
2945 3993 3102 4049 posse
3122 3981 3248 4036 hinc
3277 3994 3383 4034 no-
3414 3998 3418 4003 ·

1805 4066 2009 4130 bilitas.
2050 4068 2177 4122 hinc
2202 4067 2459 4139 'probitas
2500 4067 2669 4138 ipsius
2701 4068 2892 4124 habuit
2938 4068 3193 4129 eﬂicere-
3229 4068 3387 4126 Unde

1805 4160 1966 4215 etiam
2017 4160 2275 4230 petitione
2324 4160 2491 4230 ipsius
2533 4159 2679 4231 regia
2723 4174 2780 4215 se
2818 4160 3073 4231 majestas
3101 4160 3227 4216 huic
3265 4160 3387 4217 !oco

1808 4253 2107 4317 inclinavit,
2139 4268 2299 4323 quem
2327 4264 2379 4309 et
2403 4253 2767 4310 munificentia
2799 4254 3007 4310 ditavit.
3040 4254 3151 4311 Nec
3179 4256 3388 4329 pigebit

1804 4360 1871 4399 ex
1928 4344 2164 4399 archivis
2218 4342 2457 4412 ejusdem
2510 4346 2823 4402 monasterii
2883 4348 3185 4419 przescripti
3241 4342 3420 4422 regis.

1804 4437 2144 4508 privilegium
2185 4437 2271 4492 hic
2320 4453 2640 4508 supponere,
2677 4454 2740 4494 ac
2780 4439 3081 4511 legentibus
3106 4441 3386 4512 superbis
3418 4444 3421 4445 ⁷

1735 4542 1781 4600 ι)
1808 4545 1929 4600 qua:
1955 4529 2205 4593 dicimus,
2244 4530 2401 4584 fidem
2437 4528 2636 4584 facere.

2414 4641 2642 4698 CAPUT
2683 4642 2767 4699 Vl.

1806 4732 1888 4786 Ad
1932 4733 2213 4787 tutandum
2234 4734 2388 4803 fidem
2428 4734 2715 4803 cAwnobium
2758 4742 3019 4803 sumptum
3052 4749 3119 4789 ea:
3146 4734 3384 4795 'archivis

2214 4802 2391 4856 Caroli
2429 4799 2575 4856 Calvi
2611 4799 2960 4872 privilegium.

1882 4913 1901 4944 ι
1938 4892 1991 4947 In
2009 4892 2228 4947 nomine
2241 4902 2440 4947 sanctae
2465 4892 2820 4946 etindividute
2832 4880 3131 4947 Trinitatis.
3149 4894 3385 4956 Carolus

1809 4983 2183 5040 misericordia
2210 4984 2326 5049 ;Dei
2373 4984 2671 5052 imperator
2696 4982 2983 5049 Augustus.
3013 4980 3072 5036 Si
3098 4998 3389 5043 servorum

1810 5079 1903 5133 Dei
1978 5074 2298 5131 utilitatibus
2368 5074 2734 5130 subveniendo
2794 5072 3141 5133 conferimus,
3201 5078 3366 5143 profit

1812 5178 1989 5223 turum
2036 5165 2192 5219 nobis
2248 5167 2351 5220 hoc
2396 5162 2466 5217 ad
2517 5172 2777 5219 arternam
2830 5161 3220 5217 beatitudinem
3266 5165 3395 5222 fore

1809 5258 1956 5296 ηιιΙΙη
2007 5255 2165 5296 mmin
2206 5254 2547 5296 amhiaimue-
2602 5255 2944 5296 nutanmnler
2996 5250 3212 5296 noverit
3272 5270 3399 5296 nm-
