3926 5326
140 352 254 410 ⁸695

756 466 982 523 CAPUT
1040 468 1129 522 IX.

142 581 307 646 Quod
329 597 486 650 super
510 580 669 649 hujus
692 578 793 661 Ιοςὶ
823 584 1201 703 restu’uratione
1220 585 1394 639 diriua
1431 588 1729 641 admonitus

722 662 788 703 stt
838 668 947 703 rere
971 666 1164 703 attone.

722 662 788 704 stt
838 662 1164 707 reuelatione.

216 741 353 796 Cum
382 756 412 793 a
438 739 744 811 gratissima
759 740 1001 809 pueritim
1022 757 1132 796 sua:
1154 743 1330 798 indole
1351 744 1731 802 aikrlesrentire

142 834 531 903 ingrederetur
582 846 773 896 annos,
828 832 1085 907 languore
1137 835 1286 904 gravi
1328 852 1432 890 non
1461 836 1631 891 solum
1664 839 1730 891 ad

141 926 371 988 lectum,
398 926 493 978 sed
523 924 588 978 ad
614 924 1043 995 desperationem
1068 941 1235 996 usque
1260 928 1565 998 eorruit;.et
1589 930 1732 983 sicut

143 1018 311 1074 facile
371 1019 521 1091 [atri
556 1033 712 1088 spem
753 1027 808 1075 et
836 1019 1093 1089 gaudium
1144 1021 1249 1087 sui,
1294 1024 1469 1092 quoad
1515 1024 1649 1078 vixit
1678 1034 1733 1077 et

145 1111 343 1177 valuit,
373 1111 454 1165 sic
500 1108 750 1166 timorem
789 1124 897 1164 non
922 1110 1039 1165 sine
1068 1111 1254 1168 dolore
1297 1113 1471 1171 eidem
1498 1124 1733 1182 mgiotus

144 1220 186 1258 δ’
210 1202 454 1266 δοιινίι,
477 1202 612 1256 adeo
627 1202 822 1257 utbiuc
839 1201 931 1256 filii
959 1203 1237 1273 languore,
1268 1203 1393 1259 hinc
1415 1209 1581 1273 patris
1600 1219 1735 1261 mte-

147 1310 274 1347 rore
299 1308 517 1348 onnem
533 1294 739 1347 curiam
769 1293 979 1348 doleres
999 1288 1313 1360 condolere;
1332 1294 1425 1349 sed
1445 1304 1592 1350 tanto
1609 1296 1733 1351 l;uic

146 1388 300 1456 per'c
339 1385 393 1440 Io
413 1386 469 1439 in
504 1385 687 1441 linalis
707 1385 1418 1444 caelisinclinavitsedivina
1432 1388 1624 1444 misera
1637 1390 1729 1455 tio,

144 1485 574 1544 sanctorumque
598 1475 889 1531 Marcellini
907 1487 961 1531 et
982 1476 1263 1532 Petricuni
1293 1478 1495 1534 Sancto
1519 1488 1733 1535 sancto-

148 1586 270 1625 rum
305 1571 459 1625 visita
470 1570 565 1637 tio,
585 1585 705 1639 qua:
742 1580 797 1626 et
818 1569 1093 1641 languoris
1108 1572 1158 1626 in
1174 1572 1305 1638 lilio,
1330 1581 1384 1628 et
1405 1573 1651 1627 maeroris
1678 1574 1731 1627 in

148 1671 305 1730 patre
330 1660 591 1716 abstersit
613 1661 1035 1719 incommodum.
1084 1662 1218 1718 Nam
1246 1674 1450 1735 aegroto
1466 1665 1735 1736 scmivigi-

147 1750 277 1807 lauti
311 1752 522 1822 praefati
550 1762 816 1822 martyres
848 1754 951 1809 visi
998 1764 1125 1810 sunt
1154 1756 1413 1823 astitisse,
1445 1766 1499 1811 et
1538 1758 1591 1812 in
1618 1756 1735 1811 lucc

144 1846 536 1900 consolationis
582 1847 744 1901 verba
800 1849 1141 1918 prorupisse:
1179 1849 1291 1904 Ilac
1311 1848 1631 1920 aegritudine
1684 1859 1733 1906 te

149 1952 308 2005 posse
341 1936 561 1992 liberari
601 1938 839 2005 noveris,
902 1939 947 1994 si
972 1948 1024 1994 te
1065 1938 1305 1995 futurum
1347 1941 1732 1997 llasnoniensis

146 2022 251 2079 loci
306 2036 689 2081 rrmvatorem
717 2028 952 2083 vox-eris.
984 2028 1182 2085 Mansit
1221 2039 1353 2086 tunc
1391 2032 1733 2101 temporiseo

144 2113 267 2167 loco
318 2114 689 2171 \Vintlmricns
736 2117 979 2186 quidam.
1032 2134 1138 2174 non
1190 2122 1370 2177 minus
1405 2121 1555 2176 vitiis
1589 2122 1732 2192 quod

146 2206 353 2261 d;vitis
375 2207 681 2274 abundans,
704 2209 758 2263 in
798 2220 1026 2281 utroque
1058 2226 1366 2281 pervorsus,
1394 2212 1522 2269 dum
1543 2214 1596 2269 in
1628 2229 1739 2269 uno

146 2312 338 2352 cornu
371 2308 553 2368 posset
605 2314 724 2356 esse
772 2310 1045 2371 utcunque
1074 2304 1282 2367 bonus;
1332 2304 1382 2359 in
1412 2322 1518 2361 uno
1543 2319 1732 2361 eorum

150 2387 295 2440 enim
324 2404 596 2457 quemque
627 2404 992 2460 possessorem
1012 2407 1232 2464 semper
1251 2394 1474 2454 malum.
1493 2393 1547 2448 in
1562 2395 1735 2449 altero

149 2492 295 2547 sepe
326 2479 555 2549 conligit
583 2496 704 2536 esse
755 2482 972 2537 bonum.
1012 2482 1147 2537 Nam
1190 2485 1367 2539 omnis
1391 2486 1736 2556 circumqua-

146 2583 257 2638 que
277 2569 432 2637 regio
480 2571 575 2624 tali
609 2572 725 2625 viro
755 2574 911 2642 quasi
963 2583 1116 2644 peste
1168 2576 1471 2643 laborabat,
1522 2588 1578 2632 et
1636 2594 1734 2648 pro

150 2656 442 2714 afﬂictione
469 2676 565 2714 sua
600 2661 763 2717 tonus
821 2671 975 2720 terra:
1029 2665 1170 2721 illius
1197 2682 1299 2722 vos
1327 2667 1393 2721 ad
1436 2667 1601 2722 Deum
1631 2668 1736 2722 cla-

154 2751 375 2815 matat;
407 2760 459 2806 et
482 2768 609 2807 erce
643 2752 697 2807 in
727 2753 919 2809 eadem
946 2756 1046 2811 bac
1084 2757 1412 2813 revelatione
1435 2768 1732 2827 martyrum

150 2858 405 2909 suorum,
462 2847 778 2901 recordatus
822 2856 905 2902 est
954 2849 1215 2907 Dominus
1259 2852 1482 2908 scabelli
1540 2854 1733 2923 pedum

150 2950 373 2989 sitorum
403 2954 415 2989 :
448 2952 569 2991 nam
604 2938 826 3009 praefato
865 2942 1126 2998 Balduino
1156 2946 1440 3016 :egroranti
1489 2960 1551 2999 ac
1574 2946 1737 3000 semi-

151 3026 396 3097 viglinti
425 3030 596 3083 santti
652 3046 789 3101 quos
821 3034 1251 3105 praeseripsimus
1287 3045 1552 3107 martyres
1589 3034 1733 3104 adje.

149 3128 349 3173 cerunt
382 3119 687 3187 inculcare,
729 3133 785 3177 ut
818 3124 1212 3182 Wintltericum
1260 3130 1479 3183 nomine
1527 3137 1581 3182 et
1608 3138 1731 3181 actu

149 3226 183 3264 c
217 3213 490 3266 nti-arium
522 3230 688 3280 regno
712 3216 1064 3287 compelleret
1118 3219 1241 3274 inde
1299 3220 1552 3288 migrare.
1586 3218 1735 3273 Hanc

154 3304 544 3360 revelationem
578 3306 796 3364 Bruchii
831 3309 1052 3376 factam,
1097 3311 1226 3380 quia
1285 3311 1523 3366 fidelium
1561 3309 1734 3365 relatu

150 3394 468 3463 didicimus,
496 3398 707 3453 fidelem
735 3399 962 3456 fideliter
976 3401 1737 3471 credidimus,credentesque

152 3487 377 3557 scriptis
409 3489 753 3546 tradidimus.

787 3582 1015 3640 CAPUT
1058 3584 1124 3638 Χ.

150 3688 307 3754 Quod
331 3690 571 3768 currulem
599 3690 768 3768 torum
786 3695 963 3768 patris
987 3696 1344 3765 muniﬁcentia
1368 3698 1731 3768 impetraverit,

327 3762 417 3814 sed
450 3763 823 3817 admonitionis
854 3765 1044 3819 divina:
1079 3762 1351 3823 immemor
1378 3762 1557 3838 luerit.

220 3850 351 3905 Erat
381 3868 447 3905 eo
474 3854 818 3909 revelatiouis
862 3865 1101 3928 tempore
1139 3859 1406 3929 gloriosus
1433 3862 1736 3918 nmrrbisus

149 3941 192 3995 Β
226 3940 446 3996 Iduinus
496 3958 557 3999 as
590 3943 744 4000 idens
784 3946 913 4012 tilio,
971 3949 1061 4018 qui
1107 3948 1221 4017 jam
1270 3952 1737 4023 conclamatusja-

150 4035 332 4100 cubat,
358 4035 442 4089 cui
477 4036 541 4089 ad
566 4037 962 4094 observandum
987 4050 1289 4097 extremum
1319 4045 1566 4115 Spiritum
1594 4048 1737 4103 velut

141 4126 252 4195 jam
318 4128 543 4197 jamque
588 4130 879 4194 exiturum,
914 4147 1130 4187 cereum
1190 4135 1467 4189 ardentem
1507 4148 1736 4205 praetim-

145 4217 359 4271 debat:
402 4218 496 4272 sed
537 4219 679 4273 tilias
731 4221 819 4274 diu
873 4223 1060 4278 oculos
1109 4224 1162 4277 in
1202 4225 1441 4281 esstasiu
1486 4228 1645 4281 siuml
1684 4236 1737 4282 et

146 4305 469 4378 languorem
503 4311 719 4365 clausos
760 4313 1010 4381 aperuit:
1041 4313 1278 4385 linguam
1322 4316 1375 4371 in
1410 4318 1570 4373 verba
1631 4319 1736 4375 bal-

144 4400 415 4455 butientia
459 4404 637 4471 potius
667 4404 753 4458 vix
806 4406 977 4459 movit
1011 4422 1174 4477 quam
1207 4410 1531 4478 composuit,
1564 4413 1731 4481 patri-

141 4508 251 4561 qne
284 4493 502 4548 blandis
529 4511 588 4549 se
643 4500 985 4553 sermonibus
1030 4514 1191 4571 super
1236 4501 1408 4555 saluto
1435 4503 1519 4557 sui
1549 4504 1732 4558 scisci-
1766 4522 1813 4583 υ

144 4583 309 4649 tmti,
330 4586 462 4655 quid
489 4587 687 4642 viderit
729 4589 931 4643 retulit.
978 4588 1188 4659 Adjecit
1212 4591 1436 4661 insuper
1464 4607 1520 4645 se
1544 4593 1733 4648 salutis

144 4690 257 4729 sua:
288 4691 449 4745 posse
486 4677 604 4733 ﬁeri
636 4690 963 4749 compotem,
990 4682 1034 4736 si
1068 4697 1127 4737 se
1160 4683 1266 4737 voti
1300 4684 1382 4738 sui
1411 4684 1589 4738 divina
1619 4686 1732 4741 ins-

142 4767 307 4834 pirati
338 4768 669 4826 revelatioue
694 4782 847 4841 pater
874 4772 1078 4829 faceret
1125 4784 1453 4845 compotem.
1492 4777 1735 4847 Cumque

141 4857 263 4910 salu
294 4857 341 4913 is
396 4858 489 4913 lilii
522 4868 679 4928 pater
708 4870 991 4934 tantopere
1041 4865 1288 4933 cupidus,
1320 4866 1448 4936 quid
1481 4875 1605 4921 voto
1631 4868 1730 4922 sibi

143 4947 361 5002 sederet
408 4950 728 5018 requisisset
750 4953 1042 5017 sollicitus;
1098 4963 1155 5007 ut
1185 4954 1612 5013 IIasuouiensent
1656 4958 1735 5013 Io-

143 5056 269 5095 cum
312 5040 412 5095 sibi
444 5042 586 5097 dono
618 5044 890 5100 conferret
918 5045 1127 5116 rogavit
1156 5054 1209 5099 et
1240 5046 1567 5117 impetravit.
1600 5048 1731 5105 Nam

146 5131 627 5187 circumstantibus
680 5135 1002 5204 quibusdam
1066 5136 1379 5202 curialibus,
1408 5154 1544 5208 quos
1584 5154 1732 5193 mar-

147 5226 333 5281 chisns
378 5226 446 5282 ad
500 5228 866 5297 spectaculum
941 5226 1025 5285 sui
1068 5230 1319 5283 moemris
1376 5231 1616 5295 admisit,
1643 5248 1732 5287 ce-

1109 352 1429 415 HISTORIA
1470 356 1970 415 IIASNONIENSIS
2006 357 2443 417 LIONASTERII.

3298 358 3367 413 59
3378 359 3407 414 Ιι

1765 483 1806 539 Λ
1836 472 2046 541 plenam
2076 490 2225 543 aeque
2273 475 2498 528 salutem
2533 473 2646 543 jam
2696 486 2859 526 sanus
2894 471 3146 527 obtinuit.
3196 470 3325 533 Sed,
3349 481 3410 524 ut

1833 580 1973 634 stupe
2009 566 2142 619 solet
2177 565 2396 620 lubricis
2423 579 2543 619 cum
2590 564 2764 619 salute
2794 565 2974 618 carnis
3002 564 3295 632 subrepere
3320 564 3404 616 in-

1834 654 2061 709 ﬁrmitas
2090 656 2307 719 mentis,
2338 654 2649 710 adolescens
2688 654 2992 709 marebisus
3039 654 3091 708 in
3120 653 3207 707 die
3241 652 3409 706 bono-

1832 762 1972 809 rum,
2004 745 2175 800 factus
2206 747 2487 800 immemor
2514 744 2796 809 malorum,
2829 746 2955 800 dum
3022 753 3237 813 portum
3287 758 3419 795 cor-

1832 849 2007 904 poreze
2022 835 2163 889 subit
2178 833 2389 898 salutis,
2414 845 2535 905 post
2556 834 2897 906 naufragium
2922 833 3196 906 languoris
3216 832 3411 887 divimc

1833 928 1993 996 quam
2016 927 2222 981 viderat
2252 926 2587 982 obliviscitur
2610 926 2853 982 visionis.

2429 1037 2658 1093 CAPUT
2715 1038 2803 1092 XI.

1836 1130 1988 1197 Quod
2041 1131 2144 1183 ictu
2192 1128 2310 1183 belli
2356 1130 2648 1190 sauciatus,
2700 1140 2745 1182 et
2792 1130 2855 1183 de
2909 1133 3015 1183 vita
3069 1129 3423 1195 periclitatus,

1904 1200 2080 1253 divina
2108 1215 2289 1253 rursus
2338 1201 2531 1255 uisione
2575 1215 2729 1270 super
2770 1201 2865 1253 hoc
2894 1200 3005 1253 loco
3028 1200 3093 1253 sit
3119 1214 3415 1253 commone-

1902 1271 2095 1339 factm.

1906 1381 2229 1437 Succedenti
2282 1389 2524 1452 tempore
2577 1382 2643 1435 ad
2696 1382 2861 1436 rolmr
2894 1382 3047 1437 virile
3097 1392 3411 1453 provectus,

1833 1471 2292 1540 cumﬁerviorum
2321 1474 2656 1540 comitatum,
2698 1483 2754 1527 ut
2791 1474 3237 1543 praeseripsimus,
3263 1485 3409 1532 esset

1835 1564 2079 1633 adeptus,
2101 1563 2427 1620 ﬂammantis
2451 1564 2734 1619 discordia:
2756 1564 3017 1636 ﬂagellum
3035 1566 3242 1620 immite
3268 1567 3411 1621 inter

1832 1653 2139 1710 Orientales
2163 1665 2215 1710 et
2262 1654 2622 1711 Flandrenses
2650 1657 2816 1711 movit
2844 1656 3063 1712 bellum.
3116 1654 3269 1713 Unde
3290 1657 3415 1712 Bal-

1837 1742 2035 1800 duiuus
2064 1745 2333 1813 gloriosus
2387 1746 2716 1813 marcbisus,
2772 1745 2965 1801 accitis
3015 1760 3151 1816 quas
3203 1756 3420 1816 poterat

1766 1828 1806 1886 Β
1834 1836 2027 1907 copiis,
2078 1836 2508 1908 Autuerpienscs
2548 1836 2684 1892 fines
2724 1838 2875 1908 regni
2908 1838 2990 1894 sui
3025 1838 3260 1893 termino
3290 1854 3419 1891 cou-

1836 1927 2030 1997 tiguos,
2056 1943 2227 1998 eoque
2250 1928 2421 1998 magis
2470 1928 2715 1992 infestos,
2772 1930 2990 1998 aggredi
3019 1937 3207 2003 parat;
3261 1940 3316 1983 et
3344 1931 3420 1983 di-

1836 2020 1967 2075 visis
1996 2020 2348 2086 exercitibus,
2400 2019 2523 2075 hinc
2560 2020 2760 2086 navali,
2814 2021 2939 2075 hinc
2975 2022 3215 2091 equestri
3245 2032 3421 2076 certa-

1835 2113 2003 2179 mine,
2060 2124 2231 2169 semet
2286 2114 2531 2179 navibus,
2577 2112 2853 2183 iuniorem
2912 2115 3244 2171 marcliisum
3300 2115 3422 2169 Bal-

1836 2205 2055 2260 duinum
2084 2222 2317 2276 praeesse
2345 2206 2511 2260 voluit
2536 2207 2840 2276 equitibus:
2871 2208 2963 2262 sed
2988 2209 3179 2263 eodem
3201 2207 3423 2277 jnniore

1836 2296 2106 2351 marcbiso
2128 2297 2467 2367 equitatuum
2519 2306 2701 2353 castra
2747 2313 2811 2353 eo
2838 2313 2944 2368 quo
2976 2298 3277 2354 intenderat
3321 2300 3420 2353 dn-

1834 2396 2013 2453 cente,
2068 2396 2119 2442 et
2146 2404 2268 2443 eum
2310 2389 2497 2457 paucis
2521 2430 2535 2454 ,
2566 2397 2626 2443 ut
2654 2398 2781 2444 tunc
2807 2400 3034 2445 eventus
3063 2390 3268 2455 habuit,
3306 2392 3419 2445 lon-

1834 2476 2077 2548 giuscule
2126 2492 2155 2532 ι
2209 2479 2604 2549 posterioribus
2641 2490 2944 2535 castrorum
2994 2481 3093 2537 iter
3118 2492 3335 2552 agente,
3369 2484 3419 2537 in

1838 2568 2049 2623 hostem
2101 2567 2153 2622 in
2214 2569 2424 2625 Insidiis
2478 2572 2940 2627 succentnriatum
2988 2574 3310 2644 improvisus
3344 2575 3418 2628 in-

1836 2658 1986 2723 cidit,
2020 2673 2184 2728 seque
2211 2674 2445 2730 suosque
2472 2661 2743 2715 constanti
2766 2662 2993 2717 audacia
3020 2678 3142 2717 cum
3165 2663 3414 2725 consilio,

1836 2758 1893 2803 ut
1916 2749 2107 2820 potuit,
2139 2742 2408 2806 armavit:
2450 2753 2696 2807 coruinus
2746 2753 3019 2823 utrimque
3046 2756 3419 2825 congreditur,

1836 2840 2031 2894 bellum
2061 2839 2385 2907 conseritur,
2411 2841 2605 2912 gladiis
2624 2843 2759 2913 jam,
2792 2859 2896 2897 non
2924 2845 3217 2900 missilibus
3243 2861 3417 2914 pugna

1838 2932 2061 3002 geritur,
2103 2949 2333 3002 cmnqne
2383 2934 2656 3004 utrimque
2717 2936 2805 2990 diu
2862 2946 3128 3002 certatur,
3197 2937 3411 2991 IIOthlll

1838 3022 2114 3079 fortiorem
2202 3026 2647 3097 infestioremque
2727 3029 3026 3085 "ubertum
3129 3030 3417 3098 quemdam

1840 3118 2143 3173 marebisus
2170 3119 2397 3184 invadit,
2425 3121 2652 3183 sauciat,
2686 3124 2961 3177 sauciatus
2982 3129 3036 3176 et
3068 3121 3181 3190 ipse
3213 3122 3419 3191 dejieit.

1839 3210 1994 3279 cujus
2044 3210 2275 3281 dejectio
2334 3222 2389 3265 et
2438 3212 2677 3283 reliquos
2726 3214 2960 3268 hostium
3008 3212 3143 3282 fuga:
3167 3213 3337 3277 dedit,
3369 3224 3417 3267 et

1840 3318 2076 3374 pugnam
2110 3305 2330 3358 exemit.
2362 3302 2607 3357 Manibus
2660 3320 2880 3359 suorum
2904 3305 3089 3376 junior
3121 3305 3421 3361 tnarebisus

1839 3394 2152 3450 Gandavum
2183 3398 2411 3463 vehitur,
2446 3416 2510 3455 ac
2540 3418 2644 3453 non
2697 3399 2923 3455 modicis
2950 3399 3138 3454 diebus
3163 3416 3266 3454 non
3304 3416 3418 3451 mo—

1837 3486 1943 3541 dici
1983 3487 2221 3542 vulneris
2266 3488 2525 3559 languore
2549 3490 2820 3561 amigitur.
2858 3489 3101 3558 Cumque
3139 3489 3249 3559 jam
3285 3503 3423 3557 pene

1837 3576 1903 3631 de
1932 3578 2035 3631 vita
2066 3578 2487 3649 periclitaretur,
2545 3582 2741 3635 divina:
2801 3597 2965 3651 super
3030 3580 3305 3634 Ilasnouio
3337 3597 3419 3633 re-

1838 3670 2122 3726 velationis
2155 3689 2248 3742 per
2275 3673 2719 3729 Salakouem'sui
2769 3675 2896 3730 olim
2954 3684 3188 3728 tutorem
3239 3674 3404 3727 admo

1839 3770 2028 3827 netur;
2062 3772 2270 3833 patrem
2299 3766 2391 3833 qui
2436 3775 2561 3819 tunc
2602 3777 2828 3820 ittmstus
2857 3766 3065 3828 aderat,
3096 3781 3259 3834 super
3299 3766 3419 3819 bur.

1839 3870 2090 3912 sermone
2126 3874 2232 3927 quo
2283 3858 2475 3925 putuit,
2505 3858 2790 3919 convenit,
2830 3872 2954 3911 cum
3006 3873 3135 3926 quo,
3164 3866 3220 3908 ut
3270 3856 3394 3908 Win

1842 3945 2130 4012 therieum,
2193 3948 2279 4000 cui
2338 3946 2674 3999 Ilasuonium
2731 3955 2858 3999 tunc
2904 3946 3398 4014 competebat,cvn

1838 4046 2008 4103 caret,
2033 4037 2322 4093 consilium
2352 4038 2579 4092 invenit.
2611 4038 2884 4092 Evocatur
2909 4051 3073 4106 super
3099 4037 3427 4089 coueambiu

1841 4132 2118 4197 Ilasnonii,
2146 4132 2341 4187 blande
2371 4133 2711 4195 convenitur,
2752 4133 2846 4185 sed
2877 4130 2969 4183 diu
3018 4126 3438 4198 postulantibus-

1839 4240 1999 4280 aures
2025 4234 2253 4292 tantum,
2287 4241 2393 4281 non
2416 4241 2719 4288 assensum,
2745 4224 2993 4295 praebuit.

2438 4337 2665 4393 CAPUT
2707 4336 2818 4390 XII.

1843 4429 1914 4483 De
1942 4440 2112 4484 castro
2145 4428 2506 4484 Iiasuouiense
2535 4448 2565 4482 η
2594 4429 2807 4496 juniore
2857 4428 3122 4482 Ba/duiuo
3148 4428 3265 4496 igne
3301 4446 3416 4482 ere:

1983 4510 2121 4554 mata
2148 4541 2160 4564 ,
2191 4502 2280 4554 sed
2310 4500 2480 4555 denuo
2504 4517 2535 4553 a
2563 4499 2886 4554 Wintherico
2933 4499 3273 4567 modiﬁcato.

1906 4592 2072 4662 Igitur
2095 4607 2237 4662 saepe
2260 4602 2590 4648 memoratus
2615 4592 2909 4648 Balduinus
2936 4592 3194 4648 cicatrice
3226 4594 3435 4649 vulnus

1835 4684 2137 4738 obducente
2167 4684 2461 4747 convaluit,
2493 4691 2659 4753 utque
2687 4683 2900 4738 eﬂeetui
2925 4682 3162 4737 divinam
3215 4688 3418 4739 manci~

1835 4782 1989 4843 paret
2031 4773 2482 4837 admonitionem,
2536 4772 2817 4826 elaborare
2849 4772 3103 4827 instituit.
3155 4772 3261 4827 Sed
3288 4774 3421 4842 quid

1835 4872 2034 4933 ageret,
2067 4864 2157 4933 qui
2185 4864 2329 4917 nulla
2365 4862 2576 4917 ratione
2601 4861 2653 4915 in
2706 4864 2930 4931 praefato
2954 4862 3293 4918 Wintlterico
3318 4879 3418 4917 nec

1835 4954 2161 5009 obstinatam
2187 4963 2445 5018 mentem,
2486 4967 2587 5008 nec
2633 4954 2829 5009 surdas
2877 4954 2942 5007 ad
2988 4955 3419 5015 assentiendum,

1836 5061 1905 5100 ne
1935 5046 2110 5099 dicam
2170 5046 2234 5100 ad
2290 5046 2643 5109 audiendum,
2694 5061 2859 5103 aures
2917 5045 3176 5100 inclinare
3211 5044 3419 5116 potuit?

1842 5140 2021 5195 Virtus
2045 5139 2229 5208 igitur,
2272 5138 2497 5193 rationis
2553 5136 2638 5191 via
2667 5151 2731 5191 ex
2767 5141 3019 5209 obliquo,
3052 5139 3118 5192 ad
3174 5140 3224 5192 iJ
3276 5136 3417 5207 quod

1834 5230 2003 5285 voluit
2034 5231 2320 5300 pervenire
2348 5230 2631 5299 disposuit.
2659 5227 2939 5288 iuniorem
2972 5230 3154 5300 itaque
3194 5230 3419 5283 fratrem
