3926 5326
1505 339 1809 401 TOMELLI
1846 340 2154 402 MONACIII
2197 342 2694 405 HASNONIENSIS

502 453 663 523 didit,
692 455 951 527 quoniam
976 454 1043 510 ad
1073 462 1255 510 votum
1308 468 1397 510 res
1446 468 1559 513 non
1600 459 1885 514 successit.
1937 458 2073 514 Nam
2107 470 2153 527 Α
2182 460 2412 531 reliquo,
2437 463 2755 532 speluncam
2783 460 2931 518 illam
2964 459 3237 521 latronum
3278 470 3489 519 mutata
3505 462 3624 521 vice
3652 465 3758 521 dis-

502 546 899 615 Wintbericus,
928 564 987 604 re
1013 558 1327 619 comperta,
1384 551 1696 608 traditionis
1744 553 1917 607 etiam
1958 566 2085 606 sus-

502 640 721 709 picione
750 655 858 696 non
892 641 1121 708 incerta,
1180 650 1302 698 astu
1328 656 1438 713 quo
1465 643 1673 710 calluit,
1712 645 1832 700 nisu
1861 660 1969 715 quo
1986 660 2084 699 va-

500 729 623 795 luit,
653 732 857 788 castelli
887 734 968 788 sui
993 732 1211 800 danma,
1243 733 1394 790 velut
1439 734 1529 790 illa
1552 736 1789 791 recidiva
1820 736 2084 807 Pergama

502 836 760 896 reparare
794 825 1048 892 instituit,
1074 825 1299 883 atl‘ectus
1325 827 1408 882 sui
1452 826 1707 884 eﬂectum
1754 828 1961 884 invenit
1999 845 2079 886 re-

504 919 769 987 parando,
796 928 851 975 et
879 918 1135 976 marcbisi
1166 919 1458 976 consilium
1488 922 1557 977 ad
1599 935 1841 993 praesens
1866 921 2083 977 irritum

502 1009 658 1067 fecit.
1274 1022 1279 1027 ‘

1100 1106 1332 1167 CAPUT
1364 1107 1494 1164 XIII.

505 1219 665 1288 Quod
718 1218 1104 1288 Winthericus,
1136 1223 1402 1292 aproprio
1449 1223 1612 1277 milite
1636 1223 1960 1289 interemtus,
1986 1225 2084 1278 Itu-

886 1293 1059 1347 manis
1093 1293 1161 1347 sit
1198 1297 1351 1348 rebus
1378 1302 1666 1363 eaemptus.

571 1404 706 1461 Cum
735 1421 867 1477 ergo
889 1407 1287 1463 nobilissimum
1316 1408 1570 1464 comitem
1603 1424 1709 1463 non
1738 1408 1912 1463 solum
1936 1406 2081 1463 nulla

497 1496 609 1550 voti
631 1496 716 1553 sui
766 1496 934 1552 facies
978 1498 1231 1567 cepisset,
1276 1499 1371 1553 sed
1393 1497 1555 1553 etiam
1605 1499 1749 1569 quod
1792 1498 2085 1570 gerebatur

501 1588 793 1658 desperare
848 1586 1147 1658 coegisset;
1199 1588 1252 1643 in
1284 1604 1343 1644 se
1392 1590 1625 1657 rediens,
1655 1589 1800 1660 quod
1844 1590 2082 1645 humano

498 1691 609 1732 non
670 1676 870 1746 potuit,
927 1677 1110 1734 divino
1149 1678 1547 1749 impetrandum
1576 1679 1777 1736 autilio
1817 1680 2078 1736 credidit:

501 1770 646 1826 unde
670 1777 727 1826 et
756 1774 854 1841 per
888 1785 948 1826 se
976 1780 1031 1827 et
1057 1770 1156 1841 per
1206 1772 1343 1829 alios
1391 1774 1457 1828 ad
1508 1788 1669 1830 aures
1721 1773 1809 1829 Dei
1837 1772 2078 1830 Sabaoth

497 1870 788 1933 perpetuas
823 1877 1014 1932 preces
1050 1864 1427 1934 perpituabat,
1475 1874 1534 1919 ut
1578 1866 1718 1921 sicut
1766 1865 1943 1921 divina
1993 1880 2082 1920 re-

497 1953 771 2012 velatione
818 1970 915 2025 per
969 1966 1235 2028 mar:yres
1283 1971 1412 2011 suos
1462 1955 1590 2012 boui
1617 1958 1798 2027 operis
1835 1956 2085 2027 concepit

499 2044 778 2112 aﬂ'ectum,
807 2045 880 2103 ita
908 2044 1176 2102 inveniret
1202 2043 1476 2101 eii'ectum.
1500 2045 1605 2102 Sed
1637 2047 1777 2102 sicut
1797 2047 2085 2118 promissio

503 2136 760 2194 veritatis
784 2152 903 2208 qua:
936 2136 1105 2193 dicit:
1137 2133 1301 2190 Pelite
1353 2144 1400 2190 et
1451 2136 1739 2207 accipietis,
1780 2136 1985 2207 pu'sate
2035 2147 2083 2191 et

426 2276 435 2281 -
498 2230 763 2305 aperietur
816 2230 978 2295 robis,
1016 2229 1221 2284 cassari
1269 2245 1375 2284 non
1424 2229 1639 2299 putuit:
1675 2230 1754 2285 s'tc
1777 2228 1971 2299 petitio
2029 2230 2082 2283 in

498 2326 717 2380 nomine
735 2323 1180 2394 Jesupeientium
1227 2320 1525 2378 cllicacium
1576 2337 1683 2378 non
1737 2320 1935 2377 habere
1980 2337 2086 2376 non

496 2417 696 2497 potnit.
728 2416 791 2470 Et
820 2431 947 2471 ecce
976 2430 1164 2471 mucro
1197 2413 1398 2470 furoris
1448 2413 1660 2469 Domini
1716 2415 1768 2470 in
1825 2402 2087 2470 verticem.

498 2506 824 2565 Wiutherici
852 2509 1196 2579 evaginatur,
1228 2508 1502 2578 ictumque
1531 2506 1599 2562 ad
1645 2509 1883 2563 animam
1916 2522 2088 2578 usque

501 2598 812 2654 minitatur.
847 2595 985 2651 Nam
1040 2596 1165 2651 dum
1217 2598 1321 2651 iter
1375 2612 1499 2651 cum
1556 2597 1671 2653 suis
1718 2599 1951 2668 quadam
2001 2598 2087 2655 die

500 2700 709 2764 ageret,
763 2690 854 2745 uni
887 2703 1108 2744 suorum
1154 2687 1405 2744 adulterii
1452 2688 1660 2744 crimen
1711 2689 1762 2743 in
1812 2689 2084 2745 dominam

500 2794 656 2837 suam
704 2781 1006 2837 intentione
1044 2780 1275 2835 intentat
1308 2796 1377 2835 :a
1405 2794 1515 2851 quo
1544 2778 1671 2835 dum
1716 2779 2086 2835 excusabilem

500 2870 629 2929 facti
650 2872 1010 2942 repulsionem
1042 2870 1363 2940 accepisset,
1388 2884 1486 2925 nec
1509 2869 1589 2925 sic
1618 2868 1699 2924 vel
1729 2868 2087 2925 sacramentis

501 2962 840 3020 terribilibus
892 2960 1207 3019 satisfactus
1248 2960 1475 3025 fuisset,
1496 2974 1562 3016 eo
1594 2976 1682 3017 res
1708 2959 1996 3030 processit,
2028 2967 2086 3015 ut

500 3055 740 3111 duellum
791 3054 863 3110 ab
913 3069 979 3109 co
1009 3062 1137 3109 ante
1165 3051 1365 3108 diludia
1391 3051 1509 3108 sine
1535 3050 1794 3130 dilatione
1814 3058 2081 3123 posceret.

502 3146 657 3215 Quod
685 3164 809 3203 cum
832 3147 922 3203 ille
947 3146 1017 3202 ab
1040 3146 1146 3202 alio
1171 3145 1352 3216 potius
1383 3160 1545 3216 quam
1573 3160 1602 3199 a
1630 3144 1849 3200 domino
1889 3145 2085 3200 timore

503 3239 680 3310 magis
702 3238 913 3293 Domini
941 3254 1102 3307 quam
1157 3236 1412 3293 intentati
1443 3236 1688 3292 criminis
1718 3237 2082 3307 poposcisset,

502 3329 597 3386 ftle
619 3346 747 3386 vero
777 3346 885 3385 non
912 3329 1086 3385 solum
1114 3344 1218 3384 nou
1254 3328 1639 3399 acquievisset,
1663 3330 1757 3385 sed
1782 3338 1838 3385 et
1860 3329 2086 3385 militem

503 3425 673 3481 armis
701 3423 1020 3493 impctisset,
1045 3421 1198 3479 miles
1218 3421 1551 3479 delensionis
1562 3420 1783 3478 obtentu
1810 3421 2084 3476 dominum

503 3514 828 3581 confodieris
883 3515 1201 3589 prosternit,
1254 3514 1446 3586 sicque
1487 3515 1603 3570 solo
1651 3513 1811 3569 simul
1843 3520 1897 3568 et
1923 3513 2085 3568 morti

504 3603 684 3661 dedit:
708 3614 763 3660 et
782 3620 942 3675 quem
966 3604 1120 3662 cccul
1146 3621 1235 3661 um
1265 3604 1363 3679 DIei
1404 3604 1669 3675 judicium
1700 3604 1790 3659 diu
1833 3603 2088 3674 patiendo

510 3696 580 3751 ad
638 3695 931 3751 vindictam
986 3696 1217 3763 distulit,
1257 3695 1305 3750 ei
1338 3710 1435 3766 per
1480 3710 1632 3749 arma
1681 3694 1868 3751 militis
1919 3695 2086 3749 vitam

509 3774 672 3843 simul
692 3802 813 3842 cum
844 3785 1066 3842 castello
1094 3786 1332 3842 abstulit.

1102 3920 1331 3977 CAPUT
1371 3919 1510 3978 XIV.

2184 554 2362 625 posuit
2386 553 2569 612 facere
2596 555 2692 612 Dei
2722 556 2964 612 domum.
3164 606 3171 617 .

2788 666 3015 725 CAPUT
3044 667 3161 725 XV.

2184 776 2262 832 De
2286 776 2515 849 ejusdem
2536 778 2641 832 loci
2668 779 2935 835 canonicis
2962 798 2994 834 a
3018 780 3241 849 pmfato
3272 782 3537 835 marchiso
3572 779 3760 835 callide

2275 848 2588 922 benignitate
2613 851 2873 904 comantis
2897 892 2912 915 ,
2939 848 3217 922 eorumque
3242 850 3515 922 stipendiis
3566 852 3761 905 redem-

2271 917 2393 988 p'ia.

2257 1005 2429 1061 Erant
2452 1020 2519 1062 eo
2546 1007 2601 1061 in
2631 1007 2749 1063 loco
2777 1023 2851 1064 ea
2871 1018 3209 1079 tempestate.
3234 1017 3293 1064 ut
3322 1008 3535 1080 praefati
3558 1025 3761 1076 sumus,

2184 1098 2431 1153 canonici
2479 1098 2596 1154 solo
2623 1100 2844 1156 nomine
2889 1100 2944 1156 in
2983 1100 3180 1156 castris
3209 1101 3406 1157 divinis
3455 1101 3762 1169 militantes,

2183 1189 2549 1245 exterioribus
2594 1190 2717 1261 plus
2759 1188 2938 1261 justo,
2993 1191 3342 1248 interioribus
3380 1192 3567 1248 minus
3612 1192 3756 1263 justo

2184 1282 2497 1339 insudantes
2545 1297 2562 1338 :
2605 1291 2661 1339 et
2710 1284 2839 1355 quia
2886 1285 3003 1342 viro
3044 1284 3351 1342 clarissimo
3396 1285 3543 1341 sedit
3580 1288 3759 1344 animo

2183 1375 2475 1431 canonicas
2527 1376 2943 1432 consuetudines
2992 1376 3303 1433 monasticis
3360 1391 3429 1432 eo
3490 1375 3595 1433 loci
3654 1393 3765 1432 mtto

2188 1474 2343 1531 tare;
2399 1473 2459 1519 ut
2511 1464 2586 1529 id.
2623 1465 2770 1521 salva
2806 1465 3096 1538 utriusque
3145 1466 3352 1522 ordinis
3392 1480 3554 1538 pace,
3584 1467 3763 1535 ﬂeret,

2184 1553 2240 1609 in
2272 1568 2434 1610 omne
2465 1554 2750 1610 consilium
2797 1555 3004 1611 diutina
3036 1554 3423 1611 deliberatione
3462 1556 3764 1612 descendit.

2183 1643 2503 1701 Convocatis
2531 1660 2662 1717 ergo
2703 1660 2849 1702 nunc
2893 1646 3135 1718 singulis,
3172 1661 3313 1703 nunc
3335 1646 3619 1711 omnibus,
3657 1646 3767 1716 ple-

2182 1753 2411 1809 rumque
2445 1753 2540 1794 eos
2563 1739 2631 1794 ad
2667 1738 3074 1795 conversionem
3110 1753 3344 1805 morum,
3385 1738 3666 1794 interdum
3701 1737 3766 1793 ad

2116 1827 2157 1887 ii
2186 1829 2502 1885 monacbale
2548 1831 2916 1903 propositum,
2958 1837 3230 1900 postremo
3260 1838 3320 1884 ut
3357 1829 3635 1900 stipendia
3678 1843 3766 1883 sua

2189 1922 2270 1977 vel
2312 1923 2641 1978 coneambiis
2683 1922 2769 1977 vel
2803 1922 3040 1994 praemiis
3077 1922 3313 1992 acceptis
3343 1922 3448 1977 sibi
3500 1921 3765 1976 traderent

2189 2012 2458 2068 hortatur.
2496 2014 2587 2069 Sic
2613 2012 2946 2069 serenissimi
2974 2012 3074 2068 viri
3103 2012 3312 2069 instans
3339 2021 3648 2082 opportune
3675 2012 3765 2066 im-

2189 2115 2421 2175 portnne
2442 2104 2595 2161 labor
2619 2105 2895 2175 improbus
2919 2104 3099 2159 omnia
3120 2103 3291 2158 vincit
3308 2117 3654 2173 quaecunque
3675 2102 3767 2158 sibi

2180 2196 2420 2266 Spiritus
2445 2205 2667 2252 sanctus
2695 2207 2823 2253 voto
2860 2197 3163 2268 inspiravit,
3202 2205 3257 2251 et
3296 2210 3623 2267 quanquam
3668 2210 3770 2250 mo-

2188 2286 2383 2341 rosiori
2410 2302 2572 2357 quam
2600 2287 2761 2342 vellet
2788 2287 2992 2351 labore,
3017 2301 3080 2340 ea
3107 2300 3229 2356 quae
3248 2285 3350 2342 sibi
3376 2296 3509 2341 voto
3530 2285 3770 2340 sederant

2187 2377 2442 2444 eiiiceret,
2501 2380 2555 2435 id
2606 2390 2788 2436 tamen
2837 2388 2929 2454 sat
2959 2380 3070 2435 cito
3117 2379 3382 2443 futurum,
3441 2378 3559 2433 imo
3607 2376 3770 2433 multis

2186 2467 2526 2539 profuturum
2549 2470 2797 2535 credidit,
2815 2469 2861 2524 si
2886 2477 2970 2524 sat
2994 2468 3151 2524 bene.
3174 2467 3311 2535 Quid
3336 2466 3528 2522 multis
3554 2465 3768 2520 morer?

2188 2559 2358 2614 valuit
2410 2560 2703 2631 impetrare
2738 2559 2883 2630 quod
2912 2558 3100 2614 voluit.
3132 2557 3351 2629 Adeptis
3382 2557 3535 2611 enim
3568 2571 3600 2610 a
3625 2570 3769 2610 cano-

2195 2650 2355 2717 uicis,
2388 2650 2536 2705 salva
2565 2665 2695 2721 pace
2711 2665 2920 2717 eorum,
2947 2650 3244 2721 stipendiis.
3277 2658 3386 2703 tam
3413 2648 3598 2704 locum
3625 2661 3769 2718 quam

2187 2741 2288 2798 loci
2321 2743 2536 2813 propria
2565 2742 2666 2799 sibi
2697 2742 2827 2799 fecit
2854 2743 3097 2814 propria,
3140 2750 3196 2797 ut
3234 2755 3297 2796 ea
3323 2740 3436 2796 Deo
3467 2753 3768 2797 servorum

2186 2850 2292 2906 que
2318 2833 2413 2891 Dei
2447 2835 2635 2891 usibus
2662 2834 2962 2890 ascriberet
2989 2832 3193 2889 omnia.

2778 2943 3005 3002 CAPUT
3052 2943 3192 3001 XV’I.

2190 3038 2367 3107 Quod,
2399 3039 2664 3094 canonicis
2703 3038 2825 3093 inde
2853 3036 3218 3107 migrantibus,
3249 3034 3398 3089 locus
3430 3034 3580 3090 idem
3603 3050 3770 3091 mons-

2527 3110 2673 3163 sttcis
2707 3109 2966 3178 ascriptus
2990 3108 3058 3162 sit
3091 3107 3448 3161 concentibus.
3488 3144 3504 3168 ε
3754 3128 3763 3133 ·

2111 3177 2158 3241 C
2259 3201 2525 3272 Cumque,
2553 3208 2614 3256 ιιι
2640 3177 2900 3265 diximus,
2931 3198 3106 3253 locum
3131 3196 3279 3251 illum
3308 3194 3617 3251 Balduinus
3644 3196 3771 3250 inte.

2188 3292 2422 3363 gerrime
2488 3305 2614 3346 cum
2667 3288 2992 3360 appenditiis
3043 3288 3158 3343 suis
3205 3286 3550 3359 possideret,
3606 3295 3773 3357 utpote

2189 3385 2338 3451 solus
2385 3398 2610 3440 suorum
2656 3396 2826 3447 suus,
2878 3378 3195 3435 monasticis
3243 3393 3367 3433 eum
3414 3377 3770 3442 decorabiiem

2191 3476 2420 3533 reddere
2449 3474 2823 3531 sanctionibus
2847 3480 2967 3528 erat
2996 3470 3265 3527 assiduus.
3295 3469 3359 3524 Et
3385 3468 3573 3540 primo
3600 3469 3771 3540 pana“:

2190 3571 2550 3639 undecunque
2584 3566 2775 3623 accitis
2821 3563 3120 3628 monachis,
3173 3562 3458 3632 stipendiis
3502 3562 3672 3617 etiam
3711 3560 3773 3614 ad

2189 3659 2393 3714 victum
2427 3657 2792 3728 vestitumque
2838 3653 3227 3710 sutiicientibus
3270 3652 3486 3708 collatis
3517 3650 3640 3706 loco
3684 3648 3771 3711 illi,

2191 3752 2340 3806 velut
2382 3751 2502 3805 rudi
2549 3749 2796 3805 infantiae
2838 3748 3042 3818 primas
3086 3745 3151 3800 ad
3198 3744 3585 3801 ambulandatn
3639 3742 3771 3796 viam

2191 3843 2569 3898 mandatorum
2617 3842 2712 3896 Dei
2761 3838 3043 3896 informari
3093 3836 3220 3892 fecit
3259 3835 3610 3905 plantasmt
3652 3849 3768 3905 pro-

2191 3949 2344 3988 cessu
2372 3933 2629 4003 temporis
2654 3930 2953 3987 mouastica
2983 3928 3179 3997 ibidem
3212 3927 3316 3980 vita
3345 3926 3506 3996 quasi
3535 3923 3768 3979 fortiori-

2191 4024 2292 4080 bus
2323 4022 2732 4094 vigeret‘annis
2779 4019 2933 4087 Quod
2965 4028 3024 4073 ιιι
3072 4016 3245 4074 bustis
3290 4017 3517 4072 humani
3564 4014 3770 4088 generis

506 4033 683 4101 Quod
709 4032 1006 4089 Bolduinus
1054 4044 1230 4090 sextus
1263 4034 1554 4088 marchisus
1602 4043 1831 4087 cas‘rum
1875 4032 2088 4087 (laeuo-

619 4105 754 4160 ἕαδε
777 4106 991 4177 invasit.
1024 4106 1264 4160 incendio
1286 4105 1497 4171 delevit.
1520 4114 1808 4159 εαδινϐιιεεε
1845 4105 2018 4174 εἰδείη
2191 4114 2347 4178 vidit,
2378 4129 2500 4169 mox
2539 4111 2755 4175 invidit,
2780 4119 2833 4166 ct
2860 4111 2985 4180 quia
3014 4109 3154 4164 vires
3176 4123 3302 4164 suas
3329 4106 3600 4162 intellexit
3626 4122 3769 4162 εδει-ο

518 4128 521 4133 ·
576 4105 754 4160 niense
777 4106 991 4177 invasit,
1024 4106 1264 4160 incendio
1286 4104 1497 4171 deleuit,
1520 4114 1808 4159 castrenses
1845 4104 2018 4174 ejecit.

576 4217 731 4273 Facti
784 4216 927 4272 fama
952 4218 1120 4282 volat,
1141 4227 1196 4272 et
1223 4217 1275 4271 in
1299 4216 1522 4271 auribus
1560 4214 1795 4284 iunioris
1830 4216 2082 4271 marcltisi

2192 4205 2330 4269 vari,
2365 4213 2518 4273 parat
2548 4217 2646 4271 per
2668 4203 2852 4257 hostes
2874 4200 3114 4254 visibiles
3156 4196 3446 4252 invisibilis
3477 4196 3596 4266 ipse
3646 4195 3769 4249 insi-

505 4310 820 4366 innotuerat
851 4326 865 4363 :
894 4324 1009 4364 rem
1037 4309 1190 4364 laetus
1219 4309 1438 4379 accipit,
1472 4307 1728 4364 desidezii
1756 4307 1838 4363 sui
1878 4322 1937 4363 se
1976 4307 2091 4363 fore
2193 4296 2351 4353 diari-
2382 4295 2518 4351 Nam
2542 4294 2806 4366 quosdam
2834 4289 3157 4347 Wiilil‘e'iCi
3204 4287 3412 4379 νατεεί
3442 4287 3767 4379 β⁰¹¹δ³⁸¹ὃ⁰ί⁶

507 4410 815 4471 compotem
858 4397 971 4456 Deo
1016 4399 1316 4467 ascribens,
1341 4377 1553 4470 gratias
1614 4400 1759 4470 agit,
1790 4415 1819 4453 a
1850 4413 1957 4469 quo
1983 4399 2092 4452 ειη-
2192 4404 2348 4453 neos.
2377 4385 2618 4443 membra
2651 4383 2903 4440 videlicet
2927 4397 3046 4447 sua.
3074 4380 3129 4437 in
3160 4393 3348 4471 servos
3378 4377 3479 4471 Dei
3521 4377 3767 4471 concitat.

404 4474 411 4483 ’
506 4467 729 4563 petrare
778 4490 978 4546 meruit
1026 4490 1170 4560 quod
1215 4490 1285 4545 ab
1329 4467 1549 4546 liomine
1603 4467 1711 4546 non
1755 4467 1964 4561 potuit:
1995 4488 2090 4544 sed
2119 4521 2168 4581 υ
2196 4480 2289 4552 qui
2320 4481 2411 4534 vix
2457 4477 2729 4542 manibus,
2752 4476 2949 4531 nedum
3000 4467 3510 4581 \'srbiS.‘iﬂi“fia'm
3563 4467 3767 4571 ίίξοτηω

506 4559 717 4639 veritus
741 4597 810 4638 ne
835 4559 1090 4638 desiderii
1132 4582 1215 4638 sui
1263 4580 1475 4638 lucrum
1520 4559 1789 4653 perderet,
1820 4583 1867 4639 si
1898 4578 2094 4638 irrum-
2119 4559 2580 4641 "temperarent,
2621 4575 2680 4623 ut
2719 4581 2815 4623 eos
2853 4578 3069 4636 quoque
3104 4560 3278 4657 modo
3299 4559 3500 4657 esinde
3547 4559 3769 4657 migrare

506 4687 641 4745 pere
669 4688 797 4728 mox
844 4672 1128 4728 castellum
1179 4651 1558 4728 Hasnoniease
1614 4672 1846 4738 ditl‘eret,
1901 4673 2092 4729 accitis
2194 4661 2615 4732 θοιυβθυεΐθηιε
2643 4659 2738 4714 sed
2787 4659 3056 4713 incassum
3101 4654 3155 4708 in
3194 4668 3289 4711 003
3338 4651 3639 4716 furebat“.
3685 4651 3767 4717 ¹1¹¹ί

507 4779 648 4836 quos
666 4765 831 4821 citius
850 4773 1059 4837 poterat
1082 4773 1418 4821 armatorum
1442 4779 1664 4820 suorum
1693 4764 1883 4834 cupiis,
1909 4779 2092 4821 moras
2128 4774 2133 4777 '
2194 4756 2361 4811 Deum
2392 4761 2757 4825 protectorem
2791 4749 3088 4814 habebant,
3116 4747 3386 4816 citiusque
3413 4745 3538 4837 telis
3565 4756 3770 4837 aranea

507 4834 755 4927 ipsorum
801 4834 1160 4927 prmveniens,
1190 4865 1430 4913 castrum
1462 4857 1679 4912 invasit.
1718 4855 1827 4912 Nec
1876 4856 1948 4911 ad
2006 4868 2092 4911 re.
2193 4847 2588 4915 rumpebantur
2616 4843 2707 4914 qui
2737 4841 3050 4899 fortioribus
3067 4853 3165 4909 per
3185 4838 3363 4893 Deum?
3383 4836 3675 4892 adamante
3696 4834 3768 4887 inv

507 4947 856 5019 pugnandum
906 4943 1080 5002 facilis
1105 4946 1191 5001 via
1219 4945 1434 5002 consilii
1468 4945 1842 5001 castrensibus
1886 4944 2087 5010 fuerat,
2193 4941 2360 4996 sidias
2387 4939 2764 4995 moliebantur.
3208 4972 3211 4979 ς

508 5049 697 5112 utpote
746 5038 994 5110 principe
1038 5038 1330 5105 destitutis,
1391 5051 1493 5093 nec
1526 5036 1662 5093 adeo
1708 5036 1792 5090 vel
1838 5036 1943 5092 loci
2007 5034 2095 5089 vel
2767 5025 2999 5085 CAPUT
3037 5023 3198 5079 XVII.

508 5144 789 5200 ειιδιιτοιοιιιιι
820 5128 1048 5185 mitione
1074 5128 1321 5194 ωειηῖῑῖεν
1374 5128 1598 5197 inilli)?"
1639 5142 1710 5183 “0
1759 5127 1863 5182 Sibi
1896 5141 2094 5182 οοηευο
2191 5142 2272 5197 De
2292 5140 2393 5196 loci
2421 5139 2795 5196 Hosnoniensis
2814 5139 2869 5192 in
2894 5136 3089 5206 majori
3108 5133 3362 5206 elegantia
3396 5130 3763 5206 constructions

509 5223 681 5281 lerunt
718 5220 981 5292 temporis
1007 5221 1334 5276 necessitate
1390 5220 1681 5290 pneventis
1709 5236 1722 5273 :
1753 5218 1896 5275 unde
1928 5233 2090 5287 quam
2411 5227 2643 5281 novaque
2685 5204 2989 5263 solemniter
3032 5206 3174 5276 facta
3211 5204 3561 5258 dedicatione.

3367 5294 3481 5326 ειιῖε
3529 5290 3763 5326 cunmm

2435 5302 2732 5326 -....-1.2.......
2778 5300 2906 5326 ἓΙΙ-..Ι
2935 5313 3055 5326 ιιι-ιιι.-
3098 5295 3323 5326 [subd-do
