3926 5326
515 370 636 428 δω-

1358 354 1654 422 RENALLI
1695 361 2143 422 SCIIOLASTICI
2181 361 2543 422 BARCINON.
2591 351 2913 420 CARMINA:
3650 364 3742 420 600

515 494 598 539 ter
624 483 865 539 subesse.
896 481 1013 550 Quo
1036 482 1235 536 honore
1271 489 1573 550 promotus,
1616 489 1670 534 et
1697 481 1898 535 honore.
1920 495 2077 535 occu-
2110 485 2154 541 Α
2183 480 2435 535 abbatum
2457 493 2562 534 non
2583 479 2884 544 diceretur,
2905 475 2997 547 qui
3020 476 3121 533 sibi
3143 477 3403 532 secretius
3423 491 3454 531 a
3485 478 3744 538 commml

517 583 694 644 palus,
734 573 881 628 oneri
919 573 1096 644 potius
1144 587 1305 641 quam
1353 572 1540 626 honori
1573 573 1800 627 intendit
1827 589 1840 626 :
1866 572 2086 625 honoris

516 665 661 720 enim
707 673 790 721 est
839 679 1088 736 praeesse,
1137 664 1318 719 oneris
1365 665 1576 718 animas
1623 677 1828 734 regere.
1878 665 1932 718 In
1981 678 2086 732 quo

517 754 710 809 idonee
762 762 1090 824 occupatus.
1142 755 1315 823 magis
1365 754 1569 809 studuit
1614 755 1869 824 prodesse
1927 770 2087 824 quam

516 861 787 916 prmesse:
820 847 954 901 adeo
993 853 1052 901 ut
1081 847 1132 900 in
1162 847 1371 902 cunctis
1409 847 1850 918 occupationibus
1898 862 2087 902 mona-

518 935 670 991 sterii
716 935 918 989 nullum
963 936 1066 990 nisi
1116 936 1239 990 vita:
1291 935 1484 991 merito
1526 919 1784 1007 virgaque
1833 935 2088 1004 paStorali

514 1023 866 1094 praecelleret.
891 1024 980 1080 Sic
1004 1040 1062 1080 se
1085 1025 1384 1081 humilitate
1410 1027 1551 1082 inter
1571 1025 2089 1096 humileschuali-m,

519 1117 626 1170 imo
661 1116 992 1186 inferiorem,
1025 1120 1168 1174 inter
1202 1134 1397 1190 pravos
1445 1119 1615 1190 culpis
1657 1133 1842 1175 eorum
1873 1120 2092 1189 exigen-

519 1208 663 1264 tibus
711 1209 989 1280 disciplina
1044 1211 1286 1267 exhibuit
1325 1213 1691 1282 superiorem,
1743 1214 1872 1268 illud
1914 1214 2094 1268 animo

517 1301 796 1358 revolvens
835 1315 890 1358 et
935 1319 1098 1374 opere
1123 1303 1416 1375 [complens
1453 1323 1464 1358 :
1503 1303 1626 1359 Non
1667 1305 1989 1359 dominantes
2039 1307 2093 1359 in

518 1392 680 1461 clero,
741 1395 833 1449 sed
877 1395 1048 1464 [arma
1089 1397 1218 1466 facti
1252 1397 1439 1466 gregis.
1489 1396 1746 1468 Itemque,
1797 1395 2094 1466 Principem

516 1492 565 1536 te
593 1487 991 1549 constituerunt,
1017 1485 1122 1539 noli
1147 1485 1346 1549 extolli,
1387 1487 1477 1540 sed
1520 1495 1626 1540 esto
1665 1487 1816 1558 quasi
1854 1503 1989 1540 unus
2033 1503 2097 1540 ex

514 1573 642 1628 illis.
689 1575 746 1630 In
791 1575 978 1648 synaxi
1017 1577 1244 1631 fratrum
1293 1577 1528 1648 primmu
1575 1591 1632 1633 se
1671 1578 1724 1632 in
1770 1578 2092 1647 primordio,

515 1668 762 1724 ultimum
795 1669 848 1724 in
875 1669 981 1724 flne
1016 1670 1315 1725 divinarum
1347 1670 1561 1726 laudum
1597 1669 1959 1740 prteseutavit.
1994 1669 2097 1724 Le-

517 1759 799 1814 ctisternia
836 1760 951 1830 ejus
981 1761 1177 1832 saepius
1206 1761 1290 1815 vel
1317 1769 1469 1832 petra
1495 1761 1578 1816 vel
1604 1760 1714 1816 sola
1745 1761 1887 1815 nuda
1921 1760 2093 1825 tellus,

2190 582 2454 630 conventu
2506 572 2731 627 fratrum
2764 572 2932 628 multa
2978 571 3112 627 strui
3161 572 3463 637 conclavia,
3511 573 3744 644 sculpunt

2191 668 2349 733 ostia,
2379 667 2602 739 pingunt
2631 665 2884 728 armaria,
2922 679 3103 719 mensa
3135 665 3520 742 sumptuosiori
3544 666 3746 734 epulan-

2193 769 2298 824 tur,
2326 773 2445 812 cum
2477 757 2640 811 divite
2671 755 2759 810 illo
2794 755 2908 809 sine
2944 754 3147 810 Lazaro
3185 751 3422 831 quotidie
3469 754 3747 824 splendide,

2193 857 2462 919 postremo
2489 857 2545 900 ut
2568 834 2744 902 Flacci
2778 847 2917 901 illius
2950 845 3132 900 verbis
3160 844 3364 914 loquar,
3389 845 3493 900 sibi
3525 843 3747 910 diruunt,

2191 939 2481 1005 :r-diilcant,
2533 945 2738 992 mutant
2768 937 3028 1008 quadrata
3062 936 3323 990 rotundis.
3364 935 3426 990 Et
3460 935 3666 992 utinam
3705 936 3750 990 in

2194 1035 2336 1090 Solos
2399 1033 2661 1099 abbates,
2711 1043 2766 1089 et
2835 1050 2938 1089 non
2992 1035 3153 1088 etiam
3197 1034 3248 1088 in
3297 1035 3628 1098 monachos,
3673 1034 3748 1104 qui

2180 1141 2319 1182 suos
2341 1141 2435 1197 per
2459 1125 2683 1196 abrupta
2705 1127 2951 1196 praelatos
2977 1136 3292 1197 sequuntur,
3320 1128 3434 1180 haec
3467 1125 3591 1181 faba
3614 1127 3752 1181 cude-

2196 1226 2385 1272 rentur
2413 1230 2548 1286 quos
2572 1215 2852 1274 Psalmista
2877 1231 2980 1271 non
3002 1217 3258 1286 optantis,
3288 1217 3382 1271 sed
3397 1217 3751 1286 pr0phetantis

2197 1306 2378 1362 animo
2415 1307 2630 1361 intuens
2681 1305 2793 1359 ait:
2830 1305 3185 1358 Obscurentur
3226 1304 3364 1358 oculi
3404 1321 3592 1358 eorum
3621 1320 3678 1358 ne
3693 1306 3753 1358 ri-

2195 1399 2374 1463 deant,
2401 1408 2448 1452 et
2475 1401 2687 1452 dorsum
2716 1413 2892 1452 eorum
2917 1414 3114 1466 semper
3138 1398 3373 1451 incurva.
3396 1396 3552 1454 Oculi
3581 1389 3754 1468 quippe

2199 1498 2340 1555 sunt,
2373 1489 2462 1560 qui
2497 1490 2549 1544 in
2592 1489 2811 1544 honoris
2839 1489 3030 1544 summi
3063 1489 3198 1543 facie
3226 1488 3384 1558 positi
3426 1488 3640 1542 itineris
3662 1487 3754 1541 olli-

2197 1581 2340 1636 cium
2372 1589 2726 1652 susceperunt
2755 1598 2768 1634 :
2797 1581 2992 1650 quibus
3023 1580 3074 1634 hi
3105 1579 3355 1634 nimirum
3379 1581 3756 1649 subsequenter

2199 1673 2464 1730 inhaerent
2491 1673 2650 1728 dorsa
2696 1670 3064 1727 nominantur.
3099 1669 3415 1726 Obscuratis
3452 1685 3585 1740 ergo
3609 1670 3756 1725 oculis

2199 1765 2418 1819 dorsum
2469 1763 2807 1828 incurvatur,
2834 1762 2958 1832 quia
3008 1777 3129 1816 cum
3175 1760 3353 1816 lumen
3392 1761 3615 1816 virtutis
3656 1776 3757 1830 per-

516 1860 624 1929 vel,
676 1876 798 1917 cum
831 1863 1107 1918 remissius
1160 1862 1432 1933 indulgere
1479 1863 1646 1919 voluit
1688 1864 1919 1934 corpori,
1969 1864 2092 1918 vilia
2128 1874 2166 1932 [ι
2199 1855 2333 1910 dunt
2380 1856 2470 1926 qui
2517 1863 2778 1926 pereunt,
2829 1854 3071 1924 profecto
3114 1854 3293 1910 cuncti
3337 1856 3406 1909 ad
3454 1855 3756 1926 portandum

514 1969 744 2025 quaeque
771 1963 952 2011 malta:
980 1965 1072 2011 aut
1117 1957 1231 2026 sagi
1270 1965 1586 2012 stramenta.
1618 1957 1777 2013 Veste
1803 1955 1945 2020 vilis,
1970 1956 2093 2010 cibo

517 2047 620 2101 sibi
650 2063 864 2118 parcus,
899 2048 1019 2104 aliis
1066 2057 1410 2119 sumptuosus
1457 2056 1511 2103 et
1560 2049 1759 2119 largus,
1813 2049 1990 2103 omnia
2041 2048 2094 2102 in

515 2140 766 2196 omnibus
793 2141 1120 2197 discretione
1150 2152 1478 2211 temperans,
1507 2141 1785 2210 disciplina
1815 2156 2092 2196 coercens.

514 2231 753 2286 Mensam
781 2241 835 2288 et
863 2233 1058 2288 lectum
1088 2247 1426 2288 communem
1457 2249 1578 2288 cum
1604 2233 1862 2288 fratribus
1890 2230 2094 2298 habuit,

516 2322 618 2378 nisi
656 2323 798 2381 forte
823 2326 874 2380 in
920 2326 1158 2382 oratorio
1203 2325 1552 2396 peculiarium
1602 2325 1828 2382 obtentu
1875 2339 2092 2394 precum

514 2412 800 2481 specialius
846 2413 1114 2470 interdum
1165 2424 1534 2486 pernoctasset
1561 2432 1573 2467 :
1599 2415 1740 2485 quod
1769 2414 1973 2468 utinam
2009 2413 2092 2467 vel

516 2501 584 2554 atl
634 2501 1003 2559 confusionem
1054 2503 1137 2560 vel
1179 2505 1245 2560 ad
1295 2505 1691 2560 damnationem
1735 2504 2090 2576 quorumdam

2199 1957 2541 2019 peccatorum
2561 1961 2724 2002 onera
2740 1956 3029 2002 curvantur
3055 1947 3144 2016 qui
3174 1955 3496 2015 sequuntur.
3529 1946 3633 2000 Sed
3661 1947 3758 1999 hac

2199 2058 2298 2099 suo
2323 2044 2374 2096 in
2401 2041 2520 2096 loco
2539 2040 2698 2096 latius
2725 2039 3141 2110 sapientioribus
3161 2039 3493 2094 discutienda
3519 2039 3758 2109 relinqui-

2201 2151 2341 2200 mus,
2381 2135 2507 2188 dum
2545 2133 2705 2190 modo
2733 2132 2982 2204 prosequi
3031 2131 3370 2195 festinamus,
3401 2131 3585 2186 dicere
3613 2133 3762 2185 inten-

2201 2229 2395 2283 dimus.
2445 2227 2764 2298 Quanquam
2812 2227 2986 2282 adhuc
3035 2225 3185 2296 plura
3234 2223 3509 2295 supersint
3556 2238 3669 2294 quze
3711 2232 3759 2276 et

2201 2319 2342 2375 laudi
2367 2321 2519 2376 home
2547 2321 2821 2375 memoriae
2853 2319 3063 2376 abbatis
3088 2317 3376 2373 Rothlandi
3408 2326 3464 2372 et
3492 2315 3758 2387 reprehen-

2195 2412 2332 2467 sioni
2363 2421 2561 2468 nostra:
2587 2419 2828 2484 pateant.

598 2651 3712 2677 W
1569 2674 1578 2677 _

1723 2825 1906 2866 cruce
1960 2824 2232 2867 ECMDEM
2284 2815 2524 2866 ANSUM.

1649 2993 2646 3153 RENALLUS

1134 3279 1725 3369 MAGISTER
1795 3280 2129 3368 SEDIS
2202 3276 3158 3372 BABCINONENSIS

1901 3450 2286 3512 NOTITIA.

1282 3558 1648 3644 '(Augustinus
1675 3573 2001 3635 TBEINEBUS.
2033 3572 2434 3644 Disquisitiones
2470 3574 2689 3637 criticar,
2724 3587 2848 3644 pag.
2883 3571 3008 3626 557.

584 3778 642 3851 in
671 3779 774 3834 line
795 3779 995 3851 codicis
1016 3777 1686 3851 bibliothecteBarberinte
1711 3781 1910 3841 Romaa,
1939 3798 2088 3835 num.
2115 3780 2279 3845 2864,
2311 3797 2502 3836 versus
2529 3780 2792 3851 quosdam
2821 3777 3089 3851 ascriptos
3116 3772 3423 3851 detegimus
3450 3772 3545 3843 qui
3575 3770 3756 3851 exnile-

515 3849 642 3906 nalli
690 3865 852 3920 opere
892 3849 965 3904 De
1001 3865 1212 3914 corpore
1237 3849 1434 3921 Christi
1475 3850 1739 3921 desumpti
1772 3859 1914 3904 sunt.
1956 3851 2028 3906 De
2073 3852 2174 3905 hoc
2202 3842 2455 3914 Renallo,
2495 3842 2619 3921 qui,
2644 3851 2721 3904 uti
2749 3864 2816 3903 ex
2848 3842 3030 3921 nostra
3064 3842 3414 3912 inscriptione
3451 3842 3619 3921 patet.
3645 3842 3760 3894 Bal"

513 3914 1007 3991 einonm'magister
1036 3921 1155 3985 fuit,
1193 3919 1327 3974 nihil
1353 3921 1486 3975 certi
1523 3914 1716 3991 all'errc
1744 3937 2050 3989 possumus.
2083 3921 2334 3976 Nicolaus
2384 3914 2668 3983 Antonius,
2718 3921 2910 3973 doctus
2959 3917 3243 3991 Hispanus.
3272 3923 3480 3991 praeter
3506 3914 3646 3991 illius
3673 3928 3762 3991 nt-

511 3983 639 4073 E'tcn
665 3990 815 4073 aliud
839 3983 970 4047 nihil
999 3983 1158 4072 habet
1184 4005 1358 4073 quam_
1376 3991 1514 4059 quod
1532 3983 1856 4073 S.'§ttla'li:e.
1886 4007 2006 4073 qua:
2036 3991 2832 4073 suhQioelctianomartyrium
2862 4004 3018 4073 passa
3044 3983 3145 4049 est,
3169 3984 3344 4040 Vitam
3373 3984 3657 4053 scripserit
3676 3983 3759 4052 (I).

514 4060 624 4116 Sed
680 4062 746 4117 de
802 4063 904 4118 hac
948 4062 1111 4133 etiam
1162 4059 1269 4114 vita
1317 4061 1554 4133 Tomayo
1597 4061 1674 4133 (2)
1723 4070 1780 4115 et
1810 4063 2156 4133 hagiographi
2185 4063 2516 4117 Bollamliani
2553 4059 2730 4133 altum
2755 4059 2914 4113 silent
2947 4059 3041 4133 (li).

586 4133 819 4204 Reualli,
857 4147 972 4199 seu,
1026 4132 1103 4190 uti
1142 4131 1411 4204 Antonius
1452 4123 1616 4185 illum‘
1653 4123 2176 4204 vocat,“8a}naldi,
2225 4149 2362 4204 opus
2415 4142 2656 4204 tempore
2715 4123 3020 4204 Bgrcnga'rii
3069 4125 3425 4186 Turonensis,
3466 4131 3538 4204 et.
3566 4123 3760 4204 quidem

514 4212 707 4259 contra
734 4191 975 4271 ejusdem
999 4219 1213 4274 errores
1247 4203 1313 4256 dc
1351 4213 1542 4260 sancta
1567 4191 1913 4268 eucharis’tia,
1945 4191 2308 4274 conscriptum
2338 4219 2456 4260 esse
2486 4191 2717 4258 videtur.
2751 4191 2955 4256 Versus
3003 4214 3070 4252 ex
3101 4211 3166 4252 eo
3195 4205 3486 4268 excerptas
3524 4191 3614 4249 hic
3658 4191 3762 4246 sub-

519 4274 800 4344 ungendos
835 4287 956 4330 esse
996 4273 1269 4327 duximus.
1746 4306 1748 4308 τ

587 4451 1028 4534 ρὶΑΒῑριἰρῑξιθω
1060 4450 1294 4523 Hispana
1325 4459 1493 4507 vetus.
1515 4451 1738 4518 Matriti,
1771 4451 1926 4517 1788,
1961 4461 2000 4506 t.
2029 4453 2096 4520 ll,

513 4536 572 4592 ι).
597 4522 720 4578 376.
756 4523 810 4576 in
838 4521 931 4576 fol.
1157 4521 1170 4523 “

584 4592 664 4664 (2)
710 4591 794 4648 Ad
839 4591 908 4646 12
945 4590 1228 4649 Februarii
1287 4601 1324 4647 t.
1371 4592 1409 4657 l,
1456 4609 1511 4662 p.
1563 4593 1684 4648 ἰοί).
1732 4592 2096 4664 Martyrologii

2201 4434 2443 4504 Hispani.
2475 4429 2740 4504 Lugduni,
2773 4428 2899 4504 l65l
2914 4469 2928 4492 ,
2943 4426 3013 4480 “in
3029 4424 3136 4504 _l_'ol.

2275 4492 2349 4576 (3)
2378 4506 2511 4560 Acta
2540 4492 2640 4557 S'S.
2668 4492 2814 4555 add.
2843 4500 2934 4562 cit,
2963 4507 3002 4552 t.
3027 4496 3089 4561 ll,
3118 4510 3171 4566 p.
3200 4492 3325 4559 576,

3101 4719 3759 4746 ψ

1939 4828 2388 4924 VERSUS

675 5005 986 5076 Exsurpti
1018 5005 1090 5067 de
1120 5005 1282 5067 libro
1323 5003 1565 5066 πεπαιιί
1611 5000 1901 5076 magistri
1944 4994 2464 5059 Barchinonensis
2499 4989 2919 5055 Gerundcnsis
2953 4987 3022 5049 de
3053 5003 3320 5066 corpore
3354 4984 3617 5058 Christi.
