3926 5326
467 271 572 330 603

1719 273 2073 334 MARIANUS
2115 271 2450 335 SCOT'FUS.

3638 265 3736 329 ϐω

467 403 524 442 ιιι
548 385 910 459 perigrinitate
955 404 1091 453 mea.
1120 398 1170 446 at
1200 389 1385 460 scripsi
1411 389 1550 446 hunc
1576 390 1760 446 librum
1791 410 1886 463 pro
1909 393 2048 448 cari-
2077 395 2126 456 Α
2153 408 2318 448 manu
2366 392 2644 462 scriptam,
2680 387 2920 445 Mariano
2949 384 2951 386 ’
2977 389 3316 451 tribuendam
3348 404 3496 454 esse,
3527 397 3736 444 tantum

469 487 578 532 tate
597 477 693 532 tibi
713 487 766 532 et
814 477 984 535 Scotis
1027 479 1284 546 omnibus,
1323 480 1378 534 id
1403 491 1476 536 est
1500 480 1930 546 Hiberncnsibus,
1961 483 2050 552 qui

469 584 586 622 sum
642 568 754 639 ipse
819 568 1204 634 Hibernansis;
1251 568 1289 623 Γ.
1347 569 1414 624 67
1449 589 1464 626 :
1496 570 1705 626 Sobetm
1755 571 1860 625 ddn
1910 573 2052 627 indiu

471 659 779 730 πέμπῃς
821 659 1454 733 τιυεεηαὶπάίαηιαὶνε(ὅ)
1501 661 1536 716 2
1587 661 1723 716 Kal.
1767 665 1901 729 Aug.
1933 661 2052 716 Μα-

472 747 658 804 ιιὲᾱενη
717 751 818 803 tais
869 750 1075 804 rcoloca
1106 750 1202 823 (ι)
1255 752 1578 812 manestreclt
1628 750 1866 806 Hauritii
1922 750 2052 806 Bla-

482 841 609 893 t‘lucc
634 827 768 894 disc
793 835 893 911 μεθ
922 841 1071 895 eritm
1091 841 1112 874 ⁵
1137 841 1251 910 nige
1275 840 1344 913 (7)
1365 851 1633 906 εοιοεειιιι,
1665 851 1718 895 ut
1742 842 1903 896 cecidi
1934 858 2051 896 cum

472 930 658 985 talis-lis
695 933 749 986 in
782 932 940 1000 fundo
959 933 1224 998 stercoris,
1255 934 1346 987 sed
1367 934 1540 1004 gratia
1589 949 1709 1004 ago,
1737 950 1828 988 nec
1853 949 2052 988 mersus

469 1036 585 1075 sum
615 1022 672 1076 in
700 1032 927 1078 stercore
957 1020 1311 1089 Francorum,
1345 1025 1435 1078 sed
1455 1034 1629 1078 tamen
1661 1041 1751 1079 oro
1773 1025 2050 1090 discentes,

478 1120 535 1164 ut
564 1110 689 1166 deut
712 1104 1129 1168 maledictioném
1163 1113 1291 1168 illis.
1320 1114 1449 1181 Quae
1481 1115 1676 1183 partim
1714 1114 1891 1185 lingua
1917 1114 2052 1169 lrica

470 1201 671 1271 scripta
695 1203 823 1271 quin
869 1204 937 1258 ab
992 1203 1108 1274 ipso
1156 1202 1398 1260 Mariano
1428 1206 1606 1260 addita
1657 1206 1786 1272 sint,
1817 1206 2053 1261 dubitari

472 1295 701 1364 nequit;
761 1296 991 1366 ideoque
1045 1294 1274 1352 efﬁcitur
1326 1304 1382 1349 ut
1422 1296 1665 1352 codicem
1716 1296 1863 1354 nullo
1897 1297 2054 1353 modo

470 1387 787 1446 posterioris
838 1389 1096 1458 temporis
1135 1387 1500 1459 apographum
1533 1389 1734 1444 habere
1761 1391 2051 1460 possimus.

471 1477 581 1534 Sed
627 1494 749 1534 cum
781 1479 944 1533 etiam
991 1480 1042 1534 in
1096 1480 1366 1536 Chronico
1401 1479 1674 1536 Marianus
1723 1481 1789 1536 de
1832 1497 1890 1538 se
1937 1482 2055 1553 ipso

471 1569 731 1638 loquitur,
780 1568 1039 1641 pleraque
1086 1571 1300 1641 quidem
1357 1572 1544 1630 eodem
1595 1571 1805 1629 calamo
1852 1574 2054 1645 scripta

471 1669 791 1725 summota
842 1675 967 1715 vero
1014 1677 1064 1715 a.
1107 1661 1246 1716 1050
1285 1673 1471 1732 postea
1514 1672 1566 1718 et
1603 1665 1839 1718 secunda
1872 1663 2051 1718 addita

2153 500 2260 540 non
2311 500 2500 539 omnes
2554 489 2836 550 censeant,‘
2887 499 3061 553 neque
3096 499 3196 554 ego
3251 485 3412 556 plane
3467 483 3733 555 negarim,

2151 576 2450 646 praesertim
2488 589 2610 630 cum
2662 573 2775 629 haec
2803 571 3003 642 .lricam
3059 573 3370 644 pnesel'erat
3402 576 3647 648 speciem
3686 583 3735 629 et

2151 669 2354 740 optime
2383 669 2646 723 monacho
2675 667 2726 722 in
2760 668 2862 722 hac
2888 676 3030 723 terra
3063 677 3187 723 nato
3212 669 3510 724 convenire
3551 668 3734 724 videa-

2154 767 2260 813 tur.
2284 760 2535 813 Altamen
2586 759 2911 813 monendum
2943 767 3026 812 est
3057 768 3215 813 notas
3245 757 3576 830 marginales
3610 775 3736 829 pau-

2151 865 2247 906 cas
2271 859 2475 906 tantum
2505 852 2606 906 hac
2655 852 2883 920 scriptas
2909 866 3028 906 esse
3058 867 3241 918 manu,
3275 862 3544 922 praeterea
3601 853 3736 906 hanc

2154 942 2390 998 maxime
2429 951 2639 1013 partem
2692 941 2972 998 erroribus
3023 940 3126 998 illis
3155 940 3474 1012 mendisque
3506 941 3736 1009 ίωάἱςεξ-

2155 1035 2258 1090 mis
2302 1033 2749 1092 commaculatam
2789 1033 2913 1106 legi.
2959 1031 3144 1106 itaque
3182 1050 3371 1107 parum
3413 1031 3576 1090 abest
3613 1036 3734 1104 quin

2154 1124 2318 1182 etiam
2361 1126 2476 1182 haec
2509 1127 2578 1182 ab
2611 1124 2716 1180 alio
2753 1124 2985 1196 quodam
3036 1125 3236 1196 scripta
3265 1141 3387 1180 esse
3417 1134 3681 1188 statuam,
3709 1140 3734 1176 a

2155 1217 2421 1272 monacho
2463 1215 2692 1272 fortasse
2738 1215 2947 1283 Scotto,
2981 1217 3071 1287 qui
3100 1233 3220 1271 cum
3254 1213 3502 1270 Mariano
3533 1216 3588 1270 in
3612 1214 3735 1270 Ger-

2155 1308 2391 1362 maniam
2444 1309 2778 1377 migraverit,
2835 1310 2994 1380 eique
3043 1327 3263 1365 manum
3312 1310 3378 1364 ad
3424 1309 3734 1366 Cbronicon

2156 1401 2501 1457 scribendum
2558 1402 2878 1473 praebuerit;
2935 1418 3043 1474 quo
3103 1412 3316 1459 mortuo
3361 1403 3445 1458 vel
3506 1414 3734 1466 remoto,

2157 1492 2386 1548 alterum
2441 1495 2494 1550 in
2531 1496 2648 1566 ejus
2691 1495 2868 1552 locum
2924 1496 3252 1552 successisse
3305 1494 3600 1567 probabile
3639 1509 3733 1548 est.

2156 1586 2517 1644 Nihilominus
2545 1588 2752 1660 singula
2779 1590 2939 1644 verba
2978 1589 3060 1644 vel
3089 1589 3253 1644 etiam
3283 1587 3564 1659 longiores
3591 1597 3736 1641 notas

2156 1676 2384 1734 Mariani
2438 1695 2598 1734 manu
2651 1681 2829 1736 addita
2887 1695 3009 1736 esse
3067 1681 3189 1750 quis
3230 1690 3479 1748 negaret,
3525 1695 3651 1734 cum
3680 1679 3737 1733 iis

470 1762 558 1808 est
588 1768 749 1807 manu
785 1770 799 1808 :
831 1752 939 1824 Ego
962 1754 1120 1809 miser
1146 1754 1424 1810 Marianas
1454 1757 1506 1810 in
1530 1766 1742 1828 peccato
1775 1757 1855 1826 fui
1885 1757 1937 1809 in
1955 1756 2052 1809 Itoc

2161 1770 2385 1826 testibus
2411 1771 2501 1841 qui
2525 1759 2766 1826 codicem
2789 1769 3104 1849 evolverunt
3149 1770 3342 1825 littera:
3379 1778 3435 1826 et
3471 1778 3736 1823 atramen-

471 1861 611 1899 anno
645 1857 815 1911 natus,
857 1848 929 1903 ita
981 1859 1037 1903 ut
1082 1851 1194 1920 ipse
1241 1850 1404 1905 etiam
1434 1851 1537 1906 hoc
1585 1851 1701 1906 loco
1738 1867 1842 1906 non
1890 1848 2050 1904 modo

471 1949 663 1993 auctor
684 1942 778 1995 sed
816 1943 1047 2013 scriptor
1079 1943 1410 2014 deprehendi
1446 1944 1710 2001 videatur.
1765 1940 1982 1998 Necnon
2011 1940 2052 1996 Γ.

472 2030 572 2088 147
605 2041 659 2088 et
692 2031 790 2090 M8
841 2035 1008 2089 altera
1057 2037 1171 2092 haec
1221 2053 1416 2093 manus
1470 2037 1524 2092 in
1583 2037 1824 2107 margine
1866 2051 2055 2092 versus

470 2132 708 2193 quatuor
783 2127 917 2182 lrica
994 2127 1172 2198 lingua
1234 2129 1472 2199 scripsit.
1526 2129 1665 2185 Sunt
1723 2130 1887 2200 igitur
1937 2145 2057 2200 quae

472 2226 758 2288 utramque
786 2229 992 2289 partem
1025 2228 1083 2274 ut
1127 2219 1371 2277 Mariano
1416 2222 1716 2277 tribuamus
1753 2222 2052 2289 suadeant;

473 2312 567 2364 sed
598 2309 700 2364 alia
737 2319 862 2365 sunt
894 2326 1014 2382 quae
1058 2312 1181 2367 huic
1210 2312 1428 2368 obstent
1449 2314 1730 2369 sententiae
1779 2321 1834 2369 et
1860 2313 2057 2385 quibus

472 2401 610 2456 ellici
643 2402 887 2458 videatur
923 2413 980 2458 ut
1011 2403 1094 2460 vel
1121 2403 1289 2458 altera
1316 2404 1399 2458 vel
1438 2414 1665 2475 utraque
1694 2419 1820 2474 pars
1865 2404 2057 2459 scriba:

475 2493 758 2549 tribuenda
784 2495 872 2561 sit,
897 2496 988 2565 qui
1014 2505 1107 2551 aut
1133 2496 1374 2552 codicem
1397 2497 1790 2568 autographum
1817 2496 2058 2551 Mariano

472 2586 598 2640 vivo
617 2595 668 2642 et
693 2597 914 2642 auctore
946 2587 1318 2658 descripserit,
1349 2597 1438 2643 aut
1462 2588 1561 2658 ipsi
1585 2587 1811 2643 dictanti
1839 2603 2054 2641 manum

473 2676 848 2748 calamumque
871 2679 1318 2734 commodaverit.
1343 2678 1477 2733 Nam
1512 2678 1760 2748 quamvis
1786 2677 2057 2732 scribendi

475 2769 740 2825 rationem
772 2770 959 2826 rudem
1011 2780 1065 2825 et
1094 2770 1250 2840 plane
1290 2770 1644 2840 singularem,
1676 2787 1836 2841 quam
1879 2771 1930 2824 in
1960 2785 2057 2824 co-

476 2861 596 2916 dice
627 2862 871 2932 legimus,
917 2879 1037 2918 eam
1081 2878 1200 2919 esse
1254 2879 1374 2934 qua:
1404 2862 1643 2918 Mariano
1680 2865 1732 2918 in
1765 2879 1862 2918 usu
1898 2861 2061 2917 fuerit

479 2955 656 3010 nullus
684 2955 949 3020 dubitem,
982 2957 1294 3026 neutiquam
1328 2966 1505 3012 tamen
1544 2957 1646 3027 ipsi
1680 2971 1892 3012 errores
1913 2971 2060 3011 men-

475 3048 653 3118 daque
691 3049 1070 3119 imputaverim
1122 3049 1419 3105 fmdissima
1450 3049 1646 3120 quibus
1677 3049 1845 3104 codex
1888 3057 2056 3105 scatet

475 3147 534 3193 et
562 3155 682 3208 quas
731 3140 965 3195 scribam
1043 3141 1353 3211 imperitum
1408 3148 1463 3194 et
1536 3139 2054 3210 negligentissimutn

477 3228 761 3285 ostendere
791 3231 1056 3286 videntur.
1090 3231 1346 3299 Quaedam
1377 3229 1606 3288 fortasse
1633 3246 1700 3286 ex
1731 3229 1885 3289 libris
1923 3245 2058 3300 quos

479 3329 699 3377 secutus
751 3331 832 3378 est
878 3323 1019 3378 male
1061 3323 1277 3394 scriptis
1302 3322 1387 3378 vel
1433 3322 1575 3380 male
1620 3322 1774 3379 lectis
1798 3322 2056 3392 explicari

478 3422 705 3484 possunt
736 3415 848 3487 (5);
895 3415 999 3470 alia
1037 3429 1165 3470 vero
1210 3415 1475 3486 ejusmodi
1524 3425 1685 3485 sunt,
1726 3425 1785 3471 ut
1825 3417 2056 3472 scribam

480 3505 724 3560 auctoris
775 3505 936 3560 verba
981 3521 1148 3576 prave
1192 3506 1556 3576 excipientem
1618 3517 1674 3562 et
1724 3506 2060 3578 negligenter

481 3595 808 3660 scribentem
857 3606 1087 3668 arguant
1112 3597 1211 3670 (6).
1257 3596 1382 3654 Haec
1415 3607 1522 3654 tam
1550 3598 1603 3653 in
1651 3599 1718 3655 iis
1745 3613 1865 3670 quae
1887 3598 2059 3669 prima

481 3702 644 3758 quam
668 3703 787 3758 quae
829 3689 1062 3745 secunda
1107 3705 1269 3745 manu
1301 3689 1499 3760 scripta
1530 3698 1657 3746 sunt
1697 3690 2056 3761 reperiuntur.

481 3777 608 3834 Haec
630 3793 778 3845 vero,
808 3796 912 3852 qua
937 3780 1109 3856 locum
1135 3782 1200 3838 de
1227 3781 1467 3838 Mariano
1489 3791 1616 3839 nato
1653 3784 1913 3854 scriptum
1939 3797 2061 3839 esse

481 3885 640 3940 supra
673 3872 805 3938 dixi,
852 3872 1123 3928 Chronico
1167 3875 1316 3930 linito
1346 3875 1507 3932 etiam
1533 3875 1652 3946 ejus
1706 3886 1934 3933 mortem
1969 3877 2063 3933 ad-

481 3964 726 4028 notavit;
757 3967 902 4036 quod
926 3967 994 4021 ab
1034 3967 1150 4037 ipso
1177 3966 1378 4023 factum
1412 3967 1578 4024 fuisse
1612 3985 1770 4025 nemo
1801 3969 1902 4024 sibi
1934 3983 2061 4038 per-

479 4057 766 4123 suadebit;
837 4057 930 4112 sed
981 4059 1215 4113 scribam
1273 4059 1751 4129 deprehendimus,
1802 4061 1893 4130 qui
1932 4060 2060 4114 dum

481 4150 754 4210 lllarianus
787 4154 1011 4221 viveret,
1045 4155 1144 4225 ipsi
1187 4156 1254 4210 ad
1288 4172 1480 4211 manus
1516 4155 1618 4211 fuit
1646 4163 1696 4212 et
1727 4173 2062 4227 quaecunque

482 4245 769 4300 scribenda
818 4255 975 4300 erant
1051 4247 1222 4302 codici
1279 4247 1485 4313 intulit;
1553 4248 1753 4317 quique
1803 4249 2063 4316 magistro

481 4346 696 4392 mortuo
730 4338 894 4394 etiam
927 4339 1133 4393 obitum
1167 4339 1264 4392 viri
1299 4341 1587 4394 venerandi
1638 4339 1876 4397 breviter
1902 4342 2063 4396 adno-

2158 1869 2270 1916 tum
2300 1862 2497 1932 stepius
2546 1870 2824 1917 mutentur
2845 1869 2900 1916 et
2947 1861 3317 1917 dillieillimum
3366 1862 3440 1917 sit
3469 1860 3734 1915 intellectu

2155 1969 2297 2024 quae,
2314 1968 2422 2023 quo
2445 1963 2708 2023 tempore,
2731 1968 2904 2024 quave
2919 1969 3078 2008 manu
3107 1952 3288 2008 addita
3314 1951 3462 2007 sint?
3482 1951 3735 2018 Quacum

2155 2048 2229 2104 ita
2260 2048 2392 2114 sint,
2415 2048 2656 2104 codicem
2703 2047 3139 2119 authographum
3184 2047 3453 2108 dicamus,
3479 2060 3548 2101 eo
3572 2055 3734 2098 tamen

2156 2156 2317 2197 sensu
2365 2149 2426 2195 ut
2472 2155 2653 2210 neque
2690 2148 2833 2196 totus
2864 2155 3040 2211 neque
3072 2139 3366 2194 maximam
3396 2147 3616 2208 partem
3637 2136 3736 2190 hla-

2158 2234 2294 2289 riani
2327 2248 2487 2288 manu
2513 2233 2753 2304 scriptus
2789 2233 2879 2298 sit,
2904 2232 2998 2288 sed
3024 2232 3215 2287 librum
3245 2231 3508 2286 exhibeat
3531 2229 3734 2300 qualem

2157 2333 2350 2379 auctor
2378 2321 2746 2394 composuerit
2775 2330 2829 2378 et
2878 2321 3136 2392 temporis
3186 2319 3421 2376 decursu
3459 2321 3736 2374 continua-

2158 2415 2318 2480 verit,
2377 2415 2700 2480 eorrexerit,
2759 2403 2992 2480 auxerit,
3042 2413 3155 2468 sive
3207 2413 3321 2484 ipse
3373 2413 3494 2467 haec
3542 2412 3738 2464 calamo

2157 2504 2643 2570 eommendaverit,
2700 2505 2815 2560 sive
2844 2520 2971 2558 usus
3002 2503 3073 2559 sit
3098 2503 3398 2560 scribarum
3433 2517 3603 2557 manu
3634 2500 3736 2555 rudi

2157 2605 2320 2667 atque
2347 2595 2621 2666 imperita.

2225 2685 2409 2742 Codex
2453 2701 2519 2742 ex
2560 2687 2890 2744 monasterio
2945 2686 3002 2742 S.
3047 2685 3261 2741 Martini
3289 2684 3597 2756 MOguntin.
3632 2683 3735 2754 (ἴοι.

2161 2779 2182 2834 1
2219 2779 2417 2852 legitur
2453 2798 2467 2834 :
2501 2779 2612 2835 Iste
2634 2779 2765 2834 liber
2793 2780 3015 2851 pertinet
3044 2781 3112 2835 ad
3136 2779 3407 2834 librarium
3439 2776 3505 2834 S.
3534 2775 3740 2832 Martini

2161 2869 2468 2940 Moguntiw,
2486 2870 2665 2942 1479).
2692 2871 2748 2926 ln
2773 2870 3070 2926 Palatinam
3090 2871 3318 2940 indeque
3343 2869 3396 2924 in
3430 2869 3738 2924 Vaticanam

2162 2959 2455 3016 translatus
2475 2969 2558 3016 est
2591 2960 2996 3040 bibliothecam.
3249 2964 3261 2974 '

2229 3052 2287 3124 2)
2327 3050 2510 3108 Codex
2559 3052 2916 3108 Cottonianus
2970 3051 3116 3106 Nero
3161 3050 3224 3106 C.
3285 3049 3372 3118 V.,
3407 3051 3580 3116 mbr.,
3613 3067 3657 3106 ε.
3691 3068 3737 3106 xt

2159 3159 2270 3210 ex.,
2303 3144 2470 3200 codex
2493 3145 2901 3210 celeberrimus,
2918 3159 2983 3200 ex
3007 3161 3113 3214 quo
3139 3145 3411 3214 integrum
3442 3142 3738 3198 Marianum

2160 3254 2218 3295 se
2243 3238 2484 3294 edituros
2517 3252 2638 3294 esse
2689 3236 2801 3307 jam
2848 3238 3098 3294 Usserius
3127 3247 3182 3291 et
3205 3235 3255 3292 J.
3293 3236 3522 3292 Vossius
3547 3236 3740 3306 promi-

2159 3339 2342 3387 serant
2396 3330 2494 3403 (7),
2545 3345 2705 3400 quem
2757 3344 2888 3384 vero
2937 3329 3250 3399 neutiquam
3278 3327 3580 3398 genuinum
3637 3325 3741 3395 ejus

2162 3431 2366 3477 textum
2424 3421 2682 3476 exhibere
2733 3419 3214 3491 paucis'probaho.
3262 3417 3589 3488 Ubicunque
3611 3417 3740 3471 enim

2161 3513 2432 3569 Marianus
2474 3528 2560 3568 res
2614 3529 2642 3567 ιι
2695 3527 2754 3568 se
2793 3520 2974 3583 gestas
3025 3509 3265 3581 exponit,
3325 3509 3540 3578 apertis
3575 3504 3743 3563 verbis

2161 3604 2402 3676 loquitur
2459 3622 2474 3660 :
2531 3602 2643 3674 Ego
2687 3602 2964 3657 Marianas
3020 3600 3271 3656 strculum
3315 3599 3530 3668 reliqui,
3586 3598 3739 3659 cruri.

2163 3699 2276 3752 ueni
2302 3697 2403 3768 (8),
2434 3705 2540 3752 etc.
2568 3713 2582 3762 ;
2619 3696 2706 3750 hic
2733 3695 2904 3750 codex
2939 3708 3064 3747 vero
3084 3703 3176 3747 aut
3205 3702 3464 3761 tanquam
3488 3693 3559 3746 de
3579 3691 3741 3746 alieno

2163 3789 2295 3844 dicit
2347 3807 2361 3844 :
2417 3787 2694 3844 Mariamts
2743 3785 3171 3856 chronographus
3225 3784 3484 3839 strculuut
3527 3782 3737 3853 reliquit,

2164 3881 2444 3937 Marianas
2482 3883 2642 3942 venit,
2683 3890 2776 3935 aut
2825 3879 2916 3934 ubi
2964 3879 3082 3948 ejus
3126 3879 3287 3932 verba
3345 3877 3595 3938 retinuit,
3621 3874 3744 3943 adji-

2163 3974 2413 4029 ciendum
2464 3973 2626 4028 duxit
2653 3990 2666 4026 :
2700 3971 2829 4026 Ha’c
2852 3971 2924 4024 ait
2970 3970 3250 4024 Marianas
3276 3967 3491 4022 Scottus
3521 3967 3740 4020 inclusas

2165 4065 2263 4139 (9),
2321 4067 2603 4136 ipsumque
2660 4073 2938 4120 auctorem
3005 4063 3089 4119 his
3146 4061 3327 4116 verbis
3388 4058 3741 4114 laudavitzA

2166 4159 2325 4214 1028.
2362 4157 2475 4211 Iloc
2499 4175 2639 4211 anno
2664 4167 2818 4211 natus
2847 4166 2920 4209 est
2955 4154 3232 4212 Marianas
3271 4152 3618 4206 Iliberttettsis
3635 4166 3742 4220 pro-

2166 4249 2352 4304 babilis
2399 4247 2629 4316 Scottus,
2659 4247 2813 4318 cujus
2860 4247 3035 4300 studio
3079 4256 3127 4299 et
3172 4245 3355 4298 labore
3385 4245 3520 4306 jure
3547 4241 3739 4296 cronice

2163 4339 2464 4412 prmcclletts
2493 4354 2566 4395 est
2597 4341 2662 4394 tle
2705 4339 2922 4395 diversis
2953 4337 3098 4391 libris
3122 4336 3425 4391 continuata
3459 4334 3595 4406 (l0).
3626 4330 3741 4398 Qui-

483 4430 704 4484 tandum
755 4429 927 4484 duxit.
984 4429 1100 4484 lam
1153 4445 1280 4485 vero
1336 4431 1557 4486 alteram
1605 4443 1836 4503 partem,
1883 4433 2058 4504 prima
2092 4439 2388 4512 Dhuscum
2431 4439 2474 4494 si
2535 4451 2820 4507 comparas
2869 4433 3030 4489 verba
3078 4432 3306 4502 genuina
3357 4427 3589 4483 Mariani
3618 4425 3739 4496 (ll).

551 4613 572 4645 ⁸
597 4614 708 4668 lucc
739 4631 806 4670 an
850 4628 981 4672 recte
1003 4618 1214 4689 legerim
1243 4619 1440 4674 dubito.

1783 4547 2018 4607 VARUE
2058 4551 2462 4609 LECTIONES.

1974 4715 2206 4774 ΝΟΤᾹΞ.

557 4801 630 4872 (3)
660 4800 714 4856 id
741 4810 825 4857 est
869 4801 956 4858 die
983 4803 1168 4860 Martis
1190 4805 1303 4860 sive
1331 4804 1463 4862 feria
1495 4798 1685 4864 tertia.
1705 4806 1959 4862 Fortasse
1989 4810 2056 4864 de

481 4871 1268 4966 Marliaqiitinere‘set'moest;
1293 4878 1569 4966 v._§ltron.
1598 4893 1648 4966 ‘a
1683 4876 1820 4933 1078
1849 4878 2055 4949 (1056).

2165 4809 2230 4864 ab
2261 4809 2465 4864 arboris
2497 4823 2594 4879 pro
2619 4824 2650 4861 a
2678 4805 2938 4879 barbaris,
2985 4802 3460 4879 sirium‘facjtpro
3502 4796 3736 4879 triumla-

2165 4881 2231 4962 υἷ’
2255 4880 2329 4952 (³·
2362 4880 2477 4950 ²¹)ν
2498 4871 2556 4931 ’Χ
2584 4871 3739 4966 “aemili”?‘fﬂ‘f’m.(i‘1§‘§lzflﬁi‘i"%'
