3926 5326
147 211 259 265 609

1126 209 1398 267 soritis
1442 177 1806 266 uisrontcs
1851 208 1937 266 ET
1979 205 2424 269 mmmam.

3314 227 3418 284 6111

153 333 247 377 tur
273 321 413 393 (35).
449 309 542 377 llis
582 330 750 378 totum
781 336 850 377 sc
877 323 1018 378 dedit
1058 323 1358 390 Marianas;
1395 325 1445 377 in
1475 324 1558 378 his
1587 322 1729 380 mani
1763 328 1811 386 Λ
1850 326 1873 394 ζ
1910 327 2142 380 rantibus
2193 341 2396 398 quoque
2454 327 2798 386 Constantino
2853 343 2899 387 et
2948 333 3233 393 Constante
3284 357 3409 411 aug.

152 427 304 466 mam
333 413 456 467 libri
481 414 563 467 sui
591 423 798 483 partem
827 414 1028 468 versari
1056 453 1071 478 ,
1099 430 1166 470 cn
1190 416 1488 470 videamus.

205 502 363 570 Qua!
408 505 460 557 in
491 504 676 557 cuilicc
705 503 949 558 Romano
979 503 1228 573 leguntur
1269 505 1383 558 haec
1421 513 1547 557 sunt
1574 496 1686 575 (Si)
1717 521 1730 558 :

151 594 192 662 Ῑ.
236 593 262 646 1
279 633 294 646 .
333 588 603 646 Tractatio
621 591 731 662 ('55)
753 595 1012 662 sequentis
1034 593 1171 646 cicli.
1195 592 1260 646 In
1287 595 1476 664 pagina
1497 596 1736 663 sequenti!

1905 430 2058 467 ann..
2091 428 2278 484 quarto
2298 455 2312 476 .
2342 417 2462 470 'sub
2518 420 2808 475 die'octauo
2839 420 3210 480 Kalendarum
3255 428 3413 485 Octo-

1885 525 1888 530 ·
1910 507 2076 559 brium
2097 545 2110 570 ,
2149 507 2431 562 indictione
2456 510 2488 560 li
2513 520 2560 563 et
2596 511 2812 582 reliqua.

1905 596 2094 651 Annus
2117 598 2152 650 3
2179 605 2263 653 est
2297 599 2492 653 tertius
2531 599 2831 657 Constantii
2858 614 2912 658 et
2953 605 3270 664 Constantis
3291 649 3306 676 ,
3353 619 3410 666 ct

221 700 322 752 per
344 684 708 736 abecedarium
737 682 951 736 litterali
975 683 1152 752 regula
1179 683 1244 736 de
1269 683 1471 736 duobus
1494 683 1750 750 alfabetis»
1837 688 1912 744 ita
1935 703 2148 759 semper
2175 691 2557 761 imperatorum
2589 695 2713 748 anni
2743 697 3067 753 indit-antur.

221 783 350 827 ante
379 772 650 827 Kalendas
677 772 1016 843 {estivitatum
1036 773 1218 841 positis
1248 773 1450 825 variata
1483 813 1497 835 ,
1549 788 1612 824 ac
1655 773 1734 826 ri-

223 863 359 931 ginti
383 872 496 915 octo
512 861 698 917 litteris
722 863 1005 918 secundum
1023 861 1210 916 solaris
1222 861 1337 915 cicli
1351 861 1730 931 longitudinem

223 956 407 1026 longa,
427 958 586 1024 juxta
612 965 791 1010 autent
813 955 1276 1010 decennorennalis
1306 955 1425 1008 cicti
1453 954 1737 1025 longitudi-

223 1060 363 1106 nem,
387 1045 518 1114 quia
535 1044 708 1098 decem
742 1060 802 1099 ac
830 1059 1009 1098 novem
1055 1044 1238 1098 litteris
1289 1054 1522 1110 constat,
1556 1045 1738 1098 latitu-

223 1132 347 1186 dine
372 1131 512 1198 lata,
538 1134 948 1204 qualemcunque
999 1133 1227 1188 litteram
1252 1135 1324 1189 vis
1352 1134 1580 1204 primum
1621 1135 1735 1190 ride

222 1254 296 1265 —
331 1254 403 1264 —
441 1225 635 1296 Sicque
656 1241 858 1296 semper
896 1227 1208 1281 seruandum
1246 1235 1344 1280 est.

143 1318 195 1385 Ῑ.
236 1317 293 1370 2.
333 1315 468 1371 Cicli
525 1317 638 1388 (35)
699 1317 888 1372 solaris
931 1318 1103 1371 decem
1148 1327 1194 1371 et
1239 1332 1414 1372 nocent
1467 1326 1586 1371 sunt
1647 1317 1734 1371 isti

221 1408 316 1476 qui
343 1408 400 1459 in
427 1407 558 1460 cielo
595 1406 1046 1476 mugnopascliali
1075 1407 1404 1460 continen'ur
1427 1417 1474 1459 et
1515 1407 1568 1459 in
1603 1420 1734 1460 uno-

223 1515 428 1570 quoque
452 1499 568 1555 cicli
592 1500 663 1555 28
687 1502 815 1555 anni
831 1542 846 1566 ,
891 1503 982 1568 qui
1008 1502 1066 1555 in
1084 1501 1269 1570 primis
1295 1501 1482 1556 litteris
1513 1513 1562 1557 et
1603 1519 1734 1574 qua-

226 1601 351 1645 tuor
372 1591 799 1647 concurrentibus
823 1594 1096 1662 incipiunt.

227 1679 452 1736 Tabula:
472 1690 780 1751 sequuntur.
794 1697 917 1751 qua:
948 1683 1046 1737 hos
1068 1680 1252 1753 cyclos
1273 1681 1551 1738 exhibent.

222 1771 262 1824 f.
293 1771 447 1826 4-1οι
491 1771 766 1828 Marianas
807 1773 961 1844 ponit
983 1773 1286 1843 catalOgum
1313 1774 1598 1830 consulqu
1622 1775 1730 1832 Ro-

157 1879 449 1920 manorum
478 1865 561 1921 sic
589 1865 850 1936 incipiens
873 1883 890 1919 :
1116 1896 1118 1898 -
1715 1867 1718 1870 ί

142 1954 192 2009 Ι.
235 1955 489 2012 Lentulus
529 1959 586 2012 et
626 1956 930 2013 Marcellus.
973 1957 1072 2013 His
1101 1957 1402 2014 consulibus
1430 1959 1736 2031 perniciosa:

222 2049 281 2102 in
333 2050 506 2104 curia
531 2049 713 2104 Roma:
741 2051 805 2104 de
833 2049 1083 2120 Pompeio
1131 2061 1176 2104 et
1219 2050 1410 2106 Cesare
1441 2054 1733 2123 con/lantur

220 2142 522 2220 discordia.
584 2139 688 2196 Sed
736 2141 902 2198 Caius
956 2142 1134 2196 Julius
1183 2141 1383 2210 Ca’sar,
1421 2143 1640 2198 Romam
1668 2146 1739 2200 de

222 2231 392 2286 Gallis
423 2232 660 2297 veniens,
694 2231 1036 2304 [Pompeium
1082 2233 1195 2303 (ὅθ)
1247 2233 1444 2305 fugavit
1468 2235 1683 2290 Italiam
1711 2277 1728 2303 ,

222 2341 415 2378 aurum
448 2333 498 2378 et
539 2333 814 2394 argentum
850 2324 1028 2379 Roma:
1076 2325 1140 2379 de
1166 2327 1357 2380 errario
1376 2326 1626 2391 sustulit,
1665 2344 1728 2382 ac

220 2416 421 2483 primus
463 2415 826 2470 Romanorum
875 2416 1018 2470 solus
1065 2417 1227 2471 tenuit
1263 2417 1535 2486 imperium
1576 2419 1729 2473 annis

153 2519 180 2532 ν’
217 2511 474 2575 quatuor,
510 2509 709 2558 menses
766 2504 1120 2570 σεεν-Μῶμε
1167 2504 1348 2559 Martii
1370 2507 1588 2561 occisus.
1617 2497 1727 2562 Sub

217 2613 320 2667 quo
345 2597 401 2650 hi
422 2598 661 2651 consules
688 2598 932 2668 fuerunt,
962 2608 1088 2654 teste
1111 2597 1475 2672 Cassiodoro].

138 2689 210 2743 11.
253 2689 431 2743 Julius
453 2689 634 2744 Ca'sar
652 2701 699 2744 et
722 2689 1006 2755 Sen-ilius,
1036 2703 1161 2757 etc.,
1200 2701 1298 2746 etc.

140 2782 274 2837 554.
312 2781 391 2856 [6.
427 2781 768 2838 lustinianus
799 2799 922 2854 aug.
953 2783 1008 2838 ὃ.
1035 2783 1206 2855 conm]
1241 2784 1380 2839 Beda
1407 2786 1658 2853 presbiter
1677 2796 1725 2840 et

221 2883 554 2941 consputatur
577 2875 644 2928 de
663 2875 760 2928 hoc
787 2889 925 2928 anno
951 2875 1079 2939 552,
1103 2875 1237 2929 inter
1263 2887 1432 2929 cetera
1466 2877 1538 2928 ita
1561 2863 1720 2936 dicit:

213 2961 488 3016 Dionisiu‘s
516 2961 787 3032 paschales
809 2964 1031 3018 circulos
1044 2965 1272 3019 scribens
1293 2966 1356 3018 ab
1380 2982 1517 3020 anno
1541 2965 1721 3020 Domi-

216 3053 348 3106 nica:
371 3053 750 3107 incarnationis
779 3054 1186 3123 quingentesimo
1207 3055 1468 3124 trigesimo
1491 3056 1718 3110 secundo
1749 3057 1794 3120 C

206 3145 368 3214 juxta
398 3145 568 3214 ipsum
593 3143 884 3200 Dionisium
902 3185 916 3209 ,
943 3146 1029 3215 qui
1052 3155 1128 3200 est
1145 3162 1316 3200 annus
1335 3147 1718 3201 ducentesimus

211 3236 651 3307 quadragesimus
706 3246 916 3292 octavus
950 3237 1284 3294 Diocletiani
1343 3239 1554 3310 tyranni
1603 3248 1718 3310 post

216 3327 550 3380 consulatum
584 3323 862 3396 Lampadii
889 3339 937 3380 et
977 3327 1210 3392 Orestis,
1241 3345 1340 3397 quo
1382 3346 1520 3382 anno
1557 3330 1720 3384 cod-ea:

213 3419 500 3473 Justianus-
523 3418 996 3490 orbipereul‘gatus
1019 3429 1118 3475 est.
1155 3419 1286 3473 [huc
1317 3420 1460 3474 Deda
1491 3423 1584 3475 ait.

214 3509 270 3563 ln
319 3509 564 3564 sinistro
603 3510 845 3580 margine
885 3521 1081 3580 praeter
1123 3511 1507 3580 imperatorum
1550 3526 1720 3567 annos

144 3603 304 3656 etiam
334 3617 510 3658 annos
537 3617 568 3656 a
595 3601 726 3657 Chr.
774 3618 828 3656 n.
871 3603 1132 3667 collocat,
1170 3617 1306 3673 quos
1333 3605 1400 3659 ab
1427 3619 1476 3657 a.
1515 3605 1585 3658 42
1612 3607 1720 3659 Au-

146 3696 284 3762 gusti
317 3693 546 3748 Lentulo
573 3701 629 3747 et
671 3692 897 3749 Messala
932 3708 1109 3749 conss.
1143 3694 1368 3764 incipit;
1413 3695 1466 3748 in
1497 3693 1721 3750 dextero

145 3786 386 3855 margine
410 3784 653 3856 Dionysii
679 3784 802 3838 anni
832 3794 1108 3854 ponuntur
1135 3824 1149 3850 ,
1177 3799 1406 3855 quorum
1434 3783 1640 3853 primus
1665 3783 1717 3838 in

147 3875 347 3932 annum
369 3877 401 3931 7
437 3875 664 3942 Tiberii,
690 3875 906 3931 Valerio
931 3885 988 3932 et
1011 3875 1238 3932 "Aurelio
1271 3879 1448 3932 Conss.
1484 3875 1646 3932 cadit;

215 3964 476 4036 Sequitur
503 3965 595 4020 fol.
631 3964 697 4020 10
722 3984 734 4019 :

137 4054 264 4112 Alia
316 4055 543 4108 secundo
599 4054 806 4125 vestigio
855 4049 1143 4109 emendatio
1175 4054 1434 4108 annorum
1465 4055 1720 4109 incarnac

212 4148 375 4201 tionis
396 4148 555 4217 juxta
585 4145 977 4210 Ilieronimum,
1033 4143 1122 4216 qui
1147 4146 1290 4200 dicit
1346 4143 1574 4199 Paulum
1606 4155 1720 4215 post

212 4241 394 4294 decem
431 4251 478 4294 et
529 4239 721 4308 septem
753 4255 918 4292 annos
955 4239 1300 4293 conversionis
1333 4256 1443 4306 sua'
1487 4239 1721 4307 locutum
1788 4297 1789 4300 η

214 4333 382 4401 fuisse
409 4331 462 4384 in
491 4327 828 4383 Hierusalem
865 4345 982 4384 cum
1029 4327 1186 4383 Petro
1210 4371 1224 4392 ,
1268 4341 1318 4384 et
1349 4331 1721 4384 Cassiodorum
1770 4316 1772 4318 ⁷

1909 777 2165 849 Sequitur
2200 781 2238 833 l‘.
2270 781 2328 835 11
2366 799 2380 835 :

1841 867 2015 922 Tertia
2046 869 2340 924 emendatio
2384 885 2641 926 annorum
2669 874 3045 933 incarnationis
3075 883 3236 937 tertio
3253 884 3408 938 resti-

1907 962 1991 1028 gio
2011 961 2294 1016 secundum
2317 963 2763 1034 martirologyium
2785 977 2832 1021 et
2854 971 3122 1040 passiones
3153 988 3409 1042 paparum

1903 1062 1953 1107 et
1975 1053 2255 1108 decretales
2283 1055 2526 1124 epistolas
2551 1071 2730 1111 eorum
2750 1099 2764 1122 ,
2819 1077 2951 1130 quas
2986 1063 3085 1132 ipsi
3118 1080 3268 1132 papa!
3295 1082 3410 1134 pre-

1906 1144 2031 1198 dicti
2062 1145 2114 1198 in
2152 1146 2305 1199 certis
2333 1144 2588 1200 Kalendis
2620 1150 2870 1203 miserunt
2897 1162 2943 1204 et
2975 1153 3068 1206 sub
3103 1155 3410 1209 consulibus

1904 1235 2056 1288 certis
2085 1236 2365 1290 nominatis
2391 1239 2846 1306 conscripserunt;
2885 1242 2939 1295 in
2968 1241 3156 1312 quibus
3185 1245 3411 1298 habetur

1910 1325 2098 1380 Decius
2123 1343 2216 1396 per
2247 1344 2412 1381 annos
2439 1329 2613 1382 decem
2651 1346 2894 1400 regnasse
2915 1334 3225 1388 auctoritate
3253 1333 3406 1389 a'clc-

1904 1417 2117 1471 siastica
2145 1417 2198 1470 in
2224 1433 2531 1488 unoquoque
2553 1433 2691 1473 anno
2713 1422 3086 1490 conﬁrmante,
3113 1442 3144 1477 a
3167 1423 3407 1480 Fariano

1902 1518 2068 1578 papa,
2098 1508 2190 1576 qui
2211 1523 2396 1578 passus
2423 1520 2496 1562 est
2522 1510 2616 1563 sub
2649 1511 2808 1564 Decio
2827 1549 2840 1576 ,
2884 1529 3046 1582 usque
3073 1515 3140 1567 ad
3166 1525 3406 1570 sanctum
3441 1551 3443 1553 -

1904 1601 2244 1656 Laurentium
2265 1642 2280 1665 ,
2305 1603 2394 1672 qui
2421 1619 2606 1666 passus
2631 1613 2704 1656 est
2730 1605 2825 1658 sub
2856 1604 3030 1660 Decio.

1761 1697 1808 1767 Β
1837 1685 2152 1765 (Γ1ἓ.)’5ιι.
2195 1694 2284 1748 18.
2327 1694 2376 1746 l.
2421 1690 2656 1748 Tiberius
2693 1693 2875 1749 Cwsar
2908 1695 2941 1750 5
2981 1713 3154 1752 conss.
3187 1696 3409 1753 Cassio-

1902 1786 2062 1839 dorus
2096 1787 2213 1839 sic:
2264 1783 2351 1838 l2.
2408 1783 2642 1838 Tiberius
2687 1783 2956 1855 imperauit
3006 1803 3130 1842 ann.
3181 1787 3270 1842 23.
3310 1788 3442 1843 Ilis-

1834 1882 1846 1913 '-
1901 1895 2072 1933 conss.
2109 1879 2356 1932 dominus
2381 1887 2554 1932 noster
2575 1877 2732 1932 Iesus
2759 1875 2999 1934 Christus
3013 1897 3204 1951 passus
3236 1892 3310 1936 est
3350 1883 3404 1937 8.
3433 1913 3442 1923 -

1903 1967 2031 2023 Kal.
2053 1969 2220 2038 April.
2243 2008 2257 2032 ,
2288 1980 2409 2033 etc.,
2447 1979 2617 2024 etc....
2719 1999 2741 2002 --
2863 1986 2865 1990 ·

1834 2058 1979 2131 [267.
2018 2060 2070 2114 9.
2125 2057 2433 2114 Valerianus
2461 2059 2667 2114 Decius.
2739 2077 2743 2082 '
2884 2061 3014 2118 ΞΗ.

1832 2147 1949 2201 Alia
1976 2149 2248 2203 decretalis
2275 2149 2491 2218 epistola
2517 2149 2656 2204 Sixti
2687 2167 2837 2220 papa:
2859 2165 2878 2203 :
2907 2151 3268 2208 Dilectissimis
3294 2153 3407 2223 fra-

1900 2237 2064 2291 tribus
2093 2253 2185 2305 per
2216 2233 2492 2307 Hispania
2533 2240 2822 2307 provintias
2866 2242 3172 2303 constitutis
3221 2241 3404 2298 Sixtus

1898 2327 2167 2396 episcopus
2213 2326 2456 2382 salutem.
2503 2327 2650 2384 Data
2693 2329 2784 2383 Π.
2826 2328 2950 2384 Kal.
2980 2315 3208 2401 August.
3255 2331 3407 2388 Vale-

1899 2421 2048 2473 riano
2077 2428 2124 2473 et
2162 2417 2320 2472 Decio
2349 2417 2670 2474 consulibus.
2715 2419 2778 2475 In
2802 2422 3170 2494 martirologio‘
3190 2425 3258 2478 de
3277 2437 3422 2480 con-J

1895 2509 2152 2579 [lictione-
2181 2507 2347 2574 Sintia,
2416 2508 2765 2575 Felicissimi.
2831 2511 3073 2583 Agupiti-,
3118 2513 3302 2584 [politi
3353 2528 3403 2572 et

1895 2601 2064 2654 sancti
2122 2599 2394 2655 Laurentii
2440 2599 2767 2670 aliorumque
2801 2612 3006 2656 contra
3048 2601 3261 2658 Decium
3285 2595 3320 2668 ,'
3354 2617 3402 2660 et

1894 2693 2026 2746 sicut
2049 2692 2192 2762 passi
2211 2702 2330 2746 sunt
2363 2691 2458 2744 sub
2500 2692 2609 2759 ipso
2643 2708 2814 2746 mense
2854 2693 3124 2763 Augusto,
3174 2693 3434 2759 multum.

1855 2789 1866 2798 "
1895 2794 1942 2838 ct
1967 2783 2097 2838 satis
2119 2783 2342 2838 habetur
2364 2773 2715 2852 percunctam
2745 2782 3044 2850 ecclesiam",
3093 2785 3233 2854 quod
3267 2802 3403 2838 nun-

1891 2890 2048 2944 quam
2087 2873 2344 2927 delebitur
2380 2881 2427 2926 et
2461 2873 2546 2926 cui
2574 2873 2891 2928 credendum
2925 2881 3001 2927 est
3033 2873 3197 2927 multo
3234 2875 3398 2945 magis

1891 2981 2049 3035 quant
2073 2963 2313 3017 cronicis.
2364 2964 2368 2968 ’

2045 3055 2088 3110 ϐ
2094 3055 2230 3110 allus
2253 3093 2268 3120 ,
2313 3052 2646 3108 Volusianus.

1820 3147 2162 3201 Cassiodorus
2208 3145 2472 3215 expositor
2515 3143 2747 3212 psalterii
2788 3145 2863 3198 sic
2885 3144 3055 3199 dicit:
3089 3142 3188 3198 His
3212 3160 3404 3198 consuc

1889 3233 2025 3290 tibus
2063 3234 2253 3288 Decius
2295 3234 2510 3289 lavacra
2560 3232 2770 3303 puplica
2810 3232 3086 3301 wdiﬁcarit
3141 3249 3260 3302 quae
3301 3249 3398 3286 suo

1843 3367 1848 3372 .
1887 3324 2095 3378 nomine
2125 3321 2381 3392 appellari
2403 3322 2614 3395 jussit.]
2664 3323 2860 3376 Decius
2885 3341 3002 3378 curn
3052 3323 3176 3392 filio.
3200 3339 3297 3377 suo
3341 3323 3398 3376 in

1888 3415 2091 3468 Abritio
2121 3412 2324 3468 Tracite
2349 3412 2462 3467 loco
2493 3431 2527 3467 a
2549 3411 2735 3468 Gothis
2767 3415 3044 3468 occiditur.
3071 3412 3170 3468 Cui
3193 3427 3402 3468 succes-

1887 3507 1955 3560 sit
2007 3503 2191 3558 Callus
2236 3521 2354 3558 cum
2390 3503 2675 3558 Volusiano
2717 3504 2866 3572 ﬁlio,
2911 3505 3001 3575 qui
3052 3512 3394 3574 regnaverunt

1888 3599 2040 3653 annis
2116 3596 2153 3650 2
2182 3637 2196 3662 ,
2259 3596 2524 3652 mensibus
2593 3596 2670 3661 4,
2741 3607 2994 3667 quantum
3055 3596 3126 3650 ad
3205 3586 3393 3651 caluu-

1837 3697 1848 3733 ἱ
1885 3688 2050 3742 latum
2109 3698 2286 3742 autem
2333 3688 2488 3742 annis
2526 3697 2730 3742 tantum
2778 3688 2978 3766 duobus
3040 3697 3090 3742 et
3163 3688 3392 3759 reliqua.

1887 3779 1944 3834 ln
1974 3777 2197 3833 sinistro
2223 3777 2466 3848 margine
2487 3787 2613 3831 sunt
2639 3777 2765 3831 anni
2795 3792 2824 3829 a
2854 3775 2984 3831 Chr.
3010 3793 3064 3830 n.
3093 3779 3388 3832 secundum

1818 3870 2126 3925 Marianum
2146 3877 2202 3923 et
2227 3868 2636 3937 imperatorum.
2663 3867 2994 3936 Tertius'qui
3017 3866 3174 3923 ini.io
3199 3866 3395 3936 legitur

1709 4005 1712 4007 .
1761 4006 1764 4007 ν
1818 3969 2076 4014 numerus
2101 4000 2116 4024 ,
2154 3957 2345 4012 l-Xlill
2384 3966 2437 4012 et
2470 3955 2658 4011 l-XXV
2686 3998 2700 4022 ,
2740 3965 2862 4027 post
2897 3956 3206 4023 omittitur;
3262 3957 3389 4026 quid

1819 4051 2407 4124 signiticet~nescio.eln
2434 4051 2658 4106 dextero
2689 4050 2929 4119 niarginc
2957 4063 3107 4104 more
3133 4056 3394 4106 consueto

1821 4158 1990 4198 annos
2019 4149 2047 4195 π
2077 4141 2205 4196 Chr.
2239 4156 2293 4196 n.
2328 4139 2576 4212 Dionysii
2599 4137 2810 4194 ratiun'e
2837 4137 3085 4194 collocat.
3310 4163 3318 4166 —

1892 4234 2122 4288 Additur
2153 4231 2248 4287 fol.
2288 4231 2423 4286 ub:
2637 4223 2641 4225 ·
3041 4239 3044 4243 .
3124 4223 3130 4228 -

1903 4323 2287 4393 Recapitulatio
2336 4320 2448 4393 (57)
2503 4311 2725 4391 imperii.
2767 4307 3218 4388 Con/irritatio-est
3252 4309 3389 4374 enim

213 4429 490 4489 ponentem
512 4429 737 4486 quatuor
765 4434 930 4471 annos
980 4417 1119 4474 inter
1146 4415 1408 4472 Neronem
1443 4429 1488 4470 et
1528 4406 1724 4487 Vespai
1753 4401 1800 4460 θ
1827 4418 2060 4488 repetitio
2088 4403 2552 4470 commendationis
2579 4414 2829 4490 cujusque
2853 4414 2948 4467 rei.
3011 4434 3014 4437 ·

215 4514 426 4565 sianum
446 4550 458 4573 ,
496 4520 543 4564 et
574 4507 819 4564 Orosium
835 4509 1095 4586 dicentem
1118 4505 1338 4563 Decium
1369 4503 1533 4565 tribus
1565 4511 1718 4565 annis

216 4619 478 4674 regnasse.
628 4659 630 4661 _
757 4636 759 4639 -
937 4629 940 4632 ·
1163 4653 1166 4656 .
1553 4643 1558 4648 ι
1580 4589 1583 4591 ’

151 4693 234 4747 3i.
279 4692 517 4747 Christus
543 4706 734 4762 passus
782 4697 876 4747 est;
907 4698 1080 4744 θείη..
1179 4709 1182 4712 λ

153 4782 273 4839 553.
308 4813 379 4823 -
415 4810 486 4822 —-—
523 4811 596 4824 —
630 4810 700 4820 ——-
736 4779 791 4834 5.
833 4779 1056 4835 Sanctus
1079 4777 1256 4832 Julius
1288 4791 1423 4848 papa
1453 4780 1504 4833 in
1544 4776 1716 4834 decre-

219 4875 315 4927 tuli
345 4889 442 4927 sua
471 4869 691 4942 epistola
727 4870 791 4924 de
819 4870 916 4924 hoc
955 4885 1092 4924 anno
1120 4867 1190 4920 ita
1217 4869 1340 4921 dicit
1365 4884 1380 4921 .'
1421 4868 1488 4924 In
1513 4871 1717 4925 nomine

220 4963 415 5018 domini
446 4961 542 5016 Dei
566 4971 614 5016 et
637 4958 918 5014 salvatoris
942 4957 1108 5012 nostri
1134 4956 1260 5011 Jesu
1283 4957 1476 5014 Christi
1505 4999 1521 5024 ,
1555 4961 1715 5030 impe-

1651 5100 1906 5182 Noun.

224 5191 328 5261 (55)
355 5190 447 5262 rCt‘.
475 5204 598 5262 quae
621 5188 687 5241 de
715 5186 819 5241 hac
851 5182 1179 5262 quaestione}
1216 5184 1272 5262 in
1304 5189 1693 5262 quaisotvernda

159 5252 321 5316 etiam
344 5252 682 5326 Sigeb'ertum
720 5252 1037 5326 occupatum
1072 5252 1164 5306 sed
1213 5252 1434 5314 Muciani
1475 5261 1690 5326 vestigia

1903 4507 2044 4562 Anni
2081 4505 2273 4561 decimi
2312 4505 2732 4575 praecedentium
2755 4500 3080 4560 tabularum
3117 4503 3388 4559 emendati

1824 4610 1877 4656 et
1905 4599 2048 4654 aucti
2082 4599 2278 4653 iterum
2309 4597 2579 4667 leguntur.
2803 4655 2808 4662 λ
2844 4591 2848 4598 λ
2959 4643 2974 4657 ,
3035 4637 3039 4641 Α
3154 4653 3156 4655 _

1895 4691 1967 4745 F.
2007 4689 2139 4742 15’:
2180 4686 2251 4741 Hi
2290 4698 2408 4742 sunt
2447 4687 2597 4755 ﬂatlti
2638 4684 3030 4755 Hibernia-'qu
3061 4686 3396 4742 occ-dimctlia

1825 4794 1973 4861 parte
2031 4781 2077 4832 ei
2130 4777 2184 4830 id
2232 4787 2303 4830 est
2353 4775 2527 4830 doletlt
2558 4775 2753 4829 cltuinn
2787 4783 3202 4846 regerunt,‘etc.
3239 4774 3396 4847 (57‘).

1898 4870 2161 4941 Sequitur
2199 4866 2292 4922 fol.
2329 4867 2412 4924 16’
2451 4865 2731 4933 catalogus
2767 4862 3086 4935 pontiﬁcum
3123 4863 3406 4923 Romano-

1833 4985 1986 5033 ι-υηι,
2023 4960 2167 5018 nulla
2202 4958 2524 5030 incriptione
2556 4953 2839 5027 [tramissa
2871 4957 2954 5012 sic
2989 4951 3302 5024 incipiens:

1917 5196 1992 5258 5'5
2033 5188 2154 5244 liaac
2198 5185 2264 5258 in
2324 5185 2362 5240 Ξ
2393 5145 2838 5245 desiderantur,
2887 5175 2986 5248 qui
3043 5185 3074 5225 a
3129 5175 3430 5235 consulum

1829 5257 2078 5326 minlogo
2109 5257 2312 5326 incipit.
