3926 5326
531 334 592 389 61
614 338 634 391 1
1753 332 2081 392 ΜΑΩΙΑΝυε

2238 328 2485 387 υττυε.
3689 330 3788 386 612

613 452 635 504 1
706 449 896 505 Petrus
933 447 1200 520 apostolus
1238 447 1477 517 princeps
1525 446 1882 517 apostolorum
1932 448 2118 502 Antio-
2145 459 2195 518 Α
2223 445 2392 500 Multa
2417 454 2570 516 atque
2585 445 2702 514 jam
2724 461 2860 500 mira
2883 445 3142 500 mandans
3161 445 3296 500 sicut
3325 444 3649 500 archiscriba
3675 463 3786 514 pre-

737 543 962 606 cltenus,
985 539 1128 609 [ilius
1154 538 1406 602 Joannis,
1432 539 1714 608 prouincia:
1745 536 1966 592 Galileas
2001 540 2110 593 vico
3521 533 3784 608 Ueniens.

749 628 1066 693 Bethsaida',
1099 627 1266 696 frater
1293 627 1519 682 Andreae
1545 669 1560 692 ,
1589 629 1816 698 primum
1859 630 1991 683 sedit
2023 646 2114 682 ca-
2294 625 2436 680 Sciat
2457 626 2553 679 hoc
2577 627 2677 680 inci
2705 626 2850 698 lead.
2886 625 2937 680 in
2966 625 3206 680 interlin.
3235 624 3266 678 I
3290 624 3549 697 nominis]
3578 628 3785 697 inquisi-

744 724 981 777 thedram
1012 722 1338 792 episcopatus
1366 719 1656 774 Antiochia:
1685 737 1850 775 annos
1887 731 2111 789 septem,
2219 725 2317 778 tor,
2357 716 2602 785 quoniam
2627 716 2868 785 predicor
2889 714 3170 786 precellens
3183 714 3471 785 precellens
3501 714 3654 769 cicius
3679 715 3789 769 la-

752 823 928 883 postea
962 811 1217 865 Romana:
1245 809 1466 865 ecclesia:
1494 809 1796 863 cathedram
1829 826 1992 864 annos
2019 809 2112 875 25,
2219 805 2382 858 riani.

635 944 638 945 ν
741 921 903 959 mem,
938 903 1005 958 (ο
1024 903 1065 956 ο,
2287 894 2441 950 Folio
2473 895 2538 950 18
2570 897 2730 967 igitur
2754 910 2981 968 magnus
3006 898 3186 969 cyclus
3209 897 3484 969 paschalis
3505 897 3720 969 legitur,
3740 907 3788 954 et

603 995 785 1059 Linus,
837 997 1046 1049 natione
1102 992 1296 1056 Italus,
1356 993 1421 1046 de
1466 993 1675 1063 regione
1724 990 1928 1046 Tuscia!
1966 1001 2114 1062 patre
2219 987 2408 1057 prima:
2442 988 2639 1043 tabulae
2667 987 2783 1044 haec
2811 991 3251 1059 praemittuntur:

747 1085 1092 1149 Iierculiano,
1115 1085 1245 1137 sedit
1276 1099 1403 1137 ann.
1437 1082 1522 1144 15,
1553 1099 1624 1134 m.
1653 1081 1707 1144 5,
1737 1082 1848 1134 dies
1883 1079 1968 1134 12.
2222 1121 2224 1123 .
2289 1077 2501 1132 Printus
2527 1095 2694 1133 annus
2724 1080 2898 1150 magni
2922 1078 3082 1143 huius
3111 1079 3338 1149 pascalis
3365 1078 3519 1144 cicli,
3548 1089 3595 1134 et
3623 1080 3671 1133 in
3705 1097 3786 1133 cu-

597 1176 897 1246 Catalogus
935 1189 1107 1243 usque
1135 1174 1202 1228 ad
1233 1173 1532 1228 Johannem
1566 1173 1658 1227 Xll
1690 1173 1954 1228 deductus
1982 1182 2065 1228 est
2094 1189 2108 1239 ;
2212 1171 2303 1240 jus
2334 1171 2562 1224 secundo
2592 1187 2729 1225 anno
2759 1170 2917 1240 juxta
2948 1171 3245 1226 Dionisium
3283 1181 3466 1226 natum
3503 1179 3582 1252 est
3617 1171 3787 1226 Domi-

529 1269 682 1336 eujus
723 1269 878 1322 linem
918 1269 1023 1322 hoc
1063 1267 1181 1322 loco
1219 1265 1417 1320 addere
1450 1265 1604 1334 juvat
1642 1284 1654 1318 :
1797 1275 1802 1278 ‘
2217 1280 2348 1328 nus,
2377 1264 2659 1318 indictione
2682 1275 2794 1320 erat
2819 1266 3004 1332 tertia,
3034 1267 3124 1321 sed
3146 1267 3200 1320 in
3222 1267 3398 1342 capite
3413 1266 3788 1339 5.-[14Ἶρτὶο-

533 1360 657 1417 120.
699 1360 1012 1414 Benedictus
1043 1376 1179 1429 papa
1208 1360 1340 1412 sedit
1373 1376 1500 1412 ann.
1532 1361 1599 1424 5,
1631 1375 1702 1412 m.
1734 1359 1789 1414 5.
2217 1357 2289 1409 ris
2326 1357 2441 1410 ricli
2477 1357 2696 1413 indictio
2733 1368 2846 1414 erat
2883 1358 2973 1431 ['].
3015 1359 3228 1416 Primus
3275 1373 3456 1416 autem
3506 1381 3680 1418 annus
3719 1382 3788 1419 se-

755 1450 858 1504 Leo
893 1449 1147 1518 presbiter
1179 1448 1402 1517 forensis
1433 1448 1544 1502 sed.
1577 1449 1631 1503 d.
1667 1448 1758 1503 57.
2217 1449 2380 1501 eundi
2425 1449 2604 1518 magni
2638 1450 2866 1520 pascalis
2904 1451 3052 1516 cicli,
3103 1453 3301 1521 quiest
3341 1454 3509 1508 cicius
3544 1454 3784 1517 Dionisii,

760 1541 1167 1608 Christophorus
1195 1539 1447 1607 presbiter
1473 1539 1760 1593 cardinalis
1788 1539 1971 1595 titulus
2001 1539 2111 1592 Da-
2216 1537 2500 1592 indictione
2526 1547 2637 1592 erat
2667 1539 2870 1594 decima
2899 1553 2945 1595 et
2973 1543 3354 1598 incarnationis
3384 1545 3492 1599 552
3520 1546 3786 1599 secundum

845 1633 979 1687 masi
1017 1629 1149 1684 sedit
1193 1645 1263 1682 nt.
1293 1627 1346 1682 4.
1381 1627 1596 1686 Electus
1634 1643 1706 1686 est
1743 1642 1790 1686 et
1825 1643 2112 1686 monachus
2217 1620 2540 1685 monistum.
2593 1630 2808 1686 Primus
2854 1635 2976 1686 item
3006 1632 3185 1704 [tertii
3215 1633 3279 1706 ⁸]
3333 1639 3520 1705 magni
3556 1636 3699 1702 cicli,
3741 1639 3785 1691 is

849 1723 1018 1794 factus
1049 1734 1147 1778 est.
2217 1739 2319 1793 quo
2357 1739 2537 1777 sumus
2575 1724 2766 1790 modo,
2807 1724 3091 1790 indictione
3129 1733 3244 1779 erat
3281 1726 3521 1780 secunda
3553 1738 3601 1781 et
3630 1727 3787 1782 incor-

742 1815 966 1886 Sergius
1007 1814 1274 1870 Romanus
1313 1827 1461 1888 patre
1498 1814 1776 1870 Benedicto
1820 1813 1952 1870 sedit
1981 1829 2106 1869 ann.
2141 1845 2189 1906 Β
2217 1815 2447 1906 nationis
2475 1815 2828 1906 millesimus!
2854 1827 3075 1887 quartus
3105 1834 3276 1872 annus
3292 1819 3459 1888 juxta
3479 1818 3782 1875 Dionisinm.

842 1906 898 1971 7,
927 1921 1002 1959 m.
1029 1905 1087 1968 5,
1112 1904 1169 1959 d.
1198 1905 1286 1960 16.
2141 1902 2178 1906 Ψ
2221 1943 2224 1946 .
2286 1902 2344 1958 ln
2393 1905 2616 1960 sinistro
2637 1905 2881 1975 margine
2920 1920 3008 1960 res
3043 1906 3203 1975 primi
3239 1906 3361 1962 cicli
3399 1908 3420 1974 (
3450 1921 3718 1963 annorum
3741 1910 3784 1963 1-

741 1995 1055 2052 Anastasius
1086 1997 1199 2052 sed.
1223 2014 1349 2052 ann.
1374 1997 1428 2051 2.
1458 2013 1527 2050 m.
1559 1996 1612 2050 2.
2219 1994 2324 2050 552
2346 1994 2365 2065 )
2386 2035 2400 2059 .
2443 1995 2496 2050 in
2532 1995 2755 2051 dextero
2791 1997 3012 2052 secundi
3049 1996 3160 2068 (40)
3200 1997 3293 2068 (a.
3327 1997 3437 2053 555
3466 2029 3493 2041 -
3528 1999 3707 2068 1064)
3735 2010 3783 2054 et

743 2086 930 2141 Lando
953 2086 1066 2141 sed.
1093 2103 1166 2140 m.
1196 2086 1250 2141 5.
2221 2075 2381 2140 initio
2427 2085 2589 2140 etiam
2629 2087 2773 2141 tertii
2812 2087 3054 2145 breviter
3088 2089 3444 2144 adnotantur.
3491 2088 3631 2144 Cum
3669 2091 3783 2144 nihil

739 2178 1010 2233 Iohannes
1039 2179 1148 2233 sed.
1179 2196 1306 2234 ann.
1341 2178 1404 2233 14
1423 2218 1438 2245 ,
1470 2196 1541 2233 m.
1570 2179 1628 2241 2.
1656 2179 1710 2232 d.
1741 2178 1794 2234 5.
2213 2175 2534 2232 contineant
2559 2178 2701 2245 quod
2733 2193 2839 2236 non
2871 2179 2924 2234 in
2957 2179 3221 2235 chronica
3251 2189 3560 2250 repetatur,
3588 2181 3784 2236 ultimos

628 2280 630 2283 '
741 2267 844 2322 Leo
869 2268 982 2322 sed.
1017 2285 1086 2322 m.
1124 2269 1172 2322 7.
2216 2281 2392 2323 annos
2421 2276 2676 2325 enotasse
2701 2269 2959 2325 sulliciat.

741 2355 1038 2426 Stephanus
1067 2358 1179 2412 sed.
1209 2374 1335 2411 ann.
1364 2358 1418 2425 2,
1448 2375 1518 2412 m.
1547 2359 1573 2413 1
1596 2400 1612 2426 ,
1642 2359 1698 2412 d.
1731 2358 1816 2413 12.
2281 2356 2388 2412 954
2411 2357 2581 2430 (912).
2613 2359 2726 2430 (41)
2753 2358 3068 2415 Cuonradus
3093 2361 3362 2431 imperavit
3384 2377 3520 2416 ann.
3552 2363 3606 2416 7.

738 2445 1008 2501 Iohannes
1036 2446 1148 2501 sed.
1182 2463 1310 2502 ann.
1339 2447 1395 2502 4.
1492 2499 1496 2502 ,
2279 2448 2384 2504 956
2412 2449 2583 2520 (914).
2615 2451 2937 2508 Anasmsius
2966 2466 3093 2506 ann.
3123 2451 3187 2518 2,
3218 2467 3294 2506 m.
3323 2452 3380 2506 2.

529 2535 661 2592 150.
691 2537 794 2591 Leo
822 2539 930 2592 sed.
964 2556 1091 2594 ann.
1121 2539 1176 2603 5,
1205 2555 1277 2592 m.
1310 2543 1373 2606 6,
1401 2538 1456 2592 d.
1498 2538 1580 2592 10.

2280 2539 2381 2595 957
2412 2540 2580 2613 (915).
2616 2541 2802 2598 Lando
2831 2557 2969 2614 papa
2999 2559 3174 2600 mens.
3199 2544 3254 2599 5.

545 2655 550 2660 -
740 2629 1044 2700 Stephanus
1070 2633 1182 2687 sed.
1214 2649 1342 2686 ann.
1371 2632 1435 2696 5,
1469 2647 1539 2684 tn.
1575 2632 1639 2695 5,
1675 2631 1728 2685 d.
1766 2631 1852 2687 15.

2282 2631 2384 2687 958
2415 2633 2586 2703 (916).
2615 2633 2893 2690 Johannes
2923 2651 3061 2707 pana
3095 2652 3224 2693 ann.
3263 2638 3363 2704 14,
3392 2654 3470 2693 m.
3509 2649 3580 2704 ε,
3612 2639 3780 2697 diebus

739 2721 979 2777 Marinus
1007 2723 1117 2777 sed.
1149 2739 1274 2777 ann.
1312 2722 1364 2784 5,
1399 2738 1468 2774 ηι.
1503 2722 1554 2784 6,
1587 2721 1641 2775 d.
1677 2723 1764 2776 14.

1587 2721 1641 2775 d.
1677 2723 1764 2776 14.
2363 2721 2560 2778 tribus.

742 2812 996 2883 Agapitus
1024 2813 1134 2868 sed.
1167 2831 1293 2868 ann.
1333 2811 1428 2876 10,
1456 2829 1527 2864 m.
1561 2811 1612 2874 7,
1645 2813 1700 2865 d.
1735 2813 1821 2868 10.
2286 2815 2292 2865 ε

2286 2812 2390 2868 940
2420 2814 2591 2884 (918).
2625 2815 2938 2873 Cuonradus
2969 2819 3093 2873 obiit
3128 2819 3212 2874 10.
3249 2819 3371 2874 Kal.
3402 2819 3537 2877 Jan.

739 2903 1014 2960 Johannes
1069 2904 1132 2957 de
1186 2904 1394 2972 regione
1463 2900 1702 2966 Violata,
1757 2904 1910 2973 cujus
1959 2913 2108 2974 pater
2221 2937 2224 2940 -
2283 2905 2380 2962 941
2417 2908 2587 2977 (919).
2617 2908 3174 2984 Hen'ricusimperavit
3198 2929 3322 2968 ann.
3357 2913 3441 2969 l8.

813 3003 926 3046 erat
966 2993 1236 3046 Albericus
1277 2992 1514 3062 princeps
1553 2992 1944 3059 Romanorum,
1987 3012 2108 3049 suc-
2281 2995 2384 3050 951
2419 2995 2590 3065 (929).
2624 2997 2733 3054 Leo
2766 2999 2890 3054 127.
2920 3016 3056 3070 papa
3086 3017 3257 3056 mens.
3284 3002 3337 3056 7.

806 3086 956 3138 cessit
991 3085 1173 3138 indict.
1207 3083 1273 3137 14
1307 3083 1437 3154 (58).
2279 3087 2356 3143 951

2279 3087 2386 3143 952
2414 3089 2583 3160 (950).
2609 3089 2862 3149 διθῑειηυε
2885 3108 3019 3164 papa
3043 3110 3169 3149 alin.
3193 3095 3228 3148 2
3247 3136 3260 3158 ,
3287 3110 3360 3149 m.
3391 3096 3411 3150 1
3435 3135 3453 3162 ,
3481 3095 3676 3153 diebus
3696 3098 3770 3154 12.

598 3175 715 3229 Fol.
764 3176 861 3230 17’.
901 3191 1131 3231 vacuum
1167 3175 1283 3231 fere
1314 3183 1514 3241 exstat,
1550 3176 1632 3231 his
1671 3186 1877 3232 tantum
1916 3183 2105 3236 eadem
2282 3178 2388 3235 955
2418 3179 2588 3250 (951).
2617 3180 2856 3238 Joannes
2884 3200 3023 3254 papa
3053 3201 3181 3240 ann.
3211 3186 3266 3240 4.

527 3280 692 3320 manu
725 3265 942 3334 scripLis
973 3266 1084 3336 (59)
1115 3283 1128 3319 :

2284 3269 2389 3326 956
2421 3271 2594 3341 (954).
2625 3272 2736 3329 Leo
2766 3289 2894 3328 ann.
2925 3276 2980 3339 5,
3011 3289 3182 3331 mens.
3213 3277 3276 3341 6,
3309 3277 3362 3332 d.
3395 3276 3487 3332 10.

528 3354 824 3410 Precellens
847 3355 1008 3409 cicius
1037 3355 1271 3411 Mariani
1291 3356 1528 3412 omnibus
1547 3374 1882 3429 quoscunque
1906 3363 2106 3416 audivi.
2289 3361 2391 3416 957
2423 3363 2592 3433 (955).
2626 3362 2908 3420 Heinricue
2941 3365 3063 3420 obiit
3097 3367 3150 3420 6.
3183 3367 3326 3423 Non.
3354 3367 3520 3424 Julii.

529 3443 818 3512 Propterea
848 3446 1016 3513 ipsum
1044 3448 1216 3500 amavi
1243 3457 1399 3518 atque
1428 3449 1600 3516 optavi
1625 3449 1934 3520 priusquam
1967 3453 2074 3506 vidi
2091 3492 2107 3519 ,
2288 3453 2391 3508 958
2421 3452 2592 3521 (956).
2622 3455 2742 3509 Otto
2770 3454 2914 3524 ﬁlius
2935 3456 3048 3522 ejus
3072 3457 3339 3525 imperavit
3359 3475 3450 3512 an.
3474 3458 3580 3524 56,
3601 3477 3674 3512 ns.
3699 3458 3770 3514 10.

529 3532 667 3586 Dum
688 3550 798 3604 pra:
823 3536 1006 3590 ceteris
1027 3535 1172 3590 ciclis
1198 3537 1425 3591 candens
1447 3537 1580 3591 illud
1602 3538 1738 3609 legat
1763 3539 1926 3595 lector
1946 3543 2084 3598 inten
2287 3542 2390 3598 960
2419 3543 2591 3615 (958).
2626 3543 2880 3608 Stelanus
2911 3561 3046 3617 papa
3075 3563 3204 3602 ann.
3236 3549 3299 3613 5,
3332 3564 3405 3602 In.
3436 3549 3503 3615 5,
3537 3549 3594 3604 d.
3631 3551 3715 3606 15.

877 3669 879 3672 .
1590 3659 1592 3667 ι
1643 3698 1645 3700 η
1930 3631 2108 3705 [dens.
2217 3685 2223 3690 .
2287 3637 2427 3698 965(

2057 3651 2108 3688 νκ.
2217 3685 2223 3690 .
2287 3637 2390 3694 965
2421 3638 2594 3710 (941).
2625 3639 2868 3711 Marinus
2899 3656 3030 3694 ann.
3063 3641 3124 3701 5.
3150 3653 3324 3696 mens.
3348 3643 3482 3705 6,d.
3520 3643 3607 3697 14.

529 3708 674 3770 aut
705 3717 908 3784 putauit
946 3733 1092 3772 meus
1123 3718 1293 3773 editor
1313 3719 1454 3790 quod
1488 3719 1612 3773 bene
1641 3721 1883 3790 predicor
1909 3723 2110 3792 precel-
2225 3771 2228 3774 .
2282 3727 2385 3782 967
2417 3708 2587 3798 (945).
2618 3709 3017 3800 Agapitu5153.
3045 3746 3177 3801 papa
3200 3745 3291 3788 aa.
3317 3731 3410 3796 10,
3432 3748 3512 3786 m.
3539 3733 3592 3792 6.
3615 3734 3669 3786 d.
3695 3731 3768 3787 10.

763 3855 766 3858 7
853 3857 856 3862 ,
887 3857 889 3859 ,
1453 3861 1456 3865 ,
1930 3813 2070 3885 [lens
2089 3855 2103 3881 ,
2281 3817 2386 3874 972
2415 3818 2583 3890 (950).
2607 3816 2884 3876 Johannes
2909 3821 3032 3876 154.
3057 3836 3190 3892 pupa
3217 3823 3283 3878 de
3304 3824 3533 3894 regione
3555 3823 3769 3888 Violats,

1838 3905 2071 3963 VAlllt‘E
2113 3907 2516 3967 LECTIONES.

596 3994 618 4026 ‘
640 3992 726 4050 hic
755 4011 1002 4050 numerus
1026 3996 1144 4066 jam
1173 3994 1273 4067 legi
1303 3997 1502 4066 nequit.
1579 3998 1599 4028 ⁷
1627 3995 1758 4050 Ηωε
1785 4013 1944 4068 supra
1973 3998 2167 4054 lineam
2206 4002 2388 4057 addita
2421 4013 2564 4058 sunt.
2638 4009 2662 4043 ³
2692 4006 2831 4060 deest
2861 4006 2931 4062 1?
3005 4007 3026 4039 ’
3057 4007 3430 4078 sexagesimus
3454 4008 3598 4068 deest
3626 4009 3668 4066 1.

581 4176 859 4258 (38).:199
888 4194 1092 4258 _t_n_ann_u,
1115 4194 1258 4258 alia;
1286 4180 1452 4258 etiam
1495 4187 1679 4258 postea
1719 4178 2002 4258 historiam
2039 4199 2092 4258 εξ.
2223 4223 2226 4226 -
2342 4186 2629 4258 Gregorius
2658 4207 2786 4244 ann.
2816 4190 2881 4254 2,
2913 4208 2984 4246 m.
3019 4191 3073 4247 6.

524 4247 854 4320 1126-1128
880 4249 1040 4319 (110-1
1062 4247 1265 4320 --1106)
1295 4247 1975 4320 scripserit[continuatio
2001 4253 2094 4306 utl-
2347 4247 2586 4312 Clemens
2619 4276 2691 4313 tn.
2720 4261 2782 4320 9.
2814 4247 2878 4314 di
2905 4261 2958 4315 7.

523 4316 688 4386 ditur,
717 4337 835 4389 qua:
867 4316 917 4372 in
951 4320 1132 4372 codice
1160 4318 1205 4389 2
1223 4316 1582 4389 desideratur.
1619 4317 1742 4374 ihee
2351 4326 2612 4383 Damasus
2645 4330 2698 4382 d.
2732 4316 2826 4385 25.

666 4386 974 4478 Eiet-redimus
1005 4405 1048 4478 sl.
1080 4386 1326 4478 m‘.“2‘,)d.
1357 4388 1408 4440 5.
2130 4419 2179 4478 D
2347 4396 2449 4478 l_.eo
2483 4416 2607 4454 ann.
2641 4399 2694 4454 5.
2725 4417 2795 4478 nt.
2823 4401 2892 4466 2,

550 4473 554 4480 '
663 4458 768 4536 {eo
794 4467 838 4510 s.
867 4475 994 4510 ann.
1027 4459 1046 4509 1
1074 4497 1088 4519 ,
1121 4471 1193 4536 ξι.
1223 4456 1279 4510 2.
1315 4525 1344 4536 Δ
1433 4526 1443 4536 _
1498 4526 1526 4536 ﬂ
2133 4456 2179 4478 "
2359 4467 2538 4522 Victor
2566 4487 2694 4524 ann.
2727 4470 2780 4524 2.
2810 4456 2891 4525 ηιξ
2913 4471 2978 4536 5,
3007 4456 3061 4527 cl.
3095 4475 3149 4529 7.

664 4526 932 4606 {phannes
963 4543 1088 4580 ann.
1119 4525 1190 4606 6,
1213 4525 1388 4606 ηιη2,
1407 4526 1464 4580 tl.
1495 4526 1549 4582 5.
2206 4538 2329 4593 160.
2354 4537 2650 4604 Stephanus
2682 4558 2754 4596 tn.
2785 4542 2814 4594 7
2833 4581 2849 4606 ,
2880 4544 2938 4597 d.
2966 4525 3058 4599 24.

553 4630 555 4633 -
669 4595 983 4676 ξειιεάὶεηιε
1010 4613 1135 4676 αΔηη.
1171 4596 1193 4648 1
1221 4596 1322 4676 ,"d.
1358 4598 1410 4651 6.
2343 4595 2657 4664 Benedictus
2689 4595 2756 4664 nt.
2786 4595 2854 4676 9,
2883 4595 2936 4665 ἀ.
2971 4595 3060 4667 20.

666 4664 845 4745 Bipnus
874 4682 998 4745 ann.
1032 4667 1095 4731 1,
1118 4682 1200 4745 _m.
2346 4677 2601 4732 Nicotaus
2632 4697 2757 4733 ann.
2791 4664 2854 4743 2,,
2877 4664 2946 4737 m7.
2976 4664 3130 4745 6,(1.
3161 4683 3256 4740 25.

525 4735 650 4791 110.
677 4735 977 4817 lieni/ptius
1006 4753 1077 4790 m.
1113 4736 1265 4817 1,Ad.
1297 4736 1385 4794 12.
2347 4747 2645 4802 Alexander
2671 4768 2797 4804 ann.
2832 4735 2889 4806 11
2912 4735 3128 4817 ,ἠδ

666 4805 979 4889 lienedictus
1013 4823 1140 4889 anfn.
1173 4807 1228 4861 9.
2344 4817 2628 4889 gregarius
2657 4836 2782 4874 ann.
2813 4805 2925 4885 12,
2945 4805 3025 4877 nt.
3049 4805 3281 4889 1—,.

663 4874 933 4954 {ohannes
966 4894 1038 4932 m.
2345 4874 2518 4941 Victbr
2547 4906 2616 4944 nt.
2649 4889 2713 4954 4,
2743 4874 2879 4946 (1.7.

665 4945 933 5027 {altannes
964 4964 1034 5000 m.
1069 4945 1187 5027 4.”
1363 5015 1391 5027 Α
1477 5018 1488 5027 _
1546 5019 1602 5027 η
2348 4955 2595 5027 Urbanus
2626 4945 2752 5008 mih.
2782 4945 2840 5016 11
2871 5002 2884 5026 ,
2913 4979 2984 5018 m.
3015 4963 3073 5027 4,
3107 4964 3162 5018 d.
3193 4962 3280 5020 16.

671 5015 939 5060 Ja/mmws
969 5035 1090 5060 nnn.
1124 5015 1191 5060 10
1219 5057 1227 5060 ,
1259 5033 1330 5060 m-
1359 5015 1421 5060 Β-
1453 5018 1488 5060 Α
1539 5019 1626 5060 4η.
1970 5037 1974 5040 ν
2212 5027 2213 5030 “
2357 5026 2590 5060 Dan-nit.
2623 5030 2710 5060 ...Ι
2761 5015 2861 5060 η..-
