3926 5326
92 253 194 309 613
1096 249 1369 309 NOTITIA
1410 247 1774 307 IIlSTORlCA
1814 251 1901 307 ET
1943 248 2383 308 LITTERARIA.
3232 249 3339 304 514

229 366 382 422 ﬁlms
425 365 660 422 Alberici
687 351 948 439 principis
967 348 1341 421 Romanorum
1360 404 1377 430 ,
1404 364 1668 419 successit
1697 375 1749 431 Α
1920 383 2035 419 cum
2066 366 2333 419 hilaritate
2357 365 2463 419 illis
2491 364 2871 435 impendamus.
2909 367 3044 434 Quia
3069 384 3191 438 ergo
3215 383 3347 439 gra-

229 459 537 514 indictione
568 460 652 513 1-1.
1917 466 2089 509 tanter
2114 475 2145 510 a
2174 460 2354 526 quovis
2379 459 2690 526 susciperem
2728 459 3001 523 rationm,
3036 458 3121 512 ubi
3146 462 3357 526 primus

153 547 253 602 991
292 548 483 617 (969).
518 546 639 602 Otto
666 558 945 618 imperator
974 548 1099 602 obiit
1133 547 1277 603 Non.
1311 546 1441 600 Mai.
1913 549 2068 617 fuerit
2092 551 2507 606 ressurrectionis
2546 551 2837 604 dominicus
2889 551 3022 614 dies,
3052 561 3204 621 atque
3231 552 3351 622 (cur

156 639 261 694 992
290 638 477 707 (970).
508 637 627 693 Otto
657 641 799 708 ﬁlius
825 642 937 709 ejus
968 658 1103 694 ann.
1139 639 1233 703 10,
1268 655 1338 691 m.
1371 638 1424 691 7.
1918 637 1983 710 '°]
2008 640 2221 708 quintus
2253 641 2479 693 decimus
2510 657 2681 693 annus
2720 639 2909 694 Tiberii
2936 639 3167 693 Cessaris
3188 639 3349 709 juxta

159 730 291 784 1001
334 730 516 800 (979).
553 731 675 785 Otto
705 734 831 785 obiit
860 734 912 785 '7.
943 731 1074 785 Idus
1105 731 1227 785 Dec.
1915 729 2174 781 crorticam
2201 728 2391 781 Eusebi
2426 729 2498 783 re!
2532 730 2687 784 Beda!
2724 732 3013 800 prespiteri,
3039 732 3143 783 sire
3190 731 3347 784 etiam

158 820 296 874 1002
325 821 509 892 (980).
544 820 665 875 Otto
697 822 838 889 filius
866 822 978 891 ejus
1007 822 1072 875 18
1098 837 1222 873 ann.
1916 820 2093 889 magni
2117 819 2233 871 cicli
2262 819 2491 873 Dionissi
2522 822 2840 890 t.igesstn.us
2866 823 3077 890 quintus
3108 838 3349 875 annus——

161 907 298 961 1010
331 908 513 977 (988).
550 908 671 963 Otto
700 911 822 963 obiit
851 910 907 964 9.
942 908 1063 963 Kal.
1098 907 1227 961 Feb.
1915 912 2025 980 qui,
2051 927 2108 963 eo
2124 912 2264 981 quod
2292 912 2548 965 secundus
2569 912 2799 980 ejusdem
2828 912 2946 965 cicli
2967 928 3135 965 annus
3163 914 3351 965 nativi'

160 998 289 1052 1011
328 1000 512 1069 (989).
544 997 827 1053 Heinricus
854 1000 1122 1068 imperavit
1149 997 1220 1051 22
1245 1012 1373 1049 ann.
1397 1036 1411 1060 ,
1443 1012 1511 1050 tn.
1545 996 1599 1050 5.
1918 1002 2040 1053 tatis
2079 1002 2118 1033 ¹¹
2151 1001 2364 1054 Domini
2392 1002 2602 1067 dicitur,
2633 1004 2907 1057 dominictr
2931 1004 3159 1073 passioni
3183 1004 3347 1073 depu-

160 1088 297 1143 1012
327 1088 512 1158 (990).
551 1088 793 1142 Kilianus
824 1089 982 1142 abbas
1019 1088 1317 1143 Scottorum
1354 1089 1408 1141 in
1448 1088 1671 1142 Colonia
1915 1100 2128 1143 tatur—
2149 1091 2455 1160 evangelica-
2484 1093 2686 1145 t~eritati
2740 1103 2894 1161 atque
2938 1092 3204 1157 wcclesitr,
3232 1108 3350 1161 qua

229 1179 358 1231 obiit
390 1178 485 1231 19.
523 1177 645 1231 Kal.
676 1178 803 1232 Jan.
1915 1181 2193 1235 Dominum
2220 1184 2273 1235 in
2300 1182 2395 1235 14⁸
2440 1182 2565 1235 luna
2589 1182 2945 1251 primimensis
2966 1184 3019 1235 id
3041 1193 3114 1236 est
3143 1184 3198 1235 in
3223 1199 3348 1252 pas-

164 1271 296 1324 1013
329 1270 507 1341 (991).
544 1270 728 1323 Helias
754 1271 999 1324 successit
1028 1287 1153 1324 ann.
1184 1268 1276 1324 ΞΟ.
1918 1274 2013 1326 clta
2044 1272 2335 1326 Judeorum
2386 1274 2516 1341 feria
2556 1275 2735 1343 quinta
2764 1275 3013 1328 traditum
3048 1282 3350 1329 asseruntet

169 1362 296 1418 .029
326 1363 545 1432 (1007).
571 1361 739 1417 Brinn
787 1378 879 1416 rex.
926 1361 1194 1417 Hibernite
1238 1376 1513 1429 parasceve
1559 1378 1659 1429 pa-
1916 1364 2047 1434 feria
2088 1364 2121 1417 6
2142 1382 2413 1433 parascet'e
2446 1365 2567 1418 luna
2592 1367 2770 1434 quinta
2795 1366 2993 1418 decima
3014 1366 3348 1434 cruciﬁxum,

228 1456 367 1509 scita:
390 1454 626 1508 occissus
653 1464 748 1509 est.
1917 1472 2113 1508 necnon
2144 1456 2497 1523 martirologio
2555 1458 2723 1509 sancti
2758 1454 3066 1517 Hieronimi,
3097 1458 3237 1525 quod
3293 1458 3349 1510 in

174 1545 306 1599 1035
332 1544 551 1613 (1015).
584 1545 904 1600 Benedictus
934 1560 1090 1615 papa.
1916 1544 1983 1597 6ιι
2028 1544 2387 1598 Kalendarum
2421 1547 2587 1613 April.
2612 1564 2727 1599 eum
2766 1548 3137 1601 ressurrexisse
3172 1560 3350 1602 ostcna

172 1636 298 1691 1058
325 1636 541 1707 (1016).
570 1636 892 1691 Benedictus
931 1652 1067 1706 papa
1098 1635 1233 1690 obiit
1260 1634 1315 1689 7.
1347 1635 1469 1690 Idus
1494 1636 1669 1707 April.
1707 1706 1724 1708 ᾼ
1754 1646 1757 1649 ’
1916 1636 2012 1697 dit,
2048 1635 2244 1704 reliqua
2299 1635 2504 1706 (horum
2545 1636 2609 1708 "]
2668 1638 2911 1691 [tabentes
2956 1638 3348 1702 contradicant;

234 1706 514 1783 Jobannes
547 1744 680 1798 papa
713 1730 995 1784 successit.
1546 1706 1555 1707 ί
1699 1706 1746 1768 Β
1917 1729 2057 1800 quod
2116 1745 2231 1781 cum
2281 1745 2468 1797 magno
2513 1706 2708 1789 labore.
2748 1731 2935 1797 partim
2973 1730 3275 1799 magistram
3305 1730 3350 1761 ¹³

174 1821 301 1874 1059
333 1820 548 1889 (1017).
581 1820 860 1874 Heinricus
887 1822 1171 1890 imperator
1193 1822 1315 1875 obiit
1340 1822 1395 1875 2.
1424 1820 1507 1875 Id.
1537 1821 1671 1876 Iuli.
1919 1817 2251 1881 auctoritate,
2283 1820 2473 1887 partim
2510 1819 2710 1871 ratione
2731 1820 2968 1883 ducente,
2998 1820 3086 1872 via:
3136 1820 3346 1874 tandem

174 1910 299 1963 1010
326 1909 537 1980 (1018).
570 1907 878 1963 Cuonradus
899 1927 1023 1963 ann.
1054 1911 1143 1964 15.
1916 1929 2221 1968 consecutus
2250 1930 2385 1967 sum.
2426 1910 2487 1965 Si
2515 1913 2582 1965 sit
2608 1914 2660 1964 in
2687 1916 2785 1965 ltac
2813 1930 2915 1982 qua
2940 1915 3099 1967 datur
3133 1914 3352 1967 caritate

173 2000 296 2055 1018
322 1999 537 2070 (1026).
567 1999 879 2055 Cuonradus
902 2001 1186 2070 imperator
1206 2000 1328 2055 obiit
1354 2001 1497 2056 Non.
1518 2002 1673 2057 Julii.
1917 2006 2006 2076 qui
2036 2006 2283 2075 accipiat,
2324 2005 2535 2058 devotus
2585 2006 2747 2073 o/Iero
2765 2018 2784 2068 ,'
2815 2021 2874 2056 ea
2919 2004 3243 2069 condicione,
3269 2015 3349 2069 ut,

177 2093 302 2147 1019
330 2094 546 2163 (1027).
580 2093 860 2147 Heinricus
888 2111 1013 2147 ann.
1048 2094 1133 2159 17,
1166 2109 1236 2147 m.
1268 2094 1322 2148 4.
1915 2098 1960 2150 si
1989 2094 2213 2165 placeat,
2243 2095 2353 2149 Deo
2404 2095 2601 2164 gratias
2649 2094 2880 2163 referat,
2938 2095 3018 2148 sin
3040 2106 3235 2159 autem,
3269 2112 3351 2147 me

176 2184 300 2237 1067
328 2184 543 2255 (1045).
578 2183 902 2239 Benedictus
928 2199 1091 2255 papa.
1918 2188 2070 2241 dente
2098 2186 2286 2239 canino
2313 2186 2496 2239 rodere
2514 2186 2754 2249 dissinat,
2781 2188 3051 2254 presertim
3077 2202 3194 2239 cum
3219 2185 3351 2239 nihil

179 2275 300 2329 1068
329 2276 542 2347 (1016).
575 2277 824 2330 Clemens
850 2289 986 2345 papa
1020 2276 1151 2331 obiit
1181 2276 1235 2331 7.
1263 2276 1388 2332 ldus
1419 2276 1541 2332 Oct.
1912 2279 2188 2343 suadeam,
2218 2277 2357 2346 quod
2385 2286 2476 2330 aut
2519 2277 2830 2329 auctoritate
2877 2285 2967 2328 aut
3016 2277 3217 2329 ratione
3245 2290 3349 2329 non

182 2368 305 2423 1069
331 2367 545 2439 (1017).
577 2367 841 2422 Damasus
871 2380 1006 2437 papa
1036 2367 1196 2423 obiit.
1724 2398 1725 2401 η

626 2381 841 2422 amasus
871 2380 1006 2437 papa
1036 2367 1196 2423 obiit.
1724 2398 1725 2401 η
1913 2372 2176 2441 probetur.

186 2459 307 2512 1070
338 2458 548 2529 (1048).
586 2457 696 2512 Leo
724 2473 886 2527 papa.
1738 2476 1741 2479 -
1989 2450 2404 2505 Resurrectionis
2446 2451 2621 2519 itaque
2676 2449 2873 2504 Christi
2934 2450 3029 2502 tris
3084 2449 3349 2520 opiniones

190 2547 309 2601 1075
346 2547 549 2619 (1055).
593 2546 702 2602 Leo
731 2562 864 2617 papa
893 2547 1027 2603 obiit
1063 2548 1147 2603 16.
1177 2548 1296 2603 Kal.
1339 2547 1465 2602 Mai.
1918 2541 2221 2603 traduntur,
2250 2550 2297 2593 et
2320 2556 2436 2609 qut:
2458 2542 2523 2593 sit
2539 2540 2727 2593 harum
2755 2558 2892 2605 vera,
2926 2540 3079 2593 dubie
3100 2539 3176 2592 rel
3212 2554 3352 2591 nun-

189 2640 310 2693 1076
343 2638 549 2708 (1034).
586 2636 770 2692 Victor
799 2653 936 2707 papa
974 2640 1237 2695 successit
1256 2639 1290 2692 5
1315 2639 1493 2693 ευιιιίε.
1917 2649 2074 2704 quam
2102 2647 2252 2701 posse
2283 2631 2451 2700 fertur
2482 2647 2790 2702 quemquam
2840 2631 3077 2701 conscrip
3107 2631 3197 2693 ise,
3220 2638 3347 2696 etc.,

190 2730 309 2785 1076
346 2730 552 2802 (1055).
617 2729 899 2784 Heinricus
951 2730 1234 2799 imperator
1294 2730 1417 2784 obiit
1444 2730 1497 2784 ὅ.
1530 2728 1674 2786 Νοη.
1916 2737 2014 2780 etc.

193 2822 353 2876 Octob.
1918 2818 2034 2885 Qua
2060 2818 2211 2873 llnita
2238 2818 2434 2889 legitur
2460 2816 2498 2871 1'.
2528 2817 2615 2872 27‘

192 2915 312 2971 1078
345 2914 550 2987 (1056).
596 2913 879 2969 Heinricus
903 2913 1046 2983 ﬁlius
1064 2913 1201 2983 ejus.

1798 2954 1860 3001 ι..
2084 2949 2325 3005 INCIPIT
2360 2948 2514 3003 HINC
2550 2946 2831 3002 MARIANI
2862 2946 3059 3004 SCOTI

192 3004 310 3059 1079
342 3004 548 3075 (1057).
590 3002 894 3074 Stephanus
920 3003 1212 3108 papa‘ohiit
1241 3001 1296 3057 ι.
1327 3002 1442 3057 Kal.
1466 3001 1599 3072 Apr.
1700 3044 1746 3108 C
1910 3024 1987 3043 tr-

192 3095 313 3164 1080
344 3094 547 3164 (1058).
588 3094 838 3147 Nicolaus
859 3108 993 3163 papa
1029 3093 1184 3147 obiit.
1704 3093 1742 3108 “

193 3162 315 3238 1082
348 3162 550 3253 (1060).
593 3162 895 3237 Alexander
921 3162 1076 3252 papa.
1849 3176 2161 3245 Sequuntur
2205 3172 2437 3243 capitula
2481 3171 2948 3235 triumlibrorum,
2980 3170 3211 3240 denique
3238 3170 3352 3241 ipso

192 3275 241 3346 [2
266 3279 370 3332 haec
409 3276 535 3332 add.
572 3274 710 3331 1084
741 3274 944 3345 (1062).
976 3274 1253 3329 Ordinatio
1293 3273 1515 3328 Wlslanl
1562 3275 1676 3344 epi-

1790 3279 1978 3326 textus.
3334 3343 3340 3349 ‘

189 3370 328 3439 scopi.
1850 3366 2033 3420 Primo
2084 3364 2221 3419 libro
2285 3361 2747 3432 disquisitionibns
2781 3361 3172 3433 chronologicis
3214 3375 3356 3430 prae-

197 3460 310 3515 1097
350 3460 554 3531 (1075).
603 3459 971 3515 lliltdebrand.
1005 3458 1056 3513 1.
1090 3474 1214 3511 αηη.
1248 3457 1333 3510 11.
1666 3458 1671 3461 ’
1778 3453 1961 3508 missis
1990 3452 2295 3506 Chronicon
2328 3464 2497 3518 usque
2525 3450 2590 3502 ad
2621 3449 2823 3503 Christi
2852 3457 3064 3503 aetatem
3102 3448 3345 3509 deduxit,

198 3550 317 3604 1106
349 3553 555 3622 (1084).
600 3550 862 3605 Wibertus
886 3566 1025 3620 papa
1048 3566 1161 3604 suc.
1778 3545 2018 3599 secundo
2041 3542 2339 3612 prtesertitn
2353 3540 2553 3594 Christi
2577 3538 3052 3608 apostolorumque
3070 3539 3350 3593 historiam

198 3642 317 3696 4117
350 3645 555 3716 (1095).
599 3642 680 3698 0b
708 3642 981 3697 Wlstanus
1001 3650 1049 3696 et
1088 3641 1374 3695 Radbertus
1402 3640 1674 3714 episeopi‘.]
1779 3635 2047 3704 exposuit,
2074 3637 2145 3689 ita
2180 3643 2237 3686 ιιι
2267 3633 2719 3701 evangelistarum
2772 3633 2935 3685 verba
2982 3631 3259 3700 przemissa
3286 3644 3352 3684 ex

198 3735 381 3792 Folium
406 3739 494 3794 25‘
523 3752 751 3792 vacuum
783 3744 982 3799 exstat,
1015 3734 1193 3802 ethoc
1222 3735 1340 3787 loco
1368 3748 1562 3787 manus
1594 3732 1680 3788 se-
1777 3722 2364 3794 Angustini,Gregorii.
2393 3721 2547 3775 Beda;
2570 3721 2909 3790 aliorumque
2932 3719 3350 3783 librisillustret,

146 3827 306 3889 cunda,
336 3844 433 3898 qua
460 3818 641 3898 priora
661 3827 782 3882 lihri
814 3826 937 3881 folia
961 3826 1159 3894 scripta
1201 3838 1321 3878 esse
1353 3839 1513 3894 supra
1547 3823 1676 3888 dixi,
1782 3818 1942 3871 tertio
1970 3815 2092 3869 inde
2117 3814 2185 3867 ab
2214 3814 2317 3868 hoc
2377 3817 2616 3881 tempore
2648 3828 2817 3881 usque
2846 3812 2911 3865 ad
2960 3826 3113 3865 suam
3137 3820 3351 3864 aetatem

143 3916 329 3984 desinit,
359 3930 519 3989 atque
548 3937 612 3976 ea
645 3920 835 3988 incipit
856 3934 976 3987 qua:
1028 3915 1283 3984 majorem
1315 3915 1436 3970 libri
1468 3924 1678 3983 partem
1781 3924 1868 3963 res
1896 3916 2213 3977 prosecutus
2235 3914 2336 3966 est,
2362 3904 2609 3972 Capitum
2636 3902 2792 3955 index
2816 3901 2962 3955 infra
2995 3902 3193 3965 editus,
3223 3900 3353 3971 quid

148 4005 316 4061 charta:
345 4010 556 4075 intulit;
590 4010 777 4078 incipit
797 4008 960 4061 etiam
986 4008 1157 4075 ipsum
1187 4005 1520 4067 Chronico",
1547 4019 1679 4072 quo-
1779 4001 2006 4070 singulis
2036 3999 2188 4053 libris
2221 4005 2501 4059 tractetur,
2526 3992 2832 4049 accuratius
2870 3992 3148 4047 indicabit.

147 4109 245 4147 cum
271 4102 611 4165 praecedentia
641 4101 727 4154 vix
758 4099 1052 4163 Colunt-ent,
1102 4098 1193 4151 sed
1222 4106 1405 4166 postca
1449 4096 1515 4149 ad
1562 4095 1681 4148 illu-
1848 4093 2087 4148 Primum
2127 4105 2294 4158 usque
2316 4087 2381 4141 ad
2405 4103 2455 4140 a.
2498 4086 2632 4140 1095
2679 4082 2861 4153 (1075)
2890 4082 3162 4136 Marianus
3184 4080 3354 4135 histo-

149 4189 385 4244 strandam
415 4201 469 4245 et
487 4191 648 4246 latius
693 4190 1065 4259 explicandam
1096 4190 1334 4243 auctoris
1370 4188 1679 4256 opinionem
1782 4186 1914 4240 riam
1944 4183 2477 4248 deduxit-notamque
2499 4174 2935 4245 chronologicam
2975 4180 3038 4226 et
3078 4183 3268 4224 versus
3296 4185 3349 4223 a.

148 4278 385 4340 praemissa
413 4297 532 4337 esse
560 4282 823 4337 videntur.
848 4278 977 4346 Qum
1003 4294 1124 4333 cum
1164 4279 1235 4332 ita
1263 4279 1391 4339 sint.
1418 4280 1529 4331 haec
1552 4275 1677 4330 folia
1782 4277 1918 4333 1098
1945 4276 2127 4345 (1076)
2156 4274 2372 4341 adjecit,
2416 4270 2612 4341 quibus
2645 4268 2793 4338 operi
2834 4267 2992 4324 linem
3015 4264 3192 4328 dedit;
3228 4279 3354 4333 pos-

147 4359 203 4416 25
227 4368 415 4422 nonnisi
443 4369 712 4427 Chronico
738 4369 887 4426 linito
921 4369 1117 4439 scripta
1146 4377 1200 4423 et
1242 4376 1353 4421 tum
1380 4368 1592 4421 demum
1618 4366 1669 4419 in
1702 4408 1752 4468 υ
1783 4382 1867 4427 tea
1899 4387 2024 4425 vero
2055 4386 2140 4425 res
2164 4385 2191 4422 a
2222 4365 2377 4431 1096,
2419 4365 2552 4419 1097
2584 4372 2763 4435 gestas
2820 4360 3069 4421 inseruit.
3120 4368 3175 4413 et
3223 4357 3353 4411 lolio

150 4453 275 4510 initio
312 4463 591 4519 voluminis
615 4465 871 4520 collocata
895 4477 1013 4517 esse
1042 4462 1275 4533 putarim
1301 4462 1353 4515 id
1379 4461 1517 4529 quod
1542 4475 1673 4529 qua-
1702 4448 1750 4468 ν
1783 4464 1885 4518 166
1916 4460 2377 4517 continuationem
2409 4472 2577 4526 usque
2601 4457 2667 4510 ad
2698 4471 2750 4507 a.
2783 4452 2918 4508 1101
2950 4448 3356 4520 (1082)at1jcclt

150 4547 416 4604 ternionum
446 4556 686 4610 ordinem
738 4553 1179 4609 conﬁrmaturum
1224 4567 1343 4605 esse
1369 4551 1599 4605 conﬁdo.
1779 4556 1966 4609 eadem
1996 4550 2230 4608 secunda
2261 4546 2551 4623 manu,scd
2576 4544 2805 4599 diversis
2834 4541 3164 4611 temporibus
3200 4549 3257 4592 ut
3277 4539 3355 4592 v1-

268 4640 404 4698 Folio
428 4645 496 4700 26
528 4647 690 4716 igitur
716 4647 889 4717 ipsum
919 4645 1144 4698 Mariani
1176 4658 1310 4715 opus
1338 4644 1409 4697 ita
1438 4642 1624 4710 incipit
1654 4660 1668 4696 :
1779 4650 1937 4704 detur
1961 4639 2576 4715 scriptam,Codice(12)
2590 4646 2709 4708 post
2728 4636 2895 4705 ipsius
2909 4645 3134 4689 mortem
3158 4632 3212 4686 in
3236 4647 3353 4686 mo.

263 4734 325 4789 In
345 4740 541 4792 nomine
556 4740 1061 4796 sanctwdivinitatis.
1104 4734 1677 4791 ResurrectionisChri-
1782 4735 2018 4792 nasterio
2043 4739 2277 4792 servato,
2309 4729 2397 4783 alii
2428 4726 2753 4781 novislineis
2778 4723 2953 4777 ductis
2981 4723 3198 4776 brevem
3225 4736 3357 4775 con-

268 4827 329 4877 sti
348 4827 627 4899 inquissitio
644 4833 824 4899 incipit
852 4847 1007 4901 quam
1033 4828 1309 4882 Marianas
1334 4828 1677 4884 Hibernensis
1782 4826 2134 4886 tinuationem
2159 4823 2502 4881 addiderunt,
2519 4819 2673 4886 cujus
2698 4815 2872 4883 major
2891 4827 3016 4883 pars
3040 4827 3106 4865 ex
3131 4811 3354 4901 Annali-

270 4916 482 4972 inclusus
511 4900 953 4991 congregavit.r—-
982 4919 1170 4973 Divina
1198 4920 1544 4987 informamur
1567 4935 1683 4989 pre-
1781 4920 1881 4975 bus
1919 4911 2483 4981 Wirziburgensibus,
2516 4921 2651 4977 quos
2680 4904 2882 4958 rectius
2910 4902 2971 4955 ὃ.
3010 4900 3205 4960 Albani
3238 4900 3354 4956 Mo-

274 5018 427 5075 tcpto,
449 5012 657 5083 utquod
684 5011 831 5068 nobis
847 5014 910 5068 ab
953 5010 1079 5069 aliis
1128 5009 1246 5076 ﬁeri
1298 5011 1534 5067 volumus
1583 5012 1680 5064 hoc
1785 5011 2040 5085 guntinos
2062 5004 2289 5068 dixeris,
2318 5010 2532 5069 sumpta
2561 5006 2644 5053 est
2672 4994 2807 5065 (15).

1358 5162 1365 5168 .
1397 5125 1485 5179 VA
1501 5123 1640 5179 ΒΙΑΣ
1683 5121 2085 5181 LECTIONES.

222 5204 259 5235 ¹⁹
280 5207 401 5264 de“!
431 5213 452 5267 1
479 5217 501 5269 ‘t
578 5217 617 5249 ¹⁴
640 5218 826 5275 nativis
853 5224 901 5279 1.
986 5217 1033 5249 ¹¹
1063 5229 1166 5269 sec.
1192 5215 1385 5271 ‘mantt'
1406 5218 1460 5271 in
1492 5233 1660 5287 marg.
1688 5216 1858 5287 suppl.
1888 5216 1941 5269 1.
1970 5217 2110 5275 nihil
2140 5214 2332 5268 borum
2356 5207 2409 5263 2.
2488 5204 2532 5236 "
2564 5200 2820 5271 magistra
2848 5196 2903 5252 2.

1646 5310 1753 5326 vnn!
1780 5308 1822 5326 ,Ἴ
