3926 5326
96 328 206 383 617

1096 317 1367 377 ΝΟΤΙΤΙᾹ
1412 315 1778 377 lllSTORlCA
1820 318 1907 374 ET
1945 316 2384 374 LITTEltARlA.

3244 292 3355 380 na

94 442 164 496 ad
230 438 489 494 llilarium
553 451 748 507 papam
816 433 992 506 (82’);
1062 432 1257 489 Leonis
1305 431 1375 486 Μ.
1443 433 1681 502 epistolae
1711 447 1754 501 Α
1789 441 1898 487 tam
1954 431 2143 487 Latine
2174 446 2336 501 quam
2386 428 2520 487 lrice
2571 424 2638 488 de
2689 427 2805 503 ejus
2838 439 2994 487 terrae
3023 431 3356 504 principibus

92 531 245 603 (33);
278 526 525 601 Gregorii
558 524 626 581 Μ.
656 526 907 596 Dialogus
936 525 1047 597 (84)
1080 533 1132 578 et
1163 522 1394 577 homilite
1418 522 1470 576 in
1498 522 1672 576 Evan-

92 626 237 695 gelia
264 623 409 694 (85);
451 622 569 677 Vita
607 619 853 689 Gregorii
882 618 1055 689 Magni
1095 615 1259 690 (85‘);
1286 616 1407 669 Vita
1440 615 1498 671 8.
1528 616 1668 669 Mar-

93 714 192 767 tini
219 722 442 766 auctore
460 706 689 780 Sulpitio
717 709 917 762 Severo
933 707 1078 777 (86);
1107 700 1224 762 Vita
1253 706 1310 759 8.
1345 705 1483 759 Elilii
1508 704 1665 777 (86‘).

93 803 219 858 Vita
285 802 347 857 S.
406 801 575 856 Mauri
602 800 742 870 (87);
778 798 900 851 Vita
932 799 988 851 S.
1020 797 1338 852 Columbani
1370 791 1535 865 (87’);
1569 795 1678 850 for-

95 902 245 947 tasse
271 892 434 946 etiam
463 901 611 960 gesta
640 888 697 943 S.
736 887 957 941 Patricii
994 886 1135 957 (88);
1174 886 1379 939 Adonis
1406 884 1678 956 Martyro-

90 982 325 1051 logium,
354 994 420 1035 ex
458 996 566 1050 quo
592 964 1168 1050 paparum'passiones
1196 972 1482 1043 descripsit
1510 973 1677 1046 (88‘);

92 1072 299 1128 Habuit
322 1072 485 1125 etiam
509 1069 729 1124 Librum
757 1065 1152 1128 Pontilicalem,
1178 1080 1244 1120 ex
1261 1080 1366 1133 quo
1381 1064 1678 1133 praesertim

92 1162 356 1217 secundis
411 1162 555 1217 curis
612 1159 777 1213 multa
826 1154 988 1212 lihro‘
1016 1152 1246 1210 inseruit
1287 1155 1420 1226 (89),
1447 1154 1679 1209 fortasse

94 1256 259 1309 aliam
275 1268 492 1324 quoque
512 1250 826 1323 pontificum
847 1250 1214 1305 Romanorum
1238 1248 1523 1303 historiam
1545 1248 1679 1320 (90),

92 1354 247 1400 certe
276 1345 583 1399 breviorem
617 1340 918 1413 catalogum
948 1354 1119 1409 usque
1159 1339 1226 1393 ad
1275 1355 1397 1394 δαῖε.
1432 1355 1465 1393 x
1508 1339 1678 1394 dedu-

91 1445 245 1490 ctum
274 1433 408 1505 (9l).
440 1432 706 1502 Paparum
734 1430 1033 1487 decretales
1084 1429 1343 1496 epistolas
1395 1444 1461 1483 ex
1513 1428 1678 1485 colle-

94 1526 279 1581 ctione
309 1540 576 1579 canonum
620 1520 1163 1578 Pseudo—lsidoriana
1202 1520 1500 1590 sumpsiSse
1530 1520 1681 1575 vide-

96 1625 188 1670 tur
219 1615 357 1686 (9‘2).
392 1614 633 1685 Denique
662 1614 839 1683 prima
873 1611 1125 1667 Chronici
1178 1620 1330 1682 parte
1382 1609 1530 1664 Pauli
1560 1610 1683 1666 Dia-

99 1707 220 1762 coni
250 1718 359 1761 tam
392 1706 691 1761 Romanam
721 1706 833 1779 (95)
881 1721 1044 1776 quam
1075 1704 1556 1775 Langobardorum
1588 1704 1682 1758 lli-

1781 524 1946 578 rel‘ert
1972 538 2029 579 se
2079 524 2557 589 commendabunt,
2585 523 2673 577 alii
2705 525 2848 593 quod
2878 525 3128 581 abbatum
3161 540 3353 581 mona-

1778 614 2108 683 choruanne
2138 611 2450 668 Scottorum
2487 614 2955 686 peregrinationes
2989 616 3245 686 variaque
3288 617 3358 672 ab

1781 706 1911 776 ipsis
1937 714 2085 775 gesta
2134 704 2360 760 ﬁdeliter
2387 715 2681 760 narrantur
2716 717 2927 775 gratum
2968 718 3358 780 acceptumque

1779 797 2082 861 habebunt;
2130 797 2223 851 sed
2278 797 2448 866 ipsam
2497 797 2783 852 historiam
2835 796 3213 853 Germanicam
3249 814 3355 854 non

1779 903 2033 957 magnum
2083 904 2150 942 ex
2190 889 2291 943 hoc
2336 888 2475 942 libro
2517 898 2890 959 percepturam
2936 905 3056 946 esse
3098 889 3357 955 fructum,

1779 994 1969 1033 omnes
1996 978 2226 1033 libenter
2266 978 2584 1032 concedent.
2630 974 2737 1032 Sed
2784 978 3073 1033 tenendum
3114 986 3197 1033 est
3242 976 3361 1032 hla-

1779 1085 1994 1124 rtanum
2024 1070 2172 1123 nullo
2196 1073 2354 1124 modo
2385 1085 2467 1123 ειη
2497 1069 2755 1138 temporis
2784 1064 3069 1124 historiam
3112 1069 3362 1127 conscri-

1780 1157 1910 1212 bere.
1960 1155 2210 1220 voiuiss‘e,
2250 1157 2345 1213 sed
2394 1157 2445 1212 id
2484 1172 2650 1210 unum
2680 1157 2857 1228 egisse
2885 1168 2943 1211 ut
2973 1157 3357 1213 brevissimum

1780 1264 1964 1304 rerum
1995 1258 2343 1317 conspectum
2395 1246 2690 1303 secundum
2726 1263 2898 1303 annos
2943 1256 3116 1314 recte,
3161 1254 3221 1301 ut
3254 1242 3361 1302 sibi

1779 1341 2080 1407 videretur,
2122 1341 2443 1410 dispositum
2491 1342 2696 1396 ederet.
2736 1337 2917 1407 Quare
2965 1340 3031 1395 iis
3058 1339 3151 1410 qui
3181 1338 3361 1395 simile

1779 1430 2113 1501 propositum
2168 1430 2475 1495 habebant,
2529 1429 2765 1483 maxime
2806 1443 2869 1483 se
2919 1428 3354 1497 commendabat,

1781 1522 2085 1591 praesertim
2119 1519 2405 1591 Sigeberto
2453 1519 2550 1584 illi,
2578 1519 2935 1575 celeberrimo
2982 1519 3063 1575 sui
3092 1519 3358 1590 temporis

1783 1605 2053 1683 scriptori,
2085 1613 2179 1682 qui
2216 1628 2320 1667 non
2353 1612 2525 1668 solum
2555 1610 2779 1666 Mariani
2810 1609 3160 1681 computandi
3192 1610 3362 1666 ratio.

1784 1718 1907 1757 nem
1970 1702 2127 1758 valde
2187 1703 2522 1774 approbavit,
2556 1701 2650 1758 sed
2703 1701 2868 1755 etiam
2930 1701 2984 1755 in
3030 1700 3359 1771 chronogra-

99 1800 331 1854 storiam
360 1798 629 1852 adhibuit.
659 1795 853 1867 Magna
899 1796 1065 1865 igitur
1112 1795 1331 1851 solertia
1374 1794 1677 1865 priscorum
1714 1797 1756 1857 Β
1788 1794 1973 1865 phiam
1998 1795 2346 1878 suam'multa
2367 1810 2434 1850 ex
2459 1793 2549 1848 illo
2572 1792 2846 1848 transtulit
2871 1791 3145 1865 (99400),
3175 1784 3364 1848 codlce

104 1899 409 1958 temporum
462 1903 550 1942 res
596 1887 952 1957 investigasse
982 1900 1104 1940 eum
1156 1892 1400 1954 apparet,
1448 1881 1680 1938 fortasse

99 1981 263 2034 etiam
295 1979 532 2033 Plinium
557 1977 865 2032 Secundum
893 1978 1006 2045 ipse
1035 1974 1236 2031 evolvit
1266 1974 1402 2046 (94);
1436 1975 1525 2029 ubi
1554 1989 1682 2030 vero

102 2072 167 2127 ad
195 2081 439 2142 tempora
485 2070 600 2126 suis
630 2069 881 2139 prepiora
912 2068 1152 2131 devenit,
1182 2075 1260 2122 tot
1306 2066 1549 2122 fontibus
1578 2066 1681 2120 mi-

101 2164 245 2217 nime
286 2164 363 2218 uti
398 2162 594 2232 potuit,
623 2154 717 2216 sed
763 2170 960 2231 praeter
989 2158 1252 2214 Einhardi
1282 2159 1462 2214 Vitam
1499 2157 1678 2213 Caroli

99 2253 302 2326 Magni,
354 2253 597 2324 Thegani
653 2253 834 2308 Vitam
876 2244 1146 2306 Ludovici
1201 2251 1327 2317 Pii,
1387 2249 1681 2322 Reginonis

101 2346 406 2401 Chronicon
436 2344 574 2418 (95),
598 2343 833 2413 denique
880 2342 1117 2397 Annales
1154 2341 1454 2412 Augienses
1486 2340 1596 2411 (96)
1628 2350 1684 2395 et

103 2435 509 2491 llersfeldenses
540 2435 653 2506 (97)
702 2433 879 2488 nullos
923 2432 1111 2487 habuit
1159 2447 1294 2502 quos
1339 2439 1678 2500 sequeretur.

102 2528 276 2582 Etiam
331 2527 604 2581 Marianus
659 2527 853 2581 horum
916 2539 1181 2579 annorum
1244 2523 1488 2578 historia:
1546 2519 1681 2576 nihil

105 2618 314 2673 addidit
339 2618 442 2673 nisi
464 2618 769 2688 catalogum
797 2616 1324 2685 archiepiscoporum
1347 2612 1681 2683 Moguntino-

105 2729 220 2766 rum
236 2722 293 2767 et
307 2712 561 2766 abbatum
576 2708 946 2774 Fuldcnsium,
966 2724 1123 2778 quem
1141 2723 1205 2763 ex
1222 2707 1582 2763 monumentis
1597 2706 1684 2760 do-

108 2803 352 2857 mesticis
376 2801 537 2856 facile
564 2800 815 2869 colligere
841 2798 924 2853 vel
947 2812 1270 2869 componere
1299 2805 1530 2867 poterat.
1549 2796 1683 2850 Nam

107 2892 440 2947 hisfontibus
452 2892 763 2957 destitutus,
779 2889 910 2945 nihil
925 2889 1036 2944 fere
1050 2889 1151 2943 nisi
1165 2889 1382 2944 brevem
1397 2889 1686 2959 imperato-

108 2998 241 3047 rum,
257 2998 524 3052 poparum
541 2981 676 3053 (98),
699 2981 1225 3051 archiepiscoporum
1245 2979 1684 3048 Moguntinorum

106 3085 159 3127 et
216 3074 479 3129 abbatum
527 3072 879 3127 Fuldensium
948 3072 1152 3142 praebet
1202 3070 1494 3134 notitiam;
1547 3082 1687 3139 prte-

1784 1884 1970 1957 procul
2000 1886 2159 1942 dubio
2214 1900 2346 1942 usus
2400 1884 2801 1953 Gemblacensi,
2832 1885 2990 1955 cujus
3016 1900 3179 1957 supra
3210 1898 3362 1941 men-

1785 1974 1983 2035 tionem
2018 1976 2117 2031 feci
2152 1975 2322 2048 (lOl).

1852 2066 1911 2122 In
1947 2065 2237 2122 Germania
2268 2066 2570 2124 Marianum
2619 2084 2649 2124 a
2686 2068 2849 2125 medii
2877 2068 2976 2125 aevi
3004 2066 3361 2139 seriptoribus

1783 2174 1908 2214 raro
1950 2168 2153 2214 tantum
2185 2161 2514 2231 exscriptum
2542 2162 2738 2231 reperi,
2768 2162 3002 2233 primum
3033 2162 3088 2217 in
3124 2160 3356 2217 Annali-

1781 2250 1881 2306 bus
1913 2267 2049 2322 quos
2076 2251 2263 2306 dicunt
2288 2251 2843 2325 Wirziburgensibus,
2876 2254 2967 2324 qni
2997 2254 3053 2309 in
3084 2260 3361 2310 monaste-

1782 2342 1864 2397 rio
1897 2342 1952 2396 S.
1987 2342 2180 2397 Albani
2230 2342 2563 2414 Moguntino,
2623 2342 2715 2400 ubi
2747 2340 2976 2399 Mariani
3016 2358 3152 2416 opus
3196 2343 3360 2415 paulo

1781 2442 1903 2504 post
1948 2434 2114 2503 ipsius
2159 2444 2390 2490 mortem
2429 2435 2756 2490 recensitum
2802 2442 2964 2505 atque
2990 2443 3211 2491 auctum
3240 2449 3362 2491 esse

1776 2523 1887 2595 jam
1931 2526 2139 2590 monui,
2174 2540 2243 2579 ex
2290 2526 2548 2581 chronico
2571 2525 2999 2595 Wirziburgensi
3035 2535 3092 2582 et
3119 2524 3362 2582 Mariano

1783 2615 1929 2687 (102)
1958 2614 2174 2672 conﬂati
2201 2625 2358 2681 sunt;
2382 2624 2573 2686 postea
2595 2616 2651 2672 in
2672 2616 2972 2673 Annalibus
2994 2615 3052 2673 S.
3078 2602 3360 2689 Dysibodi,

1783 2708 1850 2762 de
1883 2706 2075 2776 quibus
2102 2720 2264 2776 supra
2291 2706 2426 2761 satis
2453 2706 2587 2760 dixi.

1858 2799 1928 2853 At
1949 2799 2001 2853 in
2025 2797 2273 2869 Angliam
2301 2798 2622 2853 translatum
2646 2796 2872 2854 Mariani
2893 2797 3224 2865 Chronicon,
3249 2811 3363 2853 ma-

1786 2907 1946 2963 gnam
1975 2891 2115 2967 apud
2143 2889 2259 2961 ejus
2290 2899 2447 2946 terra:
2472 2891 2780 2963 scriptores
2804 2892 3185 2948 auctoritatem
3215 2906 3364 2949 am

1785 2991 1971 3037 cntum
2019 2989 2124 3037 est.
2160 2981 2376 3036 Primus
2416 2982 2560 3037 enim
2606 2981 2917 3039 Florentius
2945 2981 3364 3055 Wigorniensis,

1794 3088 1916 3128 cum
1950 3087 2148 3126 novum
2177 3072 2471 3128 cbronieon
2497 3073 2838 3130 scribendum
2867 3075 3188 3146 susciperet,
3234 3074 3367 3131 illud

109 3173 249 3220 terea
298 3165 428 3219 inde
480 3179 511 3218 a
541 3163 737 3219 saeculo
765 3179 815 3217 xi
848 3172 956 3217 tam
990 3176 1175 3232 regum
1209 3176 1370 3229 quam
1425 3160 1681 3214 abbatum
1714 3155 1758 3217 C
1792 3166 2144 3220 fundamento
2180 3166 2378 3236 posuit,
2410 3166 2477 3221 iis
2508 3175 2713 3223 tantum
2741 3183 2859 3238 qua:
2885 3168 2951 3224 ad
2995 3185 3082 3225 res
3112 3169 3368 3241 Anglicas

106 3264 156 3310 et
183 3257 579 3311 monachorum
622 3254 934 3310 Scottorum
961 3262 1201 3324 tempora
1226 3263 1495 3317 recenset,
1527 3252 1678 3308 deui-

104 3361 203 3415 que
231 3347 443 3403 ultimis
497 3348 655 3402 annis
708 3362 796 3402 res
827 3356 936 3402 tam
966 3347 1019 3400 in
1068 3345 1307 3400 Ecclesia
1334 3359 1496 3416 quam
1533 3345 1589 3400 in
1620 3360 1681 3400 re

102 3441 314 3509 publica
372 3451 528 3499 aetas
570 3441 811 3497 breviter
860 3439 1048 3518 tangit.
1102 3438 1239 3494 Aliis
1277 3436 1509 3495 fortasse
1560 3451 1681 3508 quae

1788 3257 2131 3327 spectabant,
2192 3258 2390 3313 additis
2444 3256 2627 3330 (103);
2681 3260 2920 3316 codicem
2970 3269 3212 3328 secutus,
3258 3261 3370 3319 nisi

1787 3348 1967 3414 fallor,
1994 3349 2166 3419 ipsum
2192 3347 2601 3416 Cottonianum,
2621 3357 2771 3406 certe
2795 3350 2895 3422 ipsi
2922 3351 3079 3407 valde
3104 3352 3361 3420 similem,

1788 3441 1986 3511 quippe
2039 3437 2192 3508 cujus
2243 3439 2708 3500 continuationem
2747 3442 2951 3512 pariter
2979 3451 3145 3516 atque
3186 3444 3364 3516 ipsum

1616 3551 1845 3610 NOTAE.

167 3652 308 3721 (82‘)
340 3654 409 3709 A.
432 3652 555 3708 554.

193 3720 295 3791 ss)
318 3726 385 3777 A.
414 3724 545 3789 475;
571 3722 642 3777 cf.
674 3738 724 3777 a.
744 3720 869 3778 ιη.

194 3794 285 3858 ss)
320 3795 387 3846 A.
413 3795 537 3855 521.
570 3809 689 3862 sqq.

168 3855 284 3933 (85)
314 3864 379 3927 ll,
411 3865 467 3929 6,
494 3865 545 3931 7,
581 3855 667 3931 13,
695 3874 800 3920 etc.
829 3894 900 3905 —
920 3861 984 3930 Il,
1024 3859 1113 3917 49.
1141 3856 1435 3930 Gregorius
1462 3856 1515 3912 in
1536 3855 1681 3911 Mar-

102 3948 223 3988 cum
251 3933 498 3989 affertur.

172 4005 310 4075 (35°,
341 4003 408 4057 A.
439 4001 564 4071 6—23.,
593 4004 719 4060 626.

169 4074 388 4147 (seis.
421 4075 548 4147 357,
574 4075 698 4140 552,
736 4090 850 4147 sqq.

172 4144 412 4216 (86')__A.
440 4146 563 4199 581.
621 4147 627 4153 ’
693 4215 703 4216 7
740 4215 743 4216 ν
780 4144 815 4216 vi

174 4215 292 4283 (87)
330 4213 391 4269 V.
423 4225 535 4268 not.
564 4232 616 4270 a.
648 4215 771 4271 623.

174 4286 314 4355 (87')
351 4286 416 4338 A.
450 4286 574 4340 611.

176 4348 305 4427 (88)
330 4359 393 4409 A.
427 4357 550 4419 59$,
584 4368 706 4427 sqq.
736 4352 913 4410 Vitam
956 4354 1014 4427 8.
1048 4352 1271 4408 Palricii
1293 4348 1679 4427 antiquiorem

105 4423 433 4495 tripertitam
459 4442 580 4480 cum
612 4423 850 4480 Mariano
876 4426 1122 4479 conferre
1148 4423 1382 4491 nequivi.

1585 4486 1677 4567 fol.
1713 4469 1758 4527 ί)

105 4559 365 4631 Qua-dam
393 4583 514 4635 ane
549 4566 638 4622 hic
669 4567 721 4620 in
752 4566 1118 4637 Appendicetn
1140 4562 1456 4631 rejiciuntur
1487 4559 1684 4614 Maria-

103 4654 208 4691 nus
235 4639 545 4704 exscripsit.

173 4709 289 4776 (89)
338 4698 509 4761 Etiam
551 4707 780 4763 alteram
831 4720 1089 4777 paparum
1139 4702 1332 4758 seriem
1390 4699 1495 4756 hoc
1550 4698 1685 4753 duce

105 4790 294 4847 postea
337 4777 553 4845 adjecit.

176 4848 294 4917 (90)
347 4837 422 4901 n5.
480 4865 529 4902 a.
585 4847 693 4902 538
732 4862 837 4901 non
892 4846 1073 4917 ipsum
1093 4841 1288 4896 librum
1323 4837 1682 4917 pontiﬁcalem

107 4910 207 4987 ipsi
239 4910 306 4971 ad
335 4933 523 4972 manus
554 4918 722 4972 fuisse
752 4910 1015 4987 putariim
1035 4913 1286 4987 Fortasse
1332 4910 1513 4987 omnia
1565 4921 1684 4978 quce

104 4980 279 5059 prima
308 5004 465 5041 manu
495 4989 562 5041 de
593 4980 935 5057 pontiﬁcibus
958 4980 1219 5041 Bouianis
1246 4980 1447 5050 scripta
1473 4990 1687 5034 suntex

107 5059 199 5113 tali
225 5058 362 5127 libro
381 5060 630 5127 sumpsit.

177 5124 292 5200 (9i)
324 5126 472 5183 Hunc
495 5118 801 5200 catalogum
826 5124 915 5180 fol.
963 5125 1029 5181 16
1051 5119 1356 5189 descripsit.
1381 5118 1510 5175 Inde
1534 5131 1685 5174 error

106 5196 369 5269 ortusicst
405 5215 454 5253 a.
482 5199 585 5255 987
612 5196 763 5269 (965)
793 5211 907 5269 sqq.
1123 5257 1158 5269 ,,
1233 5258 1263 5269 _,
1439 5204 1443 5207 λ

179 5267 294 5326 (92)
341 5257 628 5326 Eauidem‘
656 5257 996 5320 conciliorum
1050 5257 1428 5316 collectionem
1477 5258 1682 5326 regiam

1858 3642 1970 3715 (97)
2019 3638 2400 3716 Cf.‘guaegdixi
2442 3642 2790 3716 Archimvr,
2829 3660 2883 3716 p.
2935 3642 3059 3712 674.
3109 3646 3368 3707 Fortasse

1786 3710 1960 3770 etiam
2008 3729 2059 3768 a.
2230 3710 2534 3795 (912),_937
2566 3713 2712 3785 (915)
2740 3710 2987 3795 his'usus
3034 3722 3137 3775 est.
3164 3719 3368 3795 Postea

1787 3784 2262 3858 verogne_minima
2289 3784 2503 3858 quidem
2530 3784 2718 3858 eorum
2746 3786 2971 3858 vestigia
3000 3793 3199 3858 reperi.

1861 3802 1919 3839 ro
1945 3799 2011 3838 ne
2042 3799 2262 3837 minima
2289 3799 2503 3907 quidem
2530 3800 2718 3839 eorum
2746 3799 2971 3857 vestigia
3000 3799 3199 3858 reperi.

1858 3854 1971 3936 (98)
2000 3853 2198 3936 ξοςυηι
2228 3868 2290 3936 or
2335 3855 2472 3909 inem
2502 3854 2827 3936 miromodo
2858 3856 3125 3936 turbavit;
3156 3859 3251 3915 sed
3281 3874 3368 3917 ero

1787 3922 2147 4011 τρέθίπίιὲησε
2166 3930 2354 4011 res!!!
2372 3922 2944 4011 avettestloennem
2970 3925 3061 4011 ξω
3082 3922 3179 3984 εει
3197 3944 3367 4011 papas

1785 3995 2020 4066 secunda
2070 4008 2233 4066 manu
2282 3993 2605 4066 interposuit
2665 3997 2921 4065 (quorum
2968 4003 3082 4066 tres
3130 3993 3363 4066 priores,

1781 4062 2068 4126 Joannem,
2085 4062 2443 4132 Stephanum,
2460 4062 2813 4134 Stephanum,
2833 4065 3018 4122 nescio
3046 4062 3188 4124 unde
3211 4062 3368 4124 accc;

1786 4137 1885 4204 pit,
1920 4143 2032 4188 tres
2055 4141 2342 4206 sequentes
2367 4147 2516 4199 vero,
2552 4135 2839 4206 Marinum,
2868 4137 3179 4206 Agapitum,
3204 4139 3369 4195 Octa-

1783 4203 2055 4274 vianum,
2090 4218 2227 4273 quos
2269 4203 2381 4274 jam
2428 4204 2597 4274 semel
2641 4203 3077 4271 enumeraverat,
3128 4209 3368 4265 secundo

1782 4273 2008 4348 posuit),
2041 4272 2163 4348 ipse
2211 4272 2402 4348 sensit.
2451 4273 2528 4329 De
2581 4275 2684 4343 his,
2734 4275 3006 4348 inquita.
3058 4276 3162 4335 987
3193 4278 3365 4348 (965),

1780 4345 1929 4423 pupis
1957 4344 2280 4398 dubitamus.
2307 4345 2482 4399 Etiam
2522 4354 2680 4400 antea
2712 4360 2761 4400 a.
2788 4344 2892 4401 907
2921 4346 3070 4420 (885)
3094 4344 3364 4407 Marinum

1784 4425 1839 4469 et
1866 4413 2049 4485 a.79l2
2076 4414 2221 4485 (890)
2247 4412 2502 4485 Basilium
2529 4417 2704 4471 ordini
2739 4417 2976 4472 intrusit.

1855 4483 2099 4560 (99-100)
2129 4483 2580 4560 ltzegjamantea
2598 4486 2745 4560 satis
2774 4496 2952 4560 acute
2978 4489 3253 4560 perspexit
3301 4499 3365 4549 et

1785 4553 2033 4622 exposuit
2057 4570 2109 4607 v.
2131 4554 2197 4607 cl.
2233 4553 2424 4609 Hirsch
2458 4555 2532 4610 De
2560 4557 2669 4610 vita
2693 4565 2746 4610 et
2769 4553 2995 4627 scriptis
3015 4553 3282 4630 Sigeberti
3308 4578 3364 4633 p.

1788 4624 2041 4679 115-129..
2070 4624 2126 4677 ln
2154 4624 2473 4678 Bethmanni
2493 4626 2751 4679 editione.
2772 4640 2892 4679 ante
2921 4630 3063 4679 tvnis
3103 4630 3363 4679 imnressa

1788 4635 2041 4679 113-122.
2070 4635 2126 4677 In
2154 4635 2473 4678 uetumanni
2493 4635 2751 4692 editione,
2772 4640 2892 4696 quae
2921 4635 3063 4698 typis
3103 4635 3365 4700 impressa

1786 4705 1902 4750 erat
1925 4706 2214 4776 antequam
2245 4694 2391 4749 hunc
2435 4693 2593 4776 ﬁnire
2648 4698 2795 4776 potui
2826 4697 3086 4776 laborem,
3119 4702 3365 4776 quaedam

1786 4709 1902 4750 erat
1925 4709 2214 4815 antequam
2246 4709 2391 4749 nunc
2435 4709 2593 4750 nutrc
2648 4709 2795 4766 petm
2826 4709 3086 4761 laborem,
3119 4709 3365 4768 quaedam

1785 4778 2007 4844 quaeest
2044 4764 2283 4844 h'ariano
2313 4775 2525 4844 sumpta
2552 4775 2678 4818 sunt
2705 4777 2812 4844 non
2864 4767 3191 4844 indicantur.
3217 4772 3369 4828 Adde

1786 4831 1838 4888 ὁ.
1873 4834 2028 4905 1077.
2061 4831 2548 4905 Hildibronglus-f
2572 4836 2954 4905 contradicunt,
2985 4837 3268 4905 imperator
3297 4872 3368 4883 —-

1784 4903 2151 4982 depopulatu_r,
2171 4901 2396 4982 an..10'_79,
2411 4900 2697 4982 ΔΗιιὶιρνὶειιε
2711 4900 3167 4982 -ρεδῇῃηίέιίιὼὶ
3194 4924 3367 4978 pauca

1787 4970 2164 5046 mhmmverba
2182 4970 2495 5046 Sigebertus
2514 4970 2582 5026 de
2605 4986 2704 5027 suo
2732 4970 2946 5042 adjecii.
2966 4975 3142 5046 Etiam
3165 4970 3286 5046 qua».
3315 4999 3367 5036 a.
3470 5000 3471 5003 η

1787 5046 2012 5123 {085de
2029 5041 2274 5123 Gregorii
2303 5052 2476 5123 morte
2499 5041 2808 5123 narrantur,
2829 5060 2896 5099 ex
2922 5042 3109 5123 codice
3139 5041 3368 5123 Mariam

1784 5113 2164 5174 Gemblaeensi
2195 5119 2407 5179 sumpta
2429 5124 2549 5166 esse
2586 5113 2865 5171 videntur:
2914 5129 2966 5167 ν.
3006 5113 3169 5181 infra,
3201 5120 3367 5173 adan.

1787 5188 1949 5245 1105.

1862 5233 2010 5326 (itit)
2035 5233 2287 5326 cotem
2316 5248 2441 5304 6:6.
