3926 5326
1841 132 2122 188 MARIANI
2161 130 2401 188 SCOTTI

503 302 3727 343 __________._______________________.___

516 1496 580 1572 ’1.
634 1514 706 1571 De
734 1506 1098 1584 disputatione
1142 1508 1374 1591 Dionissi
1404 1494 1619 1580 ‘Exigui
1668 1521 1831 1578 supra
1858 1505 2065 1578 passio-
2095 1509 2150 1568 Α

486 1678 586 1750 '2.

534 1788 587 1837 5.

531 1968 584 2023 ι.

532 2245 582 2299 5.

532 2425 586 2479 6.

533 2514 582 2566 7.

504 3515 591 3571 10.

501 4068 590 4123 11.

534 4768 591 4823 2.

539 4858 593 4914 5.

724 449 1540 700 'MABIANI
1625 448 2307 657 SCOTTI
2419 445 3373 604 CHRONICO

1340 715 1615 773 EDENTE
1649 716 1714 775 ϐ.
1758 714 1988 773 WAITZ
2024 714 2228 772 PBOF.
2268 714 2465 773 PUBL.
2506 714 2914 772 KlLlONENSl.

1164 872 1342 959 (Apud
1373 871 1575 941 Psn'rz,
1604 870 1943 928 Monumenta
1968 869 2266 927 Germania:
2295 871 2566 939 historica,
2599 869 2802 943 Script.
2834 870 2904 936 γ,
2935 870 3091 940 695.)

1880 1032 2345 1047 m

929 1130 1290 1315 INCIPIT
1358 1110 1595 1311 HINC
1636 1117 2088 1254 'MABIANI
2146 1124 2414 1255 sum
2487 1153 2915 1255 CRONIGA
2976 1152 3331 1254 CLABA.

1254 1314 1257 1317 ⁵
1301 1363 1704 1465 INCIPIUNT
1739 1361 2137 1426 CAPITULA
2182 1361 2407 1423 PBlMl
2442 1363 2653 1423 LIBRI
2688 1360 2827 1442 (fol.
2862 1362 2985 1442 27).

639 1620 761 1661 nem
793 1615 848 1660 et
874 1604 1326 1660 resurrectionem
1353 1599 1578 1669 Christi.

644 1695 718 1750 De
741 1677 949 1749 ratione
975 1677 1281 1761 evangelica
1310 1700 1499 1746 contra
1523 1703 1668 1744 eum.

646 1784 720 1839 De
746 1784 1093 1854 inquisitione
1120 1781 1314 1855 capitis
1339 1769 1548 1850 mundi,
1582 1787 1635 1839 et
1656 1779 1843 1852 primae
1866 1779 2076 1837 hebdo-

637 1874 807 1930 mada:
829 1873 964 1930 initii
993 1873 1193 1931 sreculi.

645 1968 718 2024 De
748 1968 947 2038 pascali
970 1967 1314 2023 ordinatione
1335 1974 1392 2021 et
1419 1965 1488 2021 de
1515 1978 1741 2044 pastone
1770 1972 1826 2021 et
1872 1964 1939 2019 de
1992 1979 2077 2019 re-

641 2059 975 2114 surrectione
1000 2059 1278 2114 Dominica
1303 2064 1705 2133 argumentatur
1723 2065 1779 2111 et
1805 2055 2076 2126 inquisita:

640 2167 668 2204 a
699 2150 874 2221 capite
900 2149 1106 2205 tnundi.
1212 2148 1213 2151 “

643 2245 716 2298 Ite
745 2241 1176 2297 contradictione
1223 2254 1412 2296 earum
1453 2239 1747 2296 secundum
1786 2236 2078 2293 auctorita-

642 2343 749 2389 tem
777 2333 934 2411 Beda:
963 2333 1017 2387 in
1041 2331 1385 2411 ordinatione
1414 2330 1695 2400 paschali.‘

641 2425 718 2480 De
742 2425 921 2495 capite
952 2422 1158 2488 mundi,
1186 2420 1277 2477 ubi
1303 2421 1377 2476 sit
1395 2419 1549 2490 juxta
1577 2420 1795 2476 Bedam.

637 2513 713 2568 De
740 2528 885 2569 anno
918 2502 1111 2583 magno
1141 2526 1210 2568 ex
1233 2511 1682 2567 concurrentibus
1719 2508 2017 2580 composito
2046 2523 2075 2563 a

635 2604 799 2671 Beda,
845 2613 906 2660 ut
955 2604 1267 2660 ostenderet
1306 2603 1679 2659 diversitatem
1732 2604 2076 2658 cronicarum

634 2705 799 2768 atque
824 2680 1202 2754 histericorum
1227 2696 1281 2749 in
1314 2695 1599 2750 nativitate
1624 2705 1679 2750 et
1720 2697 1972 2765 passione
1993 2710 2078 2749 rc-

635 2785 1082 2855 surrcctioneque
1104 2784 1331 2852 Christi,
1361 2784 1510 2841 etde
1560 2785 1883 2840 tractatione
1926 2783 2075 2854 ejus-

637 2876 757 2931 dem
794 2876 972 2946 magni
995 2862 1144 2931 anni.

571 3006 588 3024 .
637 2967 714 3023 De
740 2967 915 3037 capite
948 2966 1134 3021 mundi
1164 2973 1220 3020 et
1249 2963 1635 3021 indictionibus
1690 2978 1753 3019 ac
1786 2963 1939 3018 ciclis
1961 2979 2078 3018 ma-

637 3061 757 3133 gnis
776 3060 1038 3130 annisque
1060 3058 1182 3114 inde
1206 3044 1376 3128 usque
1396 3057 1464 3111 ad
1483 3057 1903 3112 incarnationem
1928 3055 2081 3127 juxta

641 3149 973 3206 Dionissium
998 3158 1054 3204 et
1080 3148 1135 3202 in
1164 3156 1469 3218 presentem
1492 3146 1660 3203 diem.

644 3241 720 3298 De
743 3234 959 3312 septem
981 3238 1173 3295 diebus
1212 3239 1408 3310 primis
1461 3240 1759 3294 secundum
1814 3238 1982 3294 solem
2028 3247 2083 3294 et

642 3334 822 3390 lunam
853 3349 929 3411 ac,
948 3333 1159 3399 feriam,
1187 3342 1243 3388 et
1271 3333 1336 3388 de
1377 3333 1699 3388 formatione
1725 3348 1902 3387 rerum
1931 3348 2084 3387 crea-

643 3410 959 3481 turarum“
982 3433 1192 3495 septem
1219 3423 1430 3487 diebus,
1462 3423 1528 3478 de
1573 3424 1786 3477 informi
1833 3424 2079 3479 materia.

641 3517 718 3572 De
743 3530 966 3571 cassura
991 3514 1153 3585 primi
1184 3512 1336 3579 Adae,
1371 3522 1427 3568 et
1472 3513 1539 3568 de
1576 3514 1952 3569 emendatione
1982 3514 2081 3570 tri-

640 3607 768 3680 plici
801 3591 1034 3663 cassurze
1068 3605 1306 3675 ejusdem
1335 3618 1435 3675 per
1458 3605 1753 3660 secundum
1786 3605 1955 3660 Adam
1982 3620 2083 3679 per

640 3702 916 3758 Christum
949 3699 1137 3757 eodem
1178 3699 1367 3755 ordine
1395 3707 1449 3755 et
1503 3698 1558 3752 in
1609 3698 1797 3754 eadem
1847 3699 1985 3755 feria
2028 3708 2085 3756 et

644 3794 801 3849 annis
822 3807 1094 3849 acassura
1122 3799 1178 3847 ct
1204 3806 1234 3845 a
1260 3791 1439 3860 capite
1462 3790 1644 3845 mundi
1678 3806 1850 3861 usque
1897 3793 1964 3847 ad
2001 3792 2084 3846 in-

645 3884 1011 3939 carnatiOnem
1045 3891 1099 3937 ct
1123 3882 1432 3953 passionem
1487 3880 1724 3949 Domini,
1778 3882 1834 3936 in
1890 3883 2082 3940 eadem

642 3974 780 4031 feria
810 3989 1044 4031 cassum
1075 3974 1141 4028 ι’.

638 4068 712 4123 De
735 4067 908 4139 prima
933 4075 1091 4121 aetate
1118 4062 1298 4121 saeculi
1330 4078 1359 4117 a
1383 4063 1556 4134 prima
1580 4063 1821 4135 ejusdem
1842 4064 1949 4130 die,
1979 4064 2084 4120 hoc

2179 1778 2264 1835 12.

2176 1929 2266 2018 is.

2178 2120 2267 2201 i4.

2060 2376 2065 2383 .
2180 2328 2266 2384 15.

2180 2512 2267 2567 16.

2180 2697 2265 2752 17.

2184 2969 2268 3025 18.

2184 3156 2271 3213 19.

2182 3426 2270 3482 20.

2263 1561 2269 1567 _
2312 1520 2342 1557 a
2372 1506 2652 1562 nativitate
2690 1514 2905 1576 patrum
2956 1520 3131 1576 usque
3175 1504 3240 1559 ad
3299 1504 3439 1562 ﬁlios
3481 1517 3743 1579 pertrans-

2317 1608 2507 1661 cursa;
2546 1604 2602 1650 et
2632 1596 2701 1651 de
2740 1597 2891 1651 obitu
2926 1596 3361 1669 patriarcharum
3412 1598 3465 1652 in
3493 1613 3557 1653 ca
3586 1614 3744 1671 usque

2318 1688 2369 1741 in
2394 1689 2650 1744 diluvium
2676 1698 2730 1746 et
2752 1706 3027 1762 egressum
3053 1689 3167 1747 Noe
3191 1690 3258 1746 de
3280 1691 3471 1746 archa.

2316 1779 2391 1835 De
2415 1783 2650 1837 secunda
2679 1791 2840 1837 aetate
2878 1781 3082 1849 saeculi,
3132 1782 3379 1853 predieto
3429 1781 3620 1836 ordine
3660 1795 3742 1850 pa-

2321 1881 2460 1927 trum
2487 1883 2541 1926 et
2562 1873 2796 1929 ﬁliorum
2822 1889 2994 1945 usque
3019 1875 3098 1947 ad
3118 1937 3126 1943 ⁴
3146 1874 3343 1928 Abarin
3397 1875 3740 1927 nativitawm.

2320 1962 2395 2018 De
2421 1965 2796 2021 emendatione
2850 1965 3025 2021 sancti
3077 1965 3366 2037 Augustini
3427 1980 3481 2019 m
3521 1964 3741 2020 secunda

2316 2065 2475 2127 aetate
2505 2057 2572 2123 η,
2590 2066 2723 2113 teste
2747 2058 2912 2113 Beda.

2320 2145 2397 2201 De
2422 2147 2618 2202 damno
2645 2146 2886 2215 ejusdem
2926 2146 3106 2203 aetatis
3135 2148 3176 2179 "
3214 2145 3472 2202 secunda:
3515 2144 3741 2208 invento,

2317 2238 2611 2292 secundum
2633 2236 2839 2293 Lucam
2863 2237 3256 2308 evangelizam.

2323 2329 2397 2383 De
2418 2328 2709 2384 divissione
2741 2338 2897 2385 teme
2917 2329 3056 2385 inter
3079 2329 3216 2385 filios
3239 2327 3370 2397 Noe,
3402 2328 3471 2384 de
3490 2326 3676 2398 linguis
3694 2333 3743 2379 et

2319 2424 2760 2488 generationtbus
2784 2427 2838 2473 et
2873 2427 3019 2474 turre
3045 2418 3280 2474 Nebrod.

2321 2511 2395 2567 De
2421 2513 2575 2566 tertia
2606 2521 2766 2567 actate
2788 2511 2943 2581 juxta
2987 2514 3229 2569 ordinent
3277 2528 3376 2583 per
3418 2512 3743 2583 patriarchas

2319 2613 2374 2659 et
2395 2604 2558 2659 duces
2585 2606 2653 2660 ab
2681 2604 2917 2659 Abaram
2949 2619 3118 2674 usque
3148 2605 3214 2659 ad
3240 2603 3430 2660 David.

2322 2696 2398 2753 De
2424 2706 2616 2766 quarta
2644 2704 2803 2752 aetate
2833 2697 3080 2752 ordinate
3103 2710 3201 2764 per
3221 2704 3407 2764 patres
3451 2704 3509 2750 et
3550 2693 3682 2749 ﬁlios
3715 2707 3740 2746 ι

2319 2788 2485 2843 David
2508 2803 2676 2858 usque
2700 2787 3066 2857 captivitatem
3086 2796 3143 2842 et
3166 2784 3603 2843 combustionem
3626 2795 3744 2840 tern-

2320 2878 2391 2948 pli
2421 2878 2736 2934 Salemonis.

2321 2969 2397 3025 De
2433 2970 2757 3026 tractatione
2809 2970 2982 3026 sancti
3036 2968 3303 3025 llironimi
3347 2969 3685 3041 supputando
3718 2982 3745 3021 a

2323 3071 2477 3119 sexto
2496 3078 2637 3119 anno
2669 3062 2912 3118 Ezechiae
2941 3078 3112 3133 usque
3132 3062 3455 3117 Assucrum.

2325 3157 2401 3211 De
2425 3156 2576 3213 festis
2604 3157 2795 3211 diebus
2822 3154 2954 3226 legis
2985 3163 3041 3210 et
3071 3152 3138 3209 de
3167 3163 3412 3224 tempore
3457 3152 3745 3209 combutio-

2321 3249 2407 3302 nis
2433 3248 2474 3279 ³⁸
2499 3246 2678 3315 templi
2712 3245 3015 3301 Salemonis
3039 3261 3068 3299 a
3102 3245 3535 3300 Nabcodonozor
3565 3260 3742 3300 secun-

2322 3340 2446 3394 dum
2480 3338 2784 3393 llisidornm
2813 3345 2869 3391 et
2899 3336 3291 3392 llieronitnum.
3709 3378 3717 3385 .

2322 3427 2395 3481 De
2417 3426 2603 3496 quinta
2651 3434 2811 3481 artate
2837 3426 3084 3481 ordinate
3114 3442 3145 3481 a
3176 3426 3553 3481 conibnstionc
3585 3420 3748 3493 templi

2236 3520 2241 3523 ’
2324 3534 2493 3589 usque
2527 3519 2594 3573 ad
2616 3518 3046 3573 incarnationem
3069 3518 3268 3573 Christi
3318 3528 3517 3574 octavo
3547 3517 3634 3571 die
3659 3516 3749 3570 lia-

2181 3796 2271 3851 21.

2321 3611 2601 3667 lendarum
2642 3610 2908 3682 Aprilium
2954 3610 3091 3665 feria
3143 3620 3295 3666 sexta
3322 3650 3338 3677 ,
3407 3611 3749 3666 annuntiante

2324 3704 2574 3760 Gabricle
2596 3704 2925 3774 archangelo
2948 3714 3148 3761 sancta
3173 3705 3375 3760 Mariae.

2324 3795 2400 3850 De
2430 3795 2810 3866 supputatione
2854 3796 3026 3851 sancti
3055 3795 3213 3851 Beda:
3260 3795 3316 3850 in
3369 3794 3564 3851 eadem
3607 3802 3749 3849 atate

2324 3900 2617 3941 numerans
2687 3886 3025 3956 septuaginta
3097 3884 3487 3951 hebdomadas,
3531 3885 3634 3941 hoc
3678 3892 3750 3937 cst

2322 3991 2498 4031 annos
2547 3975 2969 4046 quadringentos
3016 3976 3354 4048 septuaginta
3413 3976 3655 4046 quinque
3691 3974 3749 4026 ab

2326 4083 2468 4125 anno
2492 4068 2782 4142 vigessimo
2804 4066 3347 4136 Artarxersis'usque
3374 4068 3443 4120 ad
3463 4066 3744 4121 Chrismm.

642 4170 725 4218 cst
754 4161 945 4260 quinto
991 4156 1621 4259 decimoKalendarum.
1650 4155 2080 4264 Apriliumjl‘eria
2108 4199 2153 4264 Ο
2181 4162 2273 4219 22.
2327 4159 2405 4216 De
2428 4161 2582 4216 annis
2621 4160 2848 4232 singulis
2874 4160 2974 4216 sub
3020 4158 3332 4215 consulibus
3379 4158 3494 4214 suis
3543 4174 3575 4212 a
3621 4155 3748 4212 Julio

641 4251 814 4322 prima
841 4248 1154 4320 incipiente,
1185 4255 1240 4302 et
1264 4261 1360 4316 per
1383 4258 1553 4300 annos
1579 4243 1818 4316 singulos
1834 4244 2080 4303 ordinate

2326 4255 2556 4313 Cessare
2578 4270 2747 4327 usque
2776 4256 2844 4312 ad
2868 4254 3166 4311 Christum.

646 4384 1045 4449 lNClPlUNT
1097 4380 2185 4465 CAPITULALjnntsscuNot,
2228 4391 2364 4465 om
2408 4391 2557 4451 EST
2590 4386 3215 4451 INCARNATIONIS
3244 4386 3504 4460 USQUE
3550 4385 3629 4446 IN

1535 4460 2089 4530 ASCENSIONEM
2130 4460 2420 4533 notum
2458 4468 2595 4551 ([οι.
2627 4469 2749 4532 28).

576 4624 591 4641 .
650 4585 725 4641 De
752 4582 1097 4657 inquisitione
1120 4580 1421 4638 nativitatis
1440 4580 1665 4638 Joannis
1676 4581 1925 4640 babtistae
1941 4586 2075 4645 duce

644 4674 1025 4732 melesiastica
1054 4672 1398 4728 auctoritate.
1661 4730 1668 4737 ,

646 4769 723 4824 De
745 4765 1009 4823 solutione
1036 4765 1337 4837 questionis
1359 4763 1623 4832 ejusdem.

647 4858 725 4914 De
749 4848 1160 4913 annuntiatione
1187 4855 1576 4910 incarnationis
1611 4853 1813 4912 Christi
1843 4858 1911 4913 ad
1953 4873 2077 4914 san-

644 4959 786 5003 ctam
815 4946 1040 5002 Mariam
1072 4954 1263 5001 octavo
1285 4943 1372 5000 die
1398 4942 1758 5001 Kalendarum
1812 4946 2074 5016 Aprilium

644 5037 778 5093 feria
804 5045 955 5094 sexta
974 5050 1069 5107 per
1082 5032 1386 5092 Gabrielem
1405 5035 1809 5106 archangelum,
1830 5048 1883 5092 et
1904 5052 2083 5110 egres-

646 5146 709 5186 su
741 5139 942 5187 sanctae
970 5129 1153 5184 Mariae
1194 5129 1262 5185 ad
1309 5128 1609 5195 Elizabeth,
1664 5146 1888 5186 manens
1942 5134 2082 5203 apud

643 5220 765 5280 eam
786 5235 954 5294 usque
991 5221 1045 5277 in
1060 5219 1411 5291 nativitatem
1434 5219 1656 5276 Joannis
1676 5220 1943 5276 babtistze.

2211 4593 2267 4648 «1.

2210 4887 2265 4941 5.

2319 4592 2398 4648 De
2427 4607 2569 4648 anno
2598 4592 2837 4665 regni‘ac
2866 4591 2987 4648 cicli
3030 4588 3517 4647 deccnnovennalis
3541 4596 3593 4641 et
3617 4586 3712 4639 ind;
3729 4604 3739 4612 -

2322 4684 2501 4739 ctione
2527 4685 2992 4754 convenienteque
3018 4682 3142 4737 luna
3169 4681 3545 4752 conceptionis
3578 4677 3737 4733 Domi-

2321 4777 2461 4832 nicze
2479 4776 2773 4832 secundum
2796 4776 2987 4847 legem.

2317 4885 2394 4940 De
2437 4886 2781 4954 congruitate
2842 4881 3231 4938 incarnationis
3275 4889 3329 4936 et
3376 4874 3738 4946 redemptionis

2325 4988 2422 5046 per
2442 4975 2736 5029 secundum
2775 4973 2941 5026 Adam
2971 4973 3021 5026 in
3049 4973 3236 5026 eadem
3266 4970 3397 5025 feria
3443 4978 3589 5024 sexta
3616 4976 3660 5019 ct
3691 4965 3733 5015 in

2268 5126 2269 5129 η
2327 5066 2413 5121 die
2444 5065 2643 5119 mensis
2666 5063 2859 5118 solaris
2881 5064 2947 5117 ad
2972 5061 3188 5116 easdem
3235 5061 3288 5115 in
3319 5059 3514 5130 quibus
3550 5055 3735 5127 primus

2324 5159 2495 5211 Adam
2523 5165 2740 5210 creatus
2765 5164 2818 5208 ct
2847 5166 3212 5224 transgressus
3237 5158 3341 5206 est.
