3926 5326
526 301 628 356 6‘27

1883 301 2174 360 MARIANI
2212 302 2456 360 SCOTTl

3675 308 3764 366 628

526 413 613 469 59.
671 411 747 469 De
778 414 1058 475 vocatione
1092 411 1286 469 Mathci
1316 415 1567 486 apostoli,
1594 425 1646 473 et
1669 417 1936 472 calumnia
1957 434 2108 472 man-
2140 419 2185 478 Λ
2214 417 2301 472 57.
2353 419 2426 473 De
2456 417 2688 472 adventu
2729 418 2939 476 Domini
2969 419 3020 474 in
3047 417 3379 476 Bethaniam'
3401 420 3620 478 sabbato
3657 436 3764 483 ante

525 596 616 652 ιο.

524 778 617 836 41.

667 506 900 563 ducandt
933 517 985 561 et
1015 507 1231 563 bibendi
1264 524 1385 562 cum
1415 509 1733 579 puplicanis.

670 596 746 653 De
772 597 878 655 lilia
913 597 1024 652 Jari
1056 599 1404 663 rcsuscitata,
1459 608 1515 652 et
1560 600 1624 654 de
1654 598 1880 655 muliarc
1908 599 1952 630 ³⁸
1976 599 2112 654 duo-

668 690 844 746 decim
873 688 1032 743 annis
1059 689 1110 742 iu
1141 687 1282 742 ﬂuxu
1306 689 1588 759 sanguinis
1613 698 1821 743 curata.
2048 717 2052 722 -
2217 689 2304 747 58.

671 781 748 836 De
779 780 988 834 duobus
1025 780 1174 836 cecis
1225 790 1279 836 et
1314 779 1616 850 Beelchub
1639 781 1705 846 ³⁸,
1770 791 1823 835 et
1869 782 2118 851 predica-

669 875 814 932 tione
840 875 1065 938 Christi,
1097 891 1298 931 sanans
1318 891 1533 930 omnem
1580 875 1853 946 Iangorem
1881 884 1935 928 ct
1971 875 2113 929 inﬁr-
2215 877 2303 930 59.

665 971 931 1034 mitatem,
962 969 1028 1025 de
1051 985 1226 1024 utesse
1251 981 1304 1024 et
1326 968 1576 1039 operaris
1604 978 1656 1022 et
1706 970 1771 1022 de
1818 967 2046 1022 misione
2069 967 2111 998 ³⁷
2217 967 2305 1021 60.

671 1063 740 1118 12
800 1060 1167 1132 apostolorum
1228 1062 1294 1114 ad
1348 1058 1756 1129 pretlitandum,
1805 1058 1929 1118 data
1985 1057 2115 1127 ipsis
2216 1060 2304 1114 61.

669 1163 935 1226 potestate
964 1152 1367 1208 immundorum
1396 1151 1705 1221 spirituum.
2216 1150 2302 1210 62.

524 1247 613 1306 ιε.
665 1247 742 1302 De
777 1247 1088 1302 nominibus
1130 1244 1196 1297 12
1225 1242 1586 1314 apostolorum
1629 1241 1923 1296 secundum
1969 1239 2115 1294 ordi-

668 1352 813 1402 nem,
846 1347 901 1391 et
931 1336 998 1390 de
1029 1335 1177 1406 virga
1203 1333 1463 1404 portanda
1493 1343 1546 1386 et
1587 1349 1691 1386 non
1721 1333 2006 1402 portanda.

523 1427 615 1488 ‘3.
671 1430 746 1484 De
777 1426 1145 1498 predicatioue
1169 1426 1368 1481 Christi
1397 1437 1519 1495 post
1553 1425 1862 1480 missionem
1899 1424 1959 1478 1:2
1990 1437 2114 1492 apo-
2216 1423 2303 1482 65.

666 1519 952 1583 stolorum,
984 1526 1038 1572 et
1079 1516 1188 1571 lilio
1217 1517 1390 1574 viduae
1434 1518 1775 1580 resuscitato,
1807 1525 1860 1570 et
1889 1517 1953 1569 de
1994 1516 2115 1568 mis-

669 1614 820 1668 sione
846 1612 1074 1666 duorum
1093 1609 1479 1681 discipulorum
1505 1627 1532 1663 a
1558 1609 1802 1665 .lohanne
1833 1609 2017 1664 vincto
2048 1608 2115 1662 ad
2218 1603 2305 1658 61.

523 1797 614 1854 Η.

524 1982 614 2043 ιδ.

527 2166 616 2226 46.

525 2347 618 2407 47.

528 2535 620 2590 ιε.

531 2904 620 2964 ιθ.

672 1707 880 1761 Jesum.

670 1796 746 1851 De
785 1797 1040 1868 phariseo
1071 1806 1296 1866 rogante
1330 1796 1618 1851 Dominum
1662 1795 1729 1849 ad
1769 1810 2030 1858 mensam,
2061 1803 2115 1848 et
2145 1776 2192 1840 Β
2222 1786 2307 1841 65.

670 1889 834 1943 Maria
864 1888 1202 1959 Magdalcna,
1243 1899 1297 1943 et
1333 1889 1397 1943 de
1426 1888 1688 1943 alhastro.

671 1983 747 2037 De
778 1980 1004 2035 Domino
1036 1982 1406 2050 exprobrante
1443 1981 1785 2045 civitatibus,
1813 1989 1864 2034 et
1906 1980 2117 2034 confes.

671 2073 852 2137 sione,
881 2080 936 2126 et
963 2072 1031 2126 de
1063 2072 1230 2141 spicis
1258 2071 1309 2125 in
1360 2070 1569 2126 sabato.

669 2165 744 2220 De
790 2179 951 2219 manu
985 2164 1137 2218 arida
1169 2173 1361 2218 sanata
1386 2163 1542 2233 juxta
1585 2163 1932 2218 concordiam
1981 2177 2114 2231 qua-

677 2267 800 2312 tuor
829 2255 1299 2324 evangelizarum.

674 2348 748 2402 De
775 2347 1043 2417 phariseis
1072 2356 1125 2399 et
1154 2346 1495 2405 llerodiauis.
1522 2355 1576 2402 et
1609 2345 1955 2402 demonatico
1985 2359 2116 2400 ceco
2219 2351 2306 2407 66.

670 2447 726 2493 et
763 2449 911 2492 muto
942 2449 1156 2492 sanato.

670 2534 745 2590 De
771 2534 982 2591 llerode
1014 2543 1067 2588 et
1090 2533 1342 2603 passione
1371 2531 1545 2587 sancti
1579 2529 1841 2585 Johannis
1867 2528 2114 2596 baptizm,

677 2625 744 2680 de
796 2623 1060 2686 miraculo
1119 2623 1361 2694 quinque
1413 2637 1611 2692 panum
1663 2629 1717 2676 et
1769 2619 1997 2673 duormn
2038 2619 2117 2688 pi-
2219 2625 2307 2679 (Π,

672 2717 867 2782 scium,
909 2716 976 2771 de
1007 2717 1229 2784 pascha,
1265 2726 1319 2770 et
1366 2717 1432 2771 de
1479 2715 1598 2771 loco
1653 2714 2024 2770 decollationis
2064 2723 2117 2768 et

677 2823 970 2886 sepulturm
999 2806 1281 2870 Johannis.
2221 2809 2307 2864 68.

676 2905 752 2960 De
782 2905 1150 2966 ambulatione
1193 2896 1405 2958 Domini
1451 2905 1505 2951 et
1550 2895 1696 2950 Petri
1745 2911 1907 2965 super
1947 2896 2120 2950 undas

675 2999 993 3067 navigantes
1027 3006 1176 3052 trans
1214 3000 1412 3052 fretum
1438 2995 1684 3051 Genesar
1714 2987 1931 3068 [quarta
1961 2988 2004 3018 ³³
2041 2988 2120 3041 νὶ-

677 3088 803 3159 gilia
854 3089 1048 3152 noctis,
1078 3097 1131 3143 et
1171 3088 1235 3142 de
1263 3087 1462 3159 pascha
1504 3098 1558 3140 et
1607 3085 1870 3142 miraculo
1916 3095 2114 3156 panum
2145 3122 2190 3191 C

675 3189 730 3234 et
766 3179 1040 3251 piscium].
2149 3179 2190 3191 "'
2220 3185 2310 3243 69,

534 3271 623 3332 50.
679 3269 756 3328 De
792 3271 1044 3326 Canauea
1098 3272 1328 3326 muliere
1381 3281 1436 3326 et
1485 3272 1591 3327 ﬁlia
1643 3270 1758 3341 ejus
1809 3280 2020 3332 sanata,
2051 3268 2118 3324 de

677 3363 842 3418 surdo
883 3371 939 3418 et
988 3373 1170 3428 muto,
1202 3373 1256 3418 et
1289 3365 1582 3420 refectione
1623 3375 1856 3434 quatuor
1889 3363 2116 3417 millium

678 3453 746 3509 de
783 3461 988 3523 septem
1032 3454 1262 3522 panibus
1306 3463 1357 3508 et
1412 3455 1597 3520 paucis
1649 3455 1911 3526 piscibus,
1964 3453 2120 3510 etde
2221 3465 2309 3520 70,

680 3557 810 3598 ceco
844 3542 1166 3608 illuminato,
1201 3545 1501 3599 secundum
1535 3544 1798 3599 Marcum.

470 3695 476 3701 ,
536 3633 625 3690 5|.
679 3634 755 3690 De
785 3634 1211 3706 interrogatione
1242 3637 1496 3700 Domini,
1549 3637 1614 3692 de
1647 3637 1928 3707 discipulis
1982 3637 2116 3700 suis,
2222 3650 2309 3704 τι,

675 3728 742 3784 de
767 3731 1190 3786 contradictione
1221 3730 1384 3795 Petri,
1419 3738 1474 3784 et
1510 3730 1988 3802 transﬁguratione
2012 3728 2110 3782 υς).
2223 3741 2310 3796 72,

679 3821 832 3888 mini,
867 3823 931 3876 de
962 3819 1111 3877 Moisi
1141 3830 1194 3876 et
1218 3819 1390 3885 llelia,
1423 3831 1478 3876 et
1502 3821 1761 3876 lunatico.
2225 3834 2312 3888 '73,

537 3913 626 3969 59..
679 3912 755 3969 De
778 3915 1012 3981 adventu
1038 3914 1250 3969 Domini
1287 3929 1318 3969 a
1347 3913 1549 3970 Galilca
1582 3915 1634 3968 in
1669 3913 1894 3970 Judeam
1919 3954 1933 3979 ,
1960 3923 2016 3967 et
2056 3914 2121 3968 de
2224 3927 2314 3985 74,

685 4021 852 4061 uxore
878 4005 1230 4062 demittenda.
2224 4016 2292 4070 75

540 4095 630 4150 53.
686 4097 757 4150 De
803 4097 1043 4165 parvulis
1086 4105 1140 4150 ct
1181 4096 1428 4165 operaris
1460 4095 1511 4149 in
1545 4095 1757 4150 vineam
1786 4136 1800 4161 ,
1845 4095 1912 4149 de
1957 4095 2120 4161 bono,
2227 4109 2314 4161 76,

680 4199 734 4244 et
772 4189 1078 4250 reversione
1107 4187 1318 4242 Domini
1360 4188 1413 4241 in
1443 4187 1725 4242 Calileam.
2226 4201 2310 4256 77.

543 4278 634 4339 54.
693 4277 770 4332 De
798 4276 1092 4330 festivitate
1124 4275 1516 4346 sceuophegim.
2225 4293 2315 4348 73,

544 4369 635 4432 55.
693 4370 766 4423 De
795 4367 1020 4428 encenia
1053 4367 1410 4424 solemnitate.
2229 4385 2314 4440 79.

543 4462 631 4524 56.
690 4461 766 4516 De
797 4460 1004 4518 Lazaro
1043 4477 1211 4516 resus:
1234 4462 1366 4516 itato
1401 4463 1650 4520 veniente
1700 4465 1926 4520 Domino
1951 4482 1980 4520 a
2010 4466 2114 4521 Ga-
2149 4472 2199 4532 D
2227 4478 2316 4532 30,

689 4554 815 4611 lilea
852 4553 906 4608 in
936 4554 1287 4619 Hierusalem,
1316 4565 1371 4610 et
1411 4557 1477 4611 de
1505 4572 1612 4611 uno
1639 4573 1767 4613 ceco
1805 4568 1996 4614 sanato
2041 4575 2126 4614 se‘
2229 4567 2316 4621 8t.

690 4649 926 4702 cundum
975 4647 1176 4702 Lucam
1234 4664 1355 4703 cum
1405 4649 1820 4719 adpropincasct
1869 4652 2125 4707 Dominus
2229 4659 2318 4713 82.

687 4741 970 4808 Hiericho,
1017 4751 1072 4796 et
1116 4742 1325 4798 duobus
1370 4743 1516 4798 cccis
1569 4747 1777 4800 sanatis
1827 4749 2122 4802 secundum
2229 4750 2318 4805 83.

689 4831 829 4888 alios
855 4834 1166 4904 egredicnte
1203 4835 1428 4889 Domino
1467 4834 1534 4888 ab
1574 4835 1862 4902 Hiericho,
1900 4838 1966 4892 de
1997 4835 2122 4890 Sta-

691 4926 828 4987 cheo
859 4926 902 4958 ”
943 4935 998 4982 et
1036 4926 1330 4998 parabulis.

2359 523 2451 563 sex
2499 506 2614 562 dies
2669 507 2898 576 paschae,
2941 517 2995 564 et
3047 509 3286 565 crastino
3328 510 3382 564 in
3432 511 3623 581 palmis
3660 513 3763 570 luna

2360 599 2565 653 decima
2591 598 2643 652 in
2676 597 3034 654 Hierusalem.

2356 689 2428 744 De
2464 690 2629 760 gestis
2660 690 2850 758 primae
2877 699 2932 745 et
2969 691 3220 745 secunda:
3259 693 3540 764 tertitequc
3573 692 3619 728 ⁸ο
3643 694 3766 752 feria:

2349 783 2504 851 juxta
2533 783 2780 836 ordinem
2813 782 2879 848 “,
2913 782 3142 853 aliisque
3166 785 3369 840 multis.

2359 878 2430 930 De
2461 877 2624 931 biduo
2653 887 2778 930 ante
2810 877 3026 947 pascha:
3046 919 3059 942 ,
3091 878 3142 932 id
3171 889 3253 934 est
3299 889 3493 948 quarta
3535 881 3680 935 feria.

2362 965 2437 1021 De
2465 968 2641 1035 primo
2673 966 2760 1020 die
2800 967 3131 1035 azimorum,
3166 969 3268 1023 hoc
3295 978 3379 1024 est
3420 971 3604 1040 quinta
3636 972 3762 1027 feria.

2357 1059 2431 1114 De
2461 1075 2598 1114 cena
2641 1059 2874 1114 Domini.
3196 1113 3198 1116 .

2361 1150 2434 1204 De
2467 1152 2614 1204 inmo
2637 1149 2678 1180 ’⁸⁸
2718 1150 2865 1205 dicto
2896 1159 2950 1204 et
2996 1164 3217 1220 egressu
3260 1152 3473 1210 Domini
3520 1155 3571 1208 in
3599 1154 3764 1210 Celsa-

2357 1243 2500 1300 mani
2530 1243 2618 1297 ubi
2644 1253 2825 1298 tentus
2849 1255 2950 1308 est,
2979 1247 3045 1300 de
3073 1248 3240 1316 gestis
3265 1249 3510 1318 ejusdem
3535 1251 3766 1315 noctis,et

2357 1334 2713 1404 denegatione
2743 1335 2890 1390 Petri
2913 1334 3070 1403 juxta
3102 1337 3370 1392 ordinem.

2362 1423 2434 1477 De
2463 1425 2630 1494 gestis
2678 1424 2782 1478 diei
2828 1426 3093 1494 passionis
3146 1425 3350 1483 Christi
3401 1438 3457 1483 ct
3510 1431 3764 1500 sepultura:

2357 1512 2473 1582 ejus
2502 1524 2556 1568 et
2583 1514 3052 1578 liuthcamiuibus.

2360 1605 2435 1660 De
2471 1618 2821 1663 monumento
2854 1609 3089 1676 Domini,
3113 1619 3169 1664 et
3197 1609 3523 1666 mulieribus
3549 1621 3600 1665 et
3622 1623 3766 1667 custoo

2362 1695 2519 1750 dibus
2556 1697 2813 1766 sepulcri.

2365 1788 2439 1842 De
2461 1804 2685 1859 vespere
2717 1791 2963 1848 sabhbati
2992 1806 3111 1860 quze
3157 1791 3381 1849 lucescit
3419 1793 3472 1846 in
3520 1794 3677 1864 prima
3701 1810 3764 1847 sa.

2359 1887 2466 1941 bati
2522 1895 2676 1942 sexto
2735 1887 2824 1940 die
2889 1887 3253 1942 Kalendarum
3303 1888 3616 1958 Aprilium,
3668 1889 3765 1942 luna

2361 1979 2587 2048 septima
2638 1979 2868 2044 decima,
2905 1980 2956 2032 in
3009 1995 3112 2048 qua
3143 1980 3393 2034 Christus
3444 1981 3760 2035 resurrexit:

2362 2070 2623 2134 mortuis,
2652 2079 2707 2123 ct
2733 2067 2801 2123 de
2831 2070 2997 2140 gestis
3025 2069 3194 2139 ipsius
3218 2070 3345 2135 diei,
3377 2071 3627 2125 ordinate
3661 2072 3766 2125 sicut

2363 2171 2558 2218 tractat
2611 2171 2834 2216 sanctus
2882 2163 3219 2233 Augustinus
3256 2161 3414 2230 juxta
3459 2163 3766 2219 concordiam

2361 2265 2594 2327 quatuor
2622 2257 3086 2328 evangelizar-um.

2362 2351 2438 2404 De
2487 2350 2798 2404 testimonio
2844 2347 3286 2418 evangelizarum
3332 2357 3388 2403 et
3431 2349 3607 2403 sancti
3647 2345 3764 2400 Pauli

2361 2442 2590 2512 apostoli
2659 2442 2710 2495 iu
2761 2440 2988 2510 cpistola
3037 2440 3104 2493 ad
3149 2439 3478 2495 Corintheos
3524 2442 3576 2494 in
3615 2453 3766 2509 apara-

2362 2535 2509 2588 tione
2535 2534 2582 2572 ¹⁵³
2613 2533 2846 2596 Domini,
2873 2531 3028 2598 juxta
3067 2531 3456 2602 Augustinum.

2357 2625 2434 2680 De
2463 2625 2830 2680 ambulatione
2858 2624 3071 2678 Domini
3101 2625 3154 2678 in
3187 2623 3394 2679 Galilea
3425 2622 3764 2693 corporaliter,

2365 2728 2637 2778 tractante
2667 2719 2994 2790 Augustino.

2360 2810 2502 2877 Quot
2533 2801 2742 2863 vicibus
2766 2818 2887 2878 post
2912 2809 3368 2865 resurrectionem
3393 2825 3549 2866 suam
3581 2810 3625 2862 in
3654 2817 3764 2862 terra

2361 2909 2417 2956 et
2458 2900 2512 2955 in
2547 2900 2678 2956 caelo
2721 2901 2900 2955 vissus
2933 2912 3017 2955 est
3071 2900 3352 2966 Dominus,
3399 2901 3763 2954 tractantem:-

2362 2995 2582 3066 gustino
2620 2997 2773 3066 juxta
2805 3004 3041 3065 quatuor
3071 2995 3414 3065 evangelizas
3455 3004 3765 3060 sanctumque

2361 3089 2608 3144 Paulum.

2366 3186 2442 3242 De
2501 3183 2746 3244 nristcrio
2797 3182 3088 3236 verborum
3158 3181 3373 3236 Domini
3434 3181 3626 3249 quibus
3661 3176 3764 3229 dixit

2368 3295 2387 3328 ι
2418 3276 2726 3332 Prmcedam
2755 3292 2850 3332 vos
2871 3273 2929 3331 in
2947 3271 3206 3332 Calilcam
3226 3311 3239 3335 ,
3274 3290 3292 3322 ι
3319 3279 3591 3327 tractante
3611 3274 3760 3322 sancto

2360 3371 2683 3440 Augustino.

2367 3466 2439 3519 De
2491 3465 2746 3534 passione
2802 3462 2978 3518 sancti
3038 3459 3184 3516 Petri
3237 3465 3292 3513 et
3337 3457 3406 3513 de
3464 3450 3760 3512 ordinatione

2362 3557 2540 3612 sancti
2571 3555 2888 3612 Clementis.

2363 3650 2440 3704 De
2473 3648 2723 3719 passione
2761 3648 2934 3703 sancti
2965 3645 3112 3702 Pauli
3147 3642 3395 3717 [apostoli
3426 3641 3518 3714 “J.

2371 3740 2445 3794 De
2471 3740 2724 3811 passione
2749 3741 2924 3795 sancti
2955 3739 3184 3793 Andreae
3214 3733 3469 3809 [apostoli
3504 3731 3588 3805 “].

2363 3833 2436 3886 De
2467 3833 2716 3902 passione
2743 3833 2917 3890 sancti
2946 3831 3131 3887 Jacobi
3163 3827 3393 3898 apostoli
3431 3826 3522 3879 lilii
3554 3816 3761 3877 Zebedei.

2365 3925 2439 3980 De
2467 3927 2848 3980 dormitatione
2891 3925 3063 3980 sancti
3115 3923 3379 3978 Johannis
3420 3917 3728 3987 evangelia.

2368 4017 2442 4071 De
2467 4017 2718 4086 passione
2756 4015 2928 4071 sancti
2955 4015 3146 4083 Philipi
3173 4012 3401 4083 apostoli
3435 4012 3499 4064 ⁸⁵.

2371 4109 2444 4162 De
2475 4110 2731 4178 passione
2768 4109 2940 4162 sancti
2971 4107 3320 4161 Bartolomei.

2369 4201 2443 4254 De
2467 4203 2721 4271 passione
2749 4202 2923 4255 sancti
2966 4199 3207 4255 Thomtc.

2367 4293 2445 4352 De
2475 4295 2728 4362 passione
2757 4293 3090 4346 sanctissimi
3136 4289 3352 4346 Mathei.

2369 4385 2444 4438 De
2477 4385 2730 4455 passione
2775 4384 2948 4438 sancti
2973 4383 3160 4438 Jacobi
3191 4381 3378 4436 fratris
3408 4377 3624 4434 Domini.

2365 4477 2439 4530 De
2467 4477 2720 4546 passione
2750 4475 2922 4530 sancti
2961 4474 3176 4529 Tathci.

2365 4565 2440 4620 De
2469 4565 2720 4634 passione
2749 4565 2921 4620 sancti
2951 4564 3188 4618 Simonis
3221 4560 3514 4616 Cannanei.

2369 4660 2443 4712 De
2467 4659 2617 4711 obitu
2647 4658 2816 4712 sancti
2853 4656 3067 4710 Mathia:
3093 4654 3341 4724 apostoli.

2374 4749 2450 4805 De
2477 4757 2684 4818 septem
2715 4747 3034 4802 diaconibus
3063 4744 3329 4803 ordinatis
3359 4743 3428 4800 ab
3456 4731 3688 4810 apostolis
3705 4730 3758 4781 “.

1402 5043 1806 5105 INCIPIUNT
1863 5045 2260 5107 CAI’ITULA
2323 5040 2534 5102 LIBRI
2578 5038 2849 5098 TERTII
2887 5042 2956 5097 ¹⁴’.

589 5148 642 5204 1.
695 5147 770 5202 De
801 5147 1082 5201 nativitate
1113 5145 1346 5208 Domini,
1370 5156 1423 5198 et
1448 5146 1515 5200 de
1542 5147 1699 5201 annis
1728 5146 1848 5214 ejus
1875 5148 1965 5216 qui
1990 5163 2134 5202 scm-

696 5253 790 5309 per
845 5238 1022 5292 mineo
1072 5237 1255 5290 colore
1304 5236 1693 5300 inscribuntur,
1746 5244 1800 5287 et
1850 5236 1918 5289 de
1966 5237 2126 5288 anuis

2383 5141 2665 5198 Octaviani
2697 5139 2943 5192 Ccssaris
2968 5137 3122 5205 nigro
3152 5133 3333 5188 colore
3370 5128 3524 5186 simul
3561 5120 3762 5180 ordinate

2384 5235 2435 5288 in
2475 5247 2742 5287 concursu
2790 5229 3118 5297 conscriptis
3141 5264 3156 5290 ,
3189 5225 3292 5280 sub
3340 5219 3630 5278 consulibus
3663 5220 3763 5280 ρω-
