3926 5326
151 194 255 254 629

231 3340 276 3397 ι.
319 3339 390 3396 De
433 3342 694 3411 passione
722 3341 934 3397 Domini
978 3349 1034 3396 et
1079 3340 1360 3395 miraculis
1399 3340 1452 3393 in
1491 3338 1767 3409 passione,
1824 3356 1830 3362 ’
1868 3345 1958 3400 2t.

1868 3436 1962 3492 25.

1561 192 1971 250 01111οΧ112οΝ.

292 307 436 381 priis
464 307 511 341 “
532 305 827 363 secundum
865 303 1270 373 Cassiodorum,
1306 307 1580 380 gestisque
1617 324 1739 365 cer-
1770 313 1818 371 Α
1882 309 1937 364 8.

1882 400 1936 455 9.

297 401 371 456 tis
407 396 840 468 uniuscujusque
866 398 995 453 anni
1022 411 1193 468 usque
1234 396 1287 453 in
1320 406 1550 453 mortem
1583 396 1743 454 Octa-

288 489 468 555 viani,
488 497 542 544 et
562 488 607 521 “
629 496 755 545 tunc
777 498 904 545 ante
929 487 1206 544 Tiberium
1237 487 1375 543 sicut
1398 497 1525 544 ante
1547 503 1743 542 unum-

290 597 578 654 quemque
626 596 808 653 regem
855 588 1047 652 postea
1073 579 1361 636 habebitur
1398 595 1607 635 summa
1636 579 1748 635 eol-

290 676 437 731 lecta
493 690 761 730 annorum
809 674 1208 731 incarnationis
1237 690 1266 728 a
1317 674 1598 729 nativitate
1645 675 1749 728 Do-

290 771 428 825 mini
461 784 637 843 nsque
683 769 738 826 in
769 768 930 827 finem
962 771 1114 843 regni
1153 770 1396 843 ejusdem
1427 770 1571 842 regis
1619 769 1748 824 titti-

293 862 468 918 latus.

228 996 243 1010 .
291 954 371 1012 De
419 952 648 1009 Tioerto
680 969 909 1025 ejusque
942 955 1103 1011 annis
1145 954 1302 1027 nigro
1333 953 1539 1017 colore,
1576 952 1752 1009 domi-

292 1045 437 1102 nicis
466 1053 652 1101 autem
687 1046 847 1100 annis
883 1046 1065 1101 mineo
1093 1044 1275 1099 colore
1300 1046 1400 1100 sub
1439 1044 1748 1099 consulibus

294 1147 350 1193 et
389 1136 566 1209 gestis
595 1136 834 1208 propriis
875 1137 1068 1193 ordine
1115 1136 1363 1207 predicto
1412 1134 1753 1204 uniuscujus-

294 1245 402 1303 que
442 1231 579 1285 anni
602 1244 774 1301 usque
804 1230 855 1285 in
885 1246 1089 1287 annum
1133 1246 1333 1285 nonum
1367 1230 1635 1287 decimum
1672 1228 1753 1283 in-

293 1323 669 1389 carnationis,
696 1321 903 1379 Tiberii
950 1338 1082 1386 vero
1137 1323 1377 1386 tertium,
1434 1322 1523 1377 ubi
1565 1320 1755 1391 incipit

297 1414 615 1471 incarnatio
632 1413 787 1486 juxta
809 1414 1059 1469 cronicas
1082 1413 1301 1469 Eusebii
1331 1422 1386 1467 et
1414 1410 1572 1466 Bedae
1597 1425 1753 1481 prcs-

296 1507 543 1579 speteri,
596 1516 651 1563 et
690 1519 863 1573 usque
904 1506 957 1561 in
1008 1521 1207 1560 annum
1260 1505 1609 1576 vigessimum
1649 1511 1757 1559 ter-

300 1599 435 1652 tium
489 1596 928 1661 incarnationis,
981 1596 1186 1652 Tiberii
1243 1610 1374 1650 vero
1421 1594 1752 1665 septimum,

1850 584 1937 639 11).

1852 680 1937 734 11.

1850 770 1938 825 ii.

1857 1144 1945 1201 15.

1857 1419 1943 1475 11.

1860 1597 1949 1655 15.

299 1688 388 1744 ubi
430 1687 630 1759 incipit
680 1688 983 1743 incarnalio
1032 1688 1330 1742 secundum
1377 1684 1707 1740 Dionissium
1734 1722 1751 1749 ,
1785 1671 1827 1729 Β

302 1794 423 1849 qua:
468 1778 603 1833 inde
635 1778 789 1847 nigro
838 1778 1019 1833 colore
1064 1776 1426 1832 conscribitur
1458 1775 1510 1829 in
1542 1790 1755 1846 marga-

303 1884 373 1924 no
395 1868 441 1901 ⁸⁰
464 1882 691 1939 semper
732 1869 832 1924 sub
862 1868 1090 1923 dextera
1132 1883 1314 1921 manu.
1341 1866 1511 1936 Reges
1537 1880 1755 1936 quoque

306 1962 359 2017 in
395 1962 592 2016 eadem
642 1962 1019 2016 incarnatione
1069 1959 1336 2031 inscripti,
1375 1961 1518 2014 sicut
1562 1972 1757 2013 secun-

305 2053 433 2108 dum
488 2052 714 2108 Eusebii
762 2050 1029 2122 Bedaique
1069 2052 1320 2107 cronicas
1369 2058 1755 2122 regnaverunt,

308 2145 563 2201 ordinate
585 2158 617 2199 e
645 2143 873 2214 regione
901 2142 969 2199 ad
1018 2157 1190 2197 annos
1227 2140 1470 2212 singulos
1503 2139 1758 2194 incarna-

309 2237 468 2292 tionis
495 2237 659 2308 juxta
698 2236 981 2293 historiam
1010 2235 1153 2291 sacri
1183 2232 1451 2306 evangelii
1500 2232 1555 2287 in
1607 2246 1753 2286 mar-

310 2344 445 2398 είδηο
499 2341 722 2396 semper
770 2325 870 2381 sub
923 2325 1145 2380 sinistra
1191 2339 1355 2379 manu
1386 2364 1400 2389 ,
1462 2330 1519 2379 et
1565 2330 1755 2377 contra

312 2418 586 2490 prcdictos
610 2417 829 2473 eosdem
856 2432 1014 2487 reges
1039 2416 1092 2470 in
1128 2414 1231 2470 hac
1258 2428 1474 2485 quoque
1501 2412 1758 2468 incarna-

313 2512 455 2567 tione
503 2510 818 2581 inscriptos,
874 2519 1014 2566 sicut
1064 2523 1193 2564 vere
1227 2514 1632 2579 regnaverunt,
1689 2502 1758 2559 ad

315 2602 713 2659 ostendendum
741 2601 787 2633 ⁸⁸
833 2604 1039 2657 erroris
1073 2600 1417 2655 cronicarum
1467 2612 1761 2654 annorum-

314 2711 414 2766 que
452 2693 855 2750 incarnationis
880 2692 1037 2763 juxta
1088 2691 1440 2754 Dionissium,
1496 2698 1553 2745 et
1587 2702 1760 2758 usque

315 2789 377 2841 ad
430 2802 639 2842 annum
679 2786 931 2856 quintum
961 2783 1231 2840 decimum
1273 2782 1487 2855 imperii
1530 2780 1756 2837 Tiberii.

316 2879 388 2936 De
434 2896 586 2936 amto
640 2880 832 2950 quinto
888 2879 1102 2935 decimo
1132 2877 1359 2941 Tiberii,
1401 2877 1469 2934 de
1511 2874 1761 2934 Johanne

318 2982 370 3027 et
397 2972 631 3028 Domino
678 2970 746 3026 ab
775 2985 843 3027 eo
880 2969 1172 3035 babtizato,
1204 2969 1499 3025 secundum
1530 2976 1762 3039 quatuor

320 3065 683 3136 cvangelizas,
723 3063 1026 3135 Augustino
1058 3072 1218 3128 teste,
1242 3063 1308 3119 de
1338 3061 1550 3137 jejunio
1583 3062 1630 3105 ⁵³
1661 3061 1761 3116 Do-

319 3158 446 3211 mini
476 3166 530 3213 et
556 3156 794 3211 victoria
841 3155 980 3226 ejus,
1023 3156 1088 3211 de
1130 3155 1379 3221 diabulo,
1429 3155 1495 3210 de
1527 3153 1769 3224 predica-

327 3250 466 3305 tione
511 3248 747 3313 Christi,
786 3255 842 3303 et
874 3247 1128 3319 passione
1175 3245 1442 3303 Johannis
1494 3244 1764 3300 liablistze.

325 3436 388 3490 de
401 3435 745 3491 ordinatione
764 3433 950 3490 Jacobi
970 3434 1129 3505 primi
1148 3432 1410 3504 episcopi,
1428 3433 1493 3487 de
1512 3432 1770 3502 passione

326 3528 495 3583 sancti
550 3527 837 3598 Stephani,
869 3535 926 3582 et
968 3525 1330 3582 conversione
1381 3525 1557 3579 sancti
1594 3523 1763 3593 Pauli,

328 3629 381 3674 et
422 3621 659 3677 adventu
682 3619 800 3689 ejus
830 3619 884 3673 in
911 3616 1276 3683 Hierusalem,
1298 3631 1525 3672 manens
1557 3616 1698 3685 apud
1723 3614 1769 3653 ⁸³

334 3722 578 3768 sanctum
624 3711 850 3767 Petrum
881 3710 1073 3766 diebus
1101 3708 1442 3780 quindecim,
1481 3715 1539 3763 et
1564 3706 1771 3778 reliqua

332 3819 496 3874 usque
525 3806 593 3861 ad
625 3803 931 3860 Claudium.

277 3936 289 3948 .
334 3896 401 3952 De
425 3897 672 3963 Claudio,
702 3898 767 3952 de
792 3897 933 3953 tame
961 3906 1018 3951 et
1041 3895 1294 3967 passione
1325 3893 1530 3952 Jacobii
1557 3894 1649 3950 lilii
1675 3894 1769 3952 Ζε-

335 3989 503 4052 bcdei.
560 3991 630 4045 de
684 4005 909 4045 carcere
961 3987 1133 4044 sancti
1179 3987 1365 4054 Petri,
1415 3988 1483 4044 de
1536 3990 1773 4043 secunda

339 4082 649 4137 ascensione
691 4082 865 4137 sancti
920 4079 1071 4137 Pauli
1136 4079 1190 4135 in
1246 4078 1581 4136 Hierusalem
1632 4095 1771 4136 anno

338 4191 525 4246 quarto
557 4179 771 4235 decimo
801 4177 1176 4234 conversionis
1204 4192 1316 4232 sua:
1367 4177 1596 4247 loquens
1649 4191 1773 4232 cum

340 4281 521 4325 sancto
569 4270 753 4335 Petro,
794 4270 862 4324 de
899 4269 1134 4323 adventu
1183 4269 1359 4322 sancti
1392 4267 1537 4322 Petri
1569 4267 1637 4322 ad
1666 4267 1776 4322 Ro-

343 4373 501 4427 mam,
529 4371 583 4417 et
614 4360 818 4432 reliqua
848 4376 1019 4431 usque
1048 4360 1115 4415 ad
1139 4358 1426 4416 Neronem.

253 4447 299 4502 ὃ.
342 4450 410 4506 De
439 4453 668 4521 Nerone,
699 4465 754 4511 et
798 4465 989 4510 sancto
1032 4452 1201 4509 Paulo
1236 4453 1420 4507 vincto
1447 4451 1512 4507 ad
1544 4453 1771 4509 Romam

347 4543 522 4612 misso,
569 4548 635 4603 de
680 4546 932 4618 passione
977 4544 1150 4600 sancti
1203 4542 1388 4603 Jacobi
1436 4542 1618 4598 fratris
1669 4544 1776 4600 Do-

348 4635 492 4703 mini,
539 4638 605 4693 de
639 4635 1045 4693 resurrextione
1074 4632 1275 4690 Christi
1326 4634 1381 4688 in
1429 4643 1622 4690 octavo
1669 4634 1775 4690 Ka—

350 4725 616 4783 lendarum
650 4727 918 4799 Aprilium
961 4726 1103 4781 sicut
1131 4724 1272 4779 Beda
1300 4733 1473 4794 putat,
1500 4724 1567 4779 de
1593 4723 1776 4783 Marco

348 4819 646 4890 evangeliza
698 4829 753 4876 et
785 4819 1035 4890 passione
1076 4814 1224 4883 ejus,
1261 4815 1328 4870 de
1371 4815 1621 4885 passione
1673 4814 1773 4874 Pe-

355 4912 415 4965 tri
437 4923 490 4968 et
510 4913 684 4976 Pauli,
716 4913 781 4967 de
808 4911 1086 4968 Clemente
1123 4923 1259 4979 papa
1292 4916 1346 4964 et
1376 4906 1631 4964 decretali
1662 4911 1775 4981 cpi.

360 5004 484 5059 stola
519 5005 634 5073 ejus
677 5007 743 5060 ad
793 5014 1044 5062 sanctum
1077 4999 1341 5054 Jacobum
1398 5000 1620 5055 fratrem
1670 5001 1779 5061 Do.

360 5095 498 5161 miui,
528 5100 593 5152 de
626 5096 926 5153 martiribus
979 5090 1085 5147 sub
1118 5088 1330 5147 Nerone
1380 5090 1580 5163 passis,
1618 5099 1675 5147 et
1710 5098 1784 5157 de

360 5201 515 5244 morte
544 5189 779 5246 Neronis.

266 5282 313 5326 ’7.
359 5281 422 5326 De
452 5281 609 5326 f‘mllm
644 5284 906 5326 incinamm
968 5279 1182 5326 mnerin
1210 5288 1264 5326 nl
1294 5293 1485 5326 mnrtn-

1858 1871 1944 1928 16.

1861 2238 1946 2294 17.

1862 2416 1947 2476 18.

1862 2606 1951 2662 19.

1861 2786 1952 2843 20.

1861 2882 1951 2937 21.

1788 3021 1833 3085 (³
1868 3067 1959 3127 22.

1868 3159 1961 3217 25.

1870 3616 1962 3672 26.

1871 3800 1962 3855 27.

1873 3981 1964 4037 28.

1804 4385 1852 4445 D
1875 4354 1964 4410 29.

3320 186 3458 251 651)-

1988 307 2064 363 De
2090 306 2302 364 Othone
2331 314 2387 363 et
2416 307 2532 378 ejus
2566 304 2797 376 imperio
2831 312 2886 362 et
2925 311 3118 361 morte.

1988 399 2061 454 De
2092 400 2342 465 Vitellio,
2367 399 2432 454 de
2458 397 2688 469 imperio
2708 397 2965 469 obimqne
2994 396 3256 467 ejusdem,
3291 408 3432 458 teste

1988 489 2223 561 Joscpho
2255 500 2383 546 tunc
2404 498 2680 561 presente.

1991 584 2063 639 De
2092 583 2425 656 Vespasiano
2452 586 2531 649 “,
2573 596 2628 639 et
2658 584 3025 640 destructione
3069 582 3427 640 Hierusalem.

1988 679 2063 733 De.
2094 677 2218 734 Tito
2249 687 2304 733 et
2340 678 2655 734 consulibus
2698 677 2972 748 gestisque
3018 676 3120 731 sub
3150 677 3284 747 ipso.

1992 771 2066 824 De
2113 770 2422 825 Domitiano
2470 770 2816 839 imperatore,
2848 769 2918 822 de
2948 767 3177 822 Ant-leto
3211 782 3348 838 papa
3378 776 3453 821 et.

1993 863 2358 921 decretalibus
2404 862 2649 933 epistolis
2679 862 2816 933 ejus,
2847 862 2912 917 de
2958 869 3149 917 sancto
3190 859 3436 917 Johanne

1993 957 2046 1011 in
2083 954 2342 1012 ferventis
2380 953 2486 1010 olei
2533 953 2733 1010 dolium
2779 953 2947 1009 misso
2987 965 3042 1008 et
3097 951 3323 1021 religato
3380 950 3435 1006 in

1991 1049 2281 1104 Pathmum
2324 1045 2577 1112 insulam,
2610 1045 2699 1101 ubi
2736 1045 3089 1117 apocalipsim
3115 1043 3272 1099 vidit.

2006 1143 2079 1197 De
2110 1140 2283 1197 Nerva
2337 1139 2706 1211 imperatore,
2774 1137 2842 1192 de
2892 1135 3208 1193 reversione
3261 1134 3459 1191 sancti:

1993 1236 2257 1293 Johannis
2308 1234 2362 1289 in
2420 1232 2691 1303 Ephesum
2739 1228 3004 1287 scribiens
3050 1227 3351 1300 cugelium,
3382 1235 3457 1290 et.

1995 1330 2062 1383 de
2092 1320 2428 1380 martiribus.

1994 1417 2068 1472 De
2107 1416 2345 1471 Traiano
2384 1414 2752 1484 imperatore,
2801 1409 2867 1465 de
2895 1408 3219 1465 dormitione
3264 1409 3440 1464 sancti

1996 1506 2283 1571 Johannis,
2310 1514 2367 1560 et
2399 1505 2466 1560 de
2497 1501 2834 1559 martiribus.

2000 1599 2076 1654 De
2102 1597 2341 1652 Adriano
2373 1596 2733 1665 imperatore,
2766 1593 2836 1648 de
2881 1590 3035 1647 Sixto
3068 1606 3201 1662 papa
3250 1599 3307 1647 et
3338 1590 3444 1646 ‘de-r

1995 1698 2147 1748 creto
2184 1690 2301 1762 ejus
2338 1688 2390 1743 in
2422 1687 2611 1753 missa,
2643 1687 2708 1742 de
2755 1682 3070 1741 Thelesforo
3097 1696 3229 1755 papa
3259 1692 3317 1739 et
3358 1683 3447 1738 de-

2000 1791 2150 1838 creto
2180 1782 2316 1850 ejus,
2341 1788 2395 1834 et
2422 1778 2488 1833 de
2518 1776 2858 1832 martiribus.

1999 1870 2075 1927 De
2121 1868 2395 1924 Antonino
2442 1867 2810 1937 imperatore,
2840 1873 2894 1922 et
2930 1867 2996 1921 de
3033 1864 3184 1937 lgino
3218 1878 3355 1935 papa
3391 1870 3450 1917 et
3549 1866 3562 1875 '

1999 1962 2221 2018 decreto
2258 1960 2397 2030 ejus,
2440 1960 2506 2015 de
2537 1959 2632 2015 Pio
2673 1973 2835 2030 papa,
2859 1965 2914 2012 et
2953 1957 3020 2012 de
3058 1964 3317 2026 precepto
3346 1970 3448 2008 au-

2000 2051 2173 2125 gelico
2222 2053 2288 2108 de
2338 2051 2562 2123 pascha,
2594 2049 2661 2106 de
2708 2049 2938 2106 Aniceto
2978 2061 3115 2119 papa
3147 2056 3205 2103 et
3230 2048 3458 2102 decreto

1999 2143 2138 2213 ejus.

1999 2237 2076 2292 De
2118 2236 2299 2292 Marco
2340 2235 2693 2305 imperatore,
2726 2232 2795 2288 de
2822 2229 3060 2288 Sothero
3090 2243 3229 2301 papa
3258 2238 3315 2285 et
3358 2227 3452 2283 dc-

2001 2337 2153 2383 crcto
2183 2327 2298 2396 ejus
2321 2336 2377 2381 et
2411 2327 2476 2380 de
2510 2324 2847 2379 ntartiribns.

1999 2420 2072 2474 De
2116 2417 2413 2475 Commodo
2458 2416 2805 2487 imperatore,
2842 2414 2910 2469 de
2956 2413 3175 2468 Victore
3211 2426 3350 2482 papa
3395 2418 3454 2464 et

2002 2510 2223 2565 decreto
2248 2506 2393 2577 ejus,
2421 2516 2476 2562 et
2508 2506 2576 2561 tle
2604 2506 2833 2576 pascha.

2008 2605 2083 2660 De
2133 2603 2289 2660 lielio
2323 2604 2656 2672 imperatore
2684 2605 2739 2654 et
2764 2597 2833 2653 de
2859 2595 3175 2653 consulibus
3201 2601 3259 2649 et
3287 2589 3454 2665 gestis

2004 2696 2105 2751 sub
2146 2697 2283 2765 ipso.

2006 2786 2082 2842 De
2112 2785 2331 2841 Juliano
2362 2783 2715 2853 imperatore,
2746 2788 2887 2835 teste
2914 2775 3129 2833 Oresio.

2011 2881 2087 2936 De
2115 2880 2319 2934 Severo
2359 2876 2690 2946 imperatore
2714 2913 2729 2940 ,
2777 2871 2844 2927 de
2881 2866 3185 2939 Zepherino
3226 2878 3365 2936 papa
3399 2871 3456 2919 ct

2007 2974 2225 3027 decreto
2256 2967 2393 3038 ejus.

2012 3066 2087 3119 De
2133 3059 2376 3118 Carcalla
2403 3048 2808 3126 Mlimperatore
2832 3061 2882 3109 et
2917 3051 3135 3108 nomine
3170 3049 3288 3119 ejus

2013 3156 2091 3212 De
2112 3154 2353 3211 Macrino
2387 3151 2747 3221 imperatore,
2776 3146 2844 3201 de
2867 3144 3068 3201 Calisto
3105 3156 3244 3213 papa
3277 3147 3336 3194 et
3361 3136 3465 3192 de»

2012 3257 2165 3305 creto
2194 3246 2331 3316 ejus.

2008 3342 2085 3399 De
2118 3341 2300 3397 Marco
2337 3336 2558 3395 Aurelio
2589 3336 2943 3407 imperatore.

2016 3435 2091 3490 De
2129 3431 2355 3488 Aurelio
2383 3427 2698 3489 Alexandro
2740 3425 3099 3494 imperatore,
3127 3417 3195 3472 de
3240 3414 3475 3472 Urbano.

2013 3539 2148 3596 papa
2180 3532 2235 3579 et
2256 3523 2477 3577 decreto
2502 3518 2641 3591 ejus,
2678 3523 2733 3571 et
2763 3515 2830 3570 dc
2856 3509 3194 3569 martiribus.

2014 3616 2091 3671 De
2139 3614 2432 3668 Maximino
2478 3610 2838 3678 imperatore,
2883 3605 2950 3660 de
2974 3604 3199 3658 Antoren
3220 3612 3360 3669 papa
3407 3605 3476 3656 et.

2014 3706 2232 3763 decreto
2263 3703 2399 3774 ejus,
2430 3701 2498 3756 de
2538 3692 2779 3753 Fabiano
2803 3708 2939 3766 papa
2977 3700 3033 3747 et
3063 3692 3286 3747 decreto
3320 3687 3459 3757 ejus.

2014 3797 2089 3853 De
2114 3793 2387 3850 Gordiano
2414 3789 2762 3860 imperatore,
2790 3784 2856 3840 de
2877 3779 3192 3840 consulibus
3216 3786 3275 3834 et
3294 3779 3463 3849 gestis

2017 3889 2118 3943 sub
2145 3901 2232 3941 eo.

2018 3980 2093 4034 De
2160 3976 2448 4047 Philippbo
2505 3972 2742 4043 primum
2811 3966 3139 4035 imperatore
3205 3958 3466 4016 credente

2018 4070 2258 4135 Christo,
2290 4069 2357 4124 de
2396 4080 2542 4121 anno
2584 4053 3271 4118 millessimo‘eonditionis
3310 4052 3467 4107 urbis

2016 4166 2205 4223 Roma:
2236 4161 2336 4219 sub
2363 4162 2479 4231 ipso
2508 4155 2792 4228 completo,
2820 4160 2958 4208 teste
2988 4162 3148 4204 omne
3180 4144 3458 4211 historico,

2019 4258 2087 4315 de
2111 4257 2333 4314 decreto
2364 4250 2590 4311 Fabiani
2625 4261 2795 4320 papae.

2018 4354 2095 4408 De
2132 4351 2297 4406 Decio
2326 4348 2673 4417 imperatore,
2704 4343 2770 4397 de
2812 4336 3065 4395 Cornelio
3099 4347 3236 4406 papa
3282 4338 3337 4386 et
3364 4330 3461 4386 de-

2024 4454 2174 4499 creto
2203 4451 2260 4497 et
2291 4440 2541 4514 passione
2582 4435 2720 4505 ejus,
2751 4441 2806 4487 et
2831 4434 2898 4488 de
2928 4426 3262 4485 martiribus.

1880 4539 1971 4599 '50.
2025 4539 2100 4593 De
2144 4534 2299 4603 Gallo
2328 4542 2384 4589 et
2414 4529 2709 4586 Volusiano
2736 4520 3177 4597 imperatoribus,
3206 4514 3469 4586 deLucio

1881 4724 1973 4781 5|.

2025 4644 2163 4699 papa
2208 4635 2265 4682 et
2291 4625 2511 4679 decreto
2544 4618 2663 4690 ejus
2686 4625 2740 4672 et
2769 4612 3020 4687 passidne
3048 4607 3183 4677 ejus.

2030 4721 2107 4776 De
2132 4716 2398 4773 Emiliauo
2435 4713 2767 4785 imperatore
2796 4708 2958 4762 trium
2998 4699 3285 4756 mensium.

1881 4817 1975 4877 52.
2028 4813 2101 4867 De
2146 4808 2436 4863 Valeriano
2484 4815 2541 4860 et
2582 4798 2835 4857 Gallieno
2890 4788 3346 4877 imperatoribus,
3405 4787 3475 4842 de

2033 4902 2307 4972 Stephano
2350 4910 2485 4969 papa
2513 4903 2570 4950 et
2606 4892 2845 4948 decreto‘
2873 4902 2933 4947 :et
2977 4882 3230 4953 passione
3261 4875 3383 4946 ejus
3420 4886 3479 4934 et

2035 4970 2204 5049 sancti
2231 4987 2508 5047 Laurentii
2539 4996 2663 5039 cum
2707 4981 2870 5041 aliis.
2895 4977 2961 5031 de
2998 4970 3234 5026 liionisio
3260 4982 3401 5039 papa
3426 4977 3482 5023 et

2039 5086 2255 5141 decreto
2279 5081 2414 5149 ejus,
2440 5087 2499 5135 et
2528 5077 2597 5131 de
2618 5074 2978 5131 martiribus.

1875 5188 1975 5251 55.
2032 5180 2106 5235 De
2134 5175 2358 5233 Claudio
2403 5172 2733 5242 imperatore
2769 5206 2792 5229 ,
2851 5172 2907 5219 ct
2954 5149 3223 5251 dei-Felici
3266 5163 3405 5220 papa
3432 5154 3487 5203 et

2033 5273 2251 5326 decreto
2273 5269 2408 5326 eius.
2435 5276 2491 5318 et
2522 5259 2588 5317 di:
2616 5258 2968 5314 marlcribus
3005 5244 3049 5276 ⁸⁸
