3926 5326
533 200 629 257 631

526 494 618 550 55.

522 676 613 733 56.

516 864 607 920 57.

476 1014 481 1019 ,
514 959 603 1014 58.

513 1142 601 1198 39.

511 1330 601 1388 ιο.

506 1607 598 1665 Η.
638 1606 716 1662 De
759 1603 978 1705 Galerio
1018 1604 1361 1705 imperatore,
1408 1610 1465 1705 et
1491 1602 1557 1659 de
1583 1600 1832 1658 Milciade
1860 1616 1998 1675 papa
2026 1611 2081 1657 et
2111 1644 2161 1705 Β

507 1785 597 1843 η.

507 2429 598 2487 £5.

493 3151 583 3210 Η.

493 3517 587 3578 45.

491 3699 583 3758 46.

490 3883 582 3942 67.

488 4071 580 4127 ιε.

487 4248 578 4309 49.

489 4432 579 4488 50.

1868 140 2151 243 manus:
2192 187 2434 248 SCOTTI

529 312 619 367 54.
674 310 749 364 De
791 305 1050 377 Quintilio
1097 303 1419 374 imperatore
1474 302 1532 356 l7
1569 301 1800 368 dierum,
1834 300 1899 356 de
1942 300 2065 355 Euti
2121 306 2175 364 Α

668 400 866 456 cbiano
896 406 950 455 et
986 398 1205 453 decreto
1232 394 1372 465 ejus.

656 493 731 548 De
761 493 884 547 Aur.
902 491 1042 545 liano
1071 487 1414 559 imperatore,
1446 492 1499 539 et
1531 486 1667 540 Gaio
1692 497 1827 556 papa
1871 491 1927 539 et
1954 497 2070 538 mar
2170 544 2177 549 ,

653 583 878 640 teribus.

653 676 730 730 De
777 672 964 729 Tacito
1011 671 1334 742 imperatore
1380 676 1435 724 et
1482 667 1794 725 consulibus
1835 676 1890 724 et
1932 675 2095 738 gestis

653 768 753 825 sub
780 780 866 820 eo.

648 861 722 917 De
745 858 998 917 Floriano
1022 856 1346 927 imperatore
1376 854 1668 925 nonaginta
1699 853 1929 908 dierum.

644 959 721 1014 De
770 953 950 1011 Probo
999 952 1324 1024 imperatore
1369 956 1420 1005 et
1475 947 1785 1005 consulibus
1829 956 1884 1002 et
1924 947 2091 1018 gestis
2162 1008 2169 1013 θ

646 1049 746 1104 sub
767 1062 855 1104 co.

638 1107 715 1196 De
741 1139 880 1195 Caro
894 1146 950 1193 et
974 1136 1170 1193 Carino
1196 1132 1607 1206 imperatoribus
1628 1140 1681 1190 et
1702 1131 2012 1188 consulibus
2036 1141 2091 1189 et

642 1231 811 1304 gestis
839 1229 941 1288 sub
970 1229 1073 1285 eis.

642 1329 718 1384 De
774 1326 1105 1383 Diocletiano
1160 1324 1507 1395 imperatore,
1558 1323 1623 1379 de
1668 1321 1800 1380 Gaio
1847 1337 1985 1393 papa
2033 1333 2089 1378 et

640 1420 860 1477 decreto
884 1419 1021 1491 ejus,
1062 1417 1129 1472 de
1157 1415 1464 1472 Marcellino
1488 1431 1625 1488 papa
1662 1424 1823 1487 atque
1850 1416 1915 1472 de
1944 1414 2087 1473 Mar-

640 1514 776 1570 cello
800 1527 939 1583 papa
968 1518 1021 1567 et
1047 1510 1264 1568 decreto
1293 1509 1426 1578 ejus.

636 1696 856 1750 decreto
879 1693 1013 1765 ejus.
1039 1701 1092 1748 et
1116 1693 1183 1749 de
1208 1692 1553 1763 inarteribus.

633 1886 690 1934 et
717 1876 934 1933 decreto
955 1873 1090 1947 ejus,
1114 1876 1180 1931 de
1207 1874 1411 1932 Niceno
1432 1876 1662 1933 concilio
1687 1887 1741 1931 et
1776 1875 1882 1932 ﬁde
1905 1877 2088 1933 catho~

638 1967 740 2023 lica
773 1968 826 2025 in
870 1978 1108 2038 tempore
1136 1966 1386 2033 istorum,
1427 1969 1492 2023 de
1521 1968 1805 2024 Theodoro
1833 1969 2085 2039 episcopo
2154 2014 2159 2018 .

635 2059 905 2118 scribente
931 2059 1350 2115 ecclesiasticam
1382 2060 1687 2127 historiam,
1739 2062 1805 2117 de
1844 2077 2006 2118 cruce
2030 2070 2087 2118 ct
2156 2116 2163 2125 ,

634 2150 704 2207 de
752 2159 929 2209 morte
974 2150 1098 2205 Arri
1148 2151 1395 2218 heretici,
1442 2151 1508 2208 de
1552 2152 1775 2223 cpistola
1824 2152 2084 2208 Athanasi
2154 2196 2157 2199 μ

639 2242 876 2313 episcopi
916 2243 983 2298 ad
1014 2240 1250 2297 Marcum
1295 2257 1490 2312 papam
1537 2253 1592 2299 et
1638 2244 1704 2299 de
1733 2244 2085 2315 rescriptione

645 2335 811 2397 Marci
846 2336 914 2392 ad
945 2335 1320 2402 Athanasium,
1363 2345 1419 2392 et
1446 2338 1513 2393 de
1541 2337 1692 2394 obitu
1722 2337 2080 2395 Constantini.

640 2429 716 2486 De
744 2429 1101 2488 Constantino
1129 2436 1184 2485 et
1228 2428 1543 2486 Constantio
1572 2439 1626 2486 et
1651 2430 1944 2489 Constante
1982 2434 2084 2489 im-

636 2519 1087 2591 peratoribus,.et
1117 2519 1184 2574 de
1214 2520 1523 2578 testimonio
1562 2523 1738 2579 sancti
1778 2522 1880 2580 Juli
1906 2539 2078 2596 papae,

634 2609 701 2667 de
730 2624 874 2669 anno
921 2618 1118 2680 quarto
1160 2623 1348 2667 eorum
1381 2610 1676 2668 indictione
1702 2622 1876 2680 sexta,
1917 2626 1972 2670 et
2016 2616 2082 2672 de

634 2709 811 2757 morte
875 2699 1075 2756 Antoni
1141 2700 1434 2769 monachi,
1491 2703 1556 2758 de
1617 2704 1791 2760 sacris
1841 2705 2082 2776 reliquiis

632 2791 803 2848 sancti
837 2790 1101 2847 Timothei
1149 2799 1203 2847 et
1232 2792 1403 2848 sancti
1448 2792 1675 2849 Andreae
1720 2795 2079 2863 apostolorum

628 2890 683 2937 et
737 2883 907 2938 sancti
961 2882 1287 2952 evangelizae
1348 2882 1507 2939 Lucae
1559 2883 2079 2954 Constantinopolim

2196 578 2282 633 52.

2187 1305 2276 1362 55.

2187 1672 2275 1729 54.

641 1786 717 1842 De
754 1784 1108 1843 Constantino
1139 1784 1487 1854 imperatore,
1532 1784 1599 1840 de
1645 1784 1908 1842 Silvestre
1947 1799 2085 1855 papa
2158 1830 2163 1835 .

641 1886 686 1915 nl
717 1876 934 1915 daoraln
955 1873 1068 1915 pina
1114 1876 1179 1915 {In
1207 1874 1411 1915 Ninpnn
1432 1876 1662 1915 nnrmilin
1687 1887 1741 1915 nl
1778 1875 1882 1915 ﬁda
1905 1877 2088 1915 nalhn.

2186 2042 2275 2100 56.

2161 2288 2165 2292 .
2184 2231 2274 2290 57.

2183 2418 2272 2475 58.

2182 2598 2272 2655 59.

627 2970 880 3039 invectis,
907 2972 974 3026 de
1012 2972 1163 3027 obitu
1191 2971 1555 3040 Constantini,
1579 2974 1875 3033 secundum
1904 2975 2078 3031 Theo-
2104 2986 2149 3048 ο
2182 2964 2269 3019 60-

626 3062 817 3119 dorum
852 3061 1165 3132 episcopum
1197 3064 1521 3132 predictum.

622 3150 699 3207 De
732 3150 945 3207 Iuliano
984 3153 1328 3223 imperatore,
1371 3153 1438 3209 de
1466 3154 1661 3225 templo
1693 3155 2075 3213 llierusolimis

626 3242 797 3313 ipsius
825 3252 1082 3314 precepto
1115 3244 1169 3299 in
1197 3244 1377 3300 odium
1402 3244 1606 3301 Christi
1645 3259 1989 3311 constructo.
2024 3262 2078 3306 et

626 3334 693 3390 de
737 3334 1012 3401 miraculis
1057 3334 1204 3400 inde,
1252 3335 1320 3392 de
1346 3335 1675 3394 misserrima
1722 3350 1893 3399 morte
1938 3341 2074 3414 ejus,

628 3435 764 3482 teste
792 3425 1076 3482 Theodoro
1103 3426 1375 3497 episcopo.
1444 3470 1449 3481 .

624 3517 702 3573 De
726 3516 955 3573 Joviano
983 3512 1027 3548 ⁸⁷
1058 3516 1386 3587 imperatore
1428 3526 1484 3575 et
1529 3519 1679 3576 obitu
1721 3519 1861 3590 ejus,
1905 3523 2076 3581 Theo.

627 3608 763 3667 doro
786 3608 1038 3679 episcopo
1064 3606 1226 3681 [teste
1246 3607 1337 3681 "].

622 3699 699 3757 De
724 3698 1100 3757 Valentiniano
1125 3701 1475 3771 imperatore,
1501 3703 1567 3759 de
1595 3707 1894 3771 monachis,
1927 3719 1981 3763 et
2008 3710 2074 3765 de

622 3791 773 3851 obitu
801 3790 1186 3859 Valentiniani,
1220 3801 1355 3850 teste
1396 3793 1680 3852 Theodoro
1726 3799 1998 3871 episcopo.

620 3885 697 3942 De
726 3884 955 3941 Valente
983 3884 1315 3958 imperatore
1363 3895 1419 3944 et
1463 3889 1779 3949 consulibus
1815 3901 1871 3950 et
1908 3895 2071 3967 gestis

622 3978 723 4033 sub
752 3992 836 4035 eo.
1084 3996 1085 3999 ‘
1462 4036 1463 4043 η

619 4069 697 4125 De
726 4068 988 4128 Gratiano
1021 4072 1351 4144 imperatore
1395 4082 1452 4131 et
1489 4076 1801 4136 consulibus
1822 4090 1879 4136 et
1905 4083 2071 4152 gestis

621 4160 721 4216 sub
751 4160 890 4231 ipso.

618 4249 697 4306 De
724 4250 1029 4308 Theodosio
1076 4252 1405 4323 imperatore
1451 4263 1507 4312 et
1558 4257 1710 4316 obitu
1757 4260 1888 4330 ejus,
1935 4272 2069 4322 teste

622 4341 908 4399 Theodoro
933 4343 1207 4414 episcopo.

619 4433 693 4488 De
720 4432 955 4489 Arcadio
983 4433 1308 4505 imperatore
1334 4437 1399 4495 ".

489 4520 578 4579 5t.
620 4521 699 4579 De
741 4520 981 4578 Honorio
1006 4522 1352 4594 imperatore,
1396 4534 1451 4582 et
1495 4528 1804 4590 testimonio
1841 4534 2066 4595 Luciani
2138 4534 2262 4607 v61.

621 4612 857 4668 viventis
907 4620 1058 4680 tunc,
1108 4613 1178 4670 de
1228 4631 1372 4677 anno
1422 4619 1652 4689 septimo
1700 4617 1943 4692 Honorii,
1999 4632 2066 4687 de

619 4702 931 4763 testimonio
984 4703 1343 4762 Paschassimi
1412 4709 1653 4782 episcopi
1704 4717 1771 4769 ad
1815 4728 2062 4776 sanctum

617 4806 811 4863 papam
828 4791 1088 4865 Leonem,
1116 4795 1182 4851 de
1209 4796 1519 4856 consulibus
1545 4810 1601 4858 et
1628 4804 1829 4872 pascha
1873 4817 1930 4863 et
1959 4812 2063 4865 mi-

618 4887 805 4944 raculo
834 4887 887 4943 in
919 4889 1118 4958 pascha
1143 4905 1283 4947 anno
1311 4907 1453 4948 nono
1481 4893 1703 4952 Honorii
1729 4899 1828 4954 sub
1851 4902 2066 4962 Zosimo

614 4994 773 5051 papa,
811 4981 879 5041 de
912 4980 1182 5045 Celestino
1232 4999 1367 5059 papa
1413 4994 1470 5043 et
1510 4988 1726 5047 decreto
1757 4992 1875 5062 ejus
1906 4995 1973 5048 °°.
2006 4996 2065 5051 ln
2142 5054 2143 5057 η

2141 4692 2145 4697 ,
2172 4628 2260 4683 ea.

2173 4719 2260 4776 65.

3652 204 3775 261 οϐΰε

2329 304 2414 359 his
2442 292 2773 377 temporibus
2792 316 3011 365 sanctus
3045 309 3316 368 Patricius
3342 312 3576 383 refulget
3611 315 3775 371 virtu.

2330 395 2472 452 tibus
2504 398 2555 453 in
2587 397 2866 456 Hibernia.
2906 400 3262 459 Sanctissima
3292 405 3452 476 virgo
3495 407 3700 478 Brigita
3726 410 3772 464 in

2325 484 2580 543 Hibernia
2606 490 2941 547 mirabilibus
2970 492 3126 550 ludit.

2326 580 2400 635 De
2427 581 2756 639 Theodossio
2794 584 3138 660 imperatore,
3187 588 3253 643 de
3273 589 3489 660 pascha
3524 591 3656 645 anni
3698 592 3771 645 vi-

2326 672 2541 743 gessimi
2572 674 2730 744 primi
2776 676 2914 746 ejus,
2961 677 3026 731 de
3055 678 3280 748 epistola
3324 678 3639 733 Pascassiui
3670 681 3771 748 epi-

2322 762 2472 831 scopi
2524 768 2590 818 ad
2628 779 2820 834 papam
2851 766 3083 821 Leonem
3110 809 3127 832 ,
3180 769 3247 823 de
3295 770 3497 838 pascha
3537 769 3766 839 ejusdem

2318 853 2444 905 anni
2476 892 2492 918 ,
2537 862 2593 907 et
2660 856 2725 909 de
2775 857 3087 911 consulibus
3143 859 3269 912 anni
3328 860 3515 928 quarti
3579 861 3764 912 decimi

2320 941 2658 1011 Theodosii,
2706 961 2876 1015 usque
2915 948 2982 1002 ad
3041 947 3373 1005 Marcianum
3422 934 3492 1001 '7‘.
3541 949 3765 1005 Cronica

2320 1031 2537 1089 Eusebii
2591 1035 2675 1090 vel
2739 1035 2897 1092 Bedte
2962 1039 3344 1093 contradicunt
3408 1021 3763 1094 incarnationi

2314 1125 2606 1180 secundum
2654 1126 2934 1182 historiam
2986 1129 3159 1184 sancti
3210 1130 3521 1200 evangelii,
3579 1130 3762 1187 deinde

2315 1217 2676 1271 consentiunt.
3202 1226 3203 1229 ‘

2319 1307 2395 1361 De
2446 1307 2721 1363 Marciano
2782 1309 3129 1378 imperatore,
3182 1313 3249 1367 de
3302 1312 3663 1376 consulibus,
3715 1323 3762 1366 et

2310 1399 2508 1470 pascha
2555 1402 2679 1456 anni
2719 1404 2898 1471 quarti
2925 1415 2977 1457 ct
3000 1405 3170 1474 quinti
3211 1415 3267 1461 et
3306 1405 3445 1460 sexti
3473 1405 3750 1465 Marciani,

2322 1500 2459 1550 teste
2501 1505 2687 1552 sancto
2736 1511 2876 1568 papa
2921 1496 3123 1563 Leone,
3168 1508 3223 1554 ct
3271 1500 3598 1570 predatione
3628 1500 3760 1555 urbis

2318 1581 2524 1640 Romae.

2316 1673 2391 1730 De
2417 1674 2597 1732 Leone
2626 1676 2951 1747 imperatore
2973 1686 3027 1733 et
3054 1679 3369 1736 consulibus
3395 1689 3450 1736 et
3478 1681 3648 1751 gestis
3672 1682 3759 1737 sub

2318 1768 2450 1839 ipso.

2315 1860 2392 1916 De
2417 1860 2596 1918 Leone
2616 1860 2833 1932 juniore
2863 1864 3207 1935 imperatore,
3234 1871 3370 1920 teste
3398 1865 3641 1921 Jordane
3661 1866 3757 1934 epi-

2316 1968 2481 2025 scopo
2506 1955 2600 2025 qui
2634 1966 2761 2012 tunc
2788 1957 3062 2013 cronicam
3090 1960 3447 2028 compossuit.

2315 2043 2391 2099 De
2446 2044 2722 2104 Stennone
2751 2049 3076 2118 imperatore
3109 2057 3163 2104 et
3199 2048 3513 2106 consulibus
3534 2058 3587 2103 et
3609 2050 3757 2120 gestis

2314 2134 2415 2190 sub
2443 2152 2528 2192 eo.

2315 2231 2392 2285 De
2418 2230 2705 2289 Anastasio
2731 2234 3057 2305 imperatore
3086 2234 3398 2293 consulibus
3432 2244 3490 2292 et
3521 2237 3685 2307 gestis
3707 2244 3753 2291 et

2278 2376 2279 2379 η
2312 2324 2487 2396 papis.

2312 2417 2389 2473 De
2413 2417 2625 2476 Justino
2654 2418 2999 2491 imperatore,
3031 2429 3085 2479 et
3113 2421 3426 2479 consulibus
3445 2432 3503 2479 et
3529 2425 3689 2495 gestis
3708 2432 3752 2478 et

2312 2510 2485 2581 papis.

2313 2601 2388 2655 De
2415 2600 2719 2659 Justiniano
2748 2603 3074 2674 imperatore
3102 2605 3367 2674 annisque
3388 2604 3630 2675 quinque
3651 2604 3751 2674 eius

2310 2694 2412 2747 sub
2441 2694 2767 2758 consulibus,
2798 2704 2853 2748 et
2900 2695 3066 2764 gestis
3094 2710 3264 2764 usque
3294 2696 3361 2750 ad
3398 2696 3597 2751 cit-lum
3645 2696 3753 2751 Dio-

2312 2784 2467 2848 nissi,
2509 2783 2561 2840 id
2590 2793 2674 2839 est
2721 2784 2785 2839 ad
2816 2794 3026 2840 sextum
3069 2800 3270 2840 annum
3307 2786 3350 2817 ⁶²
3394 2785 3562 2855 hujus
3600 2787 3747 2841 Justi-

2310 2873 2480 2941 niani,
2525 2884 2659 2931 teste
2686 2876 2851 2931 Beda.

2311 2965 2387 3021 De
2431 2977 2585 3023 sexto
2630 2983 2773 3024 anno
2796 2967 3109 3035 Iustiniani,
3154 2978 3209 3025 et
3253 2970 3569 3026 testimonio
3613 2969 3748 3023 Beda:

2302 3057 2458 3127 juxta
2490 3059 2701 3115 Eusebii
2744 3068 2800 3114 et
2822 3077 2975 3117 suam
3005 3062 3305 3126 cronicam,
3331 3062 3479 3131 quod
3525 3070 3613 3116 est
3654 3062 3750 3129 ipse

2306 3153 2446 3207 idem
2477 3169 2650 3209 annus
2673 3152 3087 3209 ducentissimus
3119 3154 3599 3222 quadt'agcssimus
3622 3162 3748 3205 octa-

2301 3259 2400 3297 vus
2464 3243 2778 3301 Diocletiani
2839 3245 3221 3315 imperatoris,
3269 3244 3336 3298 de
3382 3245 3746 3317 supputatione

2306 3335 2531 3390 istorum
2555 3338 2906 3391 ducentorum
2930 3335 3282 3405 quadraginta
3310 3343 3435 3390 octo
3468 3333 3745 3405 annorum.

2305 3442 2370 3483 ex
2425 3429 2541 3496 ipso
2577 3427 2767 3482 eodem
2802 3443 2943 3483 anno
2975 3437 3129 3482 sexto
3159 3426 3453 3481 Justiuiani
3480 3468 3496 3491 ,
3540 3428 3645 3481 hoc
3678 3436 3744 3477 est

2301 3518 2477 3587 primo
2529 3534 2671 3575 anno
2711 3518 2967 3574 ciclorum
3015 3517 3268 3583 Dionissi,
3315 3534 3345 3572 a
3391 3519 3552 3574 nobis
3601 3532 3742 3586 supra

2303 3624 2493 3666 versus
2536 3626 2706 3680 usque
2754 3611 2821 3666 ad
2872 3611 3263 3667 Diocletianum
3304 3610 3460 3680 juxta
3512 3614 3744 3667 cronicas

2299 3701 2571 3771 prodictas
2597 3701 2811 3758 Eusebii
2859 3711 2914 3758 et
2943 3703 3120 3768 Bedae,
3153 3713 3315 3772 atque
3362 3717 3393 3756 a
3426 3704 3743 3759 Diocletiano

2299 3794 2492 3849 iterum
2538 3803 2835 3851 retrorsum
2880 3811 3051 3866 usque
3098 3795 3151 3849 in
3194 3811 3390 3850 annum
3441 3798 3739 3868 praedictum

2302 3894 2514 3943 sextum
2543 3885 2829 3944 Justiniani
2876 3868 3168 3943 secundum
3220 3887 3595 3941 testiinonium
3626 3885 3743 3943 scri-

2300 3988 2474 4051 pturae
2522 3989 2576 4036 et
2624 3995 2886 4054 paparum
2950 3990 3005 4038 et
3067 3980 3442 4050 episcoporum
3492 3981 3587 4049 qui
3634 3989 3742 4033 tunc

2298 4074 2598 4141 vixerunt,
2673 4074 2762 4129 ubi
2818 4083 3020 4144 septem
3084 4073 3209 4127 anni
3268 4073 3621 4129 inveniuntur
3663 4073 3740 4141 qui

2305 4167 2500 4225 desunt
2554 4169 2607 4222 in
2671 4168 2931 4239 predictis
2987 4167 3219 4223 cronicis
3276 4182 3374 4236 per
3424 4176 3551 4221 octo
3594 4165 3741 4218 ciclos

2302 4259 2824 4326 decennovenualcs,
2854 4260 2958 4315 hoc
2995 4268 3079 4314 est
3114 4275 3144 4313 a
3173 4257 3534 4314 Constantino
3565 4256 3741 4325 Magno

2301 4365 2475 4420 usque
2501 4351 2569 4407 ad
2599 4349 2933 4407 Marcianum
2978 4358 3033 4404 et
3075 4358 3258 4419 postea
3286 4347 3541 4403 ordinate
3587 4359 3742 4417 usque

2303 4444 2370 4500 ad
2397 4430 2688 4499 Justinum.
2966 4447 2969 4450 ‘
3199 4431 3202 4435 ’

2298 4533 2375 4589 De
2406 4533 2616 4592 Justino
2643 4535 2964 4605 imperatore
2989 4543 3042 4595 et
3066 4533 3230 4607 gestis
3255 4534 3354 4589 sub
3379 4549 3466 4591 eo.

2300 4627 2375 4682 De
2407 4625 2623 4682 Tiberio
2655 4628 2999 4697 imperatore.

2299 4717 2375 4773 De
2409 4718 2658 4776 Mauritio
2700 4719 3043 4788 imperatore,
3087 4726 3144 4772 et
3170 4718 3237 4773 de
3278 4732 3420 4771 anno
3445 4717 3565 4787 ejus
3592 4717 3736 4771 tertio

2299 4810 2508 4866 decimo
2530 4810 2823 4869 indictione
2850 4810 3002 4865 tertia
3029 4810 3257 4874 decima,
3280 4824 3531 4879 annoque
3558 4820 3733 4863 octavo

2301 4902 2510 4959 decimo
2539 4902 2831 4958 indictione
2856 4912 3069 4972 quarta,
3101 4907 3236 4955 teste
3264 4900 3430 4967 Beda,
3459 4904 3526 4956 de
3559 4912 3732 4954 sancto

2300 4993 2561 5064 Gregorio
2610 5008 2744 5070 papa
2788 5003 2842 5049 et
2885 4994 3102 5049 decreto
3130 4991 3249 5062 ejus
3294 4992 3352 5047 in
3382 4982 3567 5051 missa.
3596 4990 3728 5046 Tunc

1788 5145 1874 5202 VA
1884 5148 2020 5207 RUE
2063 5149 2467 5207 LECTIONES.

558 5254 604 5286 ⁸⁷
639 5253 822 5309 Iviano
847 5257 1201 5326 suprascripto
1222 5270 1275 5311 ο.
1306 5246 1396 5326 ’.ξ’
1434 5256 1481 5326 ξ’
1520 5255 1685 5326 altera
1717 5277 1876 5317 manu
1920 5274 2036 5326 post
2072 5265 2199 5319 add.
2233 5266 2287 5318 in
2316 5265 2552 5326 margine
2579 5266 2631 5319 l.
2704 5266 2752 5297 "
2787 5265 2960 5326 prima
2982 5279 3140 5317 manu
3169 5264 3225 5318 in
3254 5265 3490 5326 margine
3531 5263 3717 5317 adscri~
