3926 5326
593 167 698 225 655
1931 168 2212 228 MARIANI
2250 172 2492 230 scom
3719 174 3798 235 636

663 286 717 342 8.
755 284 844 341 b9.
887 285 1089 360 ("ll-SB.)
1135 286 1304 342 Cinna
1353 297 1400 343 et
1435 285 1693 341 Valerius.
1753 286 1945 341 Fames
1979 286 2160 340 Romae
2190 293 2233 348 Α
2270 287 2513 342 carnatio
2542 286 2727 358 incipit
2766 287 2919 359 juxta
2964 288 3211 344 cronicas
3263 284 3481 345 Eusebii
3528 288 3615 345 vel
3660 290 3797 347 Beda.

590 373 667 431 ita
700 376 911 446 ingens,
938 385 997 431 ut
1022 377 1259 447 quinque
1306 378 1465 432 modii
1519 378 1881 433 venderentur
1925 377 2162 432 denariis
2268 376 2400 429 Dum
2449 386 2804 431 numerantur
2825 376 2953 432 anni
2999 379 3152 434 nobis
3173 395 3364 436 versus
3388 396 3554 451 supra
3580 386 3800 452 usquead

588 466 781 538 viginti
815 476 1018 537 septem
1045 470 1228 523 semis.
1246 468 1488 525 Philistio
1513 470 1919 542 mimographus
1945 469 2162 524 natione
2263 478 2460 518 annum
2505 464 2976 537 quadragesimum
3039 468 3334 524 secundum
3380 469 3668 524 Octaiiani
3705 470 3802 526 Ces-

590 556 825 627 Magncs.
859 561 1120 615 Assianus
1150 559 1198 595 ⁷⁸
1223 560 1391 617 Rome
1428 560 1607 616 clarus
1632 561 1880 616 habetur.
2263 555 2423 610 satis.

659 647 711 702 9.
754 646 839 702 50.
882 646 1087 720 (Πιειι.)
1126 646 1349 719 Lepidus
1394 659 1444 705 el
1487 650 1768 706 Aruncius.
1795 649 2044 706 Tiberius
2070 665 2155 706 ce-
2332 644 2419 697 20.
2446 643 2502 699 4.
2538 644 2742 717 (Illam)
2775 643 3099 716 Pomponius
3131 658 3180 706 el
3204 648 3401 705 Cclius.
3429 649 3659 707 Ovidius
3683 662 3803 722 poeta

588 751 680 793 sar
710 738 981 797 Dalmatas
1010 742 1393 810 Sal-malasque
1417 742 1469 797 in
1515 742 1813 797 Romanam
1848 742 2042 814 redigi],
2067 758 2163 814 po-
2263 731 2316 785 ill
2345 732 2507 786 exilio
2535 734 2691 799 οιιίἰι,
2721 743 2773 789 et
2796 733 2951 803 juxta
2992 737 3244 808 oppidum
3294 737 3500 795 Tomus
3553 741 3801 811 sepelitur.

586 837 861 886 restarem,
1070 892 1076 897 .
2330 822 2417 876 2i.
2441 821 2494 876 5.
2524 822 2729 894 (linem)
2756 823 2917 878 Cesar
2940 835 2986 879 et
3015 824 3358 885 Germanicus
3387 845 3587 883 cessat.
3617 830 3804 883 Germa-

657 921 747 977 ιο,
771 923 859 978 51,
889 922 1352 996 (ljjm,)cmmus
1373 934 1422 979 ει
1444 923 1704 979 unici”.
1727 921 2163 980 Ambemodoms
2262 909 2414 965 uicus
2447 925 2604 967 cesar
2632 914 2698 969 de
2726 911 2944 970 Parthis
2970 915 3348 973 triumlavit".
3374 917 3661 974 Trcdecim
3683 921 3805 975 aries

586 1018 912 1076 Thnrsensis
941 1022 1148 1078 stoicus
1173 1021 1525 1093 philosophus
1552 1020 1778 1091 insignis
1802 1019 2053 1075 habetur.
2263 1010 2422 1056 lem“
2475 1012 2621 1059 ηιοιυ
2671 1016 3014 1074 corruerunt:
3070 1009 3122 1063 id
3172 1018 3257 1064 εει
3299 1009 3571 1080 Ephesus,
3603 1010 3802 1081 “38M

656 1111 745 1166 11.
776 1111 868 1166 52.
908 1111 1133 1184 (illum)
1186 1111 1388 1167 Furius
1430 1122 1478 1167 et
1534 1109 1762 1165 Nonius.
1811 1108 1883 1165 Μ.
1942 1107 2163 1167 Verrius

2259 1094 2502 1157 Asut'dis,
2542 1097 2832 1162 Mostttcne,
2898 1102 3033 1170 Age,
3084 1100 3266 1167 Hiero,
3309 1102 3571 1167 Ccsarea,
3617 1104 3804 1159 Filadd-

582 1202 812 1259 Flaccus
838 1204 1225 1274 grammaticus
1248 1203 1452 1259 clarus,
2258 1184 2409 1274 phia,
2455 1185 2696 1255 Tmolus,
2751 1187 2969 1257 Temus,
3026 1191 3416 1249 Cimemirhina
3446 1232 3463 1259 ,
3514 1194 3801 1264 Apollonia,

653 1294 741 1349 i2.
768 1273 858 1349 55.
887 1293 1094 1366 (litt-zu.)
1118 1292 1384 1364 Sulpicius
1404 1303 1450 1349 et
1483 1291 1816 1364 Poppaucus.
1866 1290 2160 1347 Athrnien-
2259 1273 2628 1331 Diallil‘caﬂiao

583 1400 672 1441 ses
696 1400 782 1441 res
805 1400 973 1441 novas
994 1395 1181 1441 contra
1207 1386 1480 1441 Romanos
1514 1384 1797 1440 molientes
1846 1383 2132 1455 Opprimun

2328 1366 2417 1421 23.
2440 1367 2493 1424 6.
2511 1367 2715 1442 (Ηιειι.)
2730 1367 2947 1426 Silanus
2959 1382 3007 1426 et
3022 1370 3325 1430 Norbanus.
3339 1372 3667 1441 Fenestella,
3680 1376 3803 1429 histo-

581 1486 693 1541 ων,
720 1475 1032 1531 auctoribus
1072 1475 1350 1531 seditionis
1382 1473 1626 1530 omissis.
2258 1456 2462 1513 riarutn
2484 1459 2717 1529 scriptor
2741 1468 2798 1515 et
2828 1463 3153 1529 carminum,
3181 1465 3632 1536 septuagenarius
3688 1464 3803 1526 obiit,

651 1566 739 1620 15.
793 1565 883 1620 54.
928 1563 1080 1629 (Luc.
1135 1580 1198 1631 tt,
1236 1563 1329 1630 42,
1357 1563 1473 1635 46.)
1526 1560 1803 1618 Dolabella
1829 1569 1877 1616 et
1916 1559 2156 1617 Silanus.

2258 1547 2622 1619 sepeliturque
2641 1549 2883 1606 Chumis.
2921 1553 3153 1624 Cyculus
3188 1570 3413 1627 magnus
3439 1556 3675 1627 pascalis
3707 1556 3804 1611 iacio

581 1656 714 1712 Cum
743 1666 886 1713 esset
909 1655 1067 1712 Jesus
1092 1670 1358 1712 annorum
1413 1654 1696 1711 duodecim
1728 1652 1855 1726 [hoc
1883 1660 1988 1719 est,
2016 1652 2155 1709 sicut
2184 1638 2229 1698 Β
2257 1637 2333 1726 Pii
2370 1638 2514 1704 Ιιίηοο
2563 1638 2616 1693 ill
2647 1640 2803 1709 cuius
2859 1657 3000 1697 anno
3039 1646 3274 1701 secundo
3313 1646 3474 1718 juxta
3515 1646 3806 1702 Dionissiun

580 1747 939 1819 Hieronymus
967 1747 1117 1813 dicit,
1141 1763 1262 1803 cum
1288 1747 1585 1818 compleret
1627 1725 1796 1801 annos
1823 1743 2130 1817 duodecim]

1908 1743 2151 1817 meam].
2258 1725 2573 1799 [indictione
2600 1731 2758 1784 tertia
2786 1729 2856 1802 τ’]
2888 1741 3046 1787 natus
3068 1743 3152 1788 est
3179 1734 3458 1791 Dominus.

580 1815 832 1895 inventus
858 1849 942 1896 est
991 1840 1045 1896 in
1087 1839 1306 1910 templo,
1335 1815 1528 1895 sedens
1559 1839 1701 1893 inter
1729 1838 1976 1892 doctores
2000 1815 2130 1908 legis

2330 1815 2483 1889 (Cod.
2510 1818 2564 1873 in
2591 1820 2849 1890 margine.
2877 1822 3056 1878 Ciclus
3076 1824 3269 1880 solaris
3294 1825 3485 1897 incipit
3512 1825 3657 1881 sicut
3691 1840 3804 1881 sesa-

580 1928 923 2000 inlerrogans
952 1938 1006 1985 et
1032 1931 1258 1986 audiens
1286 1928 1425 1984 illos.
1451 1927 1658 2000 (lltsa.)
1708 1926 1934 1982 Messala
1970 1926 2129 1983 Corvi

1970 1926 2155 1983 com.
2254 1925 2353 1981 per
2387 1910 2721 1967 bisextilibus
2762 1922 2997 1982 quatuor
3024 1916 3519 1990 concurrentibus.)

580 2033 681 2075 nus
706 2030 893 2076 orator
942 2028 1067 2076 ante
1112 2019 1387 2076 bienniqu
1418 2033 1580 2089 quam
1613 2017 1903 2073 morirctur
1934 2016 2010 2071 ita
2038 2032 2130 2073 me

2324 2003 2413 2057 25.
2438 2002 2490 2058 7.
2525 2001 2613 2076 [1.]
2648 2003 2854 2078 (litua)
2902 2004 3142 2062 Valerius
3187 2019 3237 2063 et
3264 2010 3535 2083 Aurglius.
3594 2008 3804 2066 Tiberius

581 2110 807 2165 ntoriam
834 2126 897 2166 ac
926 2126 1143 2167 sensum
1172 2111 1429 2175 ammisit,
1447 2119 1507 2165 ut
1533 2111 1623 2162 vix
1648 2122 1817 2177 pauca
1843 2108 2005 2163 verba
2030 2123 2155 2162 con~
2258 2094 2454 2150 ηιιιηοε
2481 2110 2635 2166 79895
2662 2098 2727 2153 ad
2755 2112 2816 2153 se
2842 2113 2939 2169 Per
2964 2098 3253 2158 Μειιιάίῑίαε
3277 2112 3535 2159 ενοωιοε
3564 2117 3805 2172 numnam

577 2199 843 2272 iungeret,
863 2210 918 2257 et
945 2202 1012 2256 ad
1042 2211 1368 2265 extremum,
1399 2200 1580 2256 ulcere
1601 2200 1746 2255 circa
1775 2200 1983 2269 spinam
2007 2208 2127 2255 nato

2342 2186 2524 2253 nissit;
2564 2188 2615 2242 in
2644 2189 2837 2258 quibus
2856 2200 2911 2246 et
2937 2192 3259 2250 Archelaum
3285 2194 3661 2266 Cappadocem
3686 2195 3803 2250 oeci.

579 2290 755 2347 inedia
783 2307 842 2348 se
869 2292 1123 2359 confecit,
1154 2294 1332 2348 aetatis
1359 2294 1425 2347 72
1458 2307 1621 2347 anno.
2256 2283 2408 2347 deus,
2434 2292 2489 2339 et
2513 2299 2679 2356 regno
2724 2286 2838 2354 ejus
2867 2288 2919 2342 in
2961 2289 3291 2359 provinciam
3333 2306 3510 2355 verso,
3567 2289 3803 2345 Mazacam

652 2379 736 2433 ib.
766 2379 854 2436 55.
873 2379 1078 2451 (litem)
1108 2381 1334 2451 Lepidus
1365 2392 1412 2435 et
1446 2379 1604 2435 Statil
1614 2383 1708 2434 ’us.
1731 2380 2005 2451 Augustus
2031 2396 2153 2436 cum
2258 2376 2646 2433 nobilissimam
2667 2379 2938 2435 civitatem
2962 2381 3269 2438 Cessariam
3292 2383 3550 2453 appellari
3574 2383 3802 2454 precepit.

579 2466 796 2524 Tiberio
827 2470 935 2525 lilio
961 2486 1060 2526 suo
1085 2486 1304 2526 censum
1337 2470 1521 2526 Roma:
1547 2472 1780 2543 agitans,
1828 2470 2031 2526 invenit
2056 2471 2163 2526 ho,
2256 2465 2561 2521 lncarnatio
2582 2468 2629 2501 ⁷⁸
2653 2471 2944 2525 secundum
2974 2472 3270 2529 Dionisium
3304 2473 3496 2544 incipit
3548 2474 3806 2529 indictione

579 2561 785 2617 minam
816 2564 1109 2634 nonaginta
1142 2573 1225 2619 ter
1253 2572 1479 2620 centena
1506 2572 1562 2621 et
1602 2565 1942 2635 septuaginta
1987 2564 2154 2619 milia.
2257 2567 2446 2628 quarta
2477 2557 2808 2633 [conseripta
2837 2562 2883 2593 "
2918 2577 3017 2631 per
3036 2565 3282 2620 ordinem
3310 2580 3341 2620 e
3381 2566 3606 2636 regione
3651 2565 3806 2618 incar-

647 2652 731 2706 15.
765 2652 854 2707 56.
886 2654 1093 2726 (tum)
1126 2655 1285 2711 Cesar
1315 2665 1362 2711 el
1414 2654 1689 2712 Fonteius.
1716 2656 1875 2712 Socio
1925 2656 2158 2728 philoso-
2258 2650 2661 2721 nationisiuna
2692 2652 3072 2726 evangelium]

574 2741 715 2811 phus
744 2742 1159 2811 Alexandrinus,
1193 2754 1478 2817 preceptor
1508 2745 1750 2811 Senecm,
1778 2747 1978 2803 clarus.
2326 2743 2413 2797 2i.
2443 2742 2496 2799 8-
2530 2741 2639 2816 [IL]
2670 2742 2873 2816 (illam)
2903 2742 3065 2801 Cesar
3085 2755 3134 2800 el
3154 2745 3358 2802 Drusus
3404 2764 3575 2803 cesar.
3618 2744 3806 2816 Pompti

647 2833 735 2888 16.
765 2833 853 2887 57.
884 2834 1101 2906 meos.)
1132 2833 1363 2891 Plancus
1391 2846 1438 2891 et
1479 2836 1666 2891 Silius.
1712 2838 2016 2904 Archilaus,
2050 2852 2156 2894 non
2260 2835 2529 2891 theatrum
2558 2835 2854 2891 incensum.

576 2921 876 2979 ferentibus
903 2922 1090 2980 Judcis
1124 2928 1218 2981 sed
1256 2927 1636 2981 accusantibus
1687 2928 1827 2995 apud
1854 2927 2155 2998 Augustum
2197 2994 2227 2999 _
2329 2927 2420 2985 25.
2450 2928 2503 2983 9.
2538 2925 2673 2999 [nu]
2706 2926 2911 2999 (HIER.)
2946 2927 3226 2983 Harterius
3265 2938 3313 2983 el
3364 2926 3649 2998 Sulpicius.
3672 2926 3805 2981 Tulic-

580 3014 916 3072 ferocitatem
944 3017 1083 3086 ejus,
1109 3020 1163 3074 in
1190 3021 1451 3076 Viennam
1493 3020 1680 3074 urbem
1725 2994 1911 3075 Callia:
1944 2994 2157 3095 relega-
2185 2994 2229 3056 (ἶ
2262 3019 2373 3073 rius
2397 2994 2627 3073 Drusum
2657 2994 2960 3073 consortem
2991 3020 3140 3091 regni
3178 3019 3324 3077 facit.

577 3115 694 3175 tus;
723 3117 777 3164 et
804 3111 871 3163 ad
905 3112 1248 3167 minuendam
1271 3111 1482 3167 Judaici
1521 3112 1667 3183 regni
1697 3113 1988 3182 potentiam
2011 3114 2161 3171 iuso-
2328 3107 2418 3164 26.
2467 3108 2551 3163 10.
2600 3107 2722 3182 [tv.]
2748 3108 2952 3181 (illam)
2986 3110 3199 3166 Asinius
3227 3121 3274 3165 et
3306 3110 3590 3167 Antistius.
3630 3112 3803 3166 Drusus

578 3198 910 3270 leutiamque
937 3203 1323 3267 domitandam,
1354 3210 1588 3272 quatuor
1613 3201 1810 3258 fratres
1839 3203 1956 3273 ejus
1977 3220 2074 3275 pro
2095 3220 2128 3259 e

2259 3216 2466 3257 veneno
2508 3203 2662 3257 obiit.
2709 3205 2774 3269 ρ.
2821 3202 3100 3269 Atherius,
3153 3212 3437 3273 promptus
3469 3212 3526 3257 et
3566 3201 3802 3273 popularis

579 3301 707 3347 sunt
735 3294 1020 3350 tetrarchas
1045 3297 1236 3361 creati,
1268 3295 1527 3363 llerodes,
1556 3296 1649 3368 qui
1698 3306 1753 3351 et
1776 3297 2022 3368 Antipas,
2050 3296 2161 3351 An-
2259 3306 2466 3360 orator,
2502 3310 2672 3365 usque
2720 3295 2787 3351 ad
2834 3295 2903 3351 90
2936 3311 3137 3351 annum
3166 3309 3333 3365 prope
3381 3294 3437 3349 in
3482 3310 3685 3350 summo
3721 3293 3803 3347 bo-

580 3386 797 3455 tipater,
831 3385 1006 3442 Lisias
1027 3397 1083 3443 et
1115 3386 1416 3457 Philippus.
2260 3400 2391 3440 norc
2411 3386 2770 3441 consenescit.

653 3476 825 3530 17.1.
872 3475 1262 3546 (ΟλςερΗιειι.)
1318 3475 1599 3546 Pompeius
1646 3486 1693 3533 et
1749 3476 2020 3549 Apuleius.
2063 3477 2159 3537 llis

2327 3474 2416 3530 27.
2448 3476 2532 3531 11.
2558 3474 2660 3552 [ν.]
2689 3476 2893 3549 (litt-zu.)
2923 3476 3195 3532 Cornelius
3221 3486 3269 3532 et
3318 3476 3591 3533 Vicellius.
3643 3477 3803 3533 Serius

578 3566 912 3632 consulibus,
947 3577 1082 3624 teste
1134 3568 1476 3633 Cassiodoro,
1511 3570 1839 3626 Octavianus
1886 3571 2159 3644 Augustus
2257 3565 2510 3632 Planius,
2535 3568 2776 3640 corrupti
2819 3567 2911 3623 lilii
2948 3583 3102 3635 reus,
3133 3577 3304 3624 semet
3334 3568 3391 3623 in
3422 3568 3628 3639 judicio
3665 3570 3803 3623 inier-

578 3657 633 3711 in
663 3658 954 3729 Campania
981 3659 1068 3714 76.
1097 3660 1273 3715 aetatis
1294 3670 1403 3716 sua:
1429 3676 1588 3726 anno,
1617 3660 1794 3717 Atelle
1840 3662 2153 3733 Campania,
2257 3656 2403 3713 fecit-

577 3748 787 3819 imperii
848 3765 991 3805 anno
1034 3751 1512 3823 quinquagessimo
1562 3762 1749 3818 sexto,
1800 3753 1947 3809 senis
2002 3754 2153 3819 obiit,
2324 3747 2413 3804 28.
2444 3745 2680 3821 l2.[v1.]
2712 3747 2915 3821 (litum)
2946 3747 3160 3803 Asinius
3211 3757 3260 3805 et
3287 3746 3486 3804 Cossus
3538 3748 3797 3803 Corneiiss.

575 3856 761 3898 mense
814 3842 998 3912 quassi
1060 3841 1395 3913 Septembri;
1442 3844 1805 3914 sepeliturque
1855 3845 1908 3899 in
1966 3860 2156 3918 campo
2256 3840 2532 3911 Philippus
2556 3841 2823 3897 tetrarcha
2852 3839 3159 3907 Pancaden,
3187 3840 3240 3894 in
3291 3855 3399 3910 qua
3425 3840 3799 3911 plurimased-s

578 3930 791 3987 Martio.
823 3933 921 3989 Cui
944 3935 1209 3990 successit
1236 3933 1507 3989 Tiberius.
2256 3941 2651 3998 construxerat,
2685 3931 2971 3988 Cesaream
3005 3928 3276 4001 Philippbi
3316 3932 3551 3998 vocavit,
3582 3944 3635 3987 et
3657 3930 3795 3985 Julia-

644 4025 1011 4083 Romanorum
1040 4031 1088 4063 "
1116 4030 1171 4085 5.
1204 4032 1433 4101 regnavit
1466 4030 1721 4097 Tiberius,
1754 4034 2019 4104 privignus
2049 4036 2156 4088 Au-
2255 4023 2377 4079 dem
2410 4024 2569 4078 aliam
2606 4023 2905 4079 CiVilalem-

573 4122 731 4188 gusti,
762 4121 859 4173 hoc
900 4132 975 4175 est
1018 4121 1183 4176 Libia:
1226 4124 1406 4176 umoris
1430 4123 1547 4193 ejus
1594 4123 1754 4191 ﬁlius,
1782 4140 1849 4179 ex
1878 4127 2156 4196 superiore
2320 4116 2415 4173 29.
2449 4113 2532 4169 15.
2561 4113 2705 4187 [νει]
2735 4114 2939 4186 (mea)
2967 4113 3256 4171 Calvissius
3286 4125 3336 4170 et
3364 4113 3655 4170 Gerulicus.
3684 4112 3797 4167 Pila-

575 4212 787 4277 gcuitus
833 4211 1081 4283 conjuge,
1140 4214 1295 4268 annis
1344 4214 1537 4284 viginti
1591 4216 1765 4270 tribus
1793 4225 1848 4271 et
1884 4216 2124 4286 aliquibu

1925 4216 2155 4286 “quibus
2257 4215 2342 4262 tus
2367 4214 2686 4276 procurator
2709 4204 2893 4260 Judeaa
2914 4222 2945 4260 a
2969 4205 3187 4262 Tiberio
3219 4206 3475 4262 mittitur.

574 4299 785 4365 diebus,
811 4310 946 4357 teste
998 4301 1260 4372 Josepho;
1292 4311 1347 4357 et
1408 4305 1510 4359 hoc
1557 4313 1642 4360 est
1683 4320 1855 4375 usque
1914 4307 1982 4361 ad
2028 4306 2147 4363 Kal.
2179 4330 2228 4389 ι)
2259 4297 2411 4389 “30-
2460 4295 2744 4389 i4-_[_"lli-}
2776 4296 2976 4389 (Hm)-
3011 4298 3136 4352 Ρὶεο
3188 4308 3236 4353 ει
3280 4298 3526 4389 Crassus.
3573 4298 3798 4389 Voliﬂlfis

574 4390 818 4456 Octobr.,
849 4392 901 4446 in
959 4408 1104 4446 anno
1148 4393 1338 4462 quinto
1381 4403 1503 4463 post
1556 4395 1861 4463 passionem
1909 4397 2145 4452 Domini.
2182 4386 2213 4389 ““
2254 4386 2537 4443 Montanus
2565 4386 2929 4442 Narbonensis
2958 4402 3143 4443 orator
3170 4389 3222 4443 iu
3254 4388 3594 4444 Balcatribus
3636 4386 3799 4442 insulis

577 4481 689 4535 Sub
754 4498 860 4553 quo
921 4483 973 4538 hi
1024 4483 1271 4543 consules
1333 4484 1569 4552 luerunt,
1618 4493 1753 4540 teste
1802 4485 2143 4542 Cassiodoro.
2253 4477 2657 4544 nlorilur.i"llc
2706 4494 2734 4532 α
2768 4477 2985 4535 Tiberio
3028 4479 3096 4534 i5
3132 4495 3274 4534 anno
3324 4478 3800 4551 Γοιίεειῑαεὶῧεωὶο

576 4574 780 4645 (ηιειι.)
812 4576 977 4631 tiaius
1013 4576 1233 4631 Asinius
1255 4574 1441 4632 Gallus
1482 4584 1688 4640 orator,
1728 4573 1909 4632 Assini
1945 4576 2147 4633 Pollio—
2252 4571 2492 4627 Herodes
2555 4571 2825 4627 tetrarcha
2877 4571 3129 4642 princeps
3198 4569 3506 4627 Iudaeorum
3534 4613 3549 4633 ,
3593 4583 3802 4640 regnans

574 4667 659 4722 Itis
704 4666 863 4732 ﬁlius,
910 4669 1066 4741 cujus
1113 4669 1278 4725 etiam
1330 4668 1589 4740 Virgilius
1636 4669 1898 4736 meminit,
1946 4669 2144 4737 clarus,
2252 4664 2407 4720 annis
2438 4663 2529 4730 24,
2560 4664 2613 4718 in
2644 4664 2900 4718 honorem
2936 4662 3138 4719 Tiberii
3188 4673 3244 4718 et
3270 4664 3459 4719 matris
3505 4663 3625 4733 ejus
3657 4661 3804 4715 Libiz

573 4760 707 4816 diris
736 4778 763 4814 a
796 4761 1013 4820 Tiberio
1032 4764 1310 4836 suppliciis
1334 4772 1616 4821 enecatur.
2251 4755 2589 4812 Tiberiadem
2617 4753 2855 4809 condidit
2874 4763 2927 4809 et
2956 4753 3253 4809 Libiadem.

650 4851 731 4907 18.
752 4853 806 4907 2.
843 4855 1044 4910 Drusus
1075 4873 1221 4911 cesar
1262 4866 1310 4911 et
1348 4854 1650 4911 Norbanus.
1684 4854 1868 4911 Libius
1896 4854 2147 4915 historio-
2318 4845 2607 4918 5i.i5.[lx]
2626 4845 2840 4902 Silanus
2862 4854 2909 4898 el
2934 4843 3338 4899 Silius.Auno‘°
3358 4837 3811 4912 lSimperii'l'ibe-

572 4946 808 5014 graphus
837 4944 1042 4999 Patavii
1069 4947 1221 5001 obiit.
2250 4941 2316 4994 rii
2346 4939 2567 5005 cesaris,
2609 4940 2708 4993 sub
2736 4938 2965 5008 princip.
2990 4937 3140 4990 Anna
3167 4945 3219 4991 et
3259 4934 3464 5002 Cepha,
3487 4934 3694 4988 factum
3737 4937 3814 4982 est

644 5035 728 5095 19.
756 5034 811 5088 5.
844 5035 1050 5107 (Illam)
1095 5036 1342 5091 Sisennas
1371 5035 1581 5091 Tililius
1621 5045 1671 5090 et
1703 5034 2028 5090 Scribonius.
2054 5034 2142 5091 ln-
2249 5034 2471 5091 verbum
2500 5031 2708 5087 Domini
2739 5045 2904 5100 super
2942 5028 3237 5087 Johannem
3258 5067 3274 5093 ,
3300 5028 3577 5082 Zachariae
3630 5026 3815 5085 lilium,

1852 5184 2081 5241 VARUS
2121 5183 2524 5240 LECTIONES.
