3926 5326
82 435 212 491 637

1335 423 1748 482 CllRONlCON.
1778 455 1846 466 —
1881 423 2008 480 LIB.
2048 420 2133 477 lll.

3249 428 3354 486 0'58

83 551 150 604 in
188 549 428 604 deserto.
457 546 524 601 Et
554 545 703 600 venit
750 544 803 599 in
851 557 1064 598 omnem
1117 543 1388 612 regionem
1433 541 1684 596 Jordanis
1713 551 1758 609 Α
1788 543 1874 597 die
1898 541 2015 596 Kal.
2045 538 2236 609 April..
2265 539 2404 594 sicut
2450 539 2612 594 etiam
2670 546 2886 594 sanctus
2915 537 3250 596 llierouimus
3296 544 3348 596 iu

84 637 259 707 (Luc.
306 653 390 701 ιιι,
436 637 576 707 1-3).
624 635 868 690 Matheus
910 634 988 689 sic
1020 651 1034 688 :
1065 632 1258 687 «Tunc
1308 633 1454 686 venit
1504 632 1683 699 Jesus,

80 740 155 786 ut
207 731 578 800 baptizaretur
611 729 679 784 ab
709 743 775 784 eo
818 727 870 782 in
915 725 1145 782 .lordane
1176 724 1368 795 (Matii.
1400 739 1484 788 ιιι,
1518 723 1624 792 15).
1659 741 1679 776 ι

82 833 147 877 ει
212 822 443 893 reliqua.
499 821 831 891 Augustinus
856 819 937 876 sic
963 817 1128 890 (119).
1161 815 1312 882 Quod
1353 823 1532 869 autem
1577 813 1686 868 Ma-

83 914 265 968 theus
294 916 372 966 ait
403 930 417 968 :
454 930 473 964 ι
501 911 652 967 Tunc
683 912 830 966 venit
857 908 1015 964 Jesus
1039 923 1068 961 a
1094 906 1341 970 Gallilea,
1366 914 1423 958 ιιι
1447 905 1685 974 baptiza-

83 1011 257 1056 retur
289 1017 324 1058 ι
366 1001 630 1058 Johaune.
662 1019 682 1054 ι
740 999 853 1055 Hoc
901 1007 985 1054 est
1035 997 1329 1053 secundum
1382 995 1681 1051 Johannem

82 1095 493 1164 evangelizam.
527 1112 544 1145 ι
567 1092 750 1148 Altera
781 1099 962 1146 autem
1004 1088 1112 1155 die,
1134 1107 1152 1140 ι
1187 1098 1242 1143 ει
1286 1087 1511 1158 reliqua.
1545 1085 1684 1140 Mar-

82 1202 196 1240 cus
255 1185 569 1255 evangeliza
609 1184 724 1239 sic:
757 1183 861 1238 «Et
891 1181 1199 1253 baptizatus
1233 1189 1318 1235 est
1361 1195 1390 1232 a
1439 1176 1683 1233 Johanne

85 1274 300 1344 (Marc.
343 1291 381 1342 ι,
407 1275 525 1344 9).»
552 1272 815 1328 Eusebius
860 1271 939 1327 sic
962 1273 1046 1325 δίε
1229 1269 1331 1323 «Et
1370 1268 1485 1338 ipse
1526 1265 1684 1323 Jesus

83 1375 220 1418 erat
274 1363 542 1434 incipiens
590 1363 742 1433 quasi
793 1363 863 1420 50
919 1377 1182 1417 annorum
1224 1358 1375 1431 (Luc.
1406 1373 1485 1422 ιιι,
1515 1358 1628 1427 25).
1657 1376 1676 1410 ι

83 1456 228 1512 llaec
247 1456 446 1512 Lucas.
483 1457 595 1512 Hoc
616 1464 700 1512 est
740 1471 845 1511 non
899 1455 1086 1525 plenus
1117 1453 1187 1509 50
1227 1467 1509 1517 annorum,
1533 1466 1684 1506 men-

81 1548 239 1602 sium
273 1549 365 1613 12,
392 1548 486 1603 Sed
533 1548 828 1604 secundum
882 1546 1247 1600 llieronimum
1275 1553 1328 1598 et
1352 1544 1549 1598 Lucam
1580 1558 1680 1598 an-

83 1654 228 1692 num
285 1639 580 1708 incipiebat
611 1637 700 1693 30.
735 1635 976 1710 [quando
1023 1635 1329 1706 baptizatus
1355 1644 1456 1698 est,
1487 1635 1538 1688 in
1568 1632 1678 1707 die]

82 1732 376 1788 dominico
420 1731 670 1802 epifaniae
711 1729 820 1801 [die
847 1731 911 1784 15
942 1728 1068 1783 anui
1106 1728 1187 1781 sui
1220 1724 1334 1798 50].
1369 1724 1674 1780 Secundum

83 1835 283 1877 autem
341 1823 543 1878 solares
588 1836 759 1877 annos
813 1829 939 1876 tunc
985 1817 1277 1888 incipiebat
1335 1830 1534 1870 annum
1583 1815 1674 1868 51.

1788 632 2145 703 martirilogio
2177 631 2592 701 testatur(l?.0).
2628 630 2693 684 Et
2735 632 2787 685 in
2839 634 3118 703 evangelio
3157 635 3353 688 dicitur

1785 723 1928 792 quod
1970 734 2139 791 prope
2161 730 2287 775 ante
2317 719 2512 790 pascha
2537 735 2729 791 passus
2751 729 2834 776 est
2861 719 3152 787 Johannes,
3179 722 3352 791 pridie

1783 811 1966 866 Nonas
2007 811 2228 880 Aprilis,
2258 811 2310 864 in
2359 811 2568 878 sabato,
2633 809 2699 865 11
2746 810 2872 865 luna
2917 813 3076 881 primi
3127 814 3346 869 mensis.

1783 901 2039 956 Nostrum
2065 915 2190 953 vero
2214 900 2410 970 pascha
2441 898 2607 954 Nonis
2630 900 2827 971 Aprilis
2854 912 2994 966 erat,
3022 902 3066 957 si
3095 900 3285 974 esset.]

1855 992 1945 1048 54.
1999 991 2086 1047 18.
2132 988 2279 1062 [xw]
2330 991 2529 1061 (ΟΑεε.)
2582 990 2818 1046 Tiberius
2862 991 3023 1048 Cesar
3071 1010 3119 1048 υ.
3175 1010 3347 1049 conss.

1783 1083 2134 1138 Cassiodorus
2183 1083 2298 1136 sic:
2332 1081 2464 1136 ι111ε
2506 1082 2814 1138 consulibus
2872 1083 3120 1140 dominus
3168 1096 3353 1142 noster

1781 1173 1938 1230 Jcsus
1963 1173 2212 1228 Christus
2239 1188 2428 1242 passus
2460 1181 2564 1239 est,
2589 1183 2781 1229 octavo
2819 1175 2905 1230 die
2928 1174 3046 1230 Kal.
3073 1177 3266 1246 April.;
3295 1187 3350 1234 et

1782 1265 2030 1321 detl‘ectio
2050 1263 2177 1319 solis
2208 1264 2346 1319 facta
2374 1273 2480 1330 est,
2509 1265 2686 1335 qualis
2711 1275 2867 1322 antea
2900 1267 2978 1322 vel
3008 1278 3189 1338 postea
3216 1285 3351 1324 nun-

1783 1374 1943 1429 quam
1974 1358 2096 1412 l‘uit.
2117 1377 2136 1410 ι
2165 1357 2368 1430 (Ibem)
2411 1357 2566 1414 Jesus
2593 1357 2858 1427 Christus,
2893 1360 3033 1417 ﬁlius
3064 1363 3350 1434 Dei,juxta

1780 1447 2079 1518 prol'hetias
2107 1464 2226 1518 quae
2268 1449 2332 1502 de
2359 1463 2424 1502 eo
2453 1449 2666 1504 fuerant
2710 1451 3022 1520 prelocutm,
3049 1469 3238 1524 passus
3267 1464 3352 1510 est

1781 1555 1832 1594 οι
1850 1549 1972 1595 tavo
2003 1541 2086 1594 die
2109 1539 2223 1594 Kal.
2249 1540 2444 1610 April.,
2467 1541 2588 1595 luna
2612 1542 2732 1608 15¢,
2757 1541 2910 1611 juxta
2935 1553 3166 1613 quatuor
3189 1561 3350 1601 evan-

1781 1633 1937 1704 gelia,
1970 1634 2022 1687 in
2045 1649 2188 1688 anno
2219 1634 2306 1687 18°
2331 1633 2538 1705 imperii
2563 1635 2762 1692 Tiberii
2786 1638 3032 1693 cmssaris
3059 1639 3350 1695 secundum

1780 1725 2110 1794 evangelium
2135 1726 2305 1780 sancti
2334 1726 2622 1793 Johannis;
2655 1735 2818 1799 atque
2843 1730 2928 1785 die
2953 1730 3130 1794 tertio,
3177 1731 3228 1784 id
3269 1739 3350 1786 est

1781 1825 1935 1871 sexto
1958 1816 2043 1870 die
2075 1817 2190 1869 lial.
2215 1817 2406 1885 April.,
2431 1817 2551 1872 luna
2583 1820 2700 1884 17a,
2721 1821 3014 1876 secundum
3067 1821 3348 1875 historiam

85 1916 290 1968 Annus
325 1913 465 1996 enim
492 1912 704 1976 solaris,
735 1913 788 1967 in
817 1911 970 1982 cujus
993 1910 1096 1964 line
1124 1918 1278 1962 natus
1299 1915 1405 1972 est,
1435 1906 1681 1960 nativita-
1709 1903 1754 1962 Β
1783 1907 1952 1960 sancti
1981 1907 2240 1977 evangelii
2265 1923 2294 1960 a
2319 1911 2546 1964 mortuis
2572 1912 2888 1965 resurrexit.
2929 1910 3092 1981 Flcgo
3115 1911 3161 1942 ⁸³
3190 1912 3352 1966 histo-

87 2006 161 2057 tis
186 2002 314 2071 ejus
336 2018 506 2058 annus
529 2012 630 2058 est.
658 2003 846 2058 Annus
874 2010 1050 2056 autem
1084 1999 1261 2054 anatis
1293 2014 1403 2054 sua:
1436 1997 1502 2052 12
1531 2013 1680 2051 men-

86 2097 261 2159 sium,
295 2095 508 2150 sicutin
533 2096 638 2151 [ine
662 2095 787 2149 anni
821 2093 977 2165 primi
1021 2091 1316 2147 nativitatis
1341 2091 1561 2160 incepit,
1604 2090 1678 2144 ita

89 2185 141 2238 in
177 2183 292 2239 ﬁne
327 2189 449 2238 anni
484 2185 703 2265 secundi
737 2183 1039 2239 nativitatis
1071 2183 1185 2237 sive
1214 2181 1409 2236 solaris
1439 2178 1678 2250 comple-

86 2277 190 2328 vit.
226 2273 483 2329 Marcus:
531 2294 548 2326 ι
599 2274 664 2328 Ει
693 2275 874 2328 statim
931 2283 1053 2343 post
1093 2272 1418 2328 babtismum
1459 2269 1680 2340 spiritus

85 2366 322 2436 expellit
349 2383 472 2423 eum
514 2368 566 2421 itt
611 2370 882 2422 desertum
919 2365 1114 2435 (Marc.
1148 2380 1189 2429 ι,
1222 2363 1372 2434 12).»
1433 2361 1547 2418 Hoc
1597 2369 1681 2417 est

85 2461 393 2514 secundum
420 2459 734 2514 Matheum':
770 2457 962 2513 «Jesus
992 2458 1180 2527 plenus
1225 2455 1428 2526 Spiritu
1467 2463 1676 2521 sancte,

87 2568 380 2622 regressus
403 2568 430 2604 a
463 2550 716 2618 Iordane,
754 2559 809 2605 et
838 2551 1095 2620 agebatur
1123 2548 1175 2602 in
1204 2547 1394 2618 spiritu
1421 2546 1473 2601 in
1504 2546 1682 2602 deserv

90 2651 213 2696 tum
242 2642 297 2695 in
327 2641 516 2696 diebus
539 2641 604 2695 40
633 2641 785 2711 (Luc.
817 2657 892 2705 Iv,
930 2642 1001 2708 1),
1035 2660 1052 2690 ι
1087 2648 1142 2698 ct
1166 2639 1392 2708 reliqua.
1424 2637 1680 2694 Dominus

86 2747 230 2803 ergo
256 2731 395 2788 feria
437 2732 675 2788 secunda
728 2731 930 2800 incepit
968 2730 1252 2801 jejunium,
1277 2741 1330 2785 et
1357 2730 1680 2800 quadrages-

87 2827 236 2878 situo
291 2824 399 2889 die,
430 2823 563 2879 feria
597 2832 774 2890 sexta,
834 2822 898 2876 15
953 2821 1071 2876 Kal.
1129 2819 1286 2875 Mart.
1342 2821 1394 2874 in
1452 2818 1573 2890 gula
1617 2832 1680 2870 ac

86 2930 234 2969 vana
266 2914 438 2986 gloria
470 2925 634 2985 atque
665 2915 891 2970 avaritia
944 2912 1214 2968 diabolum
1268 2912 1570 2980 superavit;
1625 2908 1680 2962 in

88 3007 296 3076 quibus
333 3009 384 3060 in
408 3007 597 3062 eadem
651 3006 780 3061 feria
813 3006 1056 3060 diabolus
1087 3005 1317 3073 primum
1358 3001 1529 3056 Adam
1559 3015 1683 3056 con-

90 3100 266 3154 trivit.
312 3099 430 3168 lpse
485 3100 736 3154 dominus
785 3097 944 3153 Jesus
995 3096 1239 3152 Christus
1278 3093 1449 3167 [hinc]
1473 3092 1681 3164 populis

86 3191 397 3262 predicavit
421 3189 712 3245 salutarem
745 3190 908 3254 viam,
941 3197 1074 3243 teste
1098 3199 1282 3242 sancto
1313 3186 1472 3242 Petro
1497 3227 1513 3251 ,
1541 3185 1679 3240 sicut

88 3279 143 3333 in
181 3279 453 3334 electione
501 3278 697 3334 Matbei
749 3278 972 3348 apastoli
1004 3295 1015 3330 :
1055 3295 1071 3327 ι
1095 3278 1316 3346 Oportet
1339 3291 1467 3346 ergo
1497 3291 1563 3331 ex
1591 3275 1678 3330 bis

85 3373 226 3427 viris
265 3373 356 3442 qui
405 3371 685 3427 nobiscum
723 3379 848 3426 sunt
895 3369 1204 3440 congregati
1254 3369 1307 3422 in
1354 3367 1498 3422 omni
1547 3377 1680 3420 tem.

89 3477 251 3531 pore,
279 3478 387 3532 qua
415 3462 641 3516 intravit
665 3471 718 3516 et
739 3461 905 3517 exivit
932 3462 1072 3514 inter
1099 3475 1198 3514 nos
1223 3458 1475 3513 dominus
1498 3455 1677 3520 Jesus,

88 3555 362 3623 incipiens
388 3569 418 3606 a
441 3554 763 3623 baptismate
793 3550 1076 3616 Johannis,
1109 3563 1280 3619 usque
1309 3549 1361 3603 in
1394 3548 1534 3601 diem
1573 3562 1680 3616 quo

88 3654 410 3715 assumptus
445 3654 528 3701 est
556 3661 586 3699 a
616 3645 770 3701 nobis
815 3644 868 3698 in
916 3643 1108 3698 cmlum
1159 3643 1295 3712 (Act.
1330 3656 1364 3704 ι,
1388 3639 1480 3703 ει,
1509 3639 1624 3708 2‘2),
1655 3655 1675 3690 ι

87 3748 148 3790 et
183 3737 414 3807 reliqua.
445 3737 698 3808 (Evaug.)
755 3736 936 3807 Signis
978 3744 1033 3791 et
1081 3734 1371 3788 virtutibus
1401 3745 1528 3785 vera
1562 3743 1682 3784 esse

89 3829 422 3898 comprobat
443 3843 504 3883 ea
536 3843 656 3898 quae
683 3828 832 3893 dicit,
860 3842 926 3882 ex
957 3827 1153 3897 quibus
1178 3839 1346 3894 pauca
1376 3823 1429 3878 in
1452 3836 1683 3892 evange-

88 3917 183 3972 liis
226 3918 498 3989 leguntur,
555 3918 823 3989 apostolos
871 3928 1027 3972 vocat
1072 3926 1126 3971 et
1177 3914 1242 3968 ad
1295 3911 1682 3984 predicandum

89 4008 284 4061 mittit.
315 4005 534 4081 (Βευει.)
569 4008 744 4078 Usque
765 4009 810 4039 ⁸³
835 4009 886 4062 in
917 4023 1117 4061 annum
1146 4005 1388 4074 quintum
1415 4003 1682 4058 decimum

90 4095 302 4154 Tiberii
331 4102 401 4154 ab
435 4099 607 4154 Adam
641 4099 932 4154 secundum
970 4097 1196 4161 Ebreos,
1239 4095 1380 4148 sicut
1423 4093 1683 4148 Eusebius

88 4193 146 4246 in
207 4192 451 4246 cronicis
491 4193 604 4247 suis
645 4192 844 4260 signat,
878 4190 977 4245 tria
1007 4189 1151 4244 milia
1212 4201 1476 4242 annorum
1517 4184 1684 4238 adnuo

91 4281 286 4346 tanda,
310 4283 457 4352 quod
511 4283 562 4338 iu
609 4283 800 4356 quinto
827 4282 1036 4337 decimo
1086 4294 1228 4335 anno
1253 4277 1455 4334 Tiberii
1487 4275 1685 4347 princi-

88 4373 242 4442 pium
290 4371 456 4427 fuerit
508 4373 888 4443 septuagesimi
936 4371 1095 4442 primi
1137 4367 1336 4438 jobelei
1383 4361 1680 4424 secundum

88 4463 334 4527 Ebreos;
365 4463 466 4518 tria
496 4464 640 4518 enim
670 4463 819 4518 milia
840 4462 1116 4532 sexaginta
1144 4459 1340 4529 jobelei
1371 4467 1516 4514 sunt.

161 4553 254 4606 3‘2.
294 4554 380 4608 16.
579 4552 786 4625 (“lER.)
817 4551 1088 4606 Rubellius
1117 4560 1163 4605 et
1216 4547 1435 4604 Fusius.
1488 4545 1677 4620 [Euse-
1705 4573 1758 4634 Β

88 4644 216 4698 bius
271 4645 399 4700 sic:
457 4644 827 4714 «Principium
874 4641 1225 4712 octuagesimi
1276 4639 1436 4711 primi
1483 4636 1677 4708 jobelei

90 4736 392 4790 secundum
442 4736 708 4803 Ebreos,»
771 4735 874 4791 hoc
926 4741 1008 4790 est
1063 4732 1131 4787 ab
1169 4731 1341 4786 Adam
1397 4745 1566 4798 usque
1622 4727 1677 4783 in

88 4837 402 4896 presentem
427 4843 626 4884 annum
648 4828 788 4884 4000
815 4843 1098 4882 annorum.
1123 4825 1274 4880 Jobel
1305 4832 1484 4878 autem
1537 4821 1678 4892 apud

89 4916 302 4974 Ebrcos
340 4919 838 4989 quinquagenarius
862 4933 1033 4972 annus
1055 4915 1327 4987 voeatur.]

159 5009 252 5062 55.
287 5010 375 5063 17.
405 5009 529 5082 [n.1,
562 5010 798 5065 Vinicius
825 5018 872 5062 et
899 5007 1132 5062 Cassius.
1147 5004 1422 5062 Johannes
1445 5003 1678 5062 babtista

163 5097 400 5120 -ΑΙΙ..·--..
453 5099 745 5122 ιο---εμ...-..κ
781 5106 856 5122 nul
903 5099 953 5122 ἕνα
999 5095 1248 5122 ἍΑΑΑέΑἏΛ
1276 5095 1446 5122 μηνιΛοῖ
1673 5091 1684 5102 ‘

1070 5095 1248 5122 nn:l\-\l\
1276 5095 1446 5122 μηνιΛοῖ

903 5114 953 5122 -.ι
999 5113 1060 5122 una

1782 1999 1925 2050 ricus
1965 1997 2044 2050 sic
2093 2015 2106 2050 :
2151 2017 2168 2048 ι
2218 1997 2421 2064 Quarto
2465 2015 2608 2056 anno
2650 2001 2754 2055 202
2800 2001 3119 2070 Olimpiadis
3165 2001 3240 2074 [id
3267 2012 3352 2058 est

1780 2089 2076 2143 secundum
2109 2089 2350 2163 Graecos]
2385 2108 2575 2164 magna
2606 2103 2660 2149 et
2687 2094 2955 2150 excellens
2984 2095 3126 2150 inter
3163 2112 3352 2152 omnes

1779 2195 1898 2249 qua:
1928 2190 2053 2236 ante
2079 2198 2197 2238 eam
2227 2185 2538 2239 acciderant
2583 2185 2815 2241 defectio
2860 2186 2990 2242 solis
3039 2189 3212 2254 facta;
3245 2189 3350 2244 diei

1780 2271 1909 2327 hora
1951 2282 2104 2328 sexta
2152 2274 2224 2329 ita
2283 2275 2334 2328 lll
2387 2277 2727 2330 tenebrosam
2771 2288 2983 2332 noctem
3040 2294 3248 2343 \‘Cl‘SllS,
3291 2291 3353 2335 ut

1781 2361 1950 2416 stellae
1981 2361 2032 2415 in
2073 2363 2210 2417 cmlo
2232 2364 2385 2418 vissa:
2405 2364 2532 2418 sint.
2566 2364 2855 2435 Terrteque
2882 2378 3059 2422 motus
3099 2369 3150 2423 in
3181 2369 3353 2424 Bilbi-

1780 2454 1869 2508 nia
1898 2453 2113 2509 Nicenze
2144 2442 2292 2510 urbis
2314 2456 2508 2512 multas
2534 2457 2659 2513 edes
2686 2458 2972 2514 subvertit.
2996 2481 3013 2513 ι
3043 2461 3346 2531 llecFlego.

1779 2543 2046 2615 Josephus
2073 2547 2258 2611 etiam,
2277 2549 2595 2602 vernaculus
2611 2547 2900 2605 Judeorum
2929 2553 3160 2622 scriptor
3181 2553 3351 2607 histo-

1780 2638 1947 2700 ricus,
1976 2637 2041 2690 ad
2066 2638 2179 2692 lucc
2208 2650 2592 2694 commemorat
2618 2655 2632 2694 :
2665 2641 2750 2695 die
2776 2653 3116 2712 pentecostes
3172 2659 3352 2698 sacer-

1781 2727 1934 2782 dotes
1965 2729 2198 2797 primum
2252 2731 2667 2785 commotionem
2704 2731 2944 2786 locorum
2991 2741 3044 2786 et
3089 2735 3349 2801 quosdam

1781 2819 1991 2873 sonitus
2017 2821 2250 2875 sensisse
2295 2828 2586 2886 testantur,
2614 2822 2810 2877 deinde
2855 2837 2922 2878 ex
2950 2823 3058 2876 atio
3091 2823 3137 2854 ⁸³
3169 2823 3351 2894 templi

1782 2911 2115 2980 repentinam
2143 2911 2320 2966 subito
2346 2913 2588 2982 erupisse
2603 2928 2788 2968 vocem
2821 2915 3352 2969 dicentium:Traus-

1782 3002 2074 3072 migremus
2091 3015 2156 3056 ex
2187 3001 2271 3057 his
2293 3003 2529 3058 sedibus.
2571 3003 3035 3075 Scripsitquoque
3086 3005 3352 3075 Josephus

1783 3094 1926 3164 quod
1973 3094 2163 3148 eodem
2225 3109 2367 3149 anno
2400 3094 2646 3149 Philatus
2694 3111 2878 3164 preses
2922 3107 3131 3150 secreto
3179 3097 3354 3151 noctis

1783 3185 2068 3255 imaginem
2100 3186 2302 3240 cesaris
2347 3186 2399 3240 in
2433 3187 2632 3256 templo
2677 3189 2946 3254 statuerit,
2977 3196 3032 3241 ct
3057 3188 3155 3242 hec
3181 3188 3354 3258 prima

1781 3278 2062 3333 seditionis
2089 3289 2142 3333 et
2173 3279 2448 3332 turbarum
2472 3277 2658 3334 Judeis
2683 3295 2844 3334 causa
2871 3280 3134 3333 extetirit.

1853 3370 2059 3441 (11ιειι.)
2089 3369 2340 3436 Jacobus,
2375 3372 2540 3425 frater
2564 3372 2795 3438 Domini,
2818 3372 3076 3427 :ecclesite
3101 3371 3356 3427 Hierusa-

1780 3460 2042 3516 lemarum
2075 3464 2282 3532 primus
2307 3464 2592 3533 episcopus
2624 3463 2692 3517 ab
2740 3464 3000 3533 apostolis
3027 3445 3352 3530 ordinatur',

1781 3555 1860 3610 Ex
1893 3556 1995 3610 hoc
2023 3553 2144 3609 loco
2177 3553 2628 3608 considerandum
2655 3565 2872 3625 quanta:
2907 3556 3161 3627 deinceps
3213 3555 3356 3612 cala-

1781 3645 1998 3700 mitates
2021 3644 2315 3700 Judeorum
2337 3655 2553 3714 gentem
2583 3654 2998 3714 oppresserunt.

2068 3765 2186 3839 {[01.
2213 3767 2334 3830 102,
2368 3768 2421 3820 in
2453 3768 2688 3839 margine
2731 3769 2997 3839 superiore
3039 3786 3199 3824 manu
3246 3786 3351 3826 sec.

2061 3836 2312 3906 Scriptum
2361 3847 2474 3890 est:
2499 3836 2752 3898 Jacobus,
2797 3836 2971 3892 frater
3008 3840 3262 3906 Domini,
3300 3841 3353 3897 id

2063 3916 2145 3979 est
2173 3907 2354 3979 Maria:
2402 3907 2605 3979 sororis
2634 3908 2849 3979 matris
2905 3907 3140 3979 Domini,
3197 3910 3353 3979 cujus

2057 3977 2180 4034 Job.
2231 3977 2394 4031 etiam
2414 3975 2694 4048 meminit,
2732 3976 2874 4048 (ilius
2906 3975 3064 4048 ‘fuit;
3101 3979 3189 4047 qui
3233 3975 3355 4048 post

2066 4049 2388 4119 passionem
2410 4045 2939 4119 Dominitstatimgab
2969 4045 3247 4119 apostolis
3264 4066 3355 4102 or-.

2063 4114 2298 4178 dinatus,
2329 4117 2398 4170 50
2422 4115 2580 4170 annis
2602 4114 2972 4171 llicrusolimac
3005 4114 3151 4172 rexit
3193 4119 3354 4173 arclee

2065 4191 2218 4244 siam.
2255 4187 2367 4241 lloc
2386 4196 2468 4240 est
2496 4201 2666 4256 usque
2695 4188 2761 4240 ad
2793 4188 3079 4256 septimum
3126 4187 3356 4250 Neronis

2062 4274 2284 4314 annum.
2337 4257 2475 4311 Beda
2523 4272 2684 4326 super
2709 4266 2828 4312 acta
2860 4259 3226 4325 apostolorum
3280 4259 3353 4318 ita

2066 4330 2195 4384 dicit
2223 4328 2312 4397 (ad
2334 4345 2381 4381 ε.
2414 4327 2550 4396 xxI).
2589 4327 2786 4381 Eadem
2811 4344 2970 4381 manu
3008 4329 3117 4381 lucc
3147 4327 3356 4386 addun-~

2062 4398 2437 4454 tur:Lazarus
2476 4399 2826 4452 resuscitatur
2869 4397 2936 4452 ab
2986 4397 3190 4460 inferis,
3243 4399 3357 4467 epi-

2064 4485 2258 4540 scopus
2283 4469 2443 4539 Cypri
2470 4467 2678 4522 futurus
2700 4477 2755 4523 et
2793 4467 2880 4540 21
2903 4469 3059 4540 annis
3088 4471 3353 4540 victurus.

2065 4542 2131 4595 Et
2161 4538 2224 4594 in
2260 4538 2508 4608 inferiore
2530 4540 2762 4609 margine
2806 4538 2899 4606 fol.
2933 4539 3073 4593 102:
3119 4538 3358 4603 Lazarus

2067 4612 2282 4666 nomine
2311 4611 2624 4670 sussitatur,
2651 4625 2718 4663 ne
2745 4624 2933 4679 omnes
2959 4610 3152 4663 mortui
3191 4625 3357 4679 coge-

2068 4690 2256 4735 rentur
2286 4682 2434 4735 exirc
2463 4679 2529 4734 de
2553 4679 2782 4741 inferno,
2827 4678 3024 4732 clamat
3070 4678 3359 4734 tamenaut

2063 4761 2495 4813 monumentum,
2523 4751 2740 4804 turbant
2773 4762 2832 4802 se
2858 4749 3036 4810 inferi,
3067 4758 3364 4817 expectant

2066 4819 2373 4875 audentiam
2421 4834 2608 4873 omnes
2643 4819 2860 4888 mortui,
2916 4819 3215 4888 querebant
3263 4835 3371 4879 sua

2067 4890 2286 4949 nomina
2322 4889 2590 4944 vocitari:
2627 4907 2644 4940 ι
2668 4887 2763 4958 Ne,
2792 4887 3092 4958 inquiunt,
3128 4897 3200 4958 Aet
3265 4907 3378 4952 nos

2062 4959 2324 5016 Dominus
2374 4957 2700 5026 suscitabit‘i
2752 4955 3061 5026 ubicunque
3113 4955 3390 5022 Christus

2059 5029 2590 5124 steterat,.patebant
2621 5025 2842 5124 inferi}:
2880 5027 3076 5124 Subito
3114 5041 3219 5078 una
3267 5045 3404 5096 vox

2062 5100 2346 5124 :nCA-nhu\:l
2385 5108 2586 5124 ΛΑοη-Αα
2652 5096 2756 5124 ξΑΜ
2793 5095 3168 5124 ΠισΑΑιιΑνὶθῖιιω
3202 5111 3328 5124 ΜΛ-
