3926 5326
17 124 91 180 64
102 116 127 179 1

92 240 231 296 238.
271 239 462 297 Helius
496 254 572 293 ιιι.
614 236 673 291 6.

259 330 509 385 Julianus
526 343 597 381 m.
629 325 685 380 7.

94 422 233 476 209.
276 419 517 495 Severus
546 416 629 471 l8.

92 512 234 565 226.
265 509 513 565 Carcalla
542 508 595 561 7.

94 601 236 656 235.
279 599 555 653 Macrinus
582 597 629 651 1.
657 590 671 603 ’

95 691 236 746 235.
278 691 535 745 Aurelius
561 688 616 744 4.

94 783 237 837 239.
276 781 587 835 Alexander
616 780 702 833 l3.

95 872 239 926 251.
281 869 606 943 Maximinus
642 884 770 923 ann.
799 867 855 922 5.

95 962 241 1016 255.
283 960 594 1016 Gordianus
621 975 751 1014 ann.
784 958 839 1013 6.

97 1054 243 1109 260.
287 1053 568 1122 Philippus
594 1067 721 1105 anu.
757 1049 810 1104 7.

96 1148 241 1202 267.
285 1145 482 1201 Decius
506 1160 633 1198 anu.
667 1144 724 1208 1,
748 1157 821 1196 m.
853 1141 909 1196 '5.

97 1237 243 1291 269.
282 1234 471 1291 Gallus
490 1244 545 1290 et
574 1233 688 1289 Vol.
721 1234 777 1297 2,
814 1246 888 1286 m.
914 1231 972 1285 4.

97 1328 239 1381 270.
283 1327 560 1381 Gallienus
588 1342 715 1380 ann.
748 1324 834 1379 15.

98 1420 245 1475 285.
285 1418 544 1475 Claudius
570 1420 613 1482 Ι,
651 1432 723 1470 m.
757 1417 812 1471 9.

298 1508 595 1576 Quintilius
620 1507 790 1560 frater
822 1503 1010 1559 Claudi
1036 1518 1108 1558 in.
1141 1502 1194 1558 1.

98 1602 245 1657 287.
280 1599 613 1655 Aurelianus
644 1598 700 1662 5,
733 1613 806 1651 tn.
842 1595 896 1651 6.

108 1692 253 1747 292.
298 1689 523 1743 Tacitus
546 1705 619 1743 m.
646 1688 696 1743 6.

104 1782 247 1837 295.
269 1780 483 1833 Probus
508 1778 560 1842 6,
589 1794 662 1832 in.
696 1778 750 1832 4.

298 1871 584 1927 Florianus
611 1869 891 1925 mensibus
916 1868 971 1922 5.

112 1967 255 2021 300.
297 1966 473 2020 Carus
498 1981 625 2018 ann.
646 1964 703 2019 2.

111 2060 252 2114 502.
285 2056 659 2110 Diocletianus
686 2070 812 2109 ann.
837 2053 928 2109 20.

112 2148 253 2203 322.
295 2146 687 2201 Constantinus
716 2144 940 2215 Magnus
966 2159 1094 2197 ann.
1118 2142 1211 2207 50,
1235 2146 1513 2215 mensibus
1551 2142 1639 2195 l0.

116 2238 383 2294 Crouica:
435 2250 564 2290 vero
604 2235 895 2305 perhibent
950 2234 1228 2289 Tiberium
1277 2246 1536 2301 regnasse
1565 2233 1642 2287 vi-

46 2330 187 2401 ginti
223 2328 408 2381 tribus
437 2327 613 2391 annis,
642 2326 743 2379 hoc
787 2335 871 2380 est
898 2326 1136 2393 quinque
1173 2324 1332 2378 annis
1370 2333 1492 2393 post
1520 2338 1645 2392 pas-

46 2426 296 2488 sionem,
328 2420 521 2475 Gaium
553 2428 785 2487 quatuor
808 2418 993 2482 annis,
1040 2416 1323 2471 Claudium
1383 2425 1643 2483 quatuor-

48 2515 268 2569 decem.
292 2510 672 2579 Neronemque
690 2508 1112 2577 quatuordeccm
1137 2522 1304 2559 annos
1324 2507 1647 2574 imperasse,

47 2603 536 2676 pretermittentes
558 2614 784 2669 superos
815 2614 1052 2663 menses,
1079 2598 1275 2667 quibus
1294 2611 1457 2666 super
1475 2609 1650 2648 annos

50 2711 217 2766 reges
268 2701 667 2764 regnaverunt,
717 2699 773 2744 et
823 2688 1107 2743 intervalla
1149 2697 1451 2756 temporum
1505 2684 1650 2738 inter

48 2801 238 2857 reges,
291 2794 350 2838 et
393 2782 529 2837 ﬁnes
587 2794 853 2835 annorum
930 2794 1058 2848 sepe
1111 2779 1166 2832 in
1220 2777 1417 2847 quibus
1496 2791 1651 2845 reges

61 2877 457 2933 moriebantur
526 2871 610 2926 vel
681 2887 850 2941 regno
901 2869 1243 2925 defecissent.
1320 2866 1474 2921 Juxta
1525 2880 1654 2936 ergo

54 2969 323 3024 crouicas
388 2966 531 3018 inter
576 2963 847 3033 passionis
911 2977 1114 3015 annum
1159 2971 1215 3016 et
1263 2958 1653 3027 Vespasianum

56 3067 192 3112 sunt
222 3055 361 3110 anni
391 3052 612 3123 triginta
637 3064 865 3122 septem,
897 3051 1255 3121 quadraginta
1282 3065 1408 3102 vero
1436 3058 1645 3116 septem

52 3148 213 3219 juxta
275 3153 535 3201 sanctum
591 3143 840 3210 Paulum,
900 3152 1038 3198 teste
1090 3150 1278 3196 sancto
1336 3139 1657 3195 llieronimo

54 3254 232 3309 super
258 3253 391 3293 eum
432 3237 501 3291 ad
540 3235 760 3290 Paulam
800 3244 853 3290 et
894 3233 1262 3288 Eustochium.
1314 3232 1507 3286 Decem
1560 3231 1659 3283 ita-

55 3346 168 3401 que
222 3329 361 3382 anni
394 3314 694 3382 desunt‘in
732 3325 973 3379 crouicis
1018 3325 1072 3377 in
1117 3332 1269 3401 tanto
1318 3323 1516 3391 spatio.
1552 3322 1660 3375 Sed

58 3433 255 3476 tamen
311 3419 420 3473 alio
450 3417 677 3489 vestigio
708 3417 989 3485 sequimur
1046 3416 1298 3470 cronicas
1333 3414 1436 3468 hoc
1477 3414 1656 3466 modo.

134 3512 357 3578 Quibus
378 3510 566 3579 ﬁnitis,
598 3510 746 3578 signa
777 3518 823 3561 et
850 3507 1019 3561 verbis
1045 3523 1065 3560 .'
1097 3506 1341 3561 Vinicius
1378 3514 1434 3558 et
1466 3502 1663 3574 Longi-

58 3620 173 3659 nus
209 3615 271 3658 et
324 3603 519 3672 reliqu.
566 3616 755 3654 manus
803 3599 1035 3654 secunda
1072 3599 1141 3651 ad
1186 3598 1414 3667 primum
1465 3606 1663 3649 textum

63 3686 332 3756 lectorem
359 3698 590 3752 remittit.
629 3696 633 3700 ’
1290 3730 1293 3737 .
1630 3752 1635 3757 ⁸

133 3793 237 3857 56.
271 3790 365 3845 20.
408 3787 569 3862 [xm]
610 3787 815 3859 (11ιειι.)
858 3785 1129 3855 Sulpicius
1162 3794 1211 3838 et
1242 3782 1402 3839 Sina.
1435 3781 1666 3851 Sejanus

60 3887 366 3958 prefectus
396 3881 621 3957 Tiberii,
649 3882 741 3949 qui
766 3879 906 3949 apud
934 3894 1062 3933 eum
1098 3877 1392 3947 plurimum
1427 3883 1664 3945 poterat,

64 3976 483 4034 instantissime
541 3975 933 4028 conboartatur
977 3970 1025 4001 ⁸⁸
1095 3978 1155 4023 ιιι
1202 3979 1413 4038 gentem
1452 3966 1662 4021 Judazo-

66 4088 195 4126 rum
238 4068 443 4133 deleat,
473 4066 617 4121 sicut
651 4065 771 4120 Filo
797 4064 929 4118 dicit
975 4064 1029 4116 in
1070 4060 1211 4115 libro
1261 4059 1551 4130 legationis
1582 4073 1669 4114 se-

67 4164 299 4219 cunilae.

396 4248 540 4322 [xv.]
571 4248 779 4321 (litem)
824 4246 1041 4301 Priscus
1062 4255 1109 4300 et
1152 4243 1409 4299 Vitellius.
1446 4202 1669 4340 Pfrsins
1700 4283 1747 4340 D

70 4346 323 4401 Flaccus
347 4344 602 4399 satiricus
630 4350 787 4411 poeta
814 4338 1110 4409 Volaterris
1154 4338 1415 4391 nascitur.
1475 4330 1671 4386 Paulus

65 4442 151 4494 sic
182 4439 259 4492 ad
285 4438 514 4492 Galatas
544 4439 614 4505 (ε.
652 4435 690 4498 1,
726 4433 955 4503 lii-20):
995 4450 1013 4482 ι
1048 4429 1182 4485 Cum
1234 4439 1415 4482 autem
1470 4422 1674 4495 placuit

63 4532 118 4586 ei
151 4530 261 4600 qui
289 4543 378 4581 me
408 4526 718 4598 segregavit
749 4540 816 4579 ex
841 4535 997 4577 utero
1023 4522 1213 4575 matris
1258 4533 1411 4581 mere,
1436 4526 1489 4571 et
1513 4529 1674 4570 voca-

61 4625 152 4677 vit
209 4635 317 4692 per
348 4620 578 4691 gratiam
616 4632 770 4672 suam
808 4624 892 4670 ut.
921 4614 1187 4670 revelat-et
1226 4610 1395 4665 ﬁlium
1439 4623 1595 4663 suum
1620 4605 1675 4659 in

66 4729 190 4777 me,
246 4721 311 4765 ut
341 4710 776 4782 evangelizarem
817 4707 968 4761 illum
1007 4706 1060 4759 in
1103 4703 1375 4775 gentibus,
1414 4700 1675 4754 continuo

68 4820 193 4860 non
233 4801 495 4871 adquievi
519 4800 668 4856 carni
704 4807 760 4855 et
787 4798 1059 4869 sanguini,
1115 4808 1292 4864 neque
1330 4792 1452 4847 veni
1487 4790 1681 4845 Hieru-

77 4897 358 4952 solimam
398 4895 466 4948 ad
490 4900 863 4947 antecessores
918 4904 1070 4944 meos
1121 4884 1414 4957 apostolos,
1447 4886 1542 4940 sed
1571 4883 1679 4940 abii

69 4992 129 5045 in
156 4986 459 5050 Arabiam,
507 4993 561 5039 et
610 4983 807 5037 iterum
836 4994 1087 5037 reversus
1132 4993 1253 5032 sum
1305 4977 1681 5041 Damascum;

68 5080 294 5136 deinde
336 5085 458 5147 post
508 5091 680 5130 annos
713 5084 823 5128 tres
860 5073 981 5127 veni
1020 5067 1445 5128 Hierusolimam
1498 5068 1680 5122 videre

75 5173 352 5234 Petrum,
379 5177 434 5228 et
466 5154 639 5221 mansi
689 5164 828 5235 apud
869 5178 989 5218 eum
1042 5159 1237 5218 diebus
1266 5158 1363 5226 15;
1398 5159 1563 5214 alium
1591 5172 1680 5213 au-

1260 108 1676 175 CBBONICON.
1698 110 1951 176 ἶέἹΛΒ.
1980 114 2062 177 ⁸111

1648 244 1701 304 Α
1730 241 1836 289 tem
1869 235 2231 302 apostolorum
2264 232 2537 288 neminem
2565 231 2698 301 vidi,
2747 232 2851 288 nisi
2902 230 3165 289 Jacobum
3195 233 3303 289 fra-

3194 110 3302 176 642

1732 333 1871 378 trem
1900 323 2111 379 Domini
2140 339 2155 387 ;
2179 338 2299 392 qua:
2326 334 2506 379 autem
2556 324 2735 379 scribo
2759 324 2912 380 vobis
2938 341 3069 381 ecce
3117 340 3304 382 coram

1730 417 1840 469 heo
1890 415 2016 483 quia
2063 430 2167 469 non
2211 416 2465 479 mentior,
2508 433 2525 466 ι
2554 423 2611 469 et
2638 415 2867 485 reliqua.
2916 416 3059 472 Beda
3098 417 3178 472 sic
3205 416 3303 488 (cf.

1730 501 1963 557 Retract.
2012 504 2066 557 in
2121 501 2240 555 Act.
2294 518 2344 557 c.
2386 504 2509 572 ix):
2553 522 2572 555 ι
2617 503 2844 559 Constat
2898 521 3027 576 ergo
3079 504 3310 563 Paulun.

1732 603 1857 664 post
1884 609 2054 646 annos
2081 606 2190 646 tres
2217 595 2589 648 conversionis
2620 610 2732 650 sua:
2758 596 2971 651 venisse
3003 596 3276 652 llierusoli

1732 701 1902 748 mam,
1933 693 1987 737 et
2029 683 2399 751 apostolorum
2452 699 2679 740 numero
2735 685 3023 750 sociatum,
3075 686 3179 740 hoc
3227 696 3312 740 est

1730 775 1991 842 quoniam
2045 775 2222 829 Lucas
2252 774 2331 828 sic
2387 774 2517 828 dicit
2558 776 2610 828 in
2652 776 2866 831 actibus
2915 778 3308 848 apostolorum,

1731 868 2031 922 Barnabam
2058 866 2454 936 apprehensum
2484 867 2631 920 illum
2650 869 2867 923 duxisse
2881 869 2946 924 ad
2962 869 3251 939 apostolos.
3283 887 3304 920 ι

1736 961 1863 1015 llazc
1886 960 2057 1013 Beda.

1803 1052 1891 1107 '58.
1910 1052 1997 1105 22.
2023 1049 2184 1123 [va]
2211 1047 2424 1122 (Βεω.)
2448 1047 2633 1103 Gallus
2653 1059 2698 1103 et
2726 1048 3026 1104 Nonianus.
3051 1051 3307 1121 Agrippa,

1736 1142 1826 1214 qui
1861 1152 1915 1197 et
1935 1142 2197 1207 Herodes,
2222 1141 2363 1197 ﬁlius
2389 1141 2686 1197 Aristoboli
2736 1141 2828 1196 ﬁlii
2856 1142 3082 1198 Herodis
3107 1142 3303 1213 Magni,

1738 1243 2030 1289 accusator
2061 1232 2293 1289 Herodis
2335 1235 2644 1298 tetrarchas,
2700 1232 2927 1287 Romam
2958 1234 3254 1303 profectus,
3284 1246 3312 1290 ι

1738 1327 1959 1381 Tiberio
1981 1326 2034 1381 in
2059 1326 2271 1381 vincula
2303 1325 2621 1395 conjicitur;
2651 1327 2739 1380 ubi
2762 1326 3021 1395 plurimos
3045 1326 3144 1381 sibi
3173 1326 3316 1383 asci-

1736 1420 1814 1473 vit
1837 1419 1902 1473 ad
1923 1419 2217 1473 amicitiam
2244 1428 2297 1473 et
2318 1418 2554 1472 maxime
2576 1417 2883 1472 Germanici
2913 1417 3075 1471 lilium
3098 1418 3311 1472 Gaium.

1741 1509 1951 1582 (Ηιειι.)
1982 1510 2158 1564 Pilato
2186 1510 2253 1564 de
2280 1509 2708 1565 christianorum
2753 1510 3002 1580 dogmate
3038 1510 3104 1562 ad
3149 1509 3314 1564 Tibe-

1666 1584 1711 1642 Β
1744 1602 1881 1655 rium
1915 1602 2205 1665 referente,
2266 1600 2516 1654 Tiberius
2567 1599 2749 1654 retulit
2779 1601 2845 1653 ad
2888 1609 3133 1654 senatum
3171 1609 3232 1653 ut
3267 1598 3313 1631 ⁸⁹

1744 1692 1888 1744 inter
1925 1702 2117 1745 uetera
2161 1705 2315 1744 sacra
2358 1690 2748 1759 reciperentur.
2789 1688 2987 1743 Verum
3021 1705 3141 1743 cum
3175 1688 3221 1720 "
3245 1704 3314 1742 ex

1745 1782 1974 1837 consilio
2030 1791 2242 1853 patrum
2296 1782 2633 1836 christianos
2655 1780 2925 1835 eliminari
2956 1780 3022 1835 ab
3051 1780 3182 1835 urbe
3209 1778 3324 1849 pla-

1744 1884 1963 1927 01115581.

1816 1965 1908 2018 59.
1967 1964 2056 2017 25.
2090 1962 2273 2036 [xv-'11.]
2334 1963 2540 2033 (HIER.)
2596 1961 2867 2019 Gallienus
2902 1974 2949 2019 et
2981 1963 3321 2019 Plautianus.

1746 2054 1994 2109 Tiberius
2012 2057 2057 2089 κ
2088 2070 2185 2125 per
2209 2055 2445 2109 edictum
2471 2057 2877 2110 accusatoribus
2899 2057 3321 2111 eluistianorum

1746 2155 2105 2201 comminatus
2162 2155 2248 2200 est
2294 2157 2543 2199 mortem.
2577 2145 2781 2199 Scribit
2815 2146 3179 2200 Tertullianns
3216 2144 3322 2218 (Cf.

1748 2239 1876 2293 Eos.
1924 2237 2064 2291 llist.
2114 2239 2319 2300 eccl.n,
2345 2238 2423 2308 2).
2450 2238 2596 2291 Multi
2624 2248 2938 2292 senatorum
2982 2247 3035 2291 ct
3069 2239 3314 2307 equitum

1752 2328 2117 2383 Romanorum
2149 2328 2438 2382 interfecti.
2480 2328 2574 2382 llis
2606 2330 2941 2393 consulibus,
2998 2329 3323 2385 Cas~iodoro

1752 2430 1908 2481 teste,
1962 2436 2103 2473 anno
2128 2420 2222 2473 25°
2257 2420 2466 2487 imperii
2491 2420 2595 2483 sui,
2636 2422 2813 2473 astatis
2841 2420 2934 2475 78°
2972 2421 3107 2473 obiit
3137 2418 3323 2491 [Tibe-

1752 2512 1957 2584 rius"]
1998 2528 2206 2566 veneno
2262 2513 2314 2565 in
2365 2512 2659 2581 Campania
2717 2509 2821 2580 (Cf.
2865 2510 3052 2573 Onos.,
3100 2526 3198 2575 vu,
3238 2511 3324 2581 4),

1752 2603 1934 2672 quassi
1994 2616 2178 2656 mense
2231 2602 2569 2669 Septembre.
2613 2600 2798 2671 [Cui9'
2824 2602 3083 2655 successit
3111 2599 3323 2673 Gaius].

1823 2693 2177 2747 Romanorum
2203 2693 2251 2728 ⁸³
2279 2693 2333 2747 4.
2366 2691 2551 2757 Gaius,
2573 2693 2663 2762 qui
2689 2702 2735 2745 et
2759 2692 3021 2762 Caligula,
3049 2695 3105 2746 in
3137 2692 3320 2746 eodeni

1754 2802 1891 2839 anno
1920 2801 2021 2855 quo
2046 2784 2170 2837 obiit
2199 2783 2434 2838 Tiberius
2460 2784 2729 2853 incipiens,
2754 2781 3047 2855 [regnavit]
3089 2783 3246 2837 annis
3266 2783 3323 2848 4,

1759 2860 2038 2933 mensibus
2068 2877 2151 2939 10,
2184 2877 2372 2932 diebus
2402 2878 2455 2941 8,
2490 2885 2627 2931 tcste
2666 2876 2899 2931 Eusebio
2925 2886 2982 2932 et
3005 2874 3185 2942 Beda:
3224 2875 3330 2929 hoc

1760 2982 1843 3025 est
1866 2986 2037 3040 usque
2093 2970 2211 3023 Kal.
2253 2970 2500 3038 Augusti,
2528 2970 2581 3023 in
2620 2985 2762 3023 anno
2815 2971 2882 3024 10
2932 2984 3054 3039 post
3103 2968 3321 3038 passio-

1757 3080 1902 3119 nem.
1959 3063 2071 3125 Suh
2108 3076 2217 3133 quo
2262 3063 2311 3116 hi
2353 3060 2604 3117 consules
2639 3061 2860 3116 fuerunt
2893 3060 3053 3133 [teste
3100 3062 3323 3117 Cassio--

1759 3158 1827 3210 do
1834 3153 1916 3227 ro]
1928 3194 1942 3208 .

1832 3248 1918 3302 40.
1974 3249 2023 3301 1.
2054 3246 2190 3319 [18.]
2218 3245 2478 3300 Proculus
2507 3257 2553 3299 et
2584 3243 2858 3300 Nicriuus.
2887 3243 3118 3299 Sanctus
3145 3245 3339 3302 Petrus

1762 3340 1817 3393 in
1850 3354 1993 3392 anno
2057 3348 2214 3393 sexto
2258 3346 2381 3407 post
2428 3336 2760 3407 passionem,
2804 3336 2979 3406 primo
3021 3351 3165 3390 anno
3193 3336 3334 3403 Gaii,

1763 3430 2077 3485 cathedram
2123 3429 2424 3483 Antiochia:
2473 3427 2739 3491 ecclesia},
2795 3436 2990 3482 octava
3044 3413 3336 3483 Kalendar.

1766 3519 1965 3583 Martii,
1998 3528 2143 3574 tenet
2170 3534 2266 3588 per
2295 3504 2469 3572 annos
2495 3519 2548 3572 7.
2581 3520 2595 3537 ⁸
2626 3519 2838 3589 (Dum)
2868 3517 3037 3572 Gaius
3069 3518 3336 3574 Herodem

1763 3610 2078 3679 Agrippam,
2099 3610 2333 3664 amicum
2357 3624 2540 3669 suum.
2561 3608 2792 3664 vinculis
2815 3610 3125 3676 liberatum,
3155 3625 3338 3681 regem

1765 3698 1915 3756 Juda:
1946 3699 2092 3762 fatit,
2122 3700 2280 3754 annis
2315 3699 2347 3751 7
3048 3720 3051 3723 -
3322 3712 3325 3717 ι

1980 3814 1999 3883 ξ
2030 3810 2219 3883 [Manu
2253 3812 2481 3866 secunda
2504 3812 2559 3866 in
2586 3813 2822 3881 margine
2851 3812 2975 3883 lucc]
2995 3812 3297 3866 scribuntur
3319 3826 3339 3864 :

1981 3881 2325 3937 Hieronimus
2356 3902 2369 3936 :
2412 3902 2431 3933 ι
2464 3883 2599 3937 Cum
2638 3883 2830 3936 Petrus
2861 3882 3098 3936 venisset
3154 3883 3345 3937 Antio-

1977 3955 2177 4018 chiam,
2218 3954 2540 4007 adﬁrmante
2580 3952 2765 4017 Paulo,
2822 3952 2949 4007 hinc
3012 3952 3343 4008 credendum

1982 4026 2053 4078 sit
2094 4025 2147 4077 in
2196 4024 2387 4078 faciem
2447 4024 2522 4078 illi
2566 4023 2785 4077 Paulum
2838 4022 3132 4079 resistisse.
3163 4042 3181 4074 ι
3233 4022 3341 4091 (Cf.

1981 4096 2050 4147 ad
2088 4092 2206 4147 Gal.
2233 4110 2308 4159 tv,
2335 4110 2388 4159 p.
2415 4093 2565 4162 24:2.)
2590 4123 2660 4132 —
2692 4093 2888 4145 Eadem
2921 4109 3077 4146 niam:
3113 4092 3203 4146 sed
3228 4090 3335 4146 alio

1985 4176 2177 4218 alrnnu
2193 4176 2279 4217 nlo
2312 4165 2526 4217 additur
2554 4179 2573 4217 :
2604 4164 2744 4217 liei'a
2785 4177 2947 4233 super
2990 4171 3109 4217 aeta
3132 4169 3348 4232 aposto-

1986 4234 2159 4289 lorum
2215 4234 2304 4305 (ad
2347 4252 2392 4287 c.
2426 4236 2505 4304 l):
2560 4252 2577 4283 ι
2614 4233 2841 4288 Matliias
2895 4235 3178 4305 apostolus
3218 4241 3346 4305 ante

1996 4302 2339 4375 pentecosten
2398 4302 2702 4362 ordinatur.
2737 4312 2942 4371 septem
2975 4318 3104 4358 vero
3127 4302 3346 4375 diaconi

1996 4373 2116 4445 post
2180 4386 2527 4444 pentecosteu
2579 4376 2941 4443 apestolorum
2999 4373 3246 4445 oratione
3293 4381 3351 4428 et

1997 4443 2191 4500 inaltus
2245 4446 2583 4512 impositioue
2638 4445 2976 4498 ordinantur.
3014 4463 3033 4495 ι
3094 4443 3349 4499 διθΐλιιιυε

1998 4516 2170 4570 Grece
2228 4514 2419 4569 Latine
2469 4531 2667 4585 corona
2724 4516 3149 4585 interpretatur.
3195 4513 3352 4569 Unde

1995 4586 2258 4640 Eusebius
2321 4586 2452 4639 dicit
2483 4583 2646 4655 (lfist.
2676 4584 2802 4638 eccl.
2842 4583 2901 4648 ti,
2935 4586 3030 4653 l):
3068 4584 3349 4655 cStatim,

2001 4656 2197 4723 inquit,
2258 4664 2379 4724 post
2438 4653 2833 4709 ordinationem
2887 4672 3039 4709 suam
3088 4653 3351 4724 Stefanus

2000 4723 2271 4795 lapidatus
2296 4726 2474 4795 estab
2496 4724 2580 4777 his
2610 4726 2700 4791 qui
2730 4734 2786 4777 et
2817 4725 3102 4778 Dominum
3133 4723 3352 4795 occide-

1998 4793 2146 4852 runt.
2191 4814 2209 4846 ι
2243 4823 2313 4833 ——
2342 4794 2459 4846 Alio
2495 4801 2789 4864 atramento
2840 4796 3004 4864 pergit
3032 4810 3050 4847 :
3078 4811 3098 4843 ‹
3132 4793 3357 4864 Statue:

1999 4874 2130 4922 runt
2158 4874 2214 4916 ιιι
2241 4865 2597 4916 ascenderent
2635 4861 2835 4915 Paulus
2877 4861 2950 4917 et'
2980 4864 3257 4917 Barnabas
3285 4863 3358 4917 ad

1999 4934 2292 5004 apostolos,
2327 4951 2346 4984 ›
2387 4942 2442 4986 et
2467 4931 2675 5004 reliqua
2699 4932 2837 5004 (Act.
2866 4947 2958 4995 xv,
2986 4933 3069 5001 2).
3092 4931 3233 5004 Beda
3260 4943 3362 5004 s_u-

2035 5000 2098 5059 er
2150 5012 2272 5058 acta
2326 5000 2817 5071 apostolorum’sic
2867 5003 2958 5071 (ad
2990 5000 3040 5058 ε.
3083 5000 3176 5067 xv)
3224 5000 3369 5056 z'De

1998 5024 2106 5131 Bac
2134 5072 2454 5128 ascensione
2502 5087 2601 5125 sua
2633 5071 2835 5126 Paulus
2881 5074 2997 5131 ipse
3052 5067 3248 5125 scribit
3291 5071 3369 5124 ad

2041 5089 2106 5127 ac
2134 5067 2454 5128 ascensione
2502 5087 2601 5125 sua
2633 5071 2835 5142 Paulus
2877 5067 2997 5142 ipse
3052 5067 3248 5142 scribit
3291 5071 3369 5124 ad

2000 5143 2245 5210 Galatas,
2303 5142 2488 5199 dicens
2521 5159 2534 5196 :
2568 5159 2586 5195 r
2621 5139 2822 5197 Deinde
2850 5136 2948 5210 per
2974 5152 3152 5198 annos
3173 5136 3240 5190 14
3274 5149 3373 5193 as-

1376 5269 1608 5326 VARIE
1648 5261 2049 5324 LECTIONES.
