3926 5326
587 152 691 215 615

1920 146 2207 206 ιιΑιιιιιΝι
2236 140 2498 223 ⁹ειςοηιτι

3739 136 3833 207 ιιι

797 273 1026 329 rendt'tn
1051 266 1468 328 Hierusolimam
1490 285 1612 327 cum
1634 268 1887 325 Barnabo
1913 267 2161 323 adsumto
2189 268 2242 327 Α
2342 261 2699 317 Romanorum
2726 260 3070 318 5.;Claudius
3115 260 3531 331 regnum‘t’annir
3552 258 3645 330 l4,
3687 278 3834 319 men-

797 343 946 408 Tito,
996 350 1052 397 et
1098 342 1301 399 contuli
1353 356 1477 397 cum
1506 339 1956 412 illisueugelium,
2018 337 2166 409 quod

798 414 1022 485 predico
1054 414 1112 484 iq
1138 413 1390 485 gentibus
1424 421 1526 485 tet
1562 409 1793 485 reliqua.
1827 409 1929 466 Ubi
1974 424 2166 464 nume-

800 477 897 540 i'us
918 484 1035 555 ipse
1054 477 1168 555 qua
1190 477 1237 514 "
1268 483 1474 555 possuit
1502 477 1862 555 recensqtdus
1888 488 1971 535 est
2001 493 2170 533 anno-

800 551 981 610 rumit
1003 551 1216 609 Scimus
1232 551 1375 607 enim
1391 551 1608 609 Petrum
1627 561 1681 607 et
1705 551 1927 604 Paulum
1951 560 2169 620 apostoj-

799 625 1193 719 lo‘sauno‘post
1222 624 1528 706 passionem
1562 622 1777 719 Domini
1802 621 1893 705 338,
1934 619 1995 675 id
2012 619 2167 719 est‘?8

800 695 993 750 ultimo
1044 692 1273 750 Neronis
1304 710 1469 755 anno,
1516 709 1706 764 passos
1756 692 2169 764 fuisseﬂmarti-

800 766 962 829 rium,
1011 773 1068 820 et
1117 766 1333 819 beatum
1395 761 1615 819 Petrum
1667 763 1838 818 llome
1893 763 1963 818 25
2006 761 2169 816 annis

801 837 1007 891 sedisse
1069 834 1429 906 episcopalem
1478 834 1824 906 cathedram,
1867 845 1921 906 et
1941 832 2014 887 25
2042 831 2167 886 anui

802 915 856 962 et
888 906 957 960 l4
982 902 1191 962 nou—58
1220 902 1317 960 sed
1354 905 1424 960 59
1467 904 1692 960 faciunt.
1743 902 2007 973 Sequitur
2036 917 2169 972 ergo

800 986 863 1032 ut
909 975 1100 1030 beatus
1146 976 1338 1031 Petrus
1377 976 1567 1030 eodem
1601 974 1667 1028 l4
1713 985 1837 1044 post
1863 973 2169 1044 passionem

801 1047 1014 1101 Domini
1046 1062 1213 1116 anno,
1237 1063 1345 1116 quo
1373 1061 1497 1116 eum
1531 1046 1583 1101 in
1618 1043 2001 1116 Hierusolimis
2037 1043 2171 1116 allo-

799 1113 1292 1188 qttituriclaudiu's
1346 1114 1440 1188 "A,
1487 1125 1683 1188 quarto
1727 1115 1917 1188 Claudi
1965 1114 2172 1188 Cesaris

803 1184 968 1249 anno,
999 1187 1226 1241 Romam
1280 1184 1827 1252 venisse'credamus,
1877 1184 2170 1254 simulque,

802 1255 909 1314 nisi
942 1257 1118 1319 fallor,
1152 1257 1257 1313 hac
1286 1257 1628 1327 expositione
1671 1257 1899 1311 Paulum
1942 1264 2170 1326 aposto-

800 1328 913 1384 lum
935 1327 1125 1384 eodem
1154 1342 1261 1397 quo
1287 1328 1547 1383 Dominus
1572 1341 1769 1397 passus
1793 1336 1879 1382 est
1913 1337 1969 1382 et
1992 1341 2178 1397 resurg

800 1399 961 1454 rexit.
997 1437 1012 1451 .
1044 1436 1058 1452 .
1093 1438 1108 1452 .
1130 1393 1187 1438 ³⁷⁷
1220 1398 1287 1452 ad
1314 1400 1475 1454 fidem
1521 1393 1738 1454 venisse
1774 1398 2059 1468 probatur.
2095 1416 2113 1448 ι
2150 1393 2172 1471 ]

658 1491 748 1547 11.
773 1490 827 1545 2.
861 1487 1023 1563 [xm]
1049 1488 1254 1561 (Ηιειι.)
1282 1488 1534 1544 Julianus
1559 1499 1607 1544 et
1637 1492 1921 1557 Asprenas.
1949 1488 2177 1546 Flaccus

587 1582 796 1639 Acilius
814 1579 1089 1653 prefectus
1106 1581 1281 1652 Egipti
1301 1580 1502 1637 Judeos
1529 1581 1936 1637 calamitatibus
1951 1583 2123 1654 premi

591 1672 973 1728 consentiente
1007 1671 1349 1727 Alexandriae
1397 1672 1591 1743 populo
1641 1680 1698 1727 et
1738 1672 1936 1728 crebro
1977 1672 2171 1729 adver-

591 1778 685 1819 sus
731 1776 825 1820 eos
868 1763 1196 1820 clamoribus
1237 1775 1587 1835 personante,
1638 1766 1927 1838 sinagogas
1956 1781 2175 1839 quoque

590 1871 780 1913 eorum
810 1857 1161 1926 imaginibus,
1194 1858 1416 1914 statutis
1440 1854 1508 1925 ’⁸,
1555 1859 1668 1913 aris
1699 1868 1757 1913 et
1794 1859 2034 1914 victimis
2055 1858 2176 1930 pol-

591 1948 711 2005 luit.
747 1950 861 2005 Filo
882 1949 1077 2006 scribit
1113 1950 1166 2004 in
1198 1949 1358 2018 libro,
1383 1950 1476 2021 qui
1506 1959 1561 2006 et
1594 1950 1840 2014 Flaccus,
1866 1951 1967 2006 hec
1990 1951 2173 2006 omnia

478 2058 489 2063 ’
591 2056 652 2097 se
694 2049 947 2111 prcsente
1003 2052 1179 2111 gesta,
1205 2042 1276 2098 ob
1343 2058 1463 2111 qua:
1506 2043 1673 2097 etiam
1725 2042 2055 2113 legationem
2106 2043 2176 2098 ad

591 2130 786 2188 Gaium
844 2132 958 2203 ipse
1011 2133 1275 2203 suscepit.
1326 2133 1539 2206 (Ιιειιιι.)
1601 2133 1838 2190 llerodes
1902 2135 2176 2191 tetrarcha

593 2231 650 2278 et
687 2223 801 2294 ipse
829 2223 1133 2278 amicitiam
1186 2220 1307 2279 Gaii
1367 2234 1584 2295 petens,
1627 2235 1825 2297 agente
1868 2224 2178 2284 Herodiade

593 2328 689 2370 sua
723 2329 915 2381 uxore,
949 2314 1174 2370 Romam
1207 2316 1379 2380 venit,
1406 2315 1501 2371 sed
1531 2326 1821 2372 accusatus
1853 2318 1920 2373 ab
1942 2317 2178 2390 Agrippa

488 2470 493 2475 ι
597 2406 961 2459 tetrarchiam
1032 2404 1310 2476 perdidit;
1372 2405 1695 2476 fugiensque
1747 2408 1800 2460 in
1855 2408 2175 2479 Hispaniam

595 2498 717 2551 cam
748 2495 1077 2561 llerodiade,
1109 2512 1323 2552 merore
1353 2498 1517 2569 periit
1554 2497 1678 2570 [pro
1708 2498 1881 2554 letitia
1903 2500 1957 2554 in
1990 2499 2177 2556 decol-

594 2586 798 2640 talione
831 2588 1007 2644 sancti
1035 2585 1301 2642 Johannis
1329 2587 1611 2661 baptiste].

598 2696 738 2772 good.
774 2699 828 2753 in
855 2699 1112 2771 margine,
1143 2699 1327 2755 Ciclus
1357 2701 1629 2773 secundus
1655 2701 1775 2757 dec.
1810 2701 2007 2773 incipit
2035 2701 2181 2757 imii-

1141 2773 1323 2826 ctioue
1356 2771 1631 2845 septimm]

667 2861 757 2916 42.
808 2861 861 2916 3.
900 2858 1042 2934 [χχ.]
1083 2860 1291 2933 (litem)
1350 2861 1626 2916 Publicula
1668 2875 1714 2918 et
1753 2863 1952 2918 Nerva.
2004 2862 2175 2920 Gaius

2277 354 2421 409 sibus
2443 354 2498 420 7,
2528 353 2708 408 diebus
2735 352 2826 421 28,
2863 360 2919 409 et
2962 353 3068 407 hoc
3108 358 3192 407 est
3217 363 3392 421 usque
3418 349 3539 404 Kal.
3564 350 3768 422 April.,
3790 355 3833 407 in

2277 457 2426 499 anno
2482 441 2770 513 vigessimo
2824 440 3016 512 quinto
3068 449 3194 511 post
3251 439 3587 511 passionem.
3647 440 3834 512 (Cass)

2271 531 2385 587 Sub
2410 546 2517 601 quo
2546 531 2602 586 hi
2627 532 2879 588 consules
2899 530 3120 589 fuerunt
3146 549 3161 587 :
3238 590 3247 599 _

2339 616 2431 676 45.
2460 621 2510 675 1.
2552 619 2758 694 [nun]
2783 621 2989 693 (Ηιειι.)
3020 619 3278 675 Claudius
3328 636 3478 675 cesar
3498 618 3556 674 2.
3584 629 3637 675 et
3665 619 3837 676 Salar-

2272 713 2447 767 uinus.
2482 711 2581 768 llic
2625 722 2710 768 est
2743 712 3023 778 Claudius,
3054 720 3285 782 patruus
3332 710 3547 780 Drussi,
3588 713 3685 782 qui
3709 716 3835 783 apud

2273 801 2671 872 Magantiacum
2701 810 3112 857 monumentum
3141 800 3327 857 habet.

2346 891 2438 947 46.
2464 892 2519 946 2.
2549 890 2751 964 [xxtv.]
2784 890 2989 963 (Ιίιειι.)
3041 891 3371 947 Saturninus
3398 890 3453 946 2.
3483 900 3533 947 et
3562 889 3834 947 Ventum.

2277 984 2543 1041 Eusebius
2579 984 2916 1041 siczPetrus
2968 980 3270 1055 apostolus.
3328 1000 3455 1041 cum
3500 985 3719 1055 primus
3745 987 3836 1039 Aa-

2277 1076 2535 1131 tiochiam
2591 1076 2879 1132 ecclesiam
2934 1074 3236 1140 fundasset,
3288 1073 3521 1131 Romam
3571 1075 3833 1140 mittitur;

2275 1167 2370 1222 ubi
2416 1166 2756 1239 evangelium
2821 1166 3110 1237 predicans
3170 1165 3244 1221 25
3302 1165 3489 1234 annis,
3571 1180 3836 1237 episcopus

2277 1257 2522 1328 ejusdem
2555 1257 2706 1312 urbis
2728 1266 3061 1327 perseverat.

2345 1349 2434 1404 47.
2458 1351 2512 1405 5.
2547 1348 2729 1422 [xxv.]
2761 1347 2971 1421 (ιίιειι.)
3023 1347 3262 1404 Tiberius
3288 1356 3339 1402 et
3383 1345 3601 1403 Gallus.
3645 1345 3837 1402 Marcus

2278 1438 2646 1509 evangelista,
2678 1438 2946 1509 interpres
2988 1437 3160 1504 Petri,
3194 1436 3420 1507 Egipto
3452 1446 3506 1493 et
3534 1436 3837 1492 Alaxandria

2283 1533 2563 1591 Christum
2623 1534 2885 1606 predicat.
2933 1532 3150 1589 Primus
3196 1532 3508 1589 Antiochia:
3571 1532 3837 1605 episcopus

2131 1591 2170 1649 ι’
2206 1616 2249 1674 Β
2283 1625 2573 1681 ordinatur
2600 1591 2858 1680 Evodius.

2351 1713 2437 1770 48.
2464 1712 2520 1767 4.
2553 1710 2751 1784 [χχιι]
2784 1710 2990 1783 (litt-2n.)
3010 1711 3282 1784 Crispinus
3304 1721 3354 1767 et
3379 1710 3842 1782 Taunu.Agrippt

2279 1819 2377 1860 rex
2405 1803 2704 1860 Judeorum
2741 1803 2899 1859 annis
2941 1813 3150 1875 septem
3194 1805 3494 1875 imperans,
3525 1805 3833 1875 obiit;post

2279 1910 2442 1967 quem
2498 1894 2642 1949 filius
2692 1910 2824 1950 suus
2878 1896 3118 1966 Agrippa
3169 1911 3200 1952 a
3257 1896 3489 1954 Claudio
3541 1898 3598 1951 in
3640 1911 3839 1968 regnum

2279 1985 2666 2043 constituitur.
2708 1983 2987 2041 Prolhetia
3019 1988 3213 2058 Agubi,
3243 2002 3351 2057 qua
3381 1988 3436 2043 in
3469 1988 3614 2042 actis
3635 1987 3704 2019 ¹⁸¹
3727 2001 3837 2057 apo-

2281 2077 2544 2133 stolorum
2572 2075 2767 2133 famem
2796 2078 2850 2132 iu
2877 2084 2991 2134 toto
3019 2079 3151 2134 orbe
3190 2078 3409 2135 dixerat
3458 2077 3729 2147 futuram,
3751 2082 3834 2135 sub

2278 2166 2503 2223 Claudio
2525 2166 2791 2237 expletur.
2816 2167 2943 2225 Haec
2971 2169 3252 2226 Eusebius.
3278 2169 3421 2243 [cod.
3446 2170 3513 2244 (in
3541 2189 3713 2243 marg.
3740 2173 3834 2225 Aac

2279 2275 2383 2315 nus
2409 2259 2478 2314 15
2511 2257 2713 2316 Tiberii
2765 2268 3062 2316 secundum
3111 2260 3387 2317 cronicam
3430 2261 3659 2319 Eusebii
3686 2263 3841 2318 etB:-

2282 2349 2363 2406 dae
2379 2348 2716 2424 prcsbiteri.]
2741 2349 2885 2406 Beda
2909 2365 3041 2407 vero
3063 2352 3175 2407 sic:
3208 2368 3228 2404 ι
3267 2351 3474 2420 Quarto
3499 2368 3649 2409 anno
3669 2353 3844 2409 Claudii

2282 2441 2454 2499 fames
2483 2443 2825 2515 gravissima,
2850 2443 3004 2514 cujus
3028 2443 3205 2500 Lucas
3226 2446 3499 2511 meminit,
3530 2445 3681 2502 facta
3707 2457 3798 2501 est.
3822 2464 3837 2495 ι

2286 2534 2417 2591 Haec
2461 2535 2627 2591 Beda.
2666 2536 2844 2593 Lucas
2881 2551 3013 2593 vero
3049 2537 3101 2592 in
3139 2545 3293 2594 actus
3337 2538 3714 2608 apostolorum
3740 2540 3843 2592 sic:

2289 2641 2309 2676 ι
2343 2624 2398 2679 lu
2453 2624 2646 2683 diebus
2711 2626 2819 2683 illis
2886 2636 3323 2698 supervenerunt
3372 2630 3443 2685 ab
3489 2627 3843 2685 llierusolimis

2284 2716 2553 2788 profhetae
2607 2720 2978 2787 Antiochiam,
3016 2730 3073 2777 et
3109 2736 3340 2792 surgens
3385 2736 3534 2778 unus
3564 2735 3637 2779 ex
3665 2723 3845 2777 eisno«

2286 2808 2430 2864 mlue
2490 2810 2730 2881 Agabus,
2814 2808 3141 2885 significavit
3212 2826 3310 2884 per
3359 2814 3624 2885 spiritum
3677 2812 3845 2869 famem

2286 2913 2539 2968 magnam
2572 2899 2815 2957 futuram
2847 2902 2903 2958 in
2938 2903 3193 2959 universo
3245 2902 3382 2960 orbe
3432 2912 3847 2975 terrarumque:

601 2954 817 3061 Memgm
845 2954 1035 3026 ηεευιί
1372 2956 1558 3064 eum.
1604 2956 1917 3064 genere":
2121 2966 2179 3064 ιεξ
2207 2970 2251 3033 c
2286 2954 2427 3045 ac;
2568 2991 2670 3048 sui.
2698 2954 3846 3064 sataesataenisi:tanta

600 3050 787 3103 uxoris
811 3065 921 3103 sua:
946 3064 1004 3103 se
1033 3057 1243 3117 patrem
1277 3048 1566 3102 scriberet.
1599 3049 1813 3121 (Bene)
1860 3049 2108 3105 Philatus
2129 3051 2174 3083 ³⁸

625 3141 678 3193 in
706 3141 902 3194 multas
956 3140 1203 3194 incidens
1245 3140 1584 3195 calamitates
1618 3149 1673 3196 et
1726 3142 2003 3213 irrogante
2046 3144 2184 3200 Gaio

604 3230 922 3283 cohortatus
979 3228 1168 3295 m'est,
1218 3238 1277 3283 ut
1329 3245 1425 3285 sua
1485 3246 1667 3292 manu,
1724 3247 1829 3301 qua
1905 3232 2181 3288 Christum

605 3319 919 3390 ﬂagelluvit,
953 3322 1069 3390 ipsa
1130 3331 1304 3377 semet
1361 3323 1615 3395 peremit.
1648 3322 1859 3395 (lllER.)
1884 3323 2050 3380 Gaius
2079 3324 2183 3380 Pe-

604 3411 786 3465 tronio
835 3411 1082 3481 prefecto
1140 3412 1316 3483 Syriae
1365 3413 1635 3483 prccepit,
1691 3424 1748 3467 ut
1805 3412 2188 3470 llierusolimis

607 3517 851 3564 Statuam
879 3525 1032 3564 suam
1060 3511 1161 3567 sub
1191 3512 1411 3567 nomine
1450 3512 1601 3568 Jovis
1659 3513 1847 3583 optimi
1875 3521 1931 3568 et
1966 3512 2187 3567 maximi

606 3608 857 3671 poneret.
894 3600 1030 3658 Toto
1064 3602 1197 3659 orbe
1247 3602 1515 3669 Romano,
1565 3603 1707 3659 sicut
1750 3603 1869 3659 Filo
1906 3604 2099 3660 scribit
2134 3612 2189 3659 et

608 3689 896 3763 Joseppus,
934 3694 986 3748 in
1019 3697 1307 3767 synagogis
1341 3694 1638 3751 Judeorum
1690 3705 1887 3753 statuae
1916 3708 1972 3754 et
1997 3697 2190 3770 imagi-

604 3798 706 3857 nes
734 3791 789 3838 et
813 3799 921 3839 arae
947 3783 1066 3840 Gaii
1099 3788 1336 3843 cessaris
1365 3796 1727 3843 consecratze.

680 3874 768 3930 45.
799 3876 852 3931 4.
887 3876 1049 3951 [xu]
1100 3879 1308 3951 (Πιειι.)
1362 3880 1543 3936 Cesar.
1585 3881 1806 3937 Plurimi
1867 3881 2128 3938 nobilium
2161 3897 2191 3938 a

613 3964 749 4019 Caio
780 3966 1094 4033 interfecti;
1137 3985 1467 4041 sororesque
1509 3988 1657 4037 suas,
1693 3973 1894 4043 quibus
1942 3982 2190 4042 stuprum

611 4057 912 4125 iutullerat,
938 4062 1239 4117 insularum
1267 4065 1434 4120 exilio
1485 4065 1838 4123 condemnat.
1881 4066 2192 4137 Gaiusjus-

612 4151 896 4208 sitomnes
940 4156 1157 4210 exsules
1202 4155 1458 4212 interfici.

685 4244 775 4297 44.
806 4244 858 4299 5.
896 4244 1082 4318 [xxu.]
1116 4248 1329 4320 (BI-20A.)
1362 4248 1548 4304 (Ia-sar
1576 4252 1642 4282 ¹⁰¹
1670 4262 1717 4307 et
1749 4239 2029 4309 Julianus.
2083 4255 2194 4310 Ma-

616 4336 776 4390 theus
825 4336 878 4390 in
940 4336 1111 4393 Judca
1169 4342 1476 4408 predicaus,
1537 4344 1882 4413 evangelium
1946 4348 2190 4416 scripsit.

618 4430 821 4500 (Cass)
856 4429 949 4485 His
985 4433 1318 4502 consulibus,
1379 4434 1707 4493 Cassiodoro
1755 4446 1910 4505 teste,
1966 4438 2135 4495 Gaius
2166 4456 2195 4495 a

2286 3094 2391 3149 que
2414 3081 2668 3148 habebat,
2702 3092 3101 3153 proposuerunt
3158 3082 3527 3155 ministerium
3571 3084 3844 3139 mitteret:

2287 3170 2513 3226 Judcam
2561 3171 2852 3240 fratribus;
2883 3174 3028 3245 quod
3066 3183 3121 3229 et
3167 3173 3439 3240 fecerunt,
3476 3175 3758 3231 mittentes
3797 3172 3850 3228 al

2288 3263 2534 3318 seniores
2554 3278 2652 3334 per
2679 3278 2875 3320 manus
2904 3263 3269 3334 apostolorum
3304 3263 3583 3322 Barnabas
3626 3274 3683 3321 et
3703 3262 3849 3321 Pauli.

2289 3353 2490 3407 Eodem
2517 3361 2697 3409 autem
2719 3360 2965 3424 tempore
2991 3353 3170 3410 missit
3200 3352 3448 3411 Herodes
3495 3370 3600 3412 rex
3626 3368 3850 3417 manans,

2288 3451 2351 3496 ut
2372 3441 2632 3514 affligeret
2658 3446 2922 3514 quosdam
2952 3444 3021 3501 de
3039 3442 3288 3501 ecclesia.
3314 3444 3537 3501 Occidit
3577 3455 3757 3502 autem
3782 3442 3855 3499 Ja-

2291 3534 2507 3599 cobum,
2563 3533 2787 3590 fratrem
2838 3533 3126 3603 Johannis,
3175 3535 3377 3607 gladio.
3429 3535 3647 3592 Videus
3698 3545 3855 3591 autem

2293 3623 2435 3694 quod
2465 3623 2699 3695 placeret
2719 3622 2926 3692 Judeis,
2957 3627 3240 3697 appossuit
3262 3628 3684 3700 apprehendere
3704 3637 3755 3684 et
3772 3626 3858 3681 Ροε

2293 3723 2460 3770 trum.
2487 3715 2657 3770 Erant
2683 3724 2865 3771 autem
2910 3717 3026 3774 dies
3059 3719 3383 3775 azimorum.
3429 3719 3612 3789 Quem
3644 3736 3763 3776 cum
3784 3734 3860 3788 sp-

2291 3806 2697 3876 prchendisset,
2748 3807 2926 3863 missit
2956 3808 3011 3863 in
3040 3822 3323 3865 carcerem
3377 3810 3525 3882 (Act.
3555 3827 3639 3878 χι,
3664 3810 3855 3871 27-30;

2295 3912 2394 3962 xu,
2427 3895 2566 3966 1-4),
2602 3917 2621 3950 ι
2654 3905 2710 3952 et
2727 3898 2954 3969 reliqua.
2983 3897 3241 3970 Sequitur
3267 3899 3492 3956 Lucas:
3531 3919 3554 3954 ι
3585 3903 3857 3973 segregate

2301 3986 2433 4040 mihi
2468 3987 2752 4042 Barnaban
2785 3988 2853 4020 ¹⁰³
2882 3996 2935 4044 et
2960 3986 3188 4045 Paulum
3210 3990 3265 4044 in
3295 4004 3460 4060 opus,
3489 3992 3642 4061 quod
3666 4007 3856 4046 assum-

2296 4077 2378 4147 psi
2434 4092 2528 4135 eos
2579 4080 2723 4150 (Act.
2778 4095 2901 4146 χιιι,
2967 4080 3044 4152 2).
3090 4098 3112 4134 ι
3154 4079 3299 4136 Beda
3352 4081 3435 4137 sic
3476 4082 3575 4155 (ad
3640 4100 3688 4138 c.
3724 4081 3861 4150 xm):

2303 4187 2321 4220 ι
2358 4168 2554 4227 Paulus
2578 4169 2733 4240 juxta
2755 4172 3000 4229 ordinem
3030 4172 3272 4229 historia:
3314 4173 3383 4227 l3
3442 4188 3591 4229 anno
3616 4183 3741 4245 post
3763 4186 3866 4244 pas-

2302 4264 2505 4319 sionem
2551 4263 2760 4320 Domini
2793 4265 3149 4336 apostolatum
3192 4281 3316 4321 cum
3344 4265 3595 4323 Barnaba
3628 4266 3865 4335 Paulique

2302 4354 2565 4424 ac-cipisse
2616 4356 2967 4421 vocabulum,
3010 4355 3072 4411 l4
3108 4366 3289 4412 autem
3321 4370 3468 4413 anno
3515 4367 3639 4427 post
3684 4354 3868 4428 passio-

2302 4462 2423 4501 nem
2447 4444 2598 4513 juxta
2621 4447 2928 4503 condictum
2957 4446 3177 4513 Jacobi,
3209 4446 3409 4517 Cephze
3428 4456 3485 4503 et
3509 4447 3787 4509 Johannis,
3813 4444 3869 4499 ad

620 4520 1022 4589 protectoribus
1048 4522 1160 4578 suis
1185 4524 1453 4579 occiditur
1477 4527 1528 4580 in
1557 4526 1783 4596 palatio,
1830 4544 1974 4585 anno
2017 4532 2199 4587 aetatis
2302 4536 2541 4607 gentium
2573 4537 2946 4608 magisterium
2974 4537 3142 4593 fuisse
3163 4536 3491 4609 profectum.
3524 4556 3544 4590 ι
3572 4537 3700 4593 Hzec
3720 4536 3865 4592 Beda.

620 4627 730 4666 suae
778 4612 870 4682 24,
906 4629 1092 4671 mense
1139 4617 1321 4688 quassi
1370 4616 1517 4672 Julii.
1573 4617 1671 4674 Cui
1757 4618 2015 4677 Claudius
2064 4638 2188 4679 suc-

621 4705 788 4762 cessit

2302 4627 2380 4681 De
2406 4627 2506 4683 hac
2528 4643 2656 4698 ergo
2673 4628 2989 4683 ascensione
3010 4643 3106 4684 sua
3132 4629 3187 4683 in
3210 4627 3575 4693 Hierusalem,
3597 4637 3867 4698 postquam

2310 4716 2478 4785 dixit,
2534 4726 2590 4772 ut
2615 4734 2776 4790 supra
2829 4720 3066 4776 diximus
3096 4720 3165 4790 (υ.
3190 4737 3243 4774 a.
3277 4719 3405 4792 55),
3436 4728 3563 4790 post
3583 4731 3697 4774 tres
3719 4731 3872 4773 annos

1896 4910 2131 4967 VARl/E
2172 4913 2582 4973 LECTIONES.

696 5043 743 5075 9"
764 5060 796 5113 q
822 5045 873 5098 1.
904 5043 1013 5126 lege
1037 5061 1053 5098 :
1079 5060 1282 5126 quam._
1337 5042 1383 5077 9"
1409 5045 1461 5098 iu
1486 5048 1508 5100 1
1623 5046 1684 5126 ,9ο
1701 5045 1856 5126 lege:
1878 5047 2103 5126 Paulus.
2183 5049 2228 5126 ’ς’
2265 5051 2485 5126 supple:
2515 5067 2679 5108 anno.
2749 5053 2810 5126 ,⁸⁸7
2832 5054 2941 5126 lege

2990 5068 3009 5107 :
3070 5056 3291 5111 statuis.
3331 5127 3335 5128 ί
3369 5062 3414 5096 θ’
3449 5058 3503 5111 in
3552 5074 3723 5128 marg.
3778 5073 3871 5109 ser.

623 5106 794 5169 manu
827 5106 1409 5197 _scril3itu.r':-l’ltilatus
1469 5118 1567 5197 vel.
1606 5117 1680 5197 de
1701 5106 1883 5197 Pouuto‘
1912 5120 2086 5197 insula
2117 5120 2218 5197 _ve|
2245 5106 2696 5197 de'regioneiqua
2740 5106 3042 5180 fuitv'natus
3072 5106 3529 5183 's'ié'i'éaunauié.
3555 5106 3873 5197 "763a,?

608 5193 926 5241 coartatus.
1007 5186 1072 5217 ¹⁰¹
1127 5186 1339 5239 Numen
1368 5187 1595 5240 Caesaris
1644 5187 1804 5239 limra
1848 5188 2075 5241 deletum
2111 5190 2161 5243 1.

626 5267 701 5311 est
734 5276 745 5310 :
778 5257 916 5311 actis
944 5258 994 5311 Vl.
1077 5256 1144 5288 ¹⁰³
1174 5272 1336 5309 manu
1373 5272 1479 5308 sec.
1518 5257 1571 5308 in
1610 5272 1779 5311 mare.
1825 5257 1918 5311 fol.
1965 5257 2089 5311 104.
2119 5276 2161 5311 ai

626 5267 701 5311 est
734 5276 745 5310 :
778 5268 916 5311 actls
944 5267 994 5311 1.

2244 5191 2311 5222 ²⁰²
2335 5191 2585 5258 scriptum
2613 5191 2752 5261 erat,
2775 5205 2832 5248 ut
2862 5197 3088 5261 videtur,
3122 5196 3377 5261 actubus,
3419 5200 3511 5252 sed
3558 5191 3874 5253 emendatus:
3924 5196 3926 5261 ξ

1077 5256 1144 5288 ¹⁰³
1174 5272 1336 5309 manu
1373 5272 1479 5308 sec.
1518 5257 1571 5308 in
1610 5272 1779 5326 marg.
1824 5257 1918 5326 fol.
1965 5257 2089 5312 104.
2119 5260 2337 5315 additur
2361 5276 2379 5313 :
2419 5256 2551 5317 Erat
2580 5256 2987 5321 scene'factorize
3022 5256 3157 5321 artis
3183 5265 3247 5321 Β.
3291 5256 3483 5323 Sceua:
3507 5265 3685 5323 Grece
3715 5269 3877 5322 taber-
3924 5256 3926 5321 i
