3926 5326
461 183 564 239 647

1782 143 2066 209 MARIANI
2107 138 2347 201 SCOTTI

3626 121 3732 180 8K8

529 294 616 350 6|.
655 291 708 345 3.
762 284 998 362 [sum]
1060 280 1262 355 (Ηιειι.)
1293 277 1435 335 Nero
1483 285 1527 330 et
1589 270 1764 328 Vetus.
1834 263 2040 323 Probus
2068 269 2117 328 Α
2146 274 2273 315 non.
2303 256 2369 310 Et
2410 255 2549 336 hanc
2572 265 2692 308 esse
2730 258 2958 307 matrem
2986 245 3171 304 Jacobi
3196 255 3256 301 et
3278 241 3514 310 Josetis,
3557 242 3735 344 idest

2146 346 2213 362 In,
2250 346 2301 362 ,I.
2343 343 2532 362 nIA-__
2601 354 2821 362 _-_-_-...
2862 338 3039 362 AInLAZ
3091 336 3231 362 Ι.--Α
3269 335 3468 362 ᾸξΑΙσιαι
3496 333 3729 362 Πηιια-ιι

462 387 634 441 Rome
665 378 1063 437 eruditissimus
1086 371 1490 446 grammaticus.

532 473 623 528 62.
664 471 718 525 4.
761 466 899 542 [μη]
954 464 1160 538 (litt-zu.)
1224 459 1366 515 Nero
1391 459 1446 512 2.
1499 465 1547 510 et
1604 454 1780 509 Pisso.
1838 449 2046 507 Statius

463 561 692 619 Ursulus
717 556 1024 615 Toloscnsis
1046 554 1400 611 celeberrime
1438 549 1492 604 in
1514 546 1686 603 Gallia
1718 542 2045 599 rhetoricam

463 656 720 799 (102?..5.
763 737 923 812 [XLL]
976 733 1180 807 (litt-2n.)
1243 732 1386 786 Nero
1425 728 1482 784 5ο
1531 736 1579 782 et
1639 702 1865 781 Mesala:
1907 720 2048 776 Nero

463 842 692 890 matrem
731 844 882 885 suout
913 825 1263 896 Agrippinam
1304 830 1357 876 et
1394 833 1635 875 sororem
1675 814 1847 886 patris
1877 814 2049 869 inter-

464 924 614 981 fecit.
645 919 983 977 Tcrrimotus
1010 916 1179 969 [tome
1204 922 1261 968 et
1283 911 1514 967 defectio
1543 906 1692 965 solis.

537 1011 626 1068 64.
668 1011 721 1067 6.
765 1008 946 1081 [ηιι.1
982 1004 1186 1078 (litum)
1231 1000 1374 1058 Nero
1406 1000 1461 1055 4.
1501 1010 1550 1055 et
1583 998 1875 1054 Cornelius.
1908 994 2050 1051 Nero

467 1111 629 1159 tanta:
658 1101 883 1154 luxuria:
928 1097 1062 1161 fuit,
1108 1103 1168 1149 ut
1211 1093 1421 1165 frigidis
1462 1100 1518 1146 ct
1549 1089 1739 1146 calidis
1775 1089 2051 1144 labaretur

470 1192 743 1264 ungentis.
773 1188 939 1245 Festo
966 1185 1299 1258 procuratori
1328 1182 1512 1239 Judeze
1540 1181 1784 1237 succedit
1805 1180 2048 1235 Albinus.

470 1283 685 1355 (Βευλ.)
715 1280 947 1336 Jacobus
979 1274 1119 1332 filius
1147 1275 1366 1346 Alphei,
1420 1274 1589 1327 frater
1636 1272 1881 1337 Domini,
1927 1286 2054 1326 cum

468 1374 539 1430 50
568 1374 722 1428 anuis
765 1379 888 1441 post
935 1370 1240 1441 passionem
1290 1364 1776 1421 Hierusolimorum
1821 1363 2056 1418 rexisset

472 1463 789 1529 ecclesiam,
820 1469 1010 1516 octavo
1040 1457 1158 1512 Kal.
1187 1452 1357 1527 April.
1377 1496 1392 1522 ,
1427 1464 1616 1511 sancto
1670 1455 1757 1509 die
1798 1454 2012 1524 paschae
2034 1492 2050 1518 ,

473 1572 503 1611 a
526 1553 1028 1622 Judeislapidatur,
1060 1548 1400 1605 vindicantes
1431 1548 1483 1603 in
1515 1562 1611 1614 eo,
1649 1546 1794 1617 quod
1827 1545 2051 1601 Paulum

2146 346 2312 400 Maria
2341 333 2570 413 Cleopa,
2600 354 2825 396 uxorem
2851 338 3064 408 Alphei,
3091 336 3233 392 hanc
3267 335 3470 391 dictam
3494 333 3730 388 Mariam

2146 437 2330 494 Jacobi
2368 435 2625 501 minoris;
2666 449 2787 506 qua:
2826 440 2909 489 est
2952 440 3129 488 mater
3168 428 3357 487 Jacobi
3414 438 3473 485 et
3527 427 3731 499 Joseph

2148 530 2439 586 secundum
2461 525 2781 599 Matheum.]

2220 619 2310 675 65.
2351 619 2403 673 7.
2447 616 2649 690 [smn]
2699 616 2904 688 (litem)
2932 612 3065 670 Pius
3118 624 3167 669 et
3205 610 3543 684 Tupitianus.
3589 609 3732 666 Nero

2150 708 2320 763 Rome
2349 707 2556 762 cithara
2579 705 2932 761 contendens.

2220 800 2308 855 66.
2347 799 2401 855 8.
2442 797 2636 871 [xum]
2669 796 2855 869 (Onos.
2891 811 2998 861 vn,
3037 794 3092 867 7)
3117 793 3394 850 Macrinus
3437 802 3489 849 et
3518 792 3729 849 Callus.

2151 891 2293 947 Nero
2323 890 2526 946 retibus
2552 889 2732 943 aureis
2756 887 3060 958 piscaretur
3077 926 3091 953 ,
3122 901 3243 957 quae
3272 883 3499 940 funibus
3520 900 3730 955 put-pus

2153 984 2260 1038 reis
2291 981 2737 1037 extrahebautur.
2785 979 2926 1034 Ante
2971 993 3217 1034 mensam
3246 976 3479 1034 Nemnis
3528 977 3732 1033 fulmen

2154 1075 2375 1132 cecidit.

2225 1166 2315 1221 67.
2343 1163 2395 1220 9.
2426 1163 2600 1236 [sua]
2623 1160 2843 1217 Crassus
2863 1172 2910 1218 et
2929 1163 3146 1218 Bassus.
3170 1158 3383 1218 Marcus
3402 1161 3733 1233 evangelista

2154 1271 2318 1313 carne
2338 1258 2554 1311 exuitur
2579 1263 2766 1311 sancto
2796 1255 2884 1310 die
2901 1256 3136 1325 paschae,
3159 1256 3191 1310 7
3212 1255 3300 1311 die
3329 1253 3561 1312 Kalend.
3586 1256 3731 1323 Maii,

2156 1358 2215 1405 ut
2236 1351 2429 1421 legitur
2457 1349 2511 1403 in
2548 1348 2918 1419 martirologio
2943 1366 2957 1402 :
2992 1366 3011 1399 t
3041 1348 3208 1403 Marci
3230 1342 3565 1419 evangeliza:
3592 1351 3732 1404 nati-

2157 1443 2294 1497 vitas
2320 1442 2351 1495 7
2384 1440 2504 1495 Kal.
2530 1439 2674 1494 Maii.
2707 1459 2725 1492 »
2752 1471 2822 1479 -
2843 1440 3057 1511 (Eusuu.
3082 1438 3225 1494 Hist.
3249 1440 3379 1494 ecct.
3402 1454 3444 1495 tt
3469 1479 3486 1506 ,
3510 1438 3602 1507 i5,
3623 1440 3732 1512 l6.)

2158 1533 2257 1589 llic
2282 1534 2575 1604 discipulus
2601 1543 2656 1589 et
2680 1534 2951 1605 in'erpres
2982 1525 3155 1589 Sancti
3187 1531 3332 1588 Petri
3355 1532 3621 1604 apostoli,
3651 1549 3736 1588 ro-

472 1612 911 1701 interficere-non
953 1612 1258 1712 potuerunt.
1307 1638 1392 1711 [Β.
1447 1612 1609 1709 super
1648 1612 1800 1692 actus
1826 1645 2052 1707 apostn-
2083 1612 2127 1672 Β
2156 1637 2313 1699 gntus
2342 1628 2524 1683 Romae
2551 1642 2582 1681 ιι
2605 1626 2904 1691 fratribus,
2942 1626 3160 1697 scripsit
3186 1626 3567 1696 evangelium;
3598 1627 3736 1696 quod

473 1736 689 1791 lorum:
750 1753 767 1785 ι
796 1733 1017 1790 Constat
1068 1733 1208 1802 quod
1258 1732 1449 1787 beatus
1486 1730 1721 1806 Jacohus
1776 1730 1869 1785 50°
1932 1738 2057 1801 post

475 1824 780 1895 passionem
816 1821 1027 1876 Domini
1056 1836 1197 1875 anno
1220 1834 1375 1875 suum
1408 1820 1803 1876 consummavit
1838 1828 2051 1891 marty-

476 1913 640 1968 rium.
676 1931 695 1965 ι
722 1911 915 1966 Petrus
936 1911 1028 1966 58°
1047 1910 1098 1964 id
1119 1917 1202 1965 est
1227 1909 1416 1965 ultimo
1437 1926 1579 1965 anno
1611 1909 1838 1966 Neronis
1867 1925 2057 1982 passus

474 2013 590 2071 est,
615 2014 670 2060 et
697 2004 887 2059 Petrus
907 2003 960 2058 in
992 2003 1226 2059 secunda
1248 2019 1342 2058 sua
1356 2004 1573 2073 scripsit
1593 2004 1817 2067 epistola
1843 2019 1857 2059 :
1881 2023 1900 2057 ι
1928 2004 2059 2061 Cer-

477 2108 565 2155 tus
587 2115 705 2156 snm
735 2099 879 2171 quod
927 2099 1085 2155 velox
1115 2098 1186 2153 sit
1216 2098 1482 2168 depositio
1524 2099 1858 2155 tabernaculi
1914 2099 2056 2167 mei,

479 2192 773 2250 secundum
822 2192 964 2262 quod
1005 2201 1061 2247 et
1109 2192 1358 2247 dominus
1409 2200 1590 2247 noster
1623 2191 1782 2248 Jesus
1810 2192 2060 2249 Christus

476 2281 800 2348 signiﬁcavit
846 2280 975 2336 mihi
1027 2289 1149 2350 per'
1185 2280 1572 2337 relcvationetn
1642 2281 1735 2336 ηδ.
1800 2302 1819 2335 ι
1870 2282 2057 2339 Beda:

484 2393 503 2427 ι
535 2373 708 2440 Unde,
739 2381 908 2443 patet,
935 2372 1247 2429 imminente
1276 2373 1526 2443 passione
1548 2375 1686 2429 hanc
1717 2374 2060 2446 scripsitepi-

479 2465 696 2532 stolam,
722 2482 845 2521 cum
872 2466 1038 2520 multo
1058 2474 1184 2520 ante
1214 2464 1448 2522 Jacobus
1494 2467 1745 2536 migravit
1784 2467 1850 2522 ad
1883 2469 2063 2523 Domi-

479 2573 606 2612 num
652 2558 741 2610 ¹⁰⁶.
782 2556 830 2629 ι]
868 2556 1129 2624 Quoniam
1159 2558 1342 2627 itaque
1366 2567 1559 2615 octavo
1606 2555 1725 2613 Kal.
1784 2559 1953 2629 April.
2001 2560 2056 2616 in

476 2650 679 2718 pascha
705 2646 1282 2716 passus'sitJacobus,
1316 2660 1372 2704 et
1402 2650 1505 2705 hoc
1549 2650 1601 2704 in
1633 2666 1776 2705 anno
1823 2652 1893 2706 30
1937 2661 2060 2723 post

480 2739 786 2809 passionem
828 2738 1029 2792 factum
1061 2747 1171 2805 est,
1201 2738 1356 2808 juxta
1404 2749 1570 2794 totam
1604 2740 1872 2795 melesiatn
1903 2752 2064 2810 atque

484 2843 673 2885 omnes
746 2830 1036 2885 historicos
1094 2831 1227 2886 satis
1275 2841 1497 2902 apparet
1554 2834 1698 2902 quod
1742 2843 1894 2889 sexto
1941 2834 2061 2890 Kal.

495 2920 668 2991 April.
689 2923 922 2976 surrexit
948 2921 1225 2977 Dominus.
1255 2921 1353 2976 llic
1375 2922 1557 2993 itaque
1588 2939 1760 2980 annus
1779 2925 1813 2979 5
1838 2925 2066 2982 Neronis

482 3013 691 3069 ratione
717 3013 1007 3081 temporis,
1057 3013 1353 3067 secundum
1394 3029 1525 3069 vero
1566 3014 1759 3069 falsam
1807 3027 2067 3088 supputa-

488 3104 690 3158 tionem
720 3101 1117 3173 Olympiadem,
1147 3100 1262 3170 ejus
1282 3113 1364 3157 est
1390 3104 1671 3174 septimus,
1697 3105 1751 3159 in
1782 3120 1889 3175 quo
1911 3116 2069 3163 antea

482 3195 636 3263 juxta
668 3194 866 3248 Dedam
900 3209 963 3247 ac
988 3192 1344 3263 Theophilum
1368 3195 1420 3249 in
1437 3207 1630 3252 octavo
1650 3196 1874 3253 Kalend.
1901 3198 2069 3269 April.

488 3284 776 3339 Dominum
810 3283 1173 3339 resurrexisse
1209 3286 1571 3341 narravimus.
1623 3286 2071 3344 Resurrectionem

488 3376 625 3431 enim
655 3374 849 3429 Christi
877 3375 932 3428 in
969 3374 1065 3428 hoc
1091 3392 1229 3430 anno
1254 3385 1430 3431 octavo
1462 3377 1585 3433 Kal.
1624 3379 1819 3448 Aprilis
1859 3393 2072 3436 sanctus

492 3468 639 3523 Beda
676 3467 751 3521 sic
785 3475 932 3536 putat
957 3507 970 3531 ,
1014 3478 1223 3538 propter
1257 3472 1675 3540 supputationem
1705 3473 1937 3545 iniquam
1959 3490 2073 3529 cro-

493 3559 643 3613 nicae
663 3557 730 3589 ¹⁰⁷
766 3557 976 3610 Eusebii
1000 3599 1013 3619 ,
1049 3566 1095 3612 et
1127 3569 1239 3627 post
1266 3577 1379 3615 eam
1408 3578 1557 3615 suam
1584 3565 1848 3619 cronicam
1872 3582 2076 3636 compo-

495 3649 603 3703 suit
631 3649 695 3702 ab
721 3648 1080 3703 incarnatione
1110 3648 1316 3705 Domini
1340 3692 1356 3717 ,
1394 3653 1529 3706 sicut
1561 3655 1668 3725 ipse
1692 3656 1839 3710 dicit.
1872 3656 2073 3712 Jacoho

491 3753 622 3792 vero
673 3751 862 3808 passo,
914 3737 966 3791 in
998 3746 1212 3792 trouum
1260 3740 1374 3810 ejus
1415 3746 1679 3800 successit
1725 3761 1855 3802 suus
1907 3746 2078 3803 frater

494 3827 714 3883 Simeon
749 3826 841 3898 qui
881 3835 935 3881 et
979 3826 1163 3883 Simon
1193 3829 1513 3886 adsumitur.
1549 3833 1613 3889 Ili
1640 3836 1835 3892 fratres
1862 3837 2075 3894 Domini

495 3921 779 3987 dicuntur,
822 3921 949 3990 quia
998 3931 1172 3977 mater
1213 3939 1399 3979 eorum
1432 3925 1630 3994 Maria,
1679 3945 1819 3984 uxor
1840 3931 2031 4002 Alphei
2057 3972 2072 3998 ,

494 4025 653 4066 soror
698 4020 818 4064 erat
858 4006 1090 4077 Marias,
1122 4014 1313 4069 matris
1364 4014 1598 4070 Domini.
1648 4017 1820 4085 Quam
1851 4019 2075 4075 Mariam

492 4098 708 4169 CleOpae
736 4099 866 4154 dicit
889 4097 1182 4167 Johaunes,
1202 4102 1285 4157 vel
1307 4104 1448 4172 quod
1463 4105 1702 4176 Alpheus
1720 4107 1970 4178 Cleopas,
1994 4110 2077 4165 vel

499 4198 625 4258 post
673 4197 857 4242 natum
893 4188 1152 4245 Jacobum
1180 4192 1432 4249 defuncto
1460 4194 1667 4264 Alpheo
1696 4196 1862 4251 Maria
1893 4201 2076 4268 nupsit

2158 1726 2359 1789 quanto
2404 1718 2599 1775 ceteris
2627 1719 2832 1774 tardius
2874 1718 3178 1786 inchoavit,
3220 1726 3373 1774 tanto
3409 1719 3469 1773 in
3496 1720 3734 1788 longiora

2159 1811 2445 1867 scribendo
2479 1822 2717 1881 tempora
2740 1812 3004 1882 porrexit.
3038 1810 3123 1866 Ab
3156 1811 3315 1866 initio
3333 1811 3487 1866 enim
3512 1824 3737 1882 evange-

2159 1904 2279 1961 licaa
2308 1904 2725 1973 predicationis,
2754 1905 2896 1975 quod
2920 1920 3015 1975 per
3034 1902 3296 1959 Joannem
3320 1903 3557 1970 factum,
3582 1904 3733 1976 cepit,

2160 2011 2332 2067 usque
2356 1995 2421 2051 ad
2450 2006 2659 2065 tempus
2686 2009 2795 2065 quo
2818 1995 3045 2064 apostoli
3084 1996 3444 2066 predicavere
3474 1996 3736 2065 pervenit.

2162 2087 2315 2156 Quod
2355 2101 2478 2142 cum
2526 2087 2719 2142 Petrus
2761 2087 3030 2151 audisset,
3079 2086 3364 2156 prohavit,
3413 2094 3475 2140 et
3516 2085 3738 2141 ecclesiis

2163 2178 2448 2249 legendum
2502 2191 2597 2232 sua
2654 2176 2977 2232 auctoritate
3025 2175 3215 2231 edidit.
3274 2173 3398 2243 Quo
3464 2176 3740 2246 evangelio

2166 2276 2442 2338 assumpto
2464 2308 2479 2333 ,
2508 2267 2649 2323 idem
2679 2266 2924 2332 Marcus,
2963 2267 3210 2338 mittente
3248 2265 3454 2334 Petro,
3512 2267 3741 2337 perrexit

2162 2362 2215 2417 in
2246 2360 2539 2432 Aigyptum
2561 2401 2576 2426 ,
2601 2369 2656 2415 et
2677 2360 2910 2429 primum
2932 2358 3276 2415 Alexandriae
3299 2358 3590 2416 Chrismm
3619 2376 3742 2415 nunc

2164 2455 2329 2521 tians,
2355 2452 2635 2509 constituit
2656 2451 2945 2507 ecclesiam.
2969 2451 3101 2507 Erat
3121 2460 3303 2508 autem
3321 2460 3479 2507 tanta
3500 2452 3738 2508 doctrin:

2162 2547 2392 2616 vitasque
2417 2545 2747 2601 continentia
2765 2586 2780 2612 ,
2810 2552 2873 2600 ut
2909 2559 3100 2601 omnes
3125 2552 3428 2601 sectatores
3451 2544 3661 2600 Christi
3682 2542 3739 2599 ad

2164 2636 2467 2707 exemplum
2509 2652 2666 2692 suum
2721 2645 2956 2708 cogeret.
3008 2636 3174 2707 Cujus
3217 2635 3418 2692 Petrus
3473 2636 3534 2692 in
3577 2637 3742 2708 prima

2164 2731 2391 2801 epistola
2422 2731 2668 2786 meminit
2695 2730 2785 2803 (ν,¹
2812 2731 2900 2802 15)
2924 2771 2938 2796 ,
2970 2729 3199 2785 Romam
3222 2730 3449 2790 nomine
3474 2729 3746 2787 Babilonis

2167 2822 2452 2877 nominans
2486 2841 2500 2877 :
2537 2841 2555 2874 t
2590 2822 2802 2878 Salutat
2846 2837 2943 2878 vos
2975 2840 3095 2895 quae
3127 2833 3211 2879 est
3239 2823 3293 2879 in
3331 2823 3604 2880 Babilone
3641 2824 3745 2879 col-

2167 2911 2306 2967 lecta
2320 2935 2341 2978 -,
2372 2921 2427 2968 et
2447 2912 2661 2969 Marcus
2690 2914 2834 2970 filius
2861 2929 3032 2971 meus.
3067 2933 3087 2967 ι
3120 2913 3330 2984 Quique
3352 2915 3675 2971 constitutis
3698 2924 3747 2969 et

2171 3004 2508 3061 continuatis
2531 3006 2758 3062 melcsiis
2785 3022 2884 3078 per
2925 3007 3159 3073 Libiam,
3184 3005 3471 3071 Maricam,
3498 3008 3747 3063 Hammo-

2174 3097 2382 3163 nicam,
2417 3095 2816 3167 Peutaopolim,
2864 3098 3248 3153 Alexandriam
3284 3108 3454 3169 atque
3485 3099 3745 3170 Egyptum

2174 3190 2515 3257 universam,
2543 3190 2611 3245 ad
2644 3190 2892 3245 ultimum
2926 3199 3107 3247 tentus
3143 3200 3228 3248 est
3254 3208 3283 3246 a
3311 3193 3548 3263 paganis
3574 3191 3748 3264 [Bede

2171 3278 2355 3352 more]
2394 3280 2485 3350 qui
2528 3291 2905 3337 remanserunt
2937 3283 2990 3337 in
3021 3283 3367 3339 Alexandria.
3418 3283 3524 3351 Qui
3566 3284 3746 3338 viden-

2175 3383 2257 3426 tes
2302 3387 2426 3427 eum
2482 3373 2676 3429 missas
2715 3370 3032 3441 facientem,
3079 3375 3167 3430 die
3210 3384 3417 3447 sancto
3447 3376 3680 3448 pascha,
3716 3374 3745 3428 7

2175 3461 2291 3516 Kal.
2322 3461 2477 3529 Maii,
2509 3464 2802 3520 misserunt
2823 3463 3007 3519 funem
3034 3466 3089 3521 in
3113 3465 3312 3522 collum
3349 3467 3501 3537 ejus,
3551 3477 3608 3523 et
3649 3475 3747 3520 tra-

2178 3555 2374 3610 hebant
2418 3570 2541 3610 eum
2566 3557 2633 3611 ad
2663 3556 2778 3613 loca
2811 3557 3046 3614 Bucolia:
3071 3575 3191 3629 qua:
3208 3567 3369 3614 erant
3406 3558 3568 3628 juxta
3607 3574 3745 3614 mare

2176 3649 2278 3702 sub
2313 3647 2572 3717 rupibus,
2625 3648 2716 3703 ubi
2759 3646 2895 3705 erat
2925 3651 3141 3706 mclesia
3174 3659 3523 3718 constructa,
3561 3651 3748 3707 deflue-

2176 3737 2416 3808 bamque
2442 3754 2634 3797 carnes
2663 3739 2779 3809 ejus
2810 3740 2886 3813 [in
2917 3739 3143 3814 terram]
3161 3781 3178 3809 ,
3200 3756 3265 3798 ac
3282 3757 3417 3798 saxa
3441 3743 3749 3798 inlicieban-

2179 3836 2268 3882 tur
2292 3830 2538 3899 sangine.
2578 3829 2815 3902 Vespere
2864 3841 3044 3888 autem
3091 3832 3268 3900 facto,
3304 3837 3609 3890 misserunt
3634 3850 3749 3890 eum

2179 3918 2232 3973 in
2259 3920 2553 3986 carcirem,
2583 3922 2675 3976 ubi
2706 3924 2852 3978 circa
2876 3924 3107 3979 mediam
3143 3932 3356 3981 noctem
3388 3925 3572 3997 primo
3596 3940 3751 3996 ange-

2179 4008 2286 4064 lica
2344 4010 2681 4067 vissitatione
2744 4013 3098 4071 conﬁrmatus
3139 4023 3243 4071 est.
3281 4014 3353 4072 At
3379 4032 3582 4084 mane,
3634 4019 3749 4073 dum

2178 4102 2520 4156 trachcretur
2536 4102 2603 4157 ad
2628 4103 2743 4159 loca
2765 4104 3015 4172 Bucolica,
3040 4107 3241 4178 gratias
3255 4122 3419 4178 agens
3442 4106 3525 4180 [et
3552 4106 3750 4179 dicens]

2183 4206 2202 4241 ε
2256 4189 2519 4255 Domine,
2595 4192 2649 4247 in
2698 4208 2890 4249 manus
2959 4192 3452 4252 tuas’commendo
3511 4194 3749 4268 spiritum

496 4282 726 4382 Cleope,
747 4281 832 4335 cui
850 4281 1171 4382 Symp-onem
1189 4283 1353 4340 filium
1377 4286 1589 4356 genuit;
1616 4289 1707 4359 qui
1724 4290 1950 4360 Cleopas
1977 4291 2076 4348 fuit
2107 4323 2153 4382 Β
2181 4299 2356 4338 meum
2377 4323 2392 4349 ,
2430 4302 2448 4335 ι
2481 4283 2636 4351 obiit,
2665 4294 2721 4340 et
2747 4286 2987 4356 sepultus
3005 4294 3088 4342 est
3112 4288 3164 4342 in
3196 4288 3315 4344 loco
3336 4288 3535 4358 lapidis
3562 4290 3751 4345 διεὶς»δί

497 4368 669 4423 frater
692 4368 931 4437 Jnsephi.
952 4368 1320 4439 [llieronimus
1366 4378 1507 4441 (adv.
1540 4376 1839 4433 Helvidium
1854 4379 1951 4449 Op.
1983 4380 2074 4445 IV.

486 4471 562 4521 'll,
585 4472 640 4525 p.
677 4455 800 4527 158)
833 4456 902 4488 ¹⁰⁸
930 4472 950 4510 τ
980 4456 1098 4526 Ipsa
1121 4458 1283 4513 etiam
1306 4460 1473 4517 Maria
1498 4474 1612 4529 est,
1641 4482 1745 4536 que
1766 4467 1951 4524 Jacobi
1974 4470 2071 4525 mi-

502 4547 652 4601 noris
679 4540 935 4602 scribitur
963 4541 1168 4616 mater,
1197 4549 1300 4606 fuit
1335 4568 1472 4608 uxor
1490 4555 1682 4625 Alphei
1707 4568 1764 4614 ct
1785 4574 1941 4615 soror
1966 4577 2080 4617 ma-

503 4639 603 4693 tris
627 4638 866 4705 Domini;
901 4656 1061 4710 quam
1087 4640 1309 4698 Mariam
1338 4643 1547 4718 Cleopze
1573 4647 1848 4706 Johanncs
1874 4652 2024 4718 dicit,
2050 4668 2080 4707 a

503 4736 693 4800 patre,
716 4728 853 4783 vela
877 4730 1178 4799 gentilitate
1207 4731 1426 4790 familia:
1444 4776 1460 4802 ,
1507 4737 1591 4793 vel
1622 4739 1728 4795 alia
1754 4756 1916 4797 causa
1936 4783 1951 4807 ,
1996 4744 2084 4798 vel

506 4819 744 4874 binomia
775 4818 895 4873 fuit.
921 4851 991 4860 —
1012 4814 1232 4877 Fratres
1256 4822 1465 4880 Domini
1490 4829 1826 4899 "appellantur
1858 4832 1952 4886 filii
1975 4848 2088 4887 ma-

508 4915 722 4965 tertera:
748 4909 865 4980 ejus
886 4908 1088 4976 Mariae,
1118 4913 1207 4981 qui
1236 4922 1394 4969 antea
1420 4932 1529 4971 non
1556 4920 1872 4987 credentes,
1899 4931 2087 4990 postea

510 5003 886 5069 crediderunt;
915 5002 995 5057 vel
1020 5000 1160 5060 unus
1183 5020 1369 5061 eorum
1391 5009 1573 5063 statim
1591 5011 1820 5067 credidit
1879 5012 1968 5067 alii
1996 5013 2084 5068 diu

2183 4391 2305 4429 cum
2336 4374 2534 4446 gloria,
2579 4391 2609 4431 a
2644 4377 2773 4432 viris
2798 4380 3032 4445 sanctis,
3085 4389 3277 4436 o:tavo
3313 4396 3461 4437 anno
3507 4381 3748 4438 Nemnis.

2184 4466 2310 4521 llam
2343 4468 2397 4521 in
2454 4467 2840 4539 martirologio.
2896 4469 3050 4536 Quod
3097 4478 3278 4527 autent
3326 4484 3617 4540 nostrum,
3653 4488 3747 4528 non

2184 4556 2483 4611 Ebreorum
2515 4559 2715 4626 pascha
2744 4558 3064 4624 celebravit,
3125 4559 3334 4618 Marcus
3366 4565 3523 4619 testis
3560 4575 3679 4630 est,
3702 4572 3751 4618 et

2183 4646 2343 4700 etiam
2373 4645 2516 4701 Beda
2555 4662 2721 4717 super
2752 4658 2872 4704 acta
2901 4650 3267 4719 apostolorum
3297 4652 3395 4708 ita‘
3417 4668 3437 4708 :
3483 4671 3505 4706 ι
3533 4653 3751 4710 Constat

2184 4736 2296 4807 jam
2343 4739 2643 4808 apostolum
2669 4740 2888 4795 Petrum
2936 4742 3107 4798 Rome
3148 4743 3235 4798 die
3264 4743 3540 4801 dominico
3576 4761 3748 4800 resur-

2189 4829 2446 4885 rectionis
2499 4832 2700 4886 domini
2750 4833 2917 4888 nostri
2959 4833 3085 4889 Jesu
3128 4834 3328 4890 Christi
3370 4839 3575 4907 pascha
3617 4838 3747 4895 cele-

2190 4919 2397 4974 brasse.
2438 4919 2663 4976 Constat
2708 4922 2869 4977 etiam
2909 4923 3041 4991 hoc,
3094 4926 3484 4994 evangelistam
3524 4928 3747 4986 Marcum

2191 5010 2260 5064 ab
2309 5025 2374 5065 eo
2421 5012 2645 5069 missum
2699 5014 2947 5072 docuisse
2994 5017 3047 5072 in
3101 5018 3355 5090 Egypto.
3396 5039 3416 5073 ι
3471 5020 3599 5078 Haec
3618 5022 3746 5078 Beda

1795 5186 2023 5242 VARIIE
2065 5187 2471 5247 LECTIONES.
