3926 5326
81 349 191 402 6-39

1296 333 1709 394 CIIRONICON.
1747 365 1815 374 --
1852 334 1977 389 UB.
2018 335 2103 389 lll.

3237 337 3343 395 650

81 462 353 531 (Καιναί-ρ.
404 458 494 514 ad.
545 472 593 511 (ι.
647 456 783 525 ut).
840 453 1104 522 Quoniam
1153 451 1314 520 igitur
1367 448 1907 523 intlictioneACttris
1931 447 2096 503 seculi
2130 445 2341 504 deditus
2385 449 2707 520 reperiaris,
2759 449 2837 506 sel
2889 449 3238 507 solummodo
3276 462 3345 512 ad

80 551 302 608 decima
359 549 560 617 incepit
597 548 803 619 primus
829 561 1004 600 annus
1032 543 1288 606 Neronis,
1320 541 1372 595 in
1397 541 1487 595 Ξῖ.
1521 554 1663 595 anno

78 654 209 714 post
231 642 563 713 passionem,
588 648 642 695 et
670 638 962 693 indictione
988 638 1167 698 tertia,
1182 641 1403 688 octavus
1424 631 1662 700 ejusdem

81 750 266 790 annus
293 734 508 797 linitur,
540 732 594 786 in
625 744 767 785 anno
804 728 893 783 55.
927 735 1047 797 post
1076 726 1380 794 passionem
1401 764 1416 787 ,
1472 724 1525 778 in
1554 737 1662 794 quo

80 825 139 879 7.
165 824 291 879 Kal.
308 823 428 877 Maii
453 820 736 875 Dominico
761 818 845 873 die
872 816 1075 887 pascha
1105 830 1296 883 passus
1316 822 1403 867 est
1428 811 1661 879 Marcus,

78 923 140 968 et
177 911 376 982 pagani
407 923 603 966 carnes
630 906 747 976 ejus
779 908 831 961 in
871 916 1072 960 terram
1127 903 1436 966 radiabant,
1486 911 1663 956 tamen

79 1002 268 1059 adhuc
281 1003 528 1071 spiritum
557 1000 793 1054 retinens
815 1011 1157 1067 usquemanc
1186 1013 1199 1048 :
1234 1009 1412 1049 nonne
1433 994 1661 1056 emicat,

78 1099 235 1169 Quod
264 1098 515 1153 Christus
542 1098 596 1153 6.
630 1095 748 1151 Kal.
778 1095 979 1163 Aprilis
1013 1090 1311 1147 resurrexit
1333 1105 1362 1142 a
1391 1085 1663 1141 mortuis?

75 1190 303 1246 Pascha
326 1189 493 1244 enim.
520 1187 576 1242 7.
608 1186 726 1241 Kal.
759 1185 884 1239 Maii
927 1200 1032 1238 non
1082 1189 1209 1236 ante
1254 1180 1337 1235 vel
1380 1188 1498 1249 post
1545 1190 1667 1246 pre-

74 1283 292 1337 dietum
342 1277 541 1333 annum
587 1293 748 1349 quam
794 1277 864 1332 92
897 1275 1055 1329 annis
1076 1274 1324 1328 habetur.
1355 1300 1424 1311 —
1455 1268 1663 1341 (Ιιιειι.)

75 1373 217 1427 Post
271 1371 510 1427 Marcum
572 1368 936 1440 evangelizam
1006 1367 1219 1436 primus
1281 1362 1667 1418 Alexandrina:

68 1462 315 1517 aeolesize
342 1460 626 1516 ordinatur
656 1459 945 1529 episcopus
986 1455 1233 1511 Anianus
1255 1492 1272 1520 ,
1323 1453 1415 1523 qui
1464 1450 1667 1521 prefuit

67 1547 246 1603 annis
269 1550 361 1609 2-2.

115 1697 119 1701 ,
144 1639 244 1693 68.
278 1620 564 1714 turni-1]
593 1636 795 1707 (illum)
817 1634 1034 1692 Silanus
1053 1643 1102 1690 ct
1125 1632 1403 1688 Paulinus.
1437 1629 1664 1685 Perseus

67 1732 223 1785 obiit
250 1743 393 1783 anno
436 1727 613 1782 mtatis
639 1727 729 1781 ξε).
768 1726 1038 1781 Thereme
1068 1725 1135 1759 “'
1184 1738 1215 1779 a
1250 1722 1462 1778 Nerone
1494 1720 1661 1774 aztlili-

1764 539 2064 593 orationcm
2116 546 2170 591 et
2216 538 2495 608 pretlicare
2540 540 2737 609 populo
2768 555 2960 595 vacare
3000 540 3183 595 stude.
3224 559 3243 594 ι
3269 572 3343 587 --

1765 628 1957 685 Petrus
1984 628 2051 661 ¹¹³
2077 630 2347 684 ordinavit
2384 632 2517 685 duos
2559 631 2867 702 episcopos.
2917 631 3114 685 Linum
3141 640 3198 686 et
3225 632 3344 688 Cle-

1766 729 1914 786 tum,
1946 719 2035 789 qui
2067 719 2461 788 presentialiter
2490 737 2651 777 omne
2693 721 3057 779 ministerium
3086 725 3343 778 sacerdo-

1766 811 1874 866 tale
1911 813 1962 867 in
1994 814 2124 867 urbe
2153 811 2318 868 Roma
2343 814 2535 885 populo
2562 815 2645 870 vel
2664 816 3162 886 supervenienttttm
3186 818 3343 875 exhi-

1766 901 1975 958 berent.
2008 903 2474 960 Beatusmautem
2500 906 2690 963 Petrus
2714 908 2783 962 ad
2809 909 3117 964 orationem
3141 915 3195 962 et
3218 924 3341 981 pre-

1767 992 2091 1049 dicationcm
2119 995 2371 1065 populum
2398 997 2650 1053 erudiens
2670 998 3144 1071 vocabam—(Lit).
3167 999 3343 1071 pom.)

1767 1081 1931 1137 Linus
1956 1083 2054 1137 fuit
2083 1094 2324 1155 tempore
2355 1086 2585 1143 Neronis
2604 1128 2619 1153 ,
2671 1103 2702 1143 a
2727 1091 3006 1146 consulatu
3049 1091 3349 1147 Saturnini.

1764 1178 1819 1225 et
1848 1170 2113 1242 Scipionis
2143 1188 2312 1245 usque
2338 1175 2405 1229 ad
2437 1174 2694 1246 Capitone
2730 1186 2784 1234 et
2824 1178 2964 1236 Rufo
2993 1181 3336 1247 consulibus;

1766 1263 2013 1318 martirio
2057 1276 2350 1321 coronatus
2396 1275 2448 1322 et
2477 1269 2717 1337 sepultus
2763 1269 2921 1337 juxta
2965 1286 3161 1341 corpus
3189 1273 3339 1328 beati

1765 1348 1908 1406 Petri
1962 1352 2015 1407 in
2064 1350 2349 1422 Vaticano,
2384 1355 2439 1412 9.
2482 1355 2616 1418 (Kal.
2674 1357 2944 1415 Octobris.
2997 1359 3180 1419 Cletus
3234 1362 3341 1418 fuit

1766 1442 2097 1511 temporibus
2130 1444 2441 1516 Vespasiani
2477 1455 2531 1502 et
2562 1447 2702 1514 Titi,
2750 1465 2779 1504 a
2822 1452 3101 1508 consulatu
3136 1455 3339 1526 Vespa-

1764 1534 1900 1589 siani
1930 1534 1999 1569 “'
2027 1535 2079 1589 7.
2114 1535 2165 1591 in
2209 1536 2512 1596 Domitiano
2550 1541 2619 1572 ¹¹⁶
2649 1542 2703 1597 5.
2732 1559 2903 1614 usque
2933 1545 3000 1599 ad
3032 1547 3339 1607 Domitiano

1766 1624 1832 1655 “7
1860 1635 1917 1681 ct
1953 1624 2094 1682 Rufo
2143 1629 2485 1697 consulibus,
2537 1647 2727 1702 passus
2767 1644 2822 1689 et
2854 1635 3095 1707 sepultus
3124 1640 3176 1694 6.
3214 1638 3336 1696 Kal.

1764 1716 1886 1773 Maii
1922 1714 2076 1787 juxta
2100 1734 2295 1791 corpus
2340 1719 2479 1776 beati
2512 1721 2656 1778 Petri
2690 1725 2741 1781 in
2776 1726 3057 1799 Vaticano.
3090 1728 3338 1786 Clemens

69 1834 219 1879 eam:
247 1837 386 1892 quas
413 1820 747 1877 Neronianas
772 1819 1059 1890 appclarit.
1093 1818 1234 1874 Nero
1254 1817 1421 1873 Rome
1449 1815 1502 1870 in
1528 1814 1663 1869 cita-
1692 1812 1736 1871 Β
1765 1806 1865 1862 fuit
1893 1810 2222 1880 temporibus
2252 1809 2419 1867 Galba
2456 1822 2511 1868 et
2558 1811 2913 1887 Vespasiani,
2975 1834 3004 1873 a
3055 1821 3340 1880 consulatu

70 1915 324 1968 rixarum
355 1925 527 1983 agone
556 1919 877 1966 eontentens
907 1910 980 1941 “°
1004 1950 1020 1974 ,
1061 1918 1289 1964 cunctos
1322 1915 1561 1976 supcrat.
1591 1905 1661 1959 11.

71 2006 304 2059 Antaeus
351 2002 602 2057 Lucanus
631 2001 997 2057 Cordubensis
1042 2009 1221 2070 poeta,
1255 1999 1308 2054 in
1351 1998 1664 2054 Pissoniana

71 2093 460 2162 eorajuratione
509 2092 910 2162 deprehensus,
966 2089 1251 2145 brachium
1298 2089 1365 2143 ad
1396 2088 1664 2158 scqamlas

72 2200 247 2239 venas
272 2184 492 2253 prebuit
517 2181 749 2237 medico.
801 2180 942 2236 Nero
975 2189 1033 2235 ut
1055 2178 1459 2235 similitudinem
1489 2178 1666 2233 Troia:

72 2274 329 2329 ardentis
380 2271 661 2342 inspiciret
690 2311 706 2336 ,
788 2271 1076 2340 plurimam
1141 2278 1352 2340 partem
1410 2268 1668 2323 Romana:

71 2368 233 2422 urbis
266 2367 542 2422 accendit.
577 2365 633 2419 ln
661 2364 833 2419 Assiie
864 2373 975 2418 tres
1001 2362 1167 2419 nrbes
1192 2374 1349 2418 terrae
1375 2373 1521 2417 motu
1545 2377 1668 2416 con-

72 2461 365 2520 cidentnt,
412 2457 716 2521 Laudaeia,
783 2455 1124 2524 lliarapolis,
1177 2454 1415 2509 Colasse.
1469 2452 1667 2508 Albino

73 2553 328 2609 succedit
380 2551 610 2615 Florus,
658 2550 759 2604 sub
802 2564 909 2618 quo
954 2546 1110 2603 .ludei
1157 2558 1345 2602 contra
1389 2546 1669 2600 Romanos

75 2642 512 2698 rebellaverant.
534 2640 728 2696 Junius
752 2637 944 2704 Gallio,
978 2638 1146 2692 frater
1175 2636 1392 2701 Senice,
1417 2636 1668 2705 egregius

74 2735 451 2797 declamator,
514 2731 731 2803 propria
781 2746 841 2786 se
892 2744 1051 2784 manu
1094 2729 1384 2783 interfecit.
1428 2726 1549 2781 Non
1586 2734 1668 2779 est

74 2838 198 2883 aeta
257 2834 393 2880 ante
435 2823 706 2881 Neronem
761 2823 814 2878 in
838 2838 990 2878 suam
1044 2830 1350 2893 presentcm
1394 2820 1460 2853 ¹¹¹
1505 2818 1671 2874 delic-

76 2928 256 2973 rente.

144 3009 241 3064 69.
284 3008 380 3064 11.
420 3004 618 3079 [xuu]
647 3004 856 3079 (illi-3ft.)
893 3003 1152 3060 Censimts
1174 3013 1223 3058 et
1248 2995 1517 3073 Apuleius.
1543 2998 1670 3055 Dna:

76 3110 296 3156 tantum
323 3101 430 3155 sub
460 3098 671 3153 Nerone
725 3095 1017 3168 provincia:
1059 3094 1241 3160 facte,
1282 3092 1481 3148 Pontus
1522 3090 1671 3146 Pule-

1767 1898 1980 1967 Tragali
2002 1910 2057 1956 et
2105 1900 2271 1955 Italici
2299 1917 2466 1972 usque
2494 1904 2559 1958 ad
2590 1904 2922 1977 Vespasiano
2952 1924 3094 1971 nouo
3120 1919 3173 1965 et
3196 1911 3336 1966 Tito.
3362 1954 3365 1959 .

1872 1990 2027 2064 (Cod.
2054 1996 2106 2047 in
2137 2010 2306 2064 marg.
2341 1993 2518 2050 Prima
2567 2000 2875 2068 persecutio
2917 2001 3200 2058 a-cclesim.

1835 2083 1925 2138 72.
1952 2082 2039 2140 14.
2073 2082 2149 2157 [ι]
2184 2083 2390 2156 (litt-zu.)
2422 2085 2671 2144 Silvanus
2701 2100 2748 2144 et
2801 2089 2956 2145 Otho.
2986 2090 3106 2163 [His
3139 2108 3337 2150 consuo

1766 2172 1929 2241 libus,
1960 2183 2099 2230 teste
2124 2172 2481 2241 Cassiodoro,
2514 2177 2657 2235 Nero
2686 2179 2904 2236 Petrum
2934 2192 2990 2239 ct
3023 2182 3249 2241 Paulum
3283 2195 3365 2242 et.

1765 2278 1884 2321 sese
1906 2265 2221 2340 interfecit.]
2250 2267 2314 2321 L.
2358 2269 2566 2328 Annius
2594 2269 2786 2339 Melas,
2832 2274 3000 2330 frater
3023 2273 3244 2333 Senecas
3282 2287 3338 2334 et

1764 2356 2039 2421 Gallionis,
2071 2359 2212 2414 bona
2260 2359 2458 2416 Lucani
2487 2375 2658 2433 poetae
2686 2363 2776 2419 lilii
2806 2366 2887 2420 sui
2917 2380 2946 2418 a
2970 2365 3181 2423 Nerone
3214 2383 3369 2438 proo.

1768 2455 2023 2502 meretur.
2052 2448 2262 2521 (Βεω.)
2294 2448 2508 2507 Primus
2557 2451 2698 2508 Nero
2726 2470 2887 2524 super
2920 2458 3101 2512 omnia
3130 2458 3339 2515 scelera

1768 2553 1863 2591 sua
1912 2538 2075 2593 etiam
2133 2540 2361 2609 primam
2414 2544 2846 2612 persecutionem
2901 2548 2959 2603 in
2996 2548 3339 2607 Christianos

1769 2627 1917 2694 facit,
1948 2628 2001 2684 in
2048 2645 2154 2700 qna
2186 2646 2291 2685 una
2318 2632 2406 2688 die
2446 2633 2637 2690 beatus
2676 2635 2868 2694 Petrus
2911 2641 3243 2712 crucifigitur
3279 2650 3338 2698 et

1768 2719 1965 2774 Paulus
1990 2720 2168 2791 gladio
2213 2722 2443 2791 ceditur,
2491 2723 2659 2796 [anno
2688 2726 2779 2782 58.
2815 2737 2938 2798 post
2981 2729 3334 2805 passionem].

1769 2809 1974 2882 (them)
2000 2810 2203 2868 Contra
2249 2812 2471 2882 Judeos,
2523 2818 2615 2886 qui
2637 2818 2780 2875 Cesti
2828 2819 2995 2877 Florii
3047 2823 3377 2883 avaritiam.

1768 2919 1874 2957 non
1929 2903 2165 2960 females
2192 2906 2496 2974 rebellant,
2546 2909 2903 2981 Vespasianus
2948 2916 3202 2983 magister
3239 2917 3383 2975 mi-t;

1769 2992 1899 3048 litize
1953 3010 1985 3049 a
2032 2994 2247 3052 Nerone
2299 2999 2704 3056 transmittitur.
2751 3002 3112 3074 Vespasianus
3140 3006 3340 3063 multas
3378 3044 3385 3053 ς

1769 3082 1933 3139 urbes
1983 3084 2037 3139 in
2089 3083 2257 3141 Judea
2304 3090 2469 3158 capit.
2522 3088 2740 3147 Flavius
2783 3091 3053 3166 Iosephus
3105 3096 3341 3167 scriptor

76 3192 297 3244 utiacus
322 3197 381 3244 et
405 3186 571 3256 Alpes
599 3161 825 3251 Cottiaz,
848 3184 1033 3240 Cottio
1061 3198 1185 3255 rege
1211 3183 1487 3238 defuncto.
1519 3182 1664 3236 Multi
1693 3161 1734 3219 δ
1769 3171 2078 3240 Ιιίδιοτίοιιεν
2128 3174 2238 3231 dux
2286 3176 2409 3233 belli
2438 3178 2732 3236 ludeornm
2752 3221 2768 3248 .
2817 3161 2951 3239 cum
2990 3198 3027 3240 a
3082 3161 3342 3255 Romanis

76 3279 353 3335 uoluiliutn
400 3275 575 3332 Bome
598 3290 629 3329 a
655 3274 870 3330 Nerone
893 3273 1186 3329 interfecti.
1238 3273 1384 3329 Nero
1411 3272 1463 3326 in
1486 3271 1666 3343 Olytus

76 3370 245 3442 piade
280 3376 600 3425 coronatur.
645 3365 892 3431 Cericas,
934 3366 1297 3431 citharistas,
1365 3364 1668 3435 tragmdos,

76 3462 309 3533 aurigas
335 3459 485 3513 vario
514 3456 815 3513 certamine
843 3470 1126 3526 superans.

149 3553 249 3608 70.
279 3550 368 3606 12.
391 3548 608 3623 {sunt}
636 3548 843 3620 (llum)
865 3548 1051 3617 Capito
1070 3560 1118 3603 et
1153 3547 1342 3616 Rufus.
1367 3548 1428 3604 L.
1456 3549 1668 3605 Annius

76 3642 297 3698 Seneca
324 3640 726 3701 Cordubensis,
763 3646 1050 3708 preceptor
1079 3636 1307 3692 Neronis
1347 3647 1402 3694 et
1448 3647 1671 3709 patruus

74 3733 294 3790 Lucani
322 3741 498 3803 poetae
519 3770 537 3796 ,
569 3730 834 3786 incisione
860 3745 1119 3785 venarum
1152 3738 1206 3786 et
1239 3732 1428 3786 veneni
1474 3731 1670 3786 haustu

74 3829 272 3899 periit.
300 3825 538 3880 Rursum
567 3822 709 3879 Nero
745 3822 1246 3885 Stltitnia,Pbitnia
1267 3864 1283 3887 ,
1335 3824 1490 3879 Actia
1525 3824 1669 3881 cele-

75 3922 296 3981 lrans,
340 3916 486 3970 inter
512 3914 722 3971 cericas
746 3953 763 3977 ,
802 3913 1072 3983 tragmdos
1105 3924 1160 3969 et
1200 3915 1493 3971 citharizas
1521 3931 1678 3971 coro-

76 4018 274 4069 natur.
327 4005 525 4078 [Linus
558 4004 646 4060 his
686 4004 1006 4060 consulibus
1036 4018 1231 4075 passus
1262 4005 1315 4061 9.
1346 4006 1466 4061 Kal.
1507 4004 1670 4063 Octo-

74 4101 225 4159 bris.
265 4097 454 4154 Cletus
472 4095 861 4165 corepiscopus
898 4095 1164 4151 successit
1189 4096 1349 4153 annis
1379 4096 1446 4151 l2
1469 4136 1485 4160 ,
1524 4095 1671 4169 m...]

153 4191 254 4245 71.
303 4189 393 4245 13.
436 4184 613 4259 [χιιι]
664 4184 873 4257 (Ηιειι.)
921 4184 1147 4241 Italicus
1192 4196 1246 4240 et
1310 4186 1672 4259 Turpilianus.

76 4279 239 4335 Nero
292 4277 351 4335 in
397 4291 669 4347 expensas
718 4276 930 4331 centias
975 4286 1204 4331 centena
1253 4278 1400 4332 milia
1454 4277 1674 4334 decreto

74 4381 321 4428 senatus
352 4383 534 4423 annua
564 4366 963 4422 subministrat.
1002 4366 1143 4422 Nero
1171 4383 1294 4423 cum
1322 4369 1518 4424 ceteris
1543 4368 1677 4425 viris

78 4458 400 4529 insignibus
448 4465 506 4510 et
553 4454 832 4512 Octaviam
884 4469 1105 4513 uxorem
1161 4468 1318 4511 suam
1368 4455 1673 4525 interfecit,

76 4553 508 4620 Cornutumque
543 4547 864 4616 lilosOplnnn
908 4556 963 4602 ct
1003 4559 1373 4617 preceptorem
1421 4548 1590 4603 Persii
1622 4550 1675 4605 in

77 4645 321 4703 exilium
372 4642 524 4712 fugat
570 4640 661 4695 ἠ.
711 4638 989 4696 Musonius
1011 4649 1068 4694 et
1095 4638 1459 4697 Plntharchus
1491 4641 1678 4698 lilosoll

74 4734 257 4789 clari.
302 4731 560 4804 (Petrus,
610 4730 752 4785 sicut
795 4730 849 4784 in
903 4730 1070 4800 gestis
1109 4729 1423 4800 pontiﬁcum
1455 4731 1684 4788 habetur

78 4826 170 4896 (in
204 4820 521 4892 quibusdam
551 4819 732 4890 codd.)
751 4859 767 4885 ,
798 4818 1132 4875 Clementem
1152 4820 1462 4891 episcopum
1489 4838 1681 4880 consc.
1712 4852 1715 4857 .

77 4916 277 4972 erasit
299 4953 315 4980 ,
372 4914 530 4983 eique
554 4912 871 4969 cathedram
898 4920 953 4968 et
978 4926 1192 4967 omnem
1219 4911 1475 4968 eclesiam
1498 4914 1682 4985 dispo-

77 5008 337 5066 nendam
364 5004 673 5067 commisit,
706 5003 929 5058 dicens:
966 5022 986 5055 s
1017 5004 1171 5059 Sicut
1192 5004 1323 5059 mihi
1344 5005 1680 5074 gubernandi

79 5097 307 5155 tradita
354 5104 443 5154 est
485 5112 518 5151 a
560 5096 781 5152 domino
835 5110 958 5151 meo
997 5093 1125 5151 Jesu
1173 5096 1397 5152 Christo
1442 5109 1682 5168 potestas

79 5190 305 5254 ligandi
337 5187 713 5254 solvendique,
753 5187 834 5240 ita
879 5194 931 5239 et
984 5201 1084 5254 ego
1135 5187 1229 5242 tibi
1278 5190 1587 5254 committo,
1623 5200 1682 5247 ttt

1771 3263 2178 3323 interficiendus
2224 3278 2388 3336 esset,
2443 3269 2772 3342 Vespasiano
2817 3273 3053 3346 prodixit
3077 3276 3143 3335 de
3170 3287 3359 3337 morte.

1770 3356 2000 3414 Neronis
2029 3370 2081 3417 et
2110 3360 2230 3432 ejus
2261 3362 2510 3434 imperio.
3186 3352 3189 3355 λ

1840 3448 1951 3507 Leo
1981 3454 2268 3519 secundus,
2295 3470 2578 3514 successor
2613 3458 2915 3531 Agathonis
2964 3477 3134 3535 papae,
3165 3465 3218 3521 in
3247 3481 3345 3523 sua

1771 3539 2272 3613 decretaliepistola
2322 3546 2439 3603 sic:
2487 3565 2507 3600 ι
2545 3548 2601 3604 Si
2633 3558 2814 3607 autem
2864 3551 3058 3609 Petrus
3092 3556 3349 3627 princeps

1772 3629 2139 3699 apostolorum
2168 3632 2447 3703 adjutores
2490 3638 2592 3693 sibi
2633 3640 2794 3695 scivit
2816 3639 3010 3698 Linum
3033 3652 3090 3698 et
3113 3643 3347 3710 Cletum.

1769 3734 1879 3777 non
1910 3730 2094 3778 tamen
2123 3734 2447 3795 potestatem
2493 3731 2778 3800 pontificii,
2807 3733 3017 3789 animas
3044 3734 3243 3804 ligandi
3265 3739 3349 3792 vel

1771 3812 2011 3869 solvendi
2060 3831 2329 3881 normam,
2357 3819 2443 3874 eis
2474 3820 2730 3888 tradidit;
2786 3822 2880 3879 sed
2925 3824 3189 3880 Clementi
3220 3842 3347 3883 suco

1770 3904 1974 3960 cessori
1993 3922 2111 3971 suo,
2141 3908 2231 3978 qui
2259 3909 2441 3965 sedem
2469 3912 2818 3983 apostolicam
2867 3923 2992 3984 post
3017 3930 3143 3972 eum
3169 3926 3224 3973 et
3244 3932 3346 3988 po-

1774 4002 2025 4051 testatem
2078 3997 2479 4067 pontificalem,
2535 4003 2770 4059 tradenti
2818 4005 2922 4063 sibi
2972 4005 3136 4064 beato
3186 4008 3350 4067 Petro

1770 4089 2045 4157 apostolo,
2074 4099 2258 4149 tenere
2298 4093 2616 4163 promeruit.
2666 4092 2862 4152 Linum
2892 4112 3110 4170 nanque
3142 4108 3198 4156 et
3224 4098 3351 4157 Cle-

1774 4188 1887 4235 tum
1918 4181 2053 4237 nihil
2074 4181 2301 4255 legimus
2342 4194 2596 4258 ntn‘quam
2621 4188 2798 4259 egisse
2817 4204 2885 4246 ex
2927 4191 3350 4261 pont‘tlcalimi-
3402 4224 3405 4231 -

1776 4270 2001 4328 nisterio
2028 4276 2371 4344 potestative,
2416 4277 2513 4334 sed
2541 4290 2801 4350 quantum
2827 4281 2909 4338 eis
2936 4297 2965 4338 a
3001 4283 3159 4340 beato
3189 4283 3352 4340 Petro

1777 4363 2192 4434 precipiebatur,
2245 4374 2450 4422 tantum
2503 4367 2842 4427 solummodo
2879 4376 3131 4444 agebant-
3171 4394 3190 4426 ι
3225 4373 3354 4430 lla‘c

1778 4450 1887 4508 Leo
1915 4468 2069 4525 papa.
2099 4484 2170 4495 --
2196 4455 2447 4513 Clemens
2497 4474 2628 4532 ergo
2672 4476 2811 4532 papa
2841 4462 3049 4531 primus
3073 4472 3195 4535 post
3217 4462 3357 4534 peti-
3404 4506 3407 4513 .

1784 4546 1982 4600 tionem
2026 4546 2327 4617 Romanam
2355 4550 2625 4607 eelesiam
2653 4554 2847 4621 tenuit,
2877 4554 2961 4609 vel
2990 4571 3115 4612 eum
3135 4554 3273 4612 Lino
3297 4564 3356 4610 et

1782 4634 1934 4692 Cleto
1957 4635 2098 4693 sicut
2126 4654 2248 4694 cum
2284 4639 2447 4697 Petro
2478 4642 2675 4699 fuerat.
2735 4643 2864 4700 Post
2914 4644 3160 4709 Petrum,
3187 4644 3360 4700 immo

1781 4728 1944 4782 etiam
2003 4744 2128 4784 cum
2177 4727 2368 4794 Petro,
2420 4732 2628 4802 primus
2677 4750 2821 4805 papa.
2840 4746 3063 4791 sanctus
3105 4734 3359 4789 Clemens

1781 4815 2083 4874 Romanam
2111 4819 2251 4889 regit
2274 4821 2564 4887 melesiam,
2615 4822 2735 4893 ipso
2764 4825 2835 4881 ita
2866 4830 3026 4880 teste.
3061 4822 3360 4879 Decretalis

1780 4908 2008 4976 epistola
2069 4909 2362 4966 Clementis
2408 4911 2638 4966 Romani
2694 4912 3017 4982 pontiﬁcis:
3058 4934 3077 4968 ι
3110 4913 3363 4967 Clemens
3429 4962 3434 4967 .

1791 5000 2047 5056 Romana:
2089 5000 2316 5057 melosiaa
2350 5002 2549 5070 presul,
2600 5001 2805 5061 lacobo
2834 5003 3131 5063 karissimo
3168 5001 3366 5058 Ilioru-

1782 5094 2095 5151 solimarum
2117 5092 2370 5163 episcopo
2400 5094 2579 5169 (epist.
2610 5093 2668 5160 2,
2698 5095 2865 5150 Lua.
2905 5084 3074 5153 caue.
3101 5095 3145 5159 l.
3174 5107 3227 5160 p.
3246 5089 3365 5158 δῶ).
3436 5132 3445 5141 .

1783 5184 2069 5253 Quoniam,
2107 5185 2304 5241 sicut:
2356 5184 2511 5239 beato
2552 5185 2712 5240 Petro
2734 5185 2988 5254 apostolo
3030 5179 3366 5250 accepimus,
