3926 5326
486 245 618 313 Μ

1764 232 1767 237 ’
1832 228 2112 306 tantum
2153 234 2397 308 sco'm

3672 238 3783 301 £51

486 372 875 423 iacramentts
921 380 1043 437 quae
1082 374 1356 439 geruntur
1380 364 1431 421 in
1455 373 1661 421 sanctis
1687 381 1703 430 ,
1733 370 1787 419 te
1810 378 1876 419 ex
1906 347 2097 419 ordine
2128 369 2177 426 Α
2206 362 2437 417 Ministri
2462 360 2652 417 altaris
2677 361 2976 433 prespeteri
3027 359 3140 417 sive
3171 348 3391 416 diacoin
3411 374 3481 414 ao
3510 362 3789 417 nominica

492 474 612 515 nos
633 460 792 515 decet
818 459 1117 514 instituere.
1134 453 1331 513 Tribus
1360 456 1506 513 enim
1534 455 1793 527 gradibus
1811 456 2099 510 commissa

510 561 641 606 sunt
686 558 1026 606 sacramenta
1055 548 1361 604 divinorum
1387 555 1742 612 secretorum,
1771 546 1822 600 id
1848 553 1928 600 est
1954 559 2101 615 pres-

511 642 979 715 petero,.diacono
1010 637 1066 695 et
1111 639 1494 702 subministro;
1545 638 1601 693 hi
1637 653 1758 693 cum
1799 638 1991 692 timore
2047 643 2102 691 et

488 742 755 789 tremore
806 730 1066 800 reliquias
1101 728 1346 799 corporis
1386 728 1653 783 Dominici
1685 728 1882 782 debent
1914 733 2100 781 custo-

514 822 631 879 dire
658 821 1107 890 fragmentorum,
1158 835 1339 889 neque
1391 817 1711 897 putredo_in
1745 815 2010 880 sacrario,
2047 823 2102 869 et

494 927 694 983 neque
744 921 939 982 agatur
984 910 1340 983 negligenter,
1371 924 1473 965 nec
1499 902 1736 978 portioni
1766 907 2014 977 corporis
2047 912 2103 960 et

510 1006 792 1077 sanguinis
808 1005 1018 1061 Domini
1046 1005 1224 1076 gravis
1240 1003 1509 1059 inferatur
1538 1002 1755 1073 injuria.
1778 1001 1908 1056 Com
1919 999 2102 1055 munio

512 1099 665 1155 enim
719 1098 929 1153 domini
997 1096 1172 1152 nostri
1224 1095 1355 1151 Jesu
1412 1094 1614 1151 Christi
1672 1093 1717 1149 si
1767 1091 2104 1166 negligenter

502 1198 728 1260 agatur,
755 1198 811 1244 et
837 1204 944 1244 non
976 1195 1134 1243 curat
1153 1185 1448 1241 admonere
1475 1184 1670 1250 cilicia,
1697 1184 1846 1256 gravi
1875 1176 2102 1238 anathe-

508 1288 664 1338 mate
722 1279 1033 1351 perculsus,
1086 1289 1185 1346 pro
1233 1274 1441 1347 judicio
1499 1276 1657 1346 digna
1708 1272 2106 1329 bumiliationis

506 1372 677 1445 plaga
707 1369 993 1425 feriantur.
1053 1366 1216 1424 Certe
1264 1374 1415 1421 tanta
1471 1366 1523 1420 in
1570 1365 1726 1420 altari
1786 1361 2102 1420 holocausta

515 1462 833 1528 oﬂ'erantur,
864 1471 1068 1533 quanta
1112 1458 1312 1531 populo
1333 1457 1580 1514 suilicere
1612 1457 1853 1524 debent;
1886 1454 2032 1527 quod
2057 1455 2101 1510 si

517 1553 902 1619 remanserint,
963 1553 1019 1607 in
1073 1552 1375 1608 crastinum
1413 1556 1519 1606 non
1580 1561 1948 1615 reserventur,
2008 1547 2108 1605 sed

524 1660 651 1701 eum
683 1645 879 1700 timere
918 1652 1270 1699 ettremore
1323 1641 1644 1697 clericorum
1695 1648 2101 1697 consumantur.

2209 452 2345 508 tales
2369 451 2638 523 eligantur
2665 450 2860 518 officia,
2881 452 2972 522 qui
2999 460 3123 507 ante
3150 451 3557 506 ordinationem
3597 456 3785 523 corqu-

2204 557 2298 614 ges
2352 557 2479 598 suas
2534 543 2888 613 reliquerunt.
2940 544 3092 611 Quod
3124 545 3169 597 si
3221 554 3349 614 post
3392 544 3785 599 ordinationem

2205 633 2455 688 ministro
2493 634 2780 705 contigerit
2810 635 3042 705 prepriae
3091 636 3349 690 invadere
3379 635 3567 690 cubile
3590 638 3785 697 uxoris,

2204 726 2429 782 sacrarii
2460 742 2565 782 non
2596 728 2759 783 intret
2782 728 2988 795 limina,
3031 742 3131 783 nec
3172 730 3382 783 sacrari
3413 729 3652 800 portitor
3674 729 3786 793 ﬁat,

2205 832 2302 873 nec
2335 819 2504 875 altare
2544 820 2849 895 contingat,
2879 836 2978 876 nec
3008 806 3077 875 ab
3105 820 3468 876 oﬂ‘erentibus
3494 820 3788 894 belua-sti

2203 904 2532 967 oblationem
2557 912 2835 983 suscipiat,
2867 929 2968 969 nec
2997 912 3064 968 ad
3092 913 3361 968 Dominici
3386 913 3647 983 corporis
3671 928 3790 984 por-

2204 1000 2407 1056 tionem
2436 1000 2727 1075 [accedat],
2778 1018 2974 1073 aquam
3018 1004 3363 1059 sacerdotum
3394 1002 3655 1058 manibus
3671 1018 3789 1074 pw-

2205 1094 2366 1163 rigat,
2420 1097 2615 1150 estiam
2698 1095 3002 1152 forinsecus
3062 1097 3301 1162 claudat,
3362 1097 3585 1151 minora
3649 1107 3791 1167 gerat

2204 1176 2405 1249 cilicia,
2434 1199 2652 1239 urceum
2681 1200 2811 1241 sane
2846 1186 2913 1242 ad
2961 1184 3131 1241 altare
3173 1186 3257 1241 vel
3283 1185 3524 1241 calicem
3548 1200 3654 1239 non
3674 1201 3790 1255 sug-

2204 1282 2377 1345 gerat.
2427 1274 2485 1329 Si
2540 1268 2682 1329 forte
2733 1275 3001 1347 quispiam
3048 1277 3319 1346 prespiter
3371 1276 3494 1331 sive
3537 1275 3792 1331 diaconus

2207 1365 2434 1420 sacrarii
2463 1365 2545 1420 vel
2575 1365 2752 1421 velum
2786 1366 3115 1432 vendiderit,
3145 1368 3361 1423 noverit
3388 1381 3451 1423 se
3476 1367 3635 1423 Juda:
3663 1368 3788 1423 Sa-

2205 1449 2399 1509 rioshis
2427 1463 2807 1524 suscepturum
2839 1470 3054 1525 penam.
3078 1475 3095 1508 ο
3124 1455 3192 1511 Et
3230 1467 3419 1527 postea
3449 1456 3524 1511 ita
3575 1456 3790 1512 conela-

2205 1544 2285 1600 dit
2305 1543 2561 1601 Clemens
2594 1563 2606 1599 :
2643 1563 2662 1598 ‹
2703 1545 2799 1602 llis
2825 1561 2955 1618 ergo
2981 1547 3118 1602 bene
3162 1556 3350 1619 parete
3379 1546 3448 1579 “’
3480 1549 3789 1604 sententiis:

2207 1649 2276 1691 ne
2305 1637 2428 1706 quis
2470 1636 2585 1692 lnec
2612 1645 2868 1707 precepta
2920 1637 3141 1693 minime
3187 1636 3379 1694 credat
3405 1636 3710 1708 implenda,
3742 1647 3791 1693 et

510 1738 625 1807 Qui
650 1746 832 1794 autem
881 1736 1097 1792 residua
1149 1735 1394 1807 corporis
1431 1734 1729 1801 Dominici,
1758 1749 1881 1805 qua:
1914 1734 1968 1788 in
2017 1748 2106 1789 sa-
2140 1710 2391 1796 Bjudicii
2428 1727 2523 1782 Dei
2579 1726 2719 1798 ignis
2783 1728 2975 1809 aeterni
3021 1737 3293 1785 tormenta
3360 1729 3659 1792 sustineat.
3706 1730 3791 1799 qui

508 1829 701 1893 .erario
759 1828 946 1883 relicta
997 1835 1143 1894 sunt,
1208 1834 1573 1893 consumunt,
1628 1841 1737 1881 non
1792 1824 1976 1880 statim
2036 1823 2106 1879 ad

520 1935 837 1976 communes
856 1917 1203 1989 accipiendos
1235 1918 1387 1973 cibos
1411 1916 1759 1982 conveniant,
1788 1927 1888 1971 nec
1917 1924 2109 1987 putent

417 2007 423 2015 ’
520 2019 725 2067 ωιιειτε
756 2007 991 2079 portioni
1033 2006 1394 2063 commiscere
1414 2003 1618 2071 cibum,
1649 2006 1739 2078 qui
1766 2012 1867 2076 per
1894 2003 2107 2075 aquali-

506 2101 674 2156 ~culos
716 2099 959 2169 digestus
1007 2098 1061 2152 in
1105 2111 1379 2152 secessum
1439 2094 1776 2152 defunditur.
1833 2090 1892 2151 Si
1942 2094 2109 2167 igitur

515 2204 689 2257 mane
738 2191 1017 2247 Dominica
1063 2204 1193 2263 pars
1245 2190 1579 2263 porrigatur,
1609 2204 1781 2260 usque
1807 2189 1872 2244 ad
1898 2197 2108 2244 sextam

514 2285 764 2357 jejunent
810 2282 1068 2348 ministri,
1123 2282 1219 2353 qui
1251 2297 1373 2338 eam
1424 2272 1895 2352 consumpserint;
1951 2288 2008 2335 et
2063 2279 2110 2335 si

524 2377 689 2433 tertia
714 2377 797 2433 vel
826 2384 1021 2446 quarta
1047 2375 1183 2431 hora
1217 2376 1550 2447 acceperint,
1575 2374 1822 2445 jejuuent
1849 2388 2020 2446 usque
2043 2374 2111 2431 ad

525 2486 835 2542 vesperum.
880 2469 973 2525 Sic
1022 2480 1233 2524 secreta
1290 2468 1722 2524 sanctiﬁcatione
1763 2474 1965 2522 alterna
2012 2481 2111 2520 cu-

527 2559 810 2617 stodienda
834 2567 960 2614 sunt
984 2566 1350 2616 sacramenta.
1384 2559 1458 2615 De
1483 2560 1659 2614 vassis
1687 2558 1862 2614 sacris
1882 2573 2011 2612 sane
2034 2558 2109 2612 ita

528 2651 822 2724 gerendum
842 2658 925 2708 est
949 2666 965 2707 :
993 2650 1195 2707 Altaris
1221 2651 1384 2722 palla,
1412 2651 1692 2713 cathedra,
1724 2649 2109 2705 candelabrum

522 2751 587 2800 et
602 2741 810 2805 auium,
841 2740 886 2796 si
915 2739 1120 2796 iuerint
1140 2748 1414 2795 vetustate
1439 2748 1787 2810 consumpta,
1818 2739 2115 2793 incenden-

532 2844 648 2899 tnr;
678 2832 936 2903 quoniam
966 2848 1073 2888 non
1097 2831 1223 2887 licet
1253 2846 1315 2886 ea
1355 2845 1475 2901 qua:
1508 2831 1562 2886 in
1606 2830 1850 2886 sacrario
1891 2830 2112 2884 luerunt

526 2925 671 2984 male
725 2923 984 2989 tractari;
1047 2923 1143 2978 sed
1182 2923 1561 2978 incendentur.
1612 2922 1839 2978 Cineres
1895 2935 2111 2991 quoque

516 3016 797 3073 'eorum'in
826 3013 1148 3071 babtisterio
1171 3012 1493 3078 inferantur,
1532 3010 1620 3067 ubi
1651 3010 1828 3066 nullus
1853 3012 2113 3067 transitus

530 3108 818 3173 habeatur,
844 3113 938 3160 aut
965 3103 1018 3160 in
1047 3105 1255 3174 pariete
1279 3103 1361 3159 vel
1381 3100 1439 3158 in
1483 3101 1651 3159 fossis
1680 3104 2112 3174 pavimentorum

523 3196 839 3266 jactentur,
898 3209 968 3249 ne
1013 3192 1401 3248 introeuntium
1456 3192 1684 3264 pedibus
1737 3190 2113 3262 inquinentur.

528 3286 704 3343 Nemo
731 3299 828 3356 per
863 3284 1222 3356 ignorantiam
1250 3281 1478 3340 clericus
1525 3282 1667 3354 palla
1700 3292 1969 3339 mortuum
2000 3301 2118 3341 crc-

533 3378 627 3430 dat
656 3374 1073 3440 obvolvendum,
1123 3373 1205 3428 vel
1258 3374 1506 3445 scapulas
1560 3374 1804 3446 operiere
1857 3374 2116 3432 diaconus

533 3465 689 3531 velit,
716 3465 899 3521 de-his
932 3472 1051 3534 quas
1082 3462 1284 3518 fuerint
1336 3465 1388 3518 in
1442 3463 1633 3519 altare.
1677 3463 1778 3532 Qui
1815 3462 2001 3519 fecerit
2032 3466 2113 3520 vel

526 3556 744 3621 leviter,
783 3557 1137 3624 sidia‘conus,
1198 3556 1432 3612 triennio
1493 3565 1550 3612 et
1611 3573 1704 3612 sex
1742 3558 2036 3613 mensibus
2084 3576 2115 3614 a

534 3648 818 3705 Dominico
848 3650 966 3704 erit
1000 3648 1190 3727 altari,
1224 3649 1375 3719 gravi
1409 3663 1697 3719 percussus
1749 3650 2116 3716 anathemate,

537 3740 916 3798 removendus.
970 3740 1125 3806 Quod
1156 3739 1201 3794 si
1242 3740 1474 3796 ciericos
1496 3740 1760 3811 prespitcr
1800 3756 1904 3795 non
1931 3742 2116 3796 admo-

536 3830 837 3899 nuerit,-10
859 3831 1018 3886 armis
1041 3839 1095 3886 et
1122 3830 1155 3885 5
1182 3830 1456 3887 mensibus
1488 3831 1990 3887 excommunicatus
2025 3832 2115 3886 sit.

535 3923 641 3993 Qui
695 3938 802 3979 non
835 3922 1017 3979 docuit
1068 3927 1163 3978 eos
1202 3922 1276 3977 de
1326 3922 1431 3988 his,
1468 3932 1525 3977 et
1550 3931 1737 3994 postea
1776 3936 1898 3976 cum
1930 3924 2119 3993 grandi

531 4014 842 4072 humilitate
869 4014 1028 4068 matri
1055 4013 1435 4069 reconcilietur
1475 4013 1753 4069 aecclcsiae.
1786 4013 1963 4069 Pallas
1994 4030 2120 4070 vero

526 4115 592 4181 et
614 4106 729 4163 vela
763 4105 1095 4162 sanctauarii
1121 4104 1192 4138 ⁸⁸⁸
1211 4105 1427 4161 diaconi
1456 4120 1579 4161 cum
1615 4104 1907 4162 humilibus
1962 4107 2124 4161 mini-

532 4197 670 4254 stris
694 4197 835 4253 intra
870 4196 1169 4252 sacrarium
1214 4194 1414 4261 lavent,
1445 4211 1513 4250 ne
1541 4193 1681 4252 forte
1711 4196 1887 4267 pulvis
1935 4196 2122 4252 Demi-

536 4286 647 4343 ttiei
676 4285 922 4356 e-‘nporis
960 4285 1106 4341 foras
1135 4292 1291 4340 extra
1339 4284 1641 4339 sacrarium
1697 4286 1838 4342 male
1887 4286 2117 4356 decidat,

2208 1818 2547 1874 ecclesiastici
2569 1819 2751 1889 operis
2771 1831 2926 1874 sacra
2948 1819 3271 1892 neglexerit.
3302 1819 3430 1876 Haec
3452 1837 3610 1892 ergo,
3634 1820 3793 1877 frater

2206 1907 2428 1976 Jacob'e,
2456 1911 2522 1966 de
2547 1924 2643 1967 ore
2680 1910 2854 1966 sancti
2906 1912 3051 1967 Petri
3076 1910 3322 1985 iubentis
3350 1914 3563 1969 audivi.
3595 1914 3656 1969 St
3680 1916 3793 1985 quis

2209 2002 2327 2058 haec
2351 2014 2605 2074 precepta
2654 2019 2762 2060 non
2789 2004 3000 2075 integra
3040 2006 3386 2074 custodierit,
3416 2008 3492 2062 sit
3511 2010 3794 2063 attamen

2209 2108 2381 2165 usque
2406 2095 2475 2150 ad
2498 2097 2789 2152 adventum
2815 2097 3020 2154 domini
3047 2100 3219 2155 nostri
3251 2099 3384 2156 Jesu
3412 2099 3648 2158 Christi.
3677 2100 3795 2156 Hae

2208 2196 2465 2257 precepta
2495 2201 2525 2241 a
2572 2197 2763 2245 sancto
2810 2188 2971 2246 Petro
3015 2191 3268 2262 apostolo
3305 2193 3525 2263 accepi,
3578 2205 3638 2249 et
3684 2192 3792 2259 tibi,

2209 2273 2498 2333 karissime
2543 2276 2714 2334 frater
2739 2276 2962 2346 Jacebe,
3008 2280 3287 2338 insinuare
3337 2287 3561 2351 curavi,
3593 2294 3656 2339 ut
3681 2299 3787 2339 ser-

2209 2374 2326 2429 vari
2356 2374 2538 2429 omnia
2577 2376 2846 2447 preeipias
2873 2378 2993 2433 sine
3038 2378 3273 2433 macula.
3317 2377 3379 2434 Si
3410 2380 3540 2455 quis
3568 2380 3789 2435 audierit

2212 2472 2287 2532 te,
2319 2465 2469 2521 utilis
2504 2466 2757 2523 minister
2784 2468 2891 2524 erit
2914 2467 3041 2525 Iesu
3071 2468 3296 2525 Christi.
3340 2469 3448 2538 Qui
3480 2480 3674 2525 autem
3697 2484 3792 2526 eos

2212 2558 2445 2614 audierit
2476 2568 2546 2626 te,
2569 2560 2735 2617 immo
2780 2560 3092 2632 loquentem
3122 2562 3416 2621 Dominum
3452 2577 3555 2631 per
3584 2571 3661 2629 te,
3686 2563 3789 2633 ipse

2213 2650 2315 2705 sibi
2341 2651 2742 2706 damnationem
2773 2652 3032 2723 adquirit.
3058 2653 3422 2724 Omnipotens
3444 2655 3617 2721 Deus,
3632 2655 3793 2711 kariso

2214 2741 2351 2795 sime
2378 2738 2578 2806 frater,
2612 2756 2708 2796 sua
2742 2751 2792 2795 te
2820 2743 3160 2812 protectione
3212 2745 3515 2809 custodiat,
3545 2755 3711 2814 atque
3734 2745 3794 2800 ad

2213 2832 2433 2887 celestis
2465 2833 2964 2888 remunerationem
2990 2836 3181 2905 patria:
3206 2850 3331 2890 cum
3367 2836 3662 2907 multiplici
3692 2839 3795 2891 auio

2215 2938 2428 2978 marum
2478 2923 2656 2980 fructu
2686 2925 2966 2994 perducat.
2998 2925 3142 2982 Deus
3178 2935 3230 2987 te
3258 2927 3462 2983 iterum
3496 2930 3795 2999 iterumque

2218 3012 2540 3068 incolomcm
2565 3015 2855 3080 custodiat,
2878 3015 3315 3072 reverentissime
3344 3012 3547 3073 frater.
3570 3020 3759 3075 Amen.
3776 3037 3797 3069 ι

2192 3107 2338 3169 ,Διίει
2365 3108 2652 3166 decretalis
2679 3109 2904 3181 epistola
2931 3110 3227 3169 Clementis
3275 3111 3518 3168 Romani
3550 3114 3797 3184 epistopi.

2220 3201 2551 3256 successoris
2577 3199 2720 3256 Petri
2775 3202 2955 3272 (epist.
3000 3204 3061 3268 5,
3110 3203 3209 3269 ib.,
3246 3219 3302 3274 υ.
3336 3203 3476 3277 53):
3513 3224 3533 3257 ε
3568 3204 3801 3261 Clemens

2222 3290 2371 3375 urbis
2408 3289 2603 3344 Romae
2635 3290 2943 3362 cpiscopus,
2977 3310 2998 3346 ι
3030 3302 3085 3348 et
3118 3293 3350 3365 reliqua.
3392 3293 3465 3350 Et
3505 3295 3653 3351 infra
3690 3295 3795 3350 sic:

2222 3399 2245 3432 r
2286 3382 2361 3438 De
2392 3382 2590 3451 quibus
2634 3391 2687 3437 et
2716 3383 2909 3439 beatus
2959 3383 3172 3459 Petrus,
3232 3385 3546 3443 instructor
3580 3399 3637 3443 et
3667 3389 3802 3443 ordi-

2223 3482 2381 3526 nator
2442 3482 2648 3536 noster,
2686 3492 2708 3526 ι
2763 3473 2834 3529 Et
2877 3475 3039 3545 paulo
3091 3483 3247 3547 post:
3282 3494 3302 3529 ι
3343 3475 3476 3532 llaec
3520 3478 3797 3548 apostoli:
3886 3480 3887 3548 ᾖ

2222 3562 2451 3620 Domino
2479 3576 2811 3635 accepcutut
2848 3576 2904 3622 et
2924 3568 3082 3625 nobis
3130 3569 3506 3625 tradiderunt.
3561 3571 3687 3625 [nec
3713 3584 3800 3624 πω

2222 3658 2499 3727 docemus,
2526 3659 2785 3729 vobisque
2822 3661 2937 3716 haec
2983 3661 3238 3717 omnibus
3268 3662 3483 3732 absque
3519 3664 3804 3733 reprelien-

2224 3751 2379 3808 sione
2405 3761 2590 3807 tenere
2616 3762 2672 3808 et
2716 3754 2931 3820 docere,
2978 3755 3175 3823 quibus
3216 3754 3491 3826 agendum
3524 3766 3640 3821 est,
3662 3769 3799 3809 man-

2225 3843 2433 3909 damus.
2473 3864 2493 3897 ι
2550 3845 2615 3899 Et
2648 3856 2813 3916 post:
2852 3864 2869 3896 ι
2903 3845 3163 3902 Dominus
3205 3856 3398 3902 noster
3451 3846 3619 3902 Jesus
3654 3848 3800 3917 Chri-

2224 3946 2345 3992 stus
2372 3939 2595 3994 mittens
2617 3938 2907 4011 discipulos
2935 3954 3083 4005 suos,
3118 3943 3358 4012 precepit
3397 3942 3583 4008 nobis,
3619 3944 3671 3998 in
3689 3957 3804 4013 qua.

2225 4044 2458 4101 cumque
2511 4029 2735 4085 civitate
2793 4031 3148 4096 iutraveritis,
3207 4032 3417 4087 dicite:
3462 4051 3485 4085 ι
3524 4032 3640 4087 Pax
3692 4031 3807 4086 huic
3886 4029 3887 4101 ξ

2227 4125 2434 4189 domui,
2452 4143 2469 4174 ι
2488 4131 2550 4183 et
2585 4121 2808 4190 reliqua.
2835 4123 2954 4178 Alia
2980 4122 3237 4193 epistola:
3258 4123 3543 4180 «Clemens
3561 4124 3803 4180 Romae

2228 4214 2379 4270 urbis
2436 4214 2724 4285 cpiscopus
2768 4214 3077 4271 karissimis
3123 4214 3387 4272 fratribus
3438 4215 3589 4271 Iulio
3638 4215 3805 4272 etle-

2229 4305 2398 4371 liano,
2415 4324 2433 4356 ι
2460 4312 2516 4361 et
2540 4305 2767 4377 reliqua.
2793 4305 2912 4361 Alia
2933 4306 3159 4377 epistola
3190 4306 3362 4379 (epist.
3386 4306 3447 4371 5,
3476 4307 3584 4372 ib.,
3605 4325 3661 4378 p.
3682 4308 3803 4377 6|):

540 4373 772 4452 sindone
794 4372 929 4428 foris
953 4371 1154 4438 delata,
1188 4381 1244 4428 et
1271 4373 1378 4429 erit
1404 4373 1506 4429 hoc
1527 4375 1772 4446 operanti
1802 4387 2111 4447 peccatum;

2232 4416 2250 4450 ι
2282 4396 2660 4453 Dilectissimis
2717 4397 2979 4455 fratribus
3025 4408 3083 4454 et
3129 4399 3517 4470 condiscipmis
3553 4399 3802 4455 Hieroso-

542 4448 669 4522 ideo
690 4464 743 4519 in
767 4464 1003 4527 sacrario
1047 4463 1306 4520 ministris
1329 4465 1656 4537 precipimus
1682 4482 1805 4522 cum
1826 4468 1970 4523 omni
2003 4469 2120 4525 dili-

522 4555 729 4627 gentia
793 4554 1086 4610 custodire.
1142 4553 1319 4611 Pelvis
1372 4569 1532 4617 nova.
1594 4557 1817 4623 munda,
1871 4559 1958 4613 cui
1992 4559 2126 4613 nihil

546 4645 694 4703 aliud
729 4655 910 4717 tangat
931 4646 996 4701 ad
1025 4644 1287 4702 Dominici
1333 4645 1520 4702 altaris
1552 4645 1827 4721 [cultum],
1854 4648 1944 4705 ubi
1972 4650 2126 4720 pallae

542 4735 815 4792 laventur.
848 4735 976 4793 Vela
1009 4744 1189 4792 autem
1213 4751 1320 4791 non
1351 4736 1488 4808 ipsa,
1519 4737 1615 4793 sed
1647 4737 1697 4793 in
1719 4737 1826 4792 alia
1852 4738 2125 4797 laventur.

478 4851 483 4857 ·
541 4824 878 4898 Precip‘imus
920 4828 1105 4892 etiam,
1137 4841 1207 4882 ne
1234 4835 1388 4882 extra
1410 4828 1697 4885 ecclesiam
1745 4832 1858 4889 sive
1894 4833 2030 4889 laico
2060 4835 2127 4890 de

546 4919 865 4993 fragmentis
910 4920 1244 4976 oblatienum
1301 4928 1535 4991 ponatur
1564 4922 1631 4978 ad
1663 4941 1924 4982 mensam.
1972 4922 2125 4986 Unde

547 5012 657 5069 ἓξὲξ
690 5022 767 5078 ts,
793 5012 884 5084 qui
908 5012 1109 5083 passim
1127 5013 1357 5069 sacrarii
1382 5027 1554 5084 panes
1576 5012 1812 5088 indignis
1835 5017 2124 5089 impendis,

2227 4486 2406 4555 lomis,
2433 4503 2556 4543 cum
2583 4487 2873 4543 karissimo
2904 4487 3074 4544 fratre
3120 4488 3325 4545 Jacobo
3376 4490 3640 4560 episeopo
3664 4491 3805 4545 habi~
3886 4486 3887 4551 ἦ

2231 4578 2494 4665 tantibus,
2518 4577 2768 4633 Clemens
2795 4577 3138 4648 episcopus,»
3166 4588 3221 4635 et
3251 4580 3483 4650 reliqua.
3524 4581 3657 4637 [lac
3674 4582 3801 4636 dixit

2229 4679 2453 4725 sanctus
2505 4669 2777 4725 Clemens.
2811 4700 2881 4711 -
2927 4669 3162 4735 Sanctus
3208 4686 3338 4744 ergo
3378 4675 3639 4730 Clemens
3702 4689 3801 4728 non

2232 4769 2441 4815 tantum
2489 4773 2775 4816 successor
2826 4761 2973 4817 beati
3016 4761 3166 4816 Petri
3222 4761 3344 4828 fuit,
3392 4765 3488 4818 sed
3525 4765 3700 4819 etiam
3727 4763 3801 4817 vi-

2231 4863 2390 4910 vente
2417 4852 2641 4918 Jacobo,
2696 4868 2889 4910 novem
2947 4855 3108 4911 annis
3152 4864 3279 4911 ante
3306 4856 3621 4925 passionem
3644 4857 3801 4919 Petri,

2235 4943 2534 4998 [tertianam
2584 4943 2906 5000 cathedram
2960 4945 3157 5010 tenuit,
3201 4944 3356 5012 juxta
3402 4947 3803 5015 scriptor-amet

2231 5032 2426 5088 deinde
2457 5032 2821 5100 postPetrum
2850 5035 2944 5099 21,
2966 5036 3025 5091 id
3047 5044 3133 5091 est
3166 5035 3376 5090 litcum
3396 5035 3554 5091 Cleto
3585 5037 3671 5091 vel
3687 5050 3799 5093 eum
