3926 5326
1938 293 2030 349 ΜΛ
2042 291 2223 349 MAN]
2263 292 2510 350 SCOT’"

3737 304 3822 361 τετε

579 414 758 472 scalas
785 409 1047 485 graduum
1080 408 1562 466 minutissimorum
1605 408 1804 464 ictuum
1833 409 2150 477 crebrisque
2181 409 2232 469 Α
2258 418 2340 463 est
2372 424 2584 472 eversa.
2614 409 2686 464 ita
2718 417 2776 466 ut
2801 410 2918 466 solo
2951 422 3332 482 coequaretur.
3372 433 3392 466 ι
3429 414 3554 472 Ιῐωε
3585 419 3822 475 nierum-

578 503 1099 576 compunctionibus,
1126 500 1304 571 gladio
1327 509 1567 555 stercore
1595 498 1862 564 involuto,
1905 497 2153 554 excarni-

2257 513 2397 552 tnus.
2424 499 2480 552 lu
2512 514 2652 554 anno
2681 515 2807 570 ergo
2829 501 2914 555 49...
2953 511 3076 572 post
3106 504 3434 572 passionem,
3469 506 3570 560 hoc
3601 519 3684 562 est
3712 527 3822 563 rum

577 596 772 650 licatus
819 601 924 658 est,
974 599 1028 645 et
1074 589 1198 644 inde
1236 604 1374 644 unco
1405 598 1629 669 tractus,
1663 589 1716 644 in
1748 588 1996 644 Tiberem
2029 604 2154 660 pro-
2255 605 2397 643 anno
2438 591 2727 659 passionis,
2774 592 2826 645 in
2866 609 2973 662 quo
3003 593 3199 662 incepit
3242 597 3608 666 Vespasianus
3636 616 3820 654 annum

573 684 1066 754 iectus,commune
1095 680 1258 734 etiam
1284 678 1560 750 sepultura
1581 679 1777 734 caruit.
1801 677 1896 750 (H.
1924 678 2083 733 Rom.
2103 689 2149 732 et

576 773 765 845 Osos.)
793 771 1039 828 Vitellius
1070 786 1195 825 vero
1223 771 1463 826 occissus
1487 778 1570 825 est
1594 769 1649 823 5.
1679 770 1767 825 die
1813 769 2016 824 mensis
2043 768 2149 825 0c-

578 867 766 930 tohris,
815 863 1054 934 losopho
1090 861 1384 917 Judeorum
1445 861 1706 917 historico
1763 869 1902 917 teste
1939 872 1993 915 et
2024 870 2149 917 tunc

573 951 808 1015 vivente.
839 955 938 1026 (De
961 955 1011 1010 ὁ.
1042 952 1173 1008 Iud.
1203 952 1384 1023 v,15.)
1413 953 1675 1008 Eusebius
1697 952 1776 1008 sic
1802 993 1814 1006 .
1844 970 1867 1004 ι-
1893 951 2062 1007 Galba
2096 952 2148 1007 7.

575 1064 756 1104 mense
778 1048 989 1118 imperii
1027 1046 1110 1102 sui
1153 1045 1206 1100 in
1234 1045 1411 1101 medio
1443 1045 1700 1099 Romanae
1731 1045 1882 1099 urbis
1911 1043 2029 1098 foro
2060 1060 2150 1100 ea-

572 1139 680 1207 pite
728 1145 1030 1192 truncatur.
1065 1135 1269 1206 (lin-2n.)
1313 1133 1455 1191 Otho
1507 1133 1565 1188 5°
1628 1133 1781 1204 regni
1826 1133 1908 1187 sui
1963 1147 2148 1190 mense

548 1229 712 1299 apud
739 1227 1046 1283 Vetriacum
1081 1227 1300 1297 proprio
1325 1241 1484 1281 manu
1514 1225 1788 1279 occubuit.
1822 1223 2064 1280 Vitellius
2087 1225 2139 1280 8.

570 1335 758 1376 mense
787 1319 870 1375 sui
894 1318 1104 1389 imperii
1132 1335 1162 1372 a
1195 1317 1505 1387 Vespasiani
1534 1317 1760 1372 duci-bus
1799 1316 2064 1381 occissus,
2091 1316 2146 1373 in

571 1412 808 1468 Tiberim
872 1411 1231 1481 projeeitura
1296 1409 1422 1464 ihec
1471 1408 1756 1462 Eusebius.
1811 1405 1925 1461 lloc
1963 1416 2142 1460 autem

570 1512 781 1571 tempus
827 1501 968 1555 inter
996 1498 1263 1554 Neronem
1311 1506 1366 1554 et
1418 1497 1808 1568 Vespasianum
1844 1512 1943 1551 nec
1971 1497 2144 1551 Eusc-

566 1593 689 1650 bius
725 1605 931 1660 necque
979 1591 1140 1643 etiam
1195 1588 1337 1643 Beda
1391 1597 1667 1658 supputat.
1719 1585 1931 1658 (0305.)
1963 1585 2143 1641 Multis

575 1691 757 1736 autem
815 1689 868 1733 et
897 1676 1102 1734 nefaris
1134 1676 1311 1731 modis
1341 1685 1460 1745 post
1491 1673 1626 1746 (Jos.
1659 1676 1696 1728 Ι.
1725 1676 1794 1746 ι.)
1835 1676 2139 1745 complures

2209 720 2212 724 .
2252 678 2308 744 2,
2333 690 2488 750 capta
2515 689 2600 734 cst
2629 681 3011 746 llierusalima,
3044 684 3096 737 in
3123 685 3312 739 diebus
3339 688 3580 755 pascitur.
3605 688 3822 760 Josepho

2256 776 2392 824 teste
2428 779 2482 824 et
2520 771 2592 824 ibi
2631 783 2900 840 presente.
2939 771 3199 844 [Sanctus
3243 776 3308 807 ¹²¹
3347 792 3566 848 quoque
3606 779 3820 849 Spiritus

2252 875 2348 929 per
2372 877 2434 915 os
2459 861 2628 917 David
2656 864 2734 918 sic
2761 881 2775 916 :
2811 883 2829 915 ι
2867 864 3075 931 Quanta
3115 866 3438 937 malignatus
3470 879 3556 924 est
3589 870 3821 925 inimicus

2253 951 2307 1005 in
2342 962 2552 1017 sancto,
2598 962 2652 1007 et
2686 953 2898 1021 gloriati
2936 965 3062 1009 sunt
3087 960 3176 1025 qui
3210 961 3441 1012 oderunt
3469 969 3521 1014 te
3566 959 3622 1014 in
3664 961 3824 1014 medio

2252 1041 2467 1109 pascha:
2507 1059 2526 1092 ι
2570 1050 2624 1097 et
2654 1042 2906 1114 reliqua.]
2939 1042 3072 1098 Cum
3102 1047 3246 1099 enim
3276 1046 3570 1102 noluerunt
3602 1053 3733 1103 verti
3766 1054 3820 1104 ad

2250 1128 2626 1198 penitentiam,
2659 1130 2888 1187 Domino
2921 1146 3014 1186 eos
3046 1142 3396 1203 exspectante
3427 1153 3524 1205 per
3549 1153 3724 1192 annos
3745 1139 3817 1202 ill,

2251 1219 2468 1287 dignum
2493 1229 2613 1274 erat
2635 1231 2693 1275 ut
2721 1222 2777 1276 in
2801 1231 3044 1291 tempore
3072 1239 3180 1291 quo
3203 1225 3526 1279 occiderunt
3549 1227 3818 1282 numinum

2250 1309 2413 1363 etiam
2462 1310 2562 1380 ipsi
2606 1311 3007 1367 occiderentur.
3050 1312 3257 1368 Pascha
3305 1317 3450 1370 enim
3496 1316 3816 1374 Hebreorum

2248 1415 2391 1454 anno
2423 1400 2668 1469 predieto
2697 1402 2926 1472 contigit
2956 1403 3343 1472 quarta'feria,
3377 1407 3429 1459 in
3467 1423 3574 1476 qua
3609 1424 3815 1480 congre-

2247 1490 2355 1559 gati
2395 1500 2520 1547 sunt
2557 1507 2748 1547 omnes
2787 1494 3061 1562 principes
3104 1496 3449 1551 sacerdotum
3488 1507 3543 1551 et
3593 1501 3818 1555 scniorrs

2246 1581 2426 1649 populi
2460 1582 2510 1636 in
2539 1582 2736 1637 atrium
2765 1583 3024 1655 principis
3045 1587 3409 1653 sacerdotum,
3436 1590 3528 1658 qui
3551 1590 3816 1646 dicebatur

2252 1670 2560 1741 babipltas,
2617 1681 2673 1728 et
2727 1673 3013 1728 concilium
3064 1675 3308 1730 fecerunt
3359 1685 3417 1730 ut
3474 1677 3665 1733 .lesum
3713 1681 3817 1735 (ιυίο

555 1773 683 1827 dies
704 1788 734 1826 a
769 1769 1081 1840 Vespasiani
1107 1767 1389 1833 militibus,
1416 1768 1468 1823 id
1494 1777 1579 1824 est
1607 1769 1676 1822 ab
1697 1768 1931 1824 Antonio
1955 1769 2137 1824 Primo
2173 1761 2211 1820 Β
2247 1768 2489 1817 lcnerctll
2513 1768 2568 1816 el
2596 1761 2907 1819 OCCl‘derenl
2939 1763 3156 1830 (Μαιιίιο
3191 1781 3341 1832 XXVI.
3373 1767 3432 1832 3.
3460 1767 3539 1836 4).
3573 1768 3810 1824 Nostrum

549 1871 617 1916 "et
647 1859 934 1925 Martiano,
961 1861 1050 1930 qui
1081 1859 1356 1915 Vitellium
1381 1859 1710 1925 occiderunt,
1752 1858 1980 1916 ducibus
2011 1860 2139 1916 Ves-

549 1952 802 2024 pasiani,
831 1953 1119 2007 aduersum
1167 1961 1415 2007 senatum
1449 1952 1812 2023 populumque
1836 1953 2137 2008 Romanum

564 2045 854 2100 indiscreta
911 2045 1041 2099 cede
1083 2044 1327 2099 sazvitum
1363 2054 1468 2098 est.
1510 2045 1722 2116 (Onos.)
1779 2045 2141 2116 Vespasianus

565 2146 743 2192 autem
799 2134 933 2206 (Jos.
960 2135 1032 2190 ib.
1059 2151 1155 2201 vn,
1192 2135 1247 2204 9)
1296 2151 1421 2189 cum
1467 2135 1666 2191 Judcos
1697 2137 1748 2190 in
1775 2137 1908 2192 urbe
1952 2138 2142 2192 llieru-

563 2231 898 2293 solimorum,
949 2227 1206 2299 precipue
1253 2227 1323 2281 ob
1351 2228 1492 2282 diem
1530 2228 1723 2283 fesunn
1754 2231 1969 2298 pascha:
2013 2246 2142 2285 con-

563 2329 831 2394 gregatos,
876 2319 1156 2375 obsidione
1201 2316 1474 2383 elusisset,
1531 2317 1745 2387 cognita
1799 2328 1973 2373 morte
2031 2318 2138 2375 Ne-

564 2415 748 2479 ronis,
778 2409 992 2468 hortatu
1029 2410 1400 2479 plurimorum
1435 2425 1658 2480 regnum
1717 2410 1785 2441 “°
1836 2420 1892 2465 et
1915 2413 2143 2477 ducum,

565 2505 798 2558 maxime
835 2502 1053 2572 .losephi
1104 2499 1398 2557 Judeorum
1452 2500 1605 2556 ducis
1653 2501 1923 2556 sententia
1954 2537 2020 2548 -.
2045 2503 2136 2572 qui

561 2605 750 2666 captus
771 2610 895 2650 cum
923 2594 975 2648 in
1015 2593 1230 2648 vincula
1278 2591 1658 2662 conjiceretur,
1701 2592 2138 2648 constantissime

561 2687 718 2752 dixit,
747 2687 889 2742 sicut
918 2685 1209 2740 Suetonius
1255 2682 1444 2748 refert,
1483 2683 1741 2736 continuo
1770 2698 1828 2737 se
1852 2683 1921 2738 ab
1946 2685 2134 2739 eodem

563 2779 892 2852 Vespasiano
923 2779 1017 2834 sed
1058 2779 1382 2849 imperatore
1414 2775 1824 2841 solvendum,—
1852 2777 2137 2848 imperium

560 2871 783 2942 adeptus
823 2869 1028 2941 (Πιειι.)
1057 2909 1073 2936 ,
1129 2868 1325 2924 bellum
1383 2868 1506 2922 Tito
1556 2868 1666 2921 lilio
1716 2868 2134 2934 commendans,

557 2958 783 3016 Romam
811 2975 907 3030 per
932 2957 1310 3013 Alexandriam
1353 2957 1740 3029 proficiscitur.
1781 2957 1998 3029 (Osos)
2027 2957 2134 3013 Sed

560 3054 774 3124 cognita
794 3059 965 3108 morte
982 3051 1203 3116 Vitellii,
1228 3050 1498 3120 paulisper
1525 3048 1848 3104 Alesandrie
1871 3050 2130 3105 substitit.

2242 1851 2652 1922 auteuLpascha
2681 1850 2733 1905 8.
2777 1851 2896 1906 Kal.
2942 1853 3163 1922 Aprilis,
3210 1855 3261 1909 in
3303 1871 3414 1924 quo
3443 1858 3814 1913 cruciﬁxerunt

2244 1942 2552 2008 Dominum,
2587 1942 2639 1998 in
2669 1942 2864 2013 quibus
2895 1943 3056 1999 Titus.
3087 1945 3318 2000 hiisdem
3357 1947 3558 2002 diebus
3595 1950 3736 2019 capit
3755 1951 3813 2003 ci-

2243 2032 2485 2100 vitalem,
2545 2034 2736 2090 deinde
2787 2036 3042 2106 templum
3105 2037 3364 2101 incendit,
3436 2055 3630 2095 muros
3687 2043 3816 2094 urbis

2245 2124 2527 2179 universos
2558 2125 2672 2180 solo
2702 2129 3019 2195 coequarit;
3049 2138 3103 2183 et
3133 2129 3391 2185 undecies
3419 2141 3656 2186 centena
3688 2132 3809 2186 milia

2241 2214 2420 2284 gladio
2446 2223 2500 2269 et
2549 2215 2689 2270 fatue
2745 2218 2973 2288 periisse
3009 2219 3200 2273 scribit
3228 2218 3504 2290 Josephus
3533 2223 3810 2278 Judeormn

2241 2302 2533 2359 historicus
2566 2315 2623 2360 et
2650 2317 2776 2360 tunc
2803 2321 3049 2376 presens,
3079 2318 3133 2362 et
3155 2318 3372 2363 centum
3403 2312 3560 2365 milia
3590 2314 3810 2382 captivo-

2241 2409 2362 2448 rum
2393 2395 2606 2449 vcndita
2636 2406 2691 2450 et
2721 2396 2788 2451 9U
2821 2397 2965 2451 milia
3003 2399 3266 2468 dispersa.
3303 2401 3430 2456 Ideo
3460 2413 3646 2458 autem
3683 2414 3808 2457 tanta

2240 2483 2527 2558 multitudo
2552 2485 2887 2544 llieruSalem
2915 2497 3032 2541 erat
3057 2496 3204 2552 tunc,
3237 2491 3364 2558 quia
3390 2505 3462 2544 ex
3484 2493 3637 2545 omni
3662 2491 3810 2545 lutea

2239 2573 2306 2627 ad
2358 2573 2615 2644 templum
2659 2577 2713 2631 in
2759 2577 2952 2632 diebus
2991 2579 3289 2633 azimorum
3339 2580 3691 2638 conﬂuebant
3727 2586 3808 2653 (el.

2241 2662 2395 2717 Oros.
2423 2673 2478 2719 et
2515 2664 2709 2735 Ilion).

2309 2752 2394 2806 77.
2438 2753 2490 2807 5.
2533 2752 2643 2826 [LV]
2669 2725 3049 2824 'Vespasianus
3149 2769 3198 2812 et
3234 2758 3382 2814 Titus
3408 2761 3467 2815 4.

2307 2846 2395 2900 78.
2435 2845 2489 2900 4.
2533 2846 2663 2920 [LVI]
2716 2845 3063 2919 Vespasianus
3095 2849 3145 2904 6.
3178 2861 3224 2904 et
3252 2851 3399 2907 Titus
3421 2853 3477 2908 5.

2309 2935 2462 3008 (Cod.
2509 2937 2562 2991 in
2610 2940 2864 3010 ntargine.
2911 2939 3148 3008 Quartus
3192 2943 3610 3001 deeennovenn.
3640 2947 3807 3019 cyclus

2240 3027 2431 3097 incipit.
2458 3029 2647 3084 indict.

560 3108 712 3200 Tilus
743 3158 870 3199 vero
899 3141 1235 3198 abexereitu
1267 3139 1654 3210 pronuntiatus
1693 3147 1778 3193 est
1820 3137 2133 3208 imperator.

2311 3118 2396 3174 79.
2437 3119 2489 3174 5.
2534 3120 2686 3193 [svnt]
2733 3121 3076 3192 Vespasianus
3106 3123 3154 3178 7.
3189 3134 3238 3179 et
3272 3126 3418 3181 Titus
3450 3127 3505 3182 6.
3542 3130 3806 3200 Vespasia-

556 3236 742 3292 Muros
800 3236 953 3291 urbis
1000 3226 1284 3290 universes
1311 3234 1427 3289 solo
1481 3234 1784 3304 cocquavit.
1836 3233 1940 3287 600
1989 3234 2135 3288 milia

553 3324 847 3384 Judeorum
871 3325 1159 3381 interfecta
1184 3340 1250 3380 eo
1284 3325 1441 3391 bello,
1469 3325 1753 3401 Cornelius
1795 3334 1850 3380 ct
1885 3325 2138 3381 Suetonis

561 3417 826 3475 referunt.
882 3416 1149 3487 Josephus
1202 3431 1334 3473 vero
1378 3415 1606 3484 .l-udeus,
1656 3418 1749 3487 qui
1782 3418 1894 3488 ipse
1938 3417 2137 3489 prefuit

559 3510 704 3567 bello
726 3519 781 3566 et
801 3509 940 3580 apud
965 3507 1355 3579 Vespasianum
1381 3517 1499 3579 post
1522 3508 1823 3579 predictum
1851 3510 2134 3580 imperium

558 3602 773 3657 veniam
796 3599 1130 3672 gratiamque
1169 3598 1388 3665 meruit,
1442 3599 1657 3664 scribit,
1700 3599 1958 3656 undecies
2004 3617 2135 3655 ccu-

560 3702 686 3748 tena
732 3691 876 3747 milia
907 3689 1086 3760 gladio
1113 3687 1331 3744 etl‘ame
1356 3687 1584 3758 perisse.
1627 3687 1904 3760 Reliquias
1951 3702 2134 3746 autem

559 3785 676 3833 toto
725 3777 856 3833 orbe
906 3776 1180 3845 dispersas
1210 3813 1226 3840 ,
1279 3789 1506 3829 numero
1554 3773 1659 3832 900
1709 3775 1898 3842 milia,
1949 3791 2136 3831 narra-

564 3877 673 3923 tur.
701 3896 772 3909 —
812 3864 1178 3938 Vespasianus
1201 3873 1260 3920 et
1295 3864 1452 3921 Tibus
1472 3858 1831 3936 imperatores
1857 3867 2131 3938 appellati.

561 3957 667 4030 (Cf.
701 3956 877 4029 Hier.)

629 4054 990 4110 Romanorum
1051 4051 1137 4108 10.
1194 4049 1550 4122 Vespasianus
1597 4051 1889 4107 secundum
1953 4068 2130 4108 omnes

558 4147 788 4218 regnavit
817 4143 1055 4210 annis‘9,
1084 4159 1282 4198 menses
1320 4144 1407 4208 ll,
1437 4145 1550 4199 dies
1573 4143 1665 4209 22,
1702 4144 1806 4200 hoc
1841 4155 1926 4200 est
1962 4159 2133 4216 usque

557 4239 826 4296 Kalendas
849 4236 1114 4296 Octimbr.
1147 4237 1201 4292 in
1232 4251 1374 4291 anno
1401 4235 1492 4291 50.
1521 4244 1645 4307 post
1671 4237 2000 4307 passionem.

567 4351 579 4357 ‘
629 4331 717 4386 75.
762 4331 812 4387 Ι.
860 4327 1012 4402 [ιω]
1047 4326 1251 4399 (illam)
1302 4325 1663 4397 Vespasianus
1713 4327 1767 4382 5.
1815 4337 1863 4381 et
1931 4325 2129 4401 Nerva.

556 4420 883 4493 Capitolium
905 4419 1077 4474 Bome
1105 4417 1402 4474 incensum.

587 4533 593 4542 ι
628 4512 716 4569 76,
755 4511 811 4566 2.
853 4507 988 4584 [ων]
1015 4506 1220 4578 (litem)
1249 4505 1598 4576 Vespasianus
1621 4507 1674 4562 4.
1704 4519 1752 4562 et
1782 4508 1926 4566 Titus
1956 4511 2009 4567 5.
2033 4510 2128 4567 His

557 4600 871 4659 consulibus
899 4613 930 4652 a
956 4596 1110 4662 Tito,’
1135 4595 1246 4652 ﬁlio
1276 4593 1611 4667 Vespasiani,
1637 4595 1807 4653 .Iudea
1834 4609 1989 4669 capta
2019 4611 2124 4656 est.

558 4689 632 4746 Ut
653 4688 881 4759 Josepus
904 4684 1056 4750 dicit,
1096 4683 1358 4742 undecies
1389 4692 1444 4740 et
1471 4693 1698 4740 centena
1729 4687 1874 4742 milia
1901 4687 2045 4744 [time
2073 4700 2131 4746 et

559 4778 736 4851 gladio
771 4777 1047 4848 perierunt
1081 4783 1138 4831 et
1180 4782 1394 4830 centum
1436 4774 1581 4828 milia
1628 4775 1964 4844 captivorum
2001 4787 2129 4834 sunt

555 4871 780 4926 venditi.
811 4868 1158 4942 Erangelium
1189 4867 1483 4924 secundum
1526 4863 1796 4924 Matheum
1838 4887 1850 4923 :
1897 4889 1914 4922 ι
1952 4872 2123 4927 Amen

557 4961 678 5019 dico
704 4963 878 5029 vobis,
907 4976 1013 5017 non
1041 4960 1377 5030 relinquetur
1398 4959 1485 5014 hic
1512 4957 1647 5027 lapis
1681 4976 1846 5030 super
1871 4960 2128 5032 lapidem,

555 5054 646 5124 qui
681 5054 1133 5110 non'destruetur
1168 5050 1382 5122 (Matth.
1426 5065 1571 5114 xxw,
1605 5051 1682 5118 2).
1722 5070 1741 5104 ι
1777 5052 2125 5108 llieronimus

555 5145 683 5200 slc':
713 5162 731 5196 ι
767 5142 926 5199 Juxta
964 5141 1243 5196 historiam
1288 5138 1606 5194 manifestus
1640 5150 1723 5194 est
1749 5157 1960 5207 sensus,
1996 5145 2122 5212 quia

555 5231 622 5268 ιο
679 5245 820 5268 onnn
858 5239 972 5268 una!
1007 5228 1313 5268 naccinnnm
1380 5228 1479 5268 mlh
1509 5226 1839 5268 anacinnn
1883 5240 1932 5268 at
1979 5233 2100 5268 'l‘im

2241 3224 2342 3265 nus
2384 3211 2702 3280 Capitolium
2747 3213 3001 3266 editicare
3044 3229 3203 3269 orsus
3238 3225 3342 3270 est.
3384 3217 3444 3271 in
3487 3219 3804 3274 Alexandria

2242 3296 2381 3352 facta
2413 3308 2499 3352 est
2535 3300 2747 3354 seditio.
2779 3300 3006 3365 Achaia,
3047 3302 3462 3360 Aliciarcbodus
3509 3307 3602 3373 ¹²²,
3630 3309 3806 3363 Bizan-

2241 3389 2397 3453 lium,
2447 3387 2658 3453 Samus,
2710 3387 2940 3444 Trochia
2986 3391 3206 3457 Celicia,
3259 3394 3649 3467 Commagine,
3702 3414 3804 3468 qua

2236 3477 2420 3533 libera:
2442 3487 2597 3533 antea
2630 3488 2685 3533 et
2710 3480 2814 3535 sub
2832 3479 3050 3552 regibus
3083 3483 3272 3538 amicis
3300 3496 3484 3552 erant,
3517 3489 3573 3542 in
3598 3491 3802 3557 provin-

2238 3570 2350 3624 cias
2374 3571 2626 3625 redactae.
3449 3633 3452 3635 _

2307 3660 2397 3716 80.
2441 3660 2494 3715 6.
2536 3659 2712 3734 [Lvnt]
2740 3661 2944 3734 (Ηιειι.)
2984 3664 3300 3719 Commodus
3331 3677 3379 3720 et
3404 3666 3604 3737 Rufus.
3633 3669 3804 3724 Calas.

2236 3768 2329 3809 sus
2350 3763 2564 3824 erectus
2587 3764 2691 3822 est,
2712 3755 3013 3812 altitudinis
3033 3758 3239 3814 habens
3264 3757 3454 3830 [pedes
3486 3761 3580 3834 ⁸⁸³]
3602 3773 3801 3818 centum

2236 3854 2458 3918 septem.

2302 3938 2391 3992 8t.
2430 3937 2484 3992 7.
2529 3935 2895 4012 [ιιι](1·ῐιειι.)
2929 3937 3359 4008 VespasianusS.
3398 3952 3447 3996 et
3499 3941 3796 4016 Titus[7].

2232 4029 2498 4084 Asconius
2518 4027 2783 4085 Pedianus
2795 4031 2900 4084 seri
2905 4038 3027 4100 ptor
3049 4031 3340 4087 historicus
3361 4031 3544 4088 clarus
3566 4033 3802 4094 habetur,

2232 4121 2324 4190 qui
2385 4120 2478 4175 75°
2530 4121 2706 4176 artatis
2753 4137 2865 4176 suae
2921 4137 3062 4177 anno
3122 4132 3311 4194 captus
3362 4123 3681 4190 luminibus,
3740 4123 3799 4178 1?.

2231 4222 2417 4286 postea
2469 4215 2628 4270 annis
2677 4214 2730 4269 in
2774 4230 3028 4286 supremo
3074 4218 3316 4272 omnium
3364 4217 3575 4274 honore
3623 4231 3800 4274 conso-

2232 4307 2424 4364 nescit.

2304 4398 2394 4453 82.
2435 4397 2488 4452 8.
2530 4395 2645 4471 [ιι]
2691 4397 2896 4470 (liram)
2955 4397 3302 4468 Vespasianus
3352 4400 3405 4456 9.
3453 4410 3508 4456 et
3562 4400 3708 4456 πω
3745 4401 3792 4455 8.

2234 4487 2509 4545 Gabianus
2545 4489 2730 4544 rethor
2760 4487 3002 4561 [nomine
3026 4487 3119 4560 ⁸⁸⁸]
3158 4489 3516 4546 celeberrime
3552 4492 3610 4548 in
3637 4490 3795 4546 Gallis

2231 4580 2408 4634 docet.

2302 4671 2393 4728 83.
2432 4669 2484 4726 9.
2525 4669 2670 4744 [ull
2693 4671 2902 4743 (Ηιειι.)
2939 4671 3184 4728 Silvanus
3208 4683 3256 4727 et
3302 4671 3486 4729 Verus.
3516 4675 3651 4731 Tres
3675 4676 3796 4731 ciri-

2235 4769 2372 4817 tates
2415 4749 2561 4832 Cipri
2623 4772 2780 4817 terra:
2835 4773 2982 4818 motu
3031 4775 3376 4822 corruerunt.
3427 4766 3573 4823 Lues
3621 4770 3796 4839 ingens

2233 4851 2402 4906 Rome
2450 4850 2615 4918 facta,
2642 4853 2714 4906 ita
2751 4860 2811 4906 ut
2844 4869 2941 4923 per
2979 4855 3176 4909 multos
3204 4856 3320 4910 dies
3362 4857 3417 4910 in
3457 4857 3789 4913 efemeridem

2233 4944 2300 4997 10
2325 4943 2472 4996 milia
2502 4943 2671 4998 ferme
2702 4956 3038 5000 mortuorum
3064 4947 3340 5001 hominum
3371 4945 3687 5003 ederentur.

2299 5033 2387 5087 84.
2430 5035 2516 5088 10.
2559 5034 2715 5106 [uti]
2749 5035 2952 5106 (l-llen.)
2983 5036 3312 5092 Domitianus
3349 5048 3397 5093 et
3429 5038 3783 5094 Messalinus

2233 5125 2594 5197 Vespasianus
2617 5126 2855 5182 colonias
2882 5127 3123 5183 deduxit.
3161 5128 3491 5198 Apollinaris
3519 5131 3785 5199 episcopus

2231 5229 2296 5268 ad
2339 5225 2648 5268 Ravennam
2691 5224 2902 5268 missus-
2948 5239 3162 5268 nassam-
3208 5224 3391 5268 Illac-)
3435 5223 3784 5268 Vesnacianns
