  <div class='ocr_page' id='page_1' title='image "/cluster/home/n/w/nwhite01/storage/ocr_20150623/147/hvd.32044010574002/334.png"; bbox 0 0 3926 5326; ppageno 0'>
   <div class='ocr_carea' id='block_1_1' title="bbox 85 482 187 537">
    <p class='ocr_par' dir='ltr' id='par_1_1' title="bbox 85 482 187 537">
     <span class='ocr_line' id='line_1_1' title="bbox 85 482 187 537; baseline -0.01 0"><span class='ocrx_word' id='word_1_1' title='bbox 85 482 187 537; x_wconf 68' lang='lat' dir='ltr'><strong>63W</strong></span> 
     </span>
    </p>
   </div>
   <div class='ocr_carea' id='block_1_2' title="bbox 1312 491 2132 550">
    <p class='ocr_par' dir='ltr' id='par_1_2' title="bbox 1312 491 2132 550">
     <span class='ocr_line' id='line_1_2' title="bbox 1312 491 2132 550; baseline 0.002 -2"><span class='ocrx_word' id='word_1_2' title='bbox 1312 491 1729 550; x_wconf 73' lang='lat' dir='ltr'><strong>CHRONICON.</strong></span> <span class='ocrx_word' id='word_1_3' title='bbox 1769 523 1842 534; x_wconf 92' lang='lat'><strong>-</strong></span> <span class='ocrx_word' id='word_1_4' title='bbox 1878 491 2005 549; x_wconf 83' lang='lat' dir='ltr'><strong>LIB.</strong></span> <span class='ocrx_word' id='word_1_5' title='bbox 2046 494 2132 550; x_wconf 82' lang='grc'><strong>111.</strong></span> 
     </span>
    </p>
   </div>
   <div class='ocr_carea' id='block_1_3' title="bbox 3220 506 3349 563">
    <p class='ocr_par' dir='ltr' id='par_1_3' title="bbox 3220 506 3349 563">
     <span class='ocr_line' id='line_1_3' title="bbox 3220 506 3349 563; baseline 0.016 -1"><span class='ocrx_word' id='word_1_6' title='bbox 3220 506 3349 563; x_wconf 65' lang='lat'><strong>638‘</strong></span> 
     </span>
    </p>
   </div>
   <div class='ocr_carea' id='block_1_4' title="bbox 83 556 3327 683">
    <p class='ocr_par' dir='ltr' id='par_1_4' title="bbox 83 556 3327 683">
     <span class='ocr_line' id='line_1_4' title="bbox 83 556 3327 683; baseline 0.009 -36"><span class='ocrx_word' id='word_1_7' title='bbox 83 593 166 647; x_wconf 83' lang='lat'><strong>69.</strong></span> <span class='ocrx_word' id='word_1_8' title='bbox 200 592 372 648; x_wconf 67' lang='lat' dir='ltr'><strong>aetatis</strong></span> <span class='ocrx_word' id='word_1_9' title='bbox 400 609 563 650; x_wconf 88' lang='lat' dir='ltr'><strong>anno.</strong></span> <span class='ocrx_word' id='word_1_10' title='bbox 596 556 802 670; x_wconf 59' lang='lat' dir='ltr'><strong>(litem)</strong></span> <span class='ocrx_word' id='word_1_11' title='bbox 829 597 918 671; x_wconf 81' lang='lat' dir='ltr'><strong>[Et</strong></span> <span class='ocrx_word' id='word_1_12' title='bbox 946 600 1100 659; x_wconf 90' lang='lat' dir='ltr'><strong>Titus</strong></span> <span class='ocrx_word' id='word_1_13' title='bbox 1127 603 1227 660; x_wconf 84' lang='lat' dir='ltr'><strong>sibi</strong></span> <span class='ocrx_word' id='word_1_14' title='bbox 1257 607 1541 676; x_wconf 86' lang='lat' dir='ltr'><strong>successit,</strong></span> <span class='ocrx_word' id='word_1_15' title='bbox 1566 608 1651 664; x_wconf 88' lang='lat' dir='ltr'><strong>his</strong></span> <span class='ocrx_word' id='word_1_16' title='bbox 1675 614 1726 674; x_wconf 72' lang='grc' dir='ltr'><strong>Α</strong></span> <span class='ocrx_word' id='word_1_17' title='bbox 1755 604 1869 662; x_wconf 81' lang='lat' dir='ltr'><strong>Duo</strong></span> <span class='ocrx_word' id='word_1_18' title='bbox 1894 620 2107 663; x_wconf 85' lang='lat' dir='ltr'><strong>menses</strong></span> <span class='ocrx_word' id='word_1_19' title='bbox 2133 608 2289 678; x_wconf 76' lang='lat' dir='ltr'><strong>aliter</strong></span> <span class='ocrx_word' id='word_1_20' title='bbox 2316 608 2590 683; x_wconf 74' lang='lat' dir='ltr'><strong>appellati,</strong></span> <span class='ocrx_word' id='word_1_21' title='bbox 2622 612 2935 683; x_wconf 82' lang='lat' dir='ltr'><strong>Septimber</strong></span> <span class='ocrx_word' id='word_1_22' title='bbox 2968 614 3327 675; x_wconf 86' lang='lat' dir='ltr'><strong>Germanicus</strong></span> 
     </span>
    </p>
   </div>
   <div class='ocr_carea' id='block_1_5' title="bbox 86 682 968 765">
    <p class='ocr_par' dir='ltr' id='par_1_5' title="bbox 86 682 968 765">
     <span class='ocr_line' id='line_1_5' title="bbox 86 682 968 765; baseline 0.007 -27"><span class='ocrx_word' id='word_1_23' title='bbox 86 682 409 752; x_wconf 77' lang='lat' dir='ltr'><strong>consulibus,</strong></span> <span class='ocrx_word' id='word_1_24' title='bbox 440 683 763 743; x_wconf 85' lang='lat' dir='ltr'><strong>Cassiodoro</strong></span> <span class='ocrx_word' id='word_1_25' title='bbox 789 691 968 765; x_wconf 88' lang='lat' dir='ltr'><strong>teste.]</strong></span> 
     </span>
    </p>
   </div>
   <div class='ocr_carea' id='block_1_6' title="bbox 164 772 1649 857">
    <p class='ocr_par' dir='ltr' id='par_1_6' title="bbox 164 772 1649 857">
     <span class='ocr_line' id='line_1_6' title="bbox 164 772 1649 857; baseline 0.011 -30"><span class='ocrx_word' id='word_1_26' title='bbox 164 772 508 830; x_wconf 78' lang='lat' dir='ltr'><strong>&#39;iontanorunt</strong></span> <span class='ocrx_word' id='word_1_27' title='bbox 566 779 653 833; x_wconf 79' lang='lat' dir='ltr'><strong>ll.</strong></span> <span class='ocrx_word' id='word_1_28' title='bbox 713 779 879 846; x_wconf 82' lang='lat' dir='ltr'><strong>Titus,</strong></span> <span class='ocrx_word' id='word_1_29' title='bbox 926 783 1072 851; x_wconf 72' lang='lat' dir='ltr'><strong><em>filius</em></strong></span> <span class='ocrx_word' id='word_1_30' title='bbox 1119 782 1450 855; x_wconf 70' lang='lat' dir='ltr'><strong>Vespasiani,</strong></span> <span class='ocrx_word' id='word_1_31' title='bbox 1484 785 1649 857; x_wconf 67' lang='lat' dir='ltr'><strong>juxta</strong></span> 
     </span>
    </p>
   </div>
   <div class='ocr_carea' id='block_1_7' title="bbox 86 864 1647 944">
    <p class='ocr_par' dir='ltr' id='par_1_7' title="bbox 86 864 1647 944">
     <span class='ocr_line' id='line_1_7' title="bbox 86 864 1647 944; baseline 0.012 -28"><span class='ocrx_word' id='word_1_32' title='bbox 86 866 345 919; x_wconf 69' lang='lat' dir='ltr'><strong>historiam</strong></span> <span class='ocrx_word' id='word_1_33' title='bbox 376 864 689 932; x_wconf 72' lang='lat' dir='ltr'><strong>Romanam,</strong></span> <span class='ocrx_word' id='word_1_34' title='bbox 732 876 961 940; x_wconf 65' lang='lat' dir='ltr'><strong>regnavit</strong></span> <span class='ocrx_word' id='word_1_35' title='bbox 1001 875 1157 930; x_wconf 76' lang='lat' dir='ltr'><strong><em>annis</em></strong></span> <span class='ocrx_word' id='word_1_36' title='bbox 1193 874 1248 941; x_wconf 86' lang='lat'><strong>2,</strong></span> <span class='ocrx_word' id='word_1_37' title='bbox 1287 877 1549 932; x_wconf 69' lang='lat' dir='ltr'><strong>mensibus</strong></span> <span class='ocrx_word' id='word_1_38' title='bbox 1591 876 1647 944; x_wconf 74' lang='lat'><strong>8,</strong></span> 
     </span>
    </p>
   </div>
   <div class='ocr_carea' id='block_1_8' title="bbox 80 954 1649 1037">
    <p class='ocr_par' dir='ltr' id='par_1_8' title="bbox 80 954 1649 1037">
     <span class='ocr_line' id='line_1_8' title="bbox 80 954 1649 1037; baseline 0.011 -30"><span class='ocrx_word' id='word_1_39' title='bbox 80 954 254 1009; x_wconf 69' lang='lat' dir='ltr'><strong>diebus</strong></span> <span class='ocrx_word' id='word_1_40' title='bbox 282 955 377 1022; x_wconf 87' lang='lat'><strong>20,</strong></span> <span class='ocrx_word' id='word_1_41' title='bbox 404 957 503 1011; x_wconf 77' lang='lat' dir='ltr'><strong>hoc</strong></span> <span class='ocrx_word' id='word_1_42' title='bbox 514 968 598 1013; x_wconf 75' lang='lat' dir='ltr'><strong>est</strong></span> <span class='ocrx_word' id='word_1_43' title='bbox 627 976 789 1031; x_wconf 79' lang='lat' dir='ltr'><strong>usque</strong></span> <span class='ocrx_word' id='word_1_44' title='bbox 823 960 949 1017; x_wconf 76' lang='lat' dir='ltr'><strong><em>Kal.</em></strong></span> <span class='ocrx_word' id='word_1_45' title='bbox 977 962 1153 1032; x_wconf 65' lang='lat' dir='ltr'><strong>Junii,</strong></span> <span class='ocrx_word' id='word_1_46' title='bbox 1179 965 1232 1020; x_wconf 81' lang='lat' dir='ltr'><strong><em>ia</em></strong></span> <span class='ocrx_word' id='word_1_47' title='bbox 1256 983 1396 1021; x_wconf 76' lang='lat' dir='ltr'><strong>anno</strong></span> <span class='ocrx_word' id='word_1_48' title='bbox 1418 966 1507 1023; x_wconf 79' lang='lat'><strong>53.</strong></span> <span class='ocrx_word' id='word_1_49' title='bbox 1533 977 1649 1037; x_wconf 78' lang='lat' dir='ltr'><strong>post</strong></span> 
     </span>
    </p>
   </div>
   <div class='ocr_carea' id='block_1_9' title="bbox 84 1042 627 1097">
    <p class='ocr_par' dir='ltr' id='par_1_9' title="bbox 84 1042 627 1097">
     <span class='ocr_line' id='line_1_9' title="bbox 84 1042 627 1097; baseline 0.004 -4"><span class='ocrx_word' id='word_1_50' title='bbox 84 1042 368 1094; x_wconf 77' lang='lat' dir='ltr'><strong>oassioneut</strong></span> <span class='ocrx_word' id='word_1_51' title='bbox 394 1042 627 1097; x_wconf 79' lang='lat' dir='ltr'><strong>Domini.</strong></span> 
     </span>
    </p>
   </div>
   <div class='ocr_carea' id='block_1_10' title="bbox 146 1131 1645 1213">
    <p class='ocr_par' dir='ltr' id='par_1_10' title="bbox 146 1131 1645 1213">
     <span class='ocr_line' id='line_1_10' title="bbox 146 1131 1645 1213; baseline 0.009 -26"><span class='ocrx_word' id='word_1_52' title='bbox 146 1131 233 1187; x_wconf 77' lang='lat'><strong>85.</strong></span> <span class='ocrx_word' id='word_1_53' title='bbox 278 1133 330 1186; x_wconf 85' lang='lat' dir='ltr'><strong>l.</strong></span> <span class='ocrx_word' id='word_1_54' title='bbox 371 1134 552 1208; x_wconf 75' lang='lat' dir='ltr'><strong>[mn]</strong></span> <span class='ocrx_word' id='word_1_55' title='bbox 582 1134 783 1209; x_wconf 75' lang='grc' dir='ltr'><strong>(Ηιειι.)</strong></span> <span class='ocrx_word' id='word_1_56' title='bbox 809 1137 1146 1197; x_wconf 73' lang='lat' dir='ltr'><strong>Domitianus</strong></span> <span class='ocrx_word' id='word_1_57' title='bbox 1166 1152 1216 1197; x_wconf 77' lang='lat' dir='ltr'><strong>et</strong></span> <span class='ocrx_word' id='word_1_58' title='bbox 1249 1142 1442 1213; x_wconf 70' lang='lat' dir='ltr'><strong>liuius.</strong></span> <span class='ocrx_word' id='word_1_59' title='bbox 1473 1144 1645 1211; x_wconf 78' lang='lat' dir='ltr'><strong>Titus,</strong></span> 
     </span>
    </p>
   </div>
   <div class='ocr_carea' id='block_1_11' title="bbox 80 1216 1650 1305">
    <p class='ocr_par' dir='ltr' id='par_1_11' title="bbox 80 1216 1650 1305">
     <span class='ocr_line' id='line_1_11' title="bbox 80 1216 1650 1305; baseline 0.011 -29"><span class='ocrx_word' id='word_1_60' title='bbox 80 1221 215 1279; x_wconf 70' lang='lat' dir='ltr'><strong>ﬁlius</strong></span> <span class='ocrx_word' id='word_1_61' title='bbox 256 1221 600 1295; x_wconf 82' lang='lat' dir='ltr'><strong>Vespasiani,</strong></span> <span class='ocrx_word' id='word_1_62' title='bbox 647 1228 700 1283; x_wconf 91' lang='lat' dir='ltr'><strong>in</strong></span> <span class='ocrx_word' id='word_1_63' title='bbox 755 1238 985 1301; x_wconf 81' lang='lat' dir='ltr'><strong>utraque</strong></span> <span class='ocrx_word' id='word_1_64' title='bbox 1033 1216 1211 1305; x_wconf 66' lang='lat' dir='ltr'><strong>littgua</strong></span> <span class='ocrx_word' id='word_1_65' title='bbox 1257 1235 1650 1296; x_wconf 66' lang='lat' dir='ltr'><strong><em>disertissimus</em></strong></span> 
     </span>
    </p>
   </div>
   <div class='ocr_carea' id='block_1_12' title="bbox 82 1311 1650 1394">
    <p class='ocr_par' dir='ltr' id='par_1_12' title="bbox 82 1311 1650 1394">
     <span class='ocr_line' id='line_1_12' title="bbox 82 1311 1650 1394; baseline 0.013 -28"><span class='ocrx_word' id='word_1_66' title='bbox 82 1311 174 1367; x_wconf 80' lang='lat' dir='ltr'><strong>luit</strong></span> <span class='ocrx_word' id='word_1_67' title='bbox 193 1323 247 1367; x_wconf 84' lang='lat' dir='ltr'><strong>et</strong></span> <span class='ocrx_word' id='word_1_68' title='bbox 265 1324 432 1371; x_wconf 78' lang='lat' dir='ltr'><strong>tanta:</strong></span> <span class='ocrx_word' id='word_1_69' title='bbox 458 1316 737 1393; x_wconf 79' lang='lat' dir='ltr'><strong>bonitatis,</strong></span> <span class='ocrx_word' id='word_1_70' title='bbox 768 1330 849 1386; x_wconf 92' lang='lat' dir='ltr'><strong>ut,</strong></span> <span class='ocrx_word' id='word_1_71' title='bbox 870 1337 993 1378; x_wconf 88' lang='lat' dir='ltr'><strong>cum</strong></span> <span class='ocrx_word' id='word_1_72' title='bbox 1022 1325 1257 1394; x_wconf 85' lang='lat' dir='ltr'><strong>quadam</strong></span> <span class='ocrx_word' id='word_1_73' title='bbox 1281 1328 1368 1383; x_wconf 90' lang='lat' dir='ltr'><strong>die</strong></span> <span class='ocrx_word' id='word_1_74' title='bbox 1395 1330 1650 1385; x_wconf 83' lang='lat' dir='ltr'><strong>recorda-</strong></span> 
     </span>
    </p>
   </div>
   <div class='ocr_carea' id='block_1_13' title="bbox 85 1404 1647 1491">
    <p class='ocr_par' dir='ltr' id='par_1_13' title="bbox 85 1404 1647 1491">
     <span class='ocr_line' id='line_1_13' title="bbox 85 1404 1647 1491; baseline 0.013 -34"><span class='ocrx_word' id='word_1_75' title='bbox 85 1415 158 1458; x_wconf 86' lang='lat' dir='ltr'><strong><em>tus</em></strong></span> <span class='ocrx_word' id='word_1_76' title='bbox 187 1404 386 1462; x_wconf 79' lang='lat' dir='ltr'><strong>lnisset</strong></span> <span class='ocrx_word' id='word_1_77' title='bbox 415 1408 467 1462; x_wconf 91' lang='lat' dir='ltr'><strong>in</strong></span> <span class='ocrx_word' id='word_1_78' title='bbox 485 1423 624 1464; x_wconf 82' lang='lat' dir='ltr'><strong>cena</strong></span> <span class='ocrx_word' id='word_1_79' title='bbox 656 1410 788 1467; x_wconf 80' lang='lat' dir='ltr'><strong>nihil</strong></span> <span class='ocrx_word' id='word_1_80' title='bbox 816 1428 875 1468; x_wconf 88' lang='lat' dir='ltr'><strong>se</strong></span> <span class='ocrx_word' id='word_1_81' title='bbox 904 1413 957 1468; x_wconf 87' lang='lat' dir='ltr'><strong>in</strong></span> <span class='ocrx_word' id='word_1_82' title='bbox 988 1415 1080 1469; x_wconf 88' lang='lat' dir='ltr'><strong>illo</strong></span> <span class='ocrx_word' id='word_1_83' title='bbox 1104 1416 1194 1473; x_wconf 85' lang='lat' dir='ltr'><strong>die</strong></span> <span class='ocrx_word' id='word_1_84' title='bbox 1223 1419 1473 1490; x_wconf 77' lang='lat' dir='ltr'><strong>cuiquam</strong></span> <span class='ocrx_word' id='word_1_85' title='bbox 1519 1435 1647 1491; x_wconf 33' lang='lat' dir='ltr'><strong>pres</strong></span> 
     </span>
    </p>
   </div>
   <div class='ocr_carea' id='block_1_14' title="bbox 80 1498 1645 1581">
    <p class='ocr_par' dir='ltr' id='par_1_14' title="bbox 80 1498 1645 1581">
     <span class='ocr_line' id='line_1_14' title="bbox 80 1498 1645 1581; baseline 0.01 -29"><span class='ocrx_word' id='word_1_86' title='bbox 80 1498 289 1567; x_wconf 84' lang='lat' dir='ltr'><strong>stitisse,</strong></span> <span class='ocrx_word' id='word_1_87' title='bbox 313 1501 516 1557; x_wconf 76' lang='lat' dir='ltr'><strong>dixerit</strong></span> <span class='ocrx_word' id='word_1_88' title='bbox 538 1521 551 1556; x_wconf 90' lang='lat'><strong>:</strong></span> <span class='ocrx_word' id='word_1_89' title='bbox 587 1521 605 1555; x_wconf 79' lang='grc' dir='ltr'><strong>ι</strong></span> <span class='ocrx_word' id='word_1_90' title='bbox 624 1504 821 1572; x_wconf 83' lang='lat' dir='ltr'><strong>Amici,</strong></span> <span class='ocrx_word' id='word_1_91' title='bbox 848 1507 1005 1563; x_wconf 82' lang='lat' dir='ltr'><strong>hodie</strong></span> <span class='ocrx_word' id='word_1_92' title='bbox 1026 1508 1166 1565; x_wconf 81' lang='lat' dir='ltr'><strong>diem</strong></span> <span class='ocrx_word' id='word_1_93' title='bbox 1185 1509 1417 1581; x_wconf 70' lang='lat' dir='ltr'><strong>perdidi.</strong></span> <span class='ocrx_word' id='word_1_94' title='bbox 1442 1530 1466 1565; x_wconf 73' lang='grc' dir='ltr'><strong>ι</strong></span> <span class='ocrx_word' id='word_1_95' title='bbox 1492 1509 1645 1569; x_wconf 71' lang='lat' dir='ltr'><strong>lous</strong></span> 
     </span>
    </p>
   </div>
   <div class='ocr_carea' id='block_1_15' title="bbox 82 1588 1645 1677">
    <p class='ocr_par' dir='ltr' id='par_1_15' title="bbox 82 1588 1645 1677">
     <span class='ocr_line' id='line_1_15' title="bbox 82 1588 1645 1677; baseline 0.012 -33"><span class='ocrx_word' id='word_1_96' title='bbox 82 1588 291 1663; x_wconf 69' lang='lat' dir='ltr'><strong>Vespius</strong></span> <span class='ocrx_word' id='word_1_97' title='bbox 336 1606 544 1665; x_wconf 89' lang='lat' dir='ltr'><strong>ruptus,</strong></span> <span class='ocrx_word' id='word_1_98' title='bbox 590 1598 645 1652; x_wconf 89' lang='lat' dir='ltr'><strong>in</strong></span> <span class='ocrx_word' id='word_1_99' title='bbox 690 1600 891 1655; x_wconf 79' lang='lat' dir='ltr'><strong>vertice</strong></span> <span class='ocrx_word' id='word_1_100' title='bbox 934 1610 1143 1658; x_wconf 83' lang='lat' dir='ltr'><strong>tantum</strong></span> <span class='ocrx_word' id='word_1_101' title='bbox 1191 1619 1259 1659; x_wconf 77' lang='lat' dir='ltr'><strong>ex</strong></span> <span class='ocrx_word' id='word_1_102' title='bbox 1300 1619 1362 1661; x_wconf 87' lang='lat' dir='ltr'><strong>se</strong></span> <span class='ocrx_word' id='word_1_103' title='bbox 1396 1603 1533 1677; x_wconf 73' lang='lat' dir='ltr'><strong>iecit</strong></span> <span class='ocrx_word' id='word_1_104' title='bbox 1576 1608 1645 1641; x_wconf 81' lang='lat'>&quot;&#39;</span> 
     </span>
    </p>
   </div>
   <div class='ocr_carea' id='block_1_16' title="bbox 80 1685 1644 1760">
    <p class='ocr_par' dir='ltr' id='par_1_16' title="bbox 80 1685 1644 1760">
     <span class='ocr_line' id='line_1_16' title="bbox 80 1685 1644 1760; baseline 0.014 -23"><span class='ocrx_word' id='word_1_105' title='bbox 80 1685 297 1754; x_wconf 74' lang='lat' dir='ltr'><strong>incendi,</strong></span> <span class='ocrx_word' id='word_1_106' title='bbox 331 1698 394 1743; x_wconf 89' lang='lat' dir='ltr'><strong>ut</strong></span> <span class='ocrx_word' id='word_1_107' title='bbox 426 1690 898 1760; x_wconf 51' lang='lat' dir='ltr'><strong>regionestvicinas</strong></span> <span class='ocrx_word' id='word_1_108' title='bbox 920 1704 974 1750; x_wconf 91' lang='lat' dir='ltr'><strong>et</strong></span> <span class='ocrx_word' id='word_1_109' title='bbox 1000 1696 1162 1753; x_wconf 80' lang='lat' dir='ltr'><strong>urbes</strong></span> <span class='ocrx_word' id='word_1_110' title='bbox 1182 1714 1305 1755; x_wconf 90' lang='lat' dir='ltr'><strong>cum</strong></span> <span class='ocrx_word' id='word_1_111' title='bbox 1334 1699 1644 1759; x_wconf 88' lang='lat' dir='ltr'><strong>hominibus</strong></span> 
     </span>
    </p>
   </div>
   <div class='ocr_carea' id='block_1_17' title="bbox 78 1790 335 1836">
    <p class='ocr_par' dir='ltr' id='par_1_17' title="bbox 78 1790 335 1836">
     <span class='ocr_line' id='line_1_17' title="bbox 78 1790 335 1836; baseline 0.016 -4"><span class='ocrx_word' id='word_1_112' title='bbox 78 1790 335 1836; x_wconf 75' lang='lat' dir='ltr'><strong>exureret.</strong></span> 
     </span>
    </p>
   </div>
   <div class='ocr_carea' id='block_1_18' title="bbox 104 1862 1636 1949">
    <p class='ocr_par' dir='ltr' id='par_1_18' title="bbox 104 1862 1636 1949">
     <span class='ocr_line' id='line_1_18' title="bbox 104 1862 1636 1949; baseline 0.012 -26"><span class='ocrx_word' id='word_1_113' title='bbox 104 1862 219 1924; x_wconf 48' lang='lat'><strong>&#39;86.</strong></span> <span class='ocrx_word' id='word_1_114' title='bbox 256 1871 309 1925; x_wconf 82' lang='lat'><strong>2.</strong></span> <span class='ocrx_word' id='word_1_115' title='bbox 348 1870 522 1945; x_wconf 74' lang='lat' dir='ltr'><strong>[un]</strong></span> <span class='ocrx_word' id='word_1_116' title='bbox 566 1874 773 1949; x_wconf 77' lang='grc' dir='ltr'><strong>(Πιει.)</strong></span> <span class='ocrx_word' id='word_1_117' title='bbox 823 1877 1153 1935; x_wconf 79' lang='lat' dir='ltr'><strong>Domitianus</strong></span> <span class='ocrx_word' id='word_1_118' title='bbox 1196 1881 1253 1937; x_wconf 81' lang='lat'><strong>&#39;5.</strong></span> <span class='ocrx_word' id='word_1_119' title='bbox 1292 1891 1345 1939; x_wconf 78' lang='lat' dir='ltr'><strong>et</strong></span> <span class='ocrx_word' id='word_1_120' title='bbox 1381 1882 1636 1942; x_wconf 65' lang='lat' dir='ltr'><strong><em>Sabinus.</em></strong></span> 
     </span>
    </p>
   </div>
   <div class='ocr_carea' id='block_1_19' title="bbox 1749 694 2749 779">
    <p class='ocr_par' dir='ltr' id='par_1_19' title="bbox 1749 694 2749 779">
     <span class='ocr_line' id='line_1_19' title="bbox 1749 694 2749 779; baseline 0.009 -29"><span class='ocrx_word' id='word_1_121' title='bbox 1749 705 1802 749; x_wconf 90' lang='lat' dir='ltr'><strong>ct</strong></span> <span class='ocrx_word' id='word_1_122' title='bbox 1828 694 2062 752; x_wconf 87' lang='lat' dir='ltr'><strong>October</strong></span> <span class='ocrx_word' id='word_1_123' title='bbox 2094 697 2446 757; x_wconf 85' lang='lat' dir='ltr'><strong>Domitianus.</strong></span> <span class='ocrx_word' id='word_1_124' title='bbox 2744 774 2749 779; x_wconf 14' lang='grc'>⁴</span> 
     </span>
    </p>
   </div>
   <div class='ocr_carea' id='block_1_20' title="bbox 1818 780 3327 863">
    <p class='ocr_par' dir='ltr' id='par_1_20' title="bbox 1818 780 3327 863">
     <span class='ocr_line' id='line_1_20' title="bbox 1818 780 3327 863; baseline 0.009 -24"><span class='ocrx_word' id='word_1_125' title='bbox 1818 785 2065 843; x_wconf 69' lang='lat' dir='ltr'><strong>Ant-Ietas</strong></span> <span class='ocrx_word' id='word_1_126' title='bbox 2097 786 2234 859; x_wconf 71' lang='lat' dir='ltr'><strong>papa</strong></span> <span class='ocrx_word' id='word_1_127' title='bbox 2265 800 2380 860; x_wconf 80' lang='lat' dir='ltr'><strong>post</strong></span> <span class='ocrx_word' id='word_1_128' title='bbox 2424 789 2638 847; x_wconf 72' lang='lat' dir='ltr'><strong>Petrum</strong></span> <span class='ocrx_word' id='word_1_129' title='bbox 2676 791 2732 848; x_wconf 93' lang='lat'><strong>2.</strong></span> <span class='ocrx_word' id='word_1_130' title='bbox 2770 792 3025 851; x_wconf 75' lang='lat' dir='ltr'><strong>Clementi</strong></span> <span class='ocrx_word' id='word_1_131' title='bbox 3055 780 3327 863; x_wconf 48' lang='lat' dir='ltr'><strong>accessit,</strong></span> 
     </span>
    </p>
   </div>
   <div class='ocr_carea' id='block_1_21' title="bbox 1748 876 3329 956">
    <p class='ocr_par' dir='ltr' id='par_1_21' title="bbox 1748 876 3329 956">
     <span class='ocr_line' id='line_1_21' title="bbox 1748 876 3329 956; baseline 0.007 -26"><span class='ocrx_word' id='word_1_132' title='bbox 1748 878 1902 932; x_wconf 73' lang='lat' dir='ltr'><strong>armis</strong></span> <span class='ocrx_word' id='word_1_133' title='bbox 1934 876 2024 946; x_wconf 83' lang='lat' dir='ltr'><strong>to,</strong></span> <span class='ocrx_word' id='word_1_134' title='bbox 2065 878 2178 948; x_wconf 84' lang='lat' dir='ltr'><strong>ipso</strong></span> <span class='ocrx_word' id='word_1_135' title='bbox 2208 878 2283 933; x_wconf 80' lang='lat' dir='ltr'><strong>ita</strong></span> <span class='ocrx_word' id='word_1_136' title='bbox 2313 889 2440 936; x_wconf 81' lang='lat' dir='ltr'><strong>teste</strong></span> <span class='ocrx_word' id='word_1_137' title='bbox 2467 893 2488 933; x_wconf 86' lang='lat'><strong><em>:</em></strong></span> <span class='ocrx_word' id='word_1_138' title='bbox 2529 882 2827 940; x_wconf 82' lang='lat' dir='ltr'><strong>Decretalis</strong></span> <span class='ocrx_word' id='word_1_139' title='bbox 2855 884 3083 956; x_wconf 85' lang='lat' dir='ltr'><strong>epistola</strong></span> <span class='ocrx_word' id='word_1_140' title='bbox 3118 885 3329 944; x_wconf 81' lang='lat' dir='ltr'><strong>Ancleti</strong></span> 
     </span>
    </p>
   </div>
   <div class='ocr_carea' id='block_1_22' title="bbox 1749 967 3329 1047">
    <p class='ocr_par' dir='ltr' id='par_1_22' title="bbox 1749 967 3329 1047">
     <span class='ocr_line' id='line_1_22' title="bbox 1749 967 3329 1047; baseline 0.01 -28"><span class='ocrx_word' id='word_1_141' title='bbox 1749 979 1899 1036; x_wconf 74' lang='lat' dir='ltr'><strong>papa:</strong></span> <span class='ocrx_word' id='word_1_142' title='bbox 1924 968 2034 1038; x_wconf 90' lang='lat' dir='ltr'><strong>(cp.</strong></span> <span class='ocrx_word' id='word_1_143' title='bbox 2070 967 2125 1033; x_wconf 73' lang='grc' dir='ltr'><strong>ί,</strong></span> <span class='ocrx_word' id='word_1_144' title='bbox 2147 984 2204 1040; x_wconf 90' lang='lat' dir='ltr'><strong>p.</strong></span> <span class='ocrx_word' id='word_1_145' title='bbox 2232 967 2343 1040; x_wconf 75' lang='lat'><strong>63).</strong></span> <span class='ocrx_word' id='word_1_146' title='bbox 2373 987 2393 1023; x_wconf 86' lang='grc' dir='ltr'><strong>ι</strong></span> <span class='ocrx_word' id='word_1_147' title='bbox 2418 969 2698 1041; x_wconf 80' lang='lat' dir='ltr'><strong>Ancletus,</strong></span> <span class='ocrx_word' id='word_1_148' title='bbox 2726 989 2915 1032; x_wconf 88' lang='lat' dir='ltr'><strong>servus</strong></span> <span class='ocrx_word' id='word_1_149' title='bbox 2943 976 3146 1033; x_wconf 79' lang='lat' dir='ltr'><strong>Christi</strong></span> <span class='ocrx_word' id='word_1_150' title='bbox 3166 976 3329 1047; x_wconf 73' lang='lat' dir='ltr'><strong>Jesu,</strong></span> 
     </span>
    </p>
   </div>
   <div class='ocr_carea' id='block_1_23' title="bbox 1749 1056 3345 1151">
    <p class='ocr_par' dir='ltr' id='par_1_23' title="bbox 1749 1056 3345 1151">
     <span class='ocr_line' id='line_1_23' title="bbox 1749 1056 3345 1151; baseline 0.008 -39"><span class='ocrx_word' id='word_1_151' title='bbox 1749 1056 1802 1112; x_wconf 92' lang='lat' dir='ltr'><strong>in</strong></span> <span class='ocrx_word' id='word_1_152' title='bbox 1832 1060 1962 1114; x_wconf 90' lang='lat' dir='ltr'><strong>sede</strong></span> <span class='ocrx_word' id='word_1_153' title='bbox 1978 1059 2300 1129; x_wconf 81' lang='lat' dir='ltr'><strong>apostolica,</strong></span> <span class='ocrx_word' id='word_1_154' title='bbox 2335 1079 2355 1114; x_wconf 74' lang='grc' dir='ltr'><strong>ι</strong></span> <span class='ocrx_word' id='word_1_155' title='bbox 2402 1070 2457 1117; x_wconf 89' lang='lat' dir='ltr'><strong>et</strong></span> <span class='ocrx_word' id='word_1_156' title='bbox 2474 1061 2709 1151; x_wconf 48' lang='lat' dir='ltr'><strong>feliqna.</strong></span> <span class='ocrx_word' id='word_1_157' title='bbox 2758 1064 2827 1121; x_wconf 82' lang='lat' dir='ltr'><strong>Et</strong></span> <span class='ocrx_word' id='word_1_158' title='bbox 2848 1065 2987 1123; x_wconf 78' lang='lat' dir='ltr'><strong>infra</strong></span> <span class='ocrx_word' id='word_1_159' title='bbox 3015 1084 3031 1123; x_wconf 89' lang='lat'><strong>:</strong></span> <span class='ocrx_word' id='word_1_160' title='bbox 3065 1085 3087 1120; x_wconf 82' lang='grc' dir='ltr'><strong>ι</strong></span> <span class='ocrx_word' id='word_1_161' title='bbox 3116 1058 3345 1136; x_wconf 46' lang='lat' dir='ltr'><strong>Nullus;</strong></span> 
     </span>
    </p>
   </div>
   <div class='ocr_carea' id='block_1_24' title="bbox 1749 1148 3331 1235">
    <p class='ocr_par' dir='ltr' id='par_1_24' title="bbox 1749 1148 3331 1235">
     <span class='ocr_line' id='line_1_24' title="bbox 1749 1148 3331 1235; baseline 0.008 -33"><span class='ocrx_word' id='word_1_162' title='bbox 1749 1155 1808 1202; x_wconf 91' lang='lat' dir='ltr'><strong><em>ut</em></strong></span> <span class='ocrx_word' id='word_1_163' title='bbox 1837 1149 1913 1204; x_wconf 87' lang='lat' dir='ltr'><strong>ait</strong></span> <span class='ocrx_word' id='word_1_164' title='bbox 1944 1149 2137 1206; x_wconf 87' lang='lat' dir='ltr'><strong>beatus</strong></span> <span class='ocrx_word' id='word_1_165' title='bbox 2171 1148 2443 1218; x_wconf 82' lang='lat' dir='ltr'><strong>Clemens,</strong></span> <span class='ocrx_word' id='word_1_166' title='bbox 2473 1148 2785 1212; x_wconf 82' lang='lat' dir='ltr'><strong>antecessor</strong></span> <span class='ocrx_word' id='word_1_167' title='bbox 2816 1165 3080 1235; x_wconf 56' lang='lat' dir='ltr'><strong>noster.)</strong></span> <span class='ocrx_word' id='word_1_168' title='bbox 3120 1167 3177 1217; x_wconf 91' lang='lat' dir='ltr'><strong>et</strong></span> <span class='ocrx_word' id='word_1_169' title='bbox 3204 1159 3331 1215; x_wconf 65' lang='lat' dir='ltr'><strong>retia</strong></span> 
     </span>
    </p>
   </div>
   <div class='ocr_carea' id='block_1_25' title="bbox 1747 1237 3331 1319">
    <p class='ocr_par' dir='ltr' id='par_1_25' title="bbox 1747 1237 3331 1319">
     <span class='ocr_line' id='line_1_25' title="bbox 1747 1237 3331 1319; baseline 0.011 -28"><span class='ocrx_word' id='word_1_170' title='bbox 1747 1250 1877 1307; x_wconf 87' lang='lat' dir='ltr'><strong>qua.</strong></span> <span class='ocrx_word' id='word_1_171' title='bbox 1912 1237 2030 1293; x_wconf 80' lang='lat' dir='ltr'><strong>Alia</strong></span> <span class='ocrx_word' id='word_1_172' title='bbox 2058 1245 2165 1311; x_wconf 88' lang='lat' dir='ltr'><strong>(ep.</strong></span> <span class='ocrx_word' id='word_1_173' title='bbox 2194 1240 2250 1308; x_wconf 82' lang='lat'><strong>2,</strong></span> <span class='ocrx_word' id='word_1_174' title='bbox 2282 1255 2337 1312; x_wconf 91' lang='lat' dir='ltr'><strong>p.</strong></span> <span class='ocrx_word' id='word_1_175' title='bbox 2365 1240 2454 1313; x_wconf 85' lang='lat'><strong>68)</strong></span> <span class='ocrx_word' id='word_1_176' title='bbox 2488 1259 2502 1297; x_wconf 90' lang='lat'><strong>:</strong></span> <span class='ocrx_word' id='word_1_177' title='bbox 2547 1260 2570 1295; x_wconf 74' lang='grc' dir='ltr'><strong>ι</strong></span> <span class='ocrx_word' id='word_1_178' title='bbox 2603 1240 2863 1301; x_wconf 77' lang='lat' dir='ltr'><strong>A&#39;ncletus</strong></span> <span class='ocrx_word' id='word_1_179' title='bbox 2887 1261 3027 1319; x_wconf 81' lang='lat' dir='ltr'><strong>papa</strong></span> <span class='ocrx_word' id='word_1_180' title='bbox 3058 1248 3331 1308; x_wconf 77' lang='lat' dir='ltr'><strong><em>universis</em></strong></span> 
     </span>
    </p>
   </div>
   <div class='ocr_carea' id='block_1_26' title="bbox 1746 1327 3335 1418">
    <p class='ocr_par' dir='ltr' id='par_1_26' title="bbox 1746 1327 3335 1418">
     <span class='ocr_line' id='line_1_26' title="bbox 1746 1327 3335 1418; baseline 0.009 -36"><span class='ocrx_word' id='word_1_181' title='bbox 1746 1327 2014 1400; x_wconf 81' lang='lat' dir='ltr'><strong>episcopis</strong></span> <span class='ocrx_word' id='word_1_182' title='bbox 2057 1330 2112 1385; x_wconf 92' lang='lat' dir='ltr'><strong>in</strong></span> <span class='ocrx_word' id='word_1_183' title='bbox 2156 1329 2308 1386; x_wconf 89' lang='lat' dir='ltr'><strong>Italia</strong></span> <span class='ocrx_word' id='word_1_184' title='bbox 2351 1333 2684 1389; x_wconf 87' lang='lat' dir='ltr'><strong>constitutis.</strong></span> <span class='ocrx_word' id='word_1_185' title='bbox 2717 1334 2981 1403; x_wconf 85' lang='lat' dir='ltr'><strong>Quoniam</strong></span> <span class='ocrx_word' id='word_1_186' title='bbox 3020 1339 3335 1418; x_wconf 66' lang='lat' dir='ltr'><strong>apostolica</strong></span> 
     </span>
    </p>
   </div>
   <div class='ocr_carea' id='block_1_27' title="bbox 1745 1416 3334 1496">
    <p class='ocr_par' dir='ltr' id='par_1_27' title="bbox 1745 1416 3334 1496">
     <span class='ocr_line' id='line_1_27' title="bbox 1745 1416 3334 1496; baseline 0.008 -24"><span class='ocrx_word' id='word_1_187' title='bbox 1745 1416 1892 1473; x_wconf 86' lang='lat' dir='ltr'><strong>sedis</strong></span> <span class='ocrx_word' id='word_1_188' title='bbox 1927 1417 2163 1474; x_wconf 77' lang='lat' dir='ltr'><strong><em>debitam</em></strong></span> <span class='ocrx_word' id='word_1_189' title='bbox 2201 1422 2563 1476; x_wconf 75' lang='lat' dir='ltr'><strong><em>reverentiam</em></strong></span> <span class='ocrx_word' id='word_1_190' title='bbox 2597 1437 2728 1496; x_wconf 68' lang='lat' dir='ltr'><strong>erga</strong></span> <span class='ocrx_word' id='word_1_191' title='bbox 2776 1439 2865 1481; x_wconf 78' lang='lat' dir='ltr'><strong>me</strong></span> <span class='ocrx_word' id='word_1_192' title='bbox 2904 1427 3110 1483; x_wconf 77' lang='lat' dir='ltr'><strong>caritas</strong></span> <span class='ocrx_word' id='word_1_193' title='bbox 3144 1416 3334 1485; x_wconf 70' lang='lat' dir='ltr'><strong>vestra</strong></span> 
     </span>
    </p>
   </div>
   <div class='ocr_carea' id='block_1_28' title="bbox 1746 1500 3347 1588">
    <p class='ocr_par' dir='ltr' id='par_1_28' title="bbox 1746 1500 3347 1588">
     <span class='ocr_line' id='line_1_28' title="bbox 1746 1500 3347 1588; baseline 0.009 -23"><span class='ocrx_word' id='word_1_194' title='bbox 1746 1508 2042 1577; x_wconf 69' lang='lat' dir='ltr'><strong>distribuit,</strong></span> <span class='ocrx_word' id='word_1_195' title='bbox 2082 1529 2106 1565; x_wconf 69' lang='grc' dir='ltr'><strong><em>ο</em></strong></span> <span class='ocrx_word' id='word_1_196' title='bbox 2146 1522 2203 1567; x_wconf 92' lang='lat' dir='ltr'><strong>et</strong></span> <span class='ocrx_word' id='word_1_197' title='bbox 2249 1511 2477 1583; x_wconf 84' lang='lat' dir='ltr'><strong>reliqua.</strong></span> <span class='ocrx_word' id='word_1_198' title='bbox 2516 1500 2587 1571; x_wconf 76' lang='lat' dir='ltr'><strong>Et</strong></span> <span class='ocrx_word' id='word_1_199' title='bbox 2619 1524 2743 1588; x_wconf 89' lang='lat' dir='ltr'><strong>post</strong></span> <span class='ocrx_word' id='word_1_200' title='bbox 2780 1531 2801 1573; x_wconf 84' lang='lat'><strong>:</strong></span> <span class='ocrx_word' id='word_1_201' title='bbox 2836 1535 2859 1570; x_wconf 74' lang='grc' dir='ltr'><strong>ι</strong></span> <span class='ocrx_word' id='word_1_202' title='bbox 2903 1518 2973 1575; x_wconf 82' lang='grc' dir='ltr'>Ει</span> <span class='ocrx_word' id='word_1_203' title='bbox 3010 1531 3127 1577; x_wconf 89' lang='lat' dir='ltr'><strong>uta</strong></span> <span class='ocrx_word' id='word_1_204' title='bbox 3166 1521 3347 1579; x_wconf 65' lang='lat' dir='ltr'><strong>beato.</strong></span> 
     </span>
    </p>
   </div>
   <div class='ocr_carea' id='block_1_29' title="bbox 1745 1599 3328 1686">
    <p class='ocr_par' dir='ltr' id='par_1_29' title="bbox 1745 1599 3328 1686">
     <span class='ocr_line' id='line_1_29' title="bbox 1745 1599 3328 1686; baseline 0.01 -31"><span class='ocrx_word' id='word_1_205' title='bbox 1745 1599 1908 1658; x_wconf 85' lang='lat' dir='ltr'><strong>Petro</strong></span> <span class='ocrx_word' id='word_1_206' title='bbox 1945 1602 2190 1673; x_wconf 84' lang='lat' dir='ltr'><strong>principe</strong></span> <span class='ocrx_word' id='word_1_207' title='bbox 2220 1618 2409 1661; x_wconf 85' lang='lat' dir='ltr'><strong>sumus</strong></span> <span class='ocrx_word' id='word_1_208' title='bbox 2434 1606 2712 1677; x_wconf 80' lang='lat' dir='ltr'><strong>instructi,</strong></span> <span class='ocrx_word' id='word_1_209' title='bbox 2751 1625 2787 1671; x_wconf 64' lang='grc' dir='ltr'><strong>ι</strong></span> <span class='ocrx_word' id='word_1_210' title='bbox 2824 1625 2935 1681; x_wconf 88' lang='lat' dir='ltr'><strong>quo</strong></span> <span class='ocrx_word' id='word_1_211' title='bbox 2966 1620 3024 1667; x_wconf 90' lang='lat' dir='ltr'><strong>et</strong></span> <span class='ocrx_word' id='word_1_212' title='bbox 3044 1608 3328 1686; x_wconf 85' lang='lat' dir='ltr'><strong>prespiter</strong></span> 
     </span>
    </p>
   </div>
   <div class='ocr_carea' id='block_1_30' title="bbox 1744 1691 3345 1767">
    <p class='ocr_par' dir='ltr' id='par_1_30' title="bbox 1744 1691 3345 1767">
     <span class='ocr_line' id='line_1_30' title="bbox 1744 1691 3345 1767; baseline 0.008 -23"><span class='ocrx_word' id='word_1_213' title='bbox 1744 1702 1866 1744; x_wconf 89' lang='lat' dir='ltr'><strong>sum</strong></span> <span class='ocrx_word' id='word_1_214' title='bbox 1913 1691 2220 1759; x_wconf 87' lang='lat' dir='ltr'><strong>ordinatus,</strong></span> <span class='ocrx_word' id='word_1_215' title='bbox 2277 1712 2297 1746; x_wconf 74' lang='grc' dir='ltr'><strong>ι</strong></span> <span class='ocrx_word' id='word_1_216' title='bbox 2350 1703 2407 1751; x_wconf 88' lang='lat' dir='ltr'><strong>et</strong></span> <span class='ocrx_word' id='word_1_217' title='bbox 2446 1695 2676 1767; x_wconf 86' lang='lat' dir='ltr'><strong>reliqua.</strong></span> <span class='ocrx_word' id='word_1_218' title='bbox 2726 1717 2750 1752; x_wconf 68' lang='grc' dir='ltr'><strong>ι</strong></span> <span class='ocrx_word' id='word_1_219' title='bbox 2796 1698 3101 1759; x_wconf 69' lang='grc' dir='ltr'><strong>Ριιονῑιιοίαέ</strong></span> <span class='ocrx_word' id='word_1_220' title='bbox 3146 1714 3345 1761; x_wconf 85' lang='lat' dir='ltr'><strong>autem.</strong></span> 
     </span>
    </p>
   </div>
   <div class='ocr_carea' id='block_1_31' title="bbox 1746 1779 3338 1862">
    <p class='ocr_par' dir='ltr' id='par_1_31' title="bbox 1746 1779 3338 1862">
     <span class='ocr_line' id='line_1_31' title="bbox 1746 1779 3338 1862; baseline 0.011 -28"><span class='ocrx_word' id='word_1_221' title='bbox 1746 1779 1916 1835; x_wconf 87' lang='lat' dir='ltr'><strong>multo</strong></span> <span class='ocrx_word' id='word_1_222' title='bbox 1962 1790 2089 1838; x_wconf 89' lang='lat' dir='ltr'><strong>ante</strong></span> <span class='ocrx_word' id='word_1_223' title='bbox 2131 1783 2423 1839; x_wconf 78' lang='lat' dir='ltr'><strong>adventum</strong></span> <span class='ocrx_word' id='word_1_224' title='bbox 2468 1784 2669 1843; x_wconf 84' lang='lat' dir='ltr'><strong>Christi</strong></span> <span class='ocrx_word' id='word_1_225' title='bbox 2712 1795 2960 1862; x_wconf 84' lang='lat' dir='ltr'><strong>tempore</strong></span> <span class='ocrx_word' id='word_1_226' title='bbox 2997 1792 3338 1852; x_wconf 71' lang='lat' dir='ltr'><strong>divisseruns</strong></span> 
     </span>
    </p>
   </div>
   <div class='ocr_carea' id='block_1_32' title="bbox 1743 1871 3330 1951">
    <p class='ocr_par' dir='ltr' id='par_1_32' title="bbox 1743 1871 3330 1951">
     <span class='ocr_line' id='line_1_32' title="bbox 1743 1871 3330 1951; baseline 0.012 -26"><span class='ocrx_word' id='word_1_227' title='bbox 1743 1871 1979 1927; x_wconf 78' lang='lat' dir='ltr'><strong>maxima</strong></span> <span class='ocrx_word' id='word_1_228' title='bbox 2005 1887 2073 1928; x_wconf 84' lang='lat' dir='ltr'><strong>ex</strong></span> <span class='ocrx_word' id='word_1_229' title='bbox 2116 1885 2302 1945; x_wconf 85' lang='lat' dir='ltr'><strong>parte;</strong></span> <span class='ocrx_word' id='word_1_230' title='bbox 2342 1886 2397 1931; x_wconf 87' lang='lat' dir='ltr'><strong>et</strong></span> <span class='ocrx_word' id='word_1_231' title='bbox 2437 1886 2624 1948; x_wconf 84' lang='lat' dir='ltr'><strong>postea</strong></span> <span class='ocrx_word' id='word_1_232' title='bbox 2671 1881 2742 1935; x_wconf 89' lang='lat' dir='ltr'><strong>ab</strong></span> <span class='ocrx_word' id='word_1_233' title='bbox 2778 1883 3039 1951; x_wconf 80' lang='lat' dir='ltr'><strong>apostolis</strong></span> <span class='ocrx_word' id='word_1_234' title='bbox 3065 1895 3122 1941; x_wconf 90' lang='lat' dir='ltr'><strong>et</strong></span> <span class='ocrx_word' id='word_1_235' title='bbox 3164 1888 3330 1944; x_wconf 90' lang='lat' dir='ltr'><strong>beato</strong></span> 
     </span>
    </p>
   </div>
   <div class='ocr_carea' id='block_1_33' title="bbox 82 1959 1635 2043">
    <p class='ocr_par' dir='ltr' id='par_1_33' title="bbox 82 1959 1635 2042">
     <span class='ocr_line' id='line_1_33' title="bbox 82 1959 1635 2042; baseline 0.012 -29"><span class='ocrx_word' id='word_1_236' title='bbox 82 1959 216 2016; x_wconf 84' lang='lat' dir='ltr'><strong><em>Titus</em></strong></span> <span class='ocrx_word' id='word_1_237' title='bbox 241 1959 569 2019; x_wconf 81' lang='lat' dir='ltr'><strong>Musionium</strong></span> <span class='ocrx_word' id='word_1_238' title='bbox 602 1964 800 2021; x_wconf 80' lang='lat' dir='ltr'><strong><em>Rufum</em></strong></span> <span class='ocrx_word' id='word_1_239' title='bbox 828 1969 1206 2042; x_wconf 85' lang='lat' dir='ltr'><strong>philosophum</strong></span> <span class='ocrx_word' id='word_1_240' title='bbox 1243 1973 1310 2028; x_wconf 91' lang='lat' dir='ltr'><strong>de</strong></span> <span class='ocrx_word' id='word_1_241' title='bbox 1347 1973 1513 2032; x_wconf 78' lang='lat' dir='ltr'><strong>exilio</strong></span> <span class='ocrx_word' id='word_1_242' title='bbox 1553 1990 1635 2031; x_wconf 86' lang='lat' dir='ltr'><strong>re-</strong></span> 
     </span>
    </p>
   </div>
   <div class='ocr_carea' id='block_1_34' title="bbox 1739 1959 3337 2043">
    <p class='ocr_par' dir='ltr' id='par_1_34' title="bbox 1748 1960 3337 2043">
     <span class='ocr_line' id='line_1_34' title="bbox 1748 1960 3337 2043; baseline 0.012 -26"><span class='ocrx_word' id='word_1_243' title='bbox 1748 1960 2026 2033; x_wconf 73' lang='lat' dir='ltr'><strong>Clennente</strong></span> <span class='ocrx_word' id='word_1_244' title='bbox 2060 1979 2377 2034; x_wconf 86' lang='lat' dir='ltr'><strong>preeessore</strong></span> <span class='ocrx_word' id='word_1_245' title='bbox 2400 1965 2635 2043; x_wconf 89' lang='lat' dir='ltr'><strong>[nostro]</strong></span> <span class='ocrx_word' id='word_1_246' title='bbox 2674 1971 2792 2042; x_wconf 87' lang='lat' dir='ltr'><strong>ipsa</strong></span> <span class='ocrx_word' id='word_1_247' title='bbox 2819 1973 3014 2031; x_wconf 77' lang='lat' dir='ltr'><strong>divisio</strong></span> <span class='ocrx_word' id='word_1_248' title='bbox 3044 1985 3132 2032; x_wconf 87' lang='lat' dir='ltr'><strong>est</strong></span> <span class='ocrx_word' id='word_1_249' title='bbox 3168 1993 3337 2035; x_wconf 69' lang='grc' dir='ltr'><strong>ωηο-ι</strong></span> 
     </span>
    </p>
   </div>
   <div class='ocr_carea' id='block_1_35' title="bbox 82 2055 1643 2132">
    <p class='ocr_par' dir='ltr' id='par_1_35' title="bbox 82 2055 1643 2132">
     <span class='ocr_line' id='line_1_35' title="bbox 82 2055 1643 2132; baseline 0.013 -26"><span class='ocrx_word' id='word_1_250' title='bbox 82 2064 233 2108; x_wconf 72' lang='lat' dir='ltr'><strong>vocat.</strong></span> <span class='ocrx_word' id='word_1_251' title='bbox 265 2055 427 2112; x_wconf 86' lang='lat' dir='ltr'><strong>Titus</strong></span> <span class='ocrx_word' id='word_1_252' title='bbox 452 2057 868 2121; x_wconf 71' lang='lat' dir='ltr'><strong>ampitheatrum</strong></span> <span class='ocrx_word' id='word_1_253' title='bbox 900 2062 1086 2121; x_wconf 77' lang='lat' dir='ltr'><strong>Roma:</strong></span> <span class='ocrx_word' id='word_1_254' title='bbox 1112 2066 1363 2132; x_wconf 71' lang='lat' dir='ltr'><strong>aediﬁcat,</strong></span> <span class='ocrx_word' id='word_1_255' title='bbox 1395 2075 1451 2125; x_wconf 92' lang='lat' dir='ltr'><strong>et</strong></span> <span class='ocrx_word' id='word_1_256' title='bbox 1474 2069 1527 2124; x_wconf 88' lang='lat' dir='ltr'><strong>in</strong></span> <span class='ocrx_word' id='word_1_257' title='bbox 1551 2070 1643 2125; x_wconf 83' lang='lat' dir='ltr'><strong>de-</strong></span> 
     </span>
    </p>
   </div>
   <div class='ocr_carea' id='block_1_36' title="bbox 79 2143 1642 2220">
    <p class='ocr_par' dir='ltr' id='par_1_36' title="bbox 79 2143 1642 2220">
     <span class='ocr_line' id='line_1_36' title="bbox 79 2143 1642 2220; baseline 0.014 -25"><span class='ocrx_word' id='word_1_258' title='bbox 79 2143 323 2200; x_wconf 88' lang='lat' dir='ltr'><strong>dicatione</strong></span> <span class='ocrx_word' id='word_1_259' title='bbox 353 2145 473 2215; x_wconf 89' lang='lat' dir='ltr'><strong>ejus</strong></span> <span class='ocrx_word' id='word_1_260' title='bbox 501 2149 740 2220; x_wconf 88' lang='lat' dir='ltr'><strong>quinque</strong></span> <span class='ocrx_word' id='word_1_261' title='bbox 768 2151 915 2207; x_wconf 89' lang='lat' dir='ltr'><strong>milia</strong></span> <span class='ocrx_word' id='word_1_262' title='bbox 942 2152 1180 2210; x_wconf 77' lang='lat' dir='ltr'><strong>ferarum</strong></span> <span class='ocrx_word' id='word_1_263' title='bbox 1208 2157 1427 2213; x_wconf 87' lang='lat' dir='ltr'><strong>occidit.</strong></span> <span class='ocrx_word' id='word_1_264' title='bbox 1469 2158 1642 2217; x_wconf 82' lang='lat' dir='ltr'><strong>Rome</strong></span> 
     </span>
    </p>
   </div>
   <div class='ocr_carea' id='block_1_37' title="bbox 80 2235 1642 2307">
    <p class='ocr_par' dir='ltr' id='par_1_37' title="bbox 80 2235 1642 2307">
     <span class='ocr_line' id='line_1_37' title="bbox 80 2235 1642 2307; baseline 0.016 -24"><span class='ocrx_word' id='word_1_265' title='bbox 80 2235 297 2301; x_wconf 74' lang='lat' dir='ltr'><strong>plurima:</strong></span> <span class='ocrx_word' id='word_1_266' title='bbox 326 2238 477 2291; x_wconf 70' lang='lat' dir='ltr'><strong>antes</strong></span> <span class='ocrx_word' id='word_1_267' title='bbox 507 2241 754 2296; x_wconf 79' lang='lat' dir='ltr'><strong>incendio</strong></span> <span class='ocrx_word' id='word_1_268' title='bbox 775 2255 1212 2302; x_wconf 79' lang='lat' dir='ltr'><strong>concremantur.</strong></span> <span class='ocrx_word' id='word_1_269' title='bbox 1236 2247 1391 2304; x_wconf 59' lang='lat' dir='ltr'><strong>Titus</strong></span> <span class='ocrx_word' id='word_1_270' title='bbox 1408 2250 1478 2306; x_wconf 93' lang='lat' dir='ltr'><strong>ob</strong></span> <span class='ocrx_word' id='word_1_271' title='bbox 1503 2251 1606 2307; x_wconf 87' lang='lat' dir='ltr'><strong>insi</strong></span> <span class='ocrx_word' id='word_1_272' title='bbox 1623 2282 1642 2296; x_wconf 90' lang='lat'><em>-</em></span> 
     </span>
    </p>
   </div>
   <div class='ocr_carea' id='block_1_38' title="bbox 74 2334 1641 2415">
    <p class='ocr_par' dir='ltr' id='par_1_38' title="bbox 74 2334 1641 2415">
     <span class='ocr_line' id='line_1_38' title="bbox 74 2334 1641 2415; baseline 0.013 -35"><span class='ocrx_word' id='word_1_273' title='bbox 74 2342 214 2397; x_wconf 63' lang='lat' dir='ltr'><strong>gnem</strong></span> <span class='ocrx_word' id='word_1_274' title='bbox 238 2334 714 2389; x_wconf 77' lang='lat' dir='ltr'><strong>mansuetudinem</strong></span> <span class='ocrx_word' id='word_1_275' title='bbox 734 2335 957 2393; x_wconf 84' lang='lat' dir='ltr'><strong>delicias</strong></span> <span class='ocrx_word' id='word_1_276' title='bbox 979 2338 1197 2395; x_wconf 82' lang='lat' dir='ltr'><strong>humani</strong></span> <span class='ocrx_word' id='word_1_277' title='bbox 1221 2343 1439 2412; x_wconf 77' lang='lat' dir='ltr'><strong>generis</strong></span> <span class='ocrx_word' id='word_1_278' title='bbox 1460 2345 1641 2415; x_wconf 87' lang='lat' dir='ltr'><strong>appel-</strong></span> 
     </span>
    </p>
   </div>
   <div class='ocr_carea' id='block_1_39' title="bbox 80 2420 1639 2502">
    <p class='ocr_par' dir='ltr' id='par_1_39' title="bbox 80 2420 1639 2502">
     <span class='ocr_line' id='line_1_39' title="bbox 80 2420 1639 2502; baseline 0.012 -31"><span class='ocrx_word' id='word_1_279' title='bbox 80 2420 199 2475; x_wconf 73' lang='lat' dir='ltr'><strong>latus</strong></span> <span class='ocrx_word' id='word_1_280' title='bbox 227 2432 325 2477; x_wconf 88' lang='lat' dir='ltr'><strong>est.</strong></span> <span class='ocrx_word' id='word_1_281' title='bbox 374 2423 527 2480; x_wconf 82' lang='lat' dir='ltr'><strong>Titus</strong></span> <span class='ocrx_word' id='word_1_282' title='bbox 573 2426 707 2481; x_wconf 89' lang='lat' dir='ltr'><strong>obiit</strong></span> <span class='ocrx_word' id='word_1_283' title='bbox 751 2428 803 2482; x_wconf 89' lang='lat' dir='ltr'><strong>in</strong></span> <span class='ocrx_word' id='word_1_284' title='bbox 837 2429 978 2494; x_wconf 85' lang='lat' dir='ltr'><strong>villa,</strong></span> <span class='ocrx_word' id='word_1_285' title='bbox 1024 2446 1129 2502; x_wconf 86' lang='lat' dir='ltr'><strong>qua</strong></span> <span class='ocrx_word' id='word_1_286' title='bbox 1171 2441 1228 2488; x_wconf 89' lang='lat' dir='ltr'><strong>et</strong></span> <span class='ocrx_word' id='word_1_287' title='bbox 1273 2443 1447 2502; x_wconf 83' lang='lat' dir='ltr'><strong>pater,</strong></span> <span class='ocrx_word' id='word_1_288' title='bbox 1497 2452 1639 2492; x_wconf 90' lang='lat' dir='ltr'><strong>anno</strong></span> 
     </span>
    </p>
   </div>
   <div class='ocr_carea' id='block_1_40' title="bbox 76 2512 1634 2595">
    <p class='ocr_par' dir='ltr' id='par_1_40' title="bbox 76 2512 1634 2595">
     <span class='ocr_line' id='line_1_40' title="bbox 76 2512 1634 2595; baseline 0.013 -34"><span class='ocrx_word' id='word_1_289' title='bbox 76 2512 229 2566; x_wconf 67' lang='lat' dir='ltr'><strong>atatis</strong></span> <span class='ocrx_word' id='word_1_290' title='bbox 263 2512 356 2575; x_wconf 64' lang='lat'><strong>42,</strong></span> <span class='ocrx_word' id='word_1_291' title='bbox 398 2514 608 2584; x_wconf 86' lang='lat' dir='ltr'><strong>imperii</strong></span> <span class='ocrx_word' id='word_1_292' title='bbox 640 2526 818 2572; x_wconf 88' lang='lat' dir='ltr'><strong>autem</strong></span> <span class='ocrx_word' id='word_1_293' title='bbox 859 2536 1003 2575; x_wconf 86' lang='lat' dir='ltr'><strong>anno</strong></span> <span class='ocrx_word' id='word_1_294' title='bbox 1041 2521 1097 2587; x_wconf 87' lang='lat'><strong>2,</strong></span> <span class='ocrx_word' id='word_1_295' title='bbox 1129 2539 1314 2581; x_wconf 88' lang='lat' dir='ltr'><strong>mense</strong></span> <span class='ocrx_word' id='word_1_296' title='bbox 1341 2526 1395 2592; x_wconf 90' lang='lat'><strong>8,</strong></span> <span class='ocrx_word' id='word_1_297' title='bbox 1427 2527 1517 2582; x_wconf 90' lang='lat' dir='ltr'><strong>die</strong></span> <span class='ocrx_word' id='word_1_298' title='bbox 1543 2526 1634 2595; x_wconf 90' lang='lat'><strong>20,</strong></span> 
     </span>
    </p>
   </div>
   <div class='ocr_carea' id='block_1_41' title="bbox 76 2603 1638 2676">
    <p class='ocr_par' dir='ltr' id='par_1_41' title="bbox 76 2603 1638 2676">
     <span class='ocr_line' id='line_1_41' title="bbox 76 2603 1638 2676; baseline 0.012 -20"><span class='ocrx_word' id='word_1_299' title='bbox 76 2603 346 2657; x_wconf 86' lang='lat' dir='ltr'><strong>secundum</strong></span> <span class='ocrx_word' id='word_1_300' title='bbox 370 2605 657 2661; x_wconf 80' lang='lat' dir='ltr'><strong>historiam</strong></span> <span class='ocrx_word' id='word_1_301' title='bbox 687 2608 1008 2667; x_wconf 80' lang='lat' dir='ltr'><strong>Romanam.</strong></span> <span class='ocrx_word' id='word_1_302' title='bbox 1045 2612 1144 2669; x_wconf 89' lang='lat' dir='ltr'><strong>Cui</strong></span> <span class='ocrx_word' id='word_1_303' title='bbox 1173 2619 1437 2673; x_wconf 85' lang='lat' dir='ltr'><strong>successit</strong></span> <span class='ocrx_word' id='word_1_304' title='bbox 1466 2617 1638 2676; x_wconf 68' lang='lat' dir='ltr'><strong>frater</strong></span> 
     </span>
    </p>
   </div>
   <div class='ocr_carea' id='block_1_42' title="bbox 72 2692 1634 2779">
    <p class='ocr_par' dir='ltr' id='par_1_42' title="bbox 72 2692 1634 2779">
     <span class='ocr_line' id='line_1_42' title="bbox 72 2692 1634 2779; baseline 0.014 -32"><span class='ocrx_word' id='word_1_305' title='bbox 72 2694 172 2764; x_wconf 84' lang='lat' dir='ltr'><strong>ejus</strong></span> <span class='ocrx_word' id='word_1_306' title='bbox 198 2695 379 2763; x_wconf 75' lang='lat' dir='ltr'><strong>junior</strong></span> <span class='ocrx_word' id='word_1_307' title='bbox 423 2697 785 2769; x_wconf 88' lang='lat' dir='ltr'><strong>Domitianus,</strong></span> <span class='ocrx_word' id='word_1_308' title='bbox 816 2692 1096 2777; x_wconf 86' lang='lat' dir='ltr'><strong>[predictis</strong></span> <span class='ocrx_word' id='word_1_309' title='bbox 1130 2711 1462 2779; x_wconf 84' lang='lat' dir='ltr'><strong>consulibus,</strong></span> <span class='ocrx_word' id='word_1_310' title='bbox 1500 2712 1634 2770; x_wconf 85' lang='lat' dir='ltr'><strong>Cas-</strong></span> 
     </span>
    </p>
   </div>
   <div class='ocr_carea' id='block_1_43' title="bbox 78 2786 489 2861">
    <p class='ocr_par' dir='ltr' id='par_1_43' title="bbox 78 2786 489 2861">
     <span class='ocr_line' id='line_1_43' title="bbox 78 2786 489 2861; baseline 0.019 -25"><span class='ocrx_word' id='word_1_311' title='bbox 78 2786 267 2840; x_wconf 81' lang='lat' dir='ltr'><strong>sioduro</strong></span> <span class='ocrx_word' id='word_1_312' title='bbox 299 2788 489 2861; x_wconf 85' lang='lat' dir='ltr'><strong>teste].</strong></span> 
     </span>
    </p>
   </div>
   <div class='ocr_carea' id='block_1_44' title="bbox 136 2897 1632 2983">
    <p class='ocr_par' dir='ltr' id='par_1_44' title="bbox 136 2897 1632 2983">
     <span class='ocr_line' id='line_1_44' title="bbox 136 2897 1632 2983; baseline 0.013 -33"><span class='ocrx_word' id='word_1_313' title='bbox 136 2897 481 2956; x_wconf 84' lang='lat' dir='ltr'><strong>Romanorum</strong></span> <span class='ocrx_word' id='word_1_314' title='bbox 534 2903 622 2958; x_wconf 84' lang='lat' dir='ltr'><strong>l2.</strong></span> <span class='ocrx_word' id='word_1_315' title='bbox 678 2904 1011 2963; x_wconf 77' lang='lat' dir='ltr'><strong>Domitianus</strong></span> <span class='ocrx_word' id='word_1_316' title='bbox 1066 2912 1296 2981; x_wconf 75' lang='lat' dir='ltr'><strong>regnauit</strong></span> <span class='ocrx_word' id='word_1_317' title='bbox 1339 2913 1495 2968; x_wconf 74' lang='lat' dir='ltr'><strong>armis</strong></span> <span class='ocrx_word' id='word_1_318' title='bbox 1543 2915 1632 2983; x_wconf 81' lang='lat' dir='ltr'><strong>l5,</strong></span> 
     </span>
    </p>
   </div>
   <div class='ocr_carea' id='block_1_45' title="bbox 77 2993 1634 3079">
    <p class='ocr_par' dir='ltr' id='par_1_45' title="bbox 77 2993 1634 3079">
     <span class='ocr_line' id='line_1_45' title="bbox 77 2993 1634 3079; baseline 0.017 -38"><span class='ocrx_word' id='word_1_319' title='bbox 77 2993 308 3048; x_wconf 71' lang='lat' dir='ltr'><strong>mensibus</strong></span> <span class='ocrx_word' id='word_1_320' title='bbox 358 2994 416 3060; x_wconf 84' lang='lat'><strong>5,</strong></span> <span class='ocrx_word' id='word_1_321' title='bbox 464 2998 760 3054; x_wconf 85' lang='lat' dir='ltr'><strong>secundum</strong></span> <span class='ocrx_word' id='word_1_322' title='bbox 810 2999 1068 3076; x_wconf 85' lang='lat' dir='ltr'><strong>[omnes].</strong></span> <span class='ocrx_word' id='word_1_323' title='bbox 1100 3004 1202 3060; x_wconf 89' lang='lat' dir='ltr'><strong>hoc</strong></span> <span class='ocrx_word' id='word_1_324' title='bbox 1235 3015 1319 3063; x_wconf 89' lang='lat' dir='ltr'><strong>est</strong></span> <span class='ocrx_word' id='word_1_325' title='bbox 1347 3023 1518 3079; x_wconf 86' lang='lat' dir='ltr'><strong>usque</strong></span> <span class='ocrx_word' id='word_1_326' title='bbox 1565 3011 1634 3067; x_wconf 84' lang='lat' dir='ltr'><strong>ad</strong></span> 
     </span>
    </p>
   </div>
   <div class='ocr_carea' id='block_1_46' title="bbox 78 3081 1634 3166">
    <p class='ocr_par' dir='ltr' id='par_1_46' title="bbox 78 3081 1634 3166">
     <span class='ocr_line' id='line_1_46' title="bbox 78 3081 1634 3166; baseline 0.014 -32"><span class='ocrx_word' id='word_1_327' title='bbox 78 3081 174 3136; x_wconf 71' lang='lat' dir='ltr'><strong>list.</strong></span> <span class='ocrx_word' id='word_1_328' title='bbox 212 3084 554 3153; x_wconf 85' lang='lat' dir='ltr'><strong>Novembris,</strong></span> <span class='ocrx_word' id='word_1_329' title='bbox 595 3090 649 3144; x_wconf 91' lang='lat' dir='ltr'><strong>in</strong></span> <span class='ocrx_word' id='word_1_330' title='bbox 689 3106 834 3147; x_wconf 84' lang='lat' dir='ltr'><strong>anno</strong></span> <span class='ocrx_word' id='word_1_331' title='bbox 874 3092 962 3149; x_wconf 83' lang='lat'><strong>68.</strong></span> <span class='ocrx_word' id='word_1_332' title='bbox 1003 3103 1127 3165; x_wconf 90' lang='lat' dir='ltr'><strong>post</strong></span> <span class='ocrx_word' id='word_1_333' title='bbox 1158 3098 1486 3166; x_wconf 80' lang='lat' dir='ltr'><strong>passionem.</strong></span> <span class='ocrx_word' id='word_1_334' title='bbox 1517 3096 1634 3156; x_wconf 85' lang='lat' dir='ltr'><strong>Sub</strong></span> 
     </span>
    </p>
   </div>
   <div class='ocr_carea' id='block_1_47' title="bbox 78 3177 548 3241">
    <p class='ocr_par' dir='ltr' id='par_1_47' title="bbox 78 3177 548 3241">
     <span class='ocr_line' id='line_1_47' title="bbox 78 3177 548 3241; baseline 0.021 -16"><span class='ocrx_word' id='word_1_335' title='bbox 78 3189 164 3241; x_wconf 91' lang='lat' dir='ltr'><strong>quo</strong></span> <span class='ocrx_word' id='word_1_336' title='bbox 193 3177 241 3232; x_wconf 91' lang='lat' dir='ltr'><strong>hi</strong></span> <span class='ocrx_word' id='word_1_337' title='bbox 271 3179 548 3235; x_wconf 84' lang='lat' dir='ltr'><strong>consules.</strong></span> 
     </span>
    </p>
   </div>
   <div class='ocr_carea' id='block_1_48' title="bbox 134 3285 1605 3373">
    <p class='ocr_par' dir='ltr' id='par_1_48' title="bbox 134 3285 1605 3373">
     <span class='ocr_line' id='line_1_48' title="bbox 134 3285 1605 3373; baseline 0.014 -35"><span class='ocrx_word' id='word_1_338' title='bbox 134 3285 210 3338; x_wconf 86' lang='lat'><strong>87.</strong></span> <span class='ocrx_word' id='word_1_339' title='bbox 256 3288 300 3342; x_wconf 95' lang='lat' dir='ltr'><strong>I.</strong></span> <span class='ocrx_word' id='word_1_340' title='bbox 343 3288 500 3363; x_wconf 79' lang='lat' dir='ltr'><strong>[uv]</strong></span> <span class='ocrx_word' id='word_1_341' title='bbox 529 3290 737 3364; x_wconf 66' lang='lat' dir='ltr'><strong>(illum)</strong></span> <span class='ocrx_word' id='word_1_342' title='bbox 766 3293 1098 3352; x_wconf 70' lang='lat' dir='ltr'><strong>Domitianus</strong></span> <span class='ocrx_word' id='word_1_343' title='bbox 1130 3297 1186 3362; x_wconf 72' lang='grc'><strong>4.</strong></span> <span class='ocrx_word' id='word_1_344' title='bbox 1223 3311 1275 3355; x_wconf 85' lang='lat' dir='ltr'><strong>et</strong></span> <span class='ocrx_word' id='word_1_345' title='bbox 1305 3300 1493 3373; x_wconf 69' lang='lat' dir='ltr'><strong><em>Rufus.</em></strong></span> <span class='ocrx_word' id='word_1_346' title='bbox 1528 3304 1605 3360; x_wconf 84' lang='lat' dir='ltr'><strong>De</strong></span> 
     </span>
    </p>
   </div>
   <div class='ocr_carea' id='block_1_49' title="bbox 79 3378 1629 3464">
    <p class='ocr_par' dir='ltr' id='par_1_49' title="bbox 79 3378 1629 3464">
     <span class='ocr_line' id='line_1_49' title="bbox 79 3378 1629 3464; baseline 0.015 -35"><span class='ocrx_word' id='word_1_347' title='bbox 79 3378 257 3435; x_wconf 83' lang='lat' dir='ltr'><strong>mitiani</strong></span> <span class='ocrx_word' id='word_1_348' title='bbox 303 3398 445 3437; x_wconf 79' lang='lat' dir='ltr'><strong>uxor</strong></span> <span class='ocrx_word' id='word_1_349' title='bbox 481 3394 705 3455; x_wconf 81' lang='lat' dir='ltr'><strong>augusta</strong></span> <span class='ocrx_word' id='word_1_350' title='bbox 744 3387 1064 3456; x_wconf 69' lang='lat' dir='ltr'><strong>appellatur.</strong></span> <span class='ocrx_word' id='word_1_351' title='bbox 1120 3390 1325 3464; x_wconf 84' lang='lat' dir='ltr'><strong>[Cletus</strong></span> <span class='ocrx_word' id='word_1_352' title='bbox 1368 3394 1454 3450; x_wconf 89' lang='lat' dir='ltr'><strong>his</strong></span> <span class='ocrx_word' id='word_1_353' title='bbox 1501 3410 1629 3451; x_wconf 87' lang='lat' dir='ltr'><strong>con-</strong></span> 
     </span>
    </p>
   </div>
   <div class='ocr_carea' id='block_1_50' title="bbox 78 3470 1632 3556">
    <p class='ocr_par' dir='ltr' id='par_1_50' title="bbox 78 3470 1632 3556">
     <span class='ocr_line' id='line_1_50' title="bbox 78 3470 1632 3556; baseline 0.013 -32"><span class='ocrx_word' id='word_1_354' title='bbox 78 3470 251 3526; x_wconf 76' lang='lat' dir='ltr'><strong>sulibus</strong></span> <span class='ocrx_word' id='word_1_355' title='bbox 300 3490 499 3545; x_wconf 84' lang='lat' dir='ltr'><strong>passus</strong></span> <span class='ocrx_word' id='word_1_356' title='bbox 541 3487 626 3533; x_wconf 90' lang='lat' dir='ltr'><strong>est</strong></span> <span class='ocrx_word' id='word_1_357' title='bbox 666 3479 721 3533; x_wconf 86' lang='lat'><strong>6.</strong></span> <span class='ocrx_word' id='word_1_358' title='bbox 770 3478 891 3535; x_wconf 75' lang='lat' dir='ltr'><strong>Kal.</strong></span> <span class='ocrx_word' id='word_1_359' title='bbox 940 3480 1088 3548; x_wconf 77' lang='lat' dir='ltr'><strong>Maii,</strong></span> <span class='ocrx_word' id='word_1_360' title='bbox 1132 3485 1429 3540; x_wconf 89' lang='lat' dir='ltr'><strong>secundum</strong></span> <span class='ocrx_word' id='word_1_361' title='bbox 1477 3496 1632 3556; x_wconf 72' lang='lat' dir='ltr'><strong>gesta</strong></span> 
     </span>
    </p>
   </div>
   <div class='ocr_carea' id='block_1_51' title="bbox 77 3563 411 3638">
    <p class='ocr_par' dir='ltr' id='par_1_51' title="bbox 77 3563 411 3638">
     <span class='ocr_line' id='line_1_51' title="bbox 77 3563 411 3638; baseline 0.024 -26"><span class='ocrx_word' id='word_1_362' title='bbox 77 3563 411 3638; x_wconf 61' lang='lat' dir='ltr'><strong>pontiﬁcumJ</strong></span> 
     </span>
    </p>
   </div>
   <div class='ocr_carea' id='block_1_52' title="bbox 130 3671 1627 3753">
    <p class='ocr_par' dir='ltr' id='par_1_52' title="bbox 130 3671 1627 3753">
     <span class='ocr_line' id='line_1_52' title="bbox 130 3671 1627 3753; baseline 0.017 -30"><span class='ocrx_word' id='word_1_363' title='bbox 130 3671 209 3727; x_wconf 82' lang='lat'><strong>88.</strong></span> <span class='ocrx_word' id='word_1_364' title='bbox 247 3677 299 3732; x_wconf 87' lang='lat'><strong>2.</strong></span> <span class='ocrx_word' id='word_1_365' title='bbox 344 3677 523 3752; x_wconf 76' lang='lat' dir='ltr'><strong>[Lm]</strong></span> <span class='ocrx_word' id='word_1_366' title='bbox 578 3681 788 3753; x_wconf 75' lang='lat' dir='ltr'><strong>(litt-1n.)</strong></span> <span class='ocrx_word' id='word_1_367' title='bbox 836 3684 1169 3743; x_wconf 83' lang='lat' dir='ltr'><strong>Domitianus</strong></span> <span class='ocrx_word' id='word_1_368' title='bbox 1229 3700 1276 3744; x_wconf 84' lang='lat' dir='ltr'><strong>et</strong></span> <span class='ocrx_word' id='word_1_369' title='bbox 1334 3690 1627 3748; x_wconf 81' lang='lat' dir='ltr'><strong>Dolabelia.</strong></span> 
     </span>
    </p>
   </div>
   <div class='ocr_carea' id='block_1_53' title="bbox 77 3760 1323 3834">
    <p class='ocr_par' dir='ltr' id='par_1_53' title="bbox 77 3760 1323 3834">
     <span class='ocr_line' id='line_1_53' title="bbox 77 3760 1323 3834; baseline 0.017 -21"><span class='ocrx_word' id='word_1_370' title='bbox 77 3760 275 3822; x_wconf 71' lang='lat' dir='ltr'><strong>Decreto</strong></span> <span class='ocrx_word' id='word_1_371' title='bbox 299 3780 528 3827; x_wconf 81' lang='lat' dir='ltr'><strong>senatus</strong></span> <span class='ocrx_word' id='word_1_372' title='bbox 556 3771 711 3828; x_wconf 79' lang='lat' dir='ltr'><strong>Titus</strong></span> <span class='ocrx_word' id='word_1_373' title='bbox 742 3775 887 3831; x_wconf 86' lang='lat' dir='ltr'><strong>inter</strong></span> <span class='ocrx_word' id='word_1_374' title='bbox 915 3778 1043 3832; x_wconf 90' lang='lat' dir='ltr'><strong>deos</strong></span> <span class='ocrx_word' id='word_1_375' title='bbox 1069 3777 1323 3834; x_wconf 74' lang='lat' dir='ltr'><strong>refertur.</strong></span> 
     </span>
    </p>
   </div>
   <div class='ocr_carea' id='block_1_54' title="bbox 132 3871 1626 3964">
    <p class='ocr_par' dir='ltr' id='par_1_54' title="bbox 132 3871 1626 3964">
     <span class='ocr_line' id='line_1_54' title="bbox 132 3871 1626 3964; baseline 0.015 -38"><span class='ocrx_word' id='word_1_376' title='bbox 132 3871 209 3927; x_wconf 85' lang='lat'><strong>89.</strong></span> <span class='ocrx_word' id='word_1_377' title='bbox 247 3876 302 3934; x_wconf 81' lang='grc'><strong>5.</strong></span> <span class='ocrx_word' id='word_1_378' title='bbox 344 3877 544 3954; x_wconf 80' lang='lat' dir='ltr'><strong>[vau]</strong></span> <span class='ocrx_word' id='word_1_379' title='bbox 587 3882 793 3956; x_wconf 81' lang='grc' dir='ltr'><strong>(Πιειι.)</strong></span> <span class='ocrx_word' id='word_1_380' title='bbox 832 3885 1165 3943; x_wconf 80' lang='lat' dir='ltr'><strong>Domitianus</strong></span> <span class='ocrx_word' id='word_1_381' title='bbox 1195 3889 1247 3945; x_wconf 83' lang='grc' dir='ltr'><strong>ϐ.</strong></span> <span class='ocrx_word' id='word_1_382' title='bbox 1278 3901 1326 3945; x_wconf 83' lang='lat' dir='ltr'><strong>et</strong></span> <span class='ocrx_word' id='word_1_383' title='bbox 1367 3890 1533 3964; x_wconf 77' lang='lat' dir='ltr'><strong>Rufus</strong></span> <span class='ocrx_word' id='word_1_384' title='bbox 1572 3892 1626 3949; x_wconf 75' lang='grc'><strong>4.</strong></span> 
     </span>
    </p>
   </div>
   <div class='ocr_carea' id='block_1_55' title="bbox 77 3960 1633 4053">
    <p class='ocr_par' dir='ltr' id='par_1_55' title="bbox 77 3960 1633 4053">
     <span class='ocr_line' id='line_1_55' title="bbox 77 3960 1633 4053; baseline 0.016 -38"><span class='ocrx_word' id='word_1_385' title='bbox 77 3960 383 4026; x_wconf 62' lang='lat' dir='ltr'><strong>Domitianus</strong></span> <span class='ocrx_word' id='word_1_386' title='bbox 435 3972 699 4030; x_wconf 86' lang='lat' dir='ltr'><strong>iunucltos</strong></span> <span class='ocrx_word' id='word_1_387' title='bbox 742 3977 1034 4046; x_wconf 80' lang='lat' dir='ltr'><strong>prohibuit.</strong></span> <span class='ocrx_word' id='word_1_388' title='bbox 1077 3979 1212 4037; x_wconf 82' lang='lat' dir='ltr'><strong>Tres</strong></span> <span class='ocrx_word' id='word_1_389' title='bbox 1250 3960 1486 4053; x_wconf 77' lang='lat' dir='ltr'><strong>virgines</strong></span> <span class='ocrx_word' id='word_1_390' title='bbox 1528 3986 1633 4039; x_wconf 84' lang='lat' dir='ltr'><strong>Ve-</strong></span> 
     </span>
    </p>
   </div>
   <div class='ocr_carea' id='block_1_56' title="bbox 75 4060 1523 4147">
    <p class='ocr_par' dir='ltr' id='par_1_56' title="bbox 75 4060 1523 4147">
     <span class='ocr_line' id='line_1_56' title="bbox 75 4060 1523 4147; baseline 0.015 -41"><span class='ocrx_word' id='word_1_391' title='bbox 75 4063 156 4109; x_wconf 69' lang='lat' dir='ltr'><strong>sta:</strong></span> <span class='ocrx_word' id='word_1_392' title='bbox 180 4060 242 4113; x_wconf 86' lang='lat' dir='ltr'><strong>oh</strong></span> <span class='ocrx_word' id='word_1_393' title='bbox 266 4069 519 4132; x_wconf 87' lang='lat' dir='ltr'><strong>stuprum</strong></span> <span class='ocrx_word' id='word_1_394' title='bbox 543 4065 833 4121; x_wconf 68' lang='lat' dir='ltr'><strong>damnatae.</strong></span> <span class='ocrx_word' id='word_1_395' title='bbox 867 4067 1056 4141; x_wconf 89' lang='lat' dir='ltr'><strong>[Linus</strong></span> <span class='ocrx_word' id='word_1_396' title='bbox 1086 4086 1219 4142; x_wconf 84' lang='lat' dir='ltr'><strong>papa</strong></span> <span class='ocrx_word' id='word_1_397' title='bbox 1254 4087 1379 4127; x_wconf 85' lang='lat' dir='ltr'><strong>ann.</strong></span> <span class='ocrx_word' id='word_1_398' title='bbox 1412 4073 1523 4147; x_wconf 82' lang='lat' dir='ltr'><strong>ll.]</strong></span> 
     </span>
    </p>
   </div>
   <div class='ocr_carea' id='block_1_57' title="bbox 131 4172 1626 4260">
    <p class='ocr_par' dir='ltr' id='par_1_57' title="bbox 131 4172 1626 4260">
     <span class='ocr_line' id='line_1_57' title="bbox 131 4172 1626 4260; baseline 0.013 -32"><span class='ocrx_word' id='word_1_399' title='bbox 131 4172 207 4228; x_wconf 85' lang='lat'><strong>90.</strong></span> <span class='ocrx_word' id='word_1_400' title='bbox 246 4177 298 4231; x_wconf 72' lang='grc'><strong>4.</strong></span> <span class='ocrx_word' id='word_1_401' title='bbox 352 4178 573 4254; x_wconf 78' lang='lat' dir='ltr'><strong>[vattt]</strong></span> <span class='ocrx_word' id='word_1_402' title='bbox 624 4181 805 4253; x_wconf 68' lang='lat' dir='ltr'><strong>(litati.</strong></span> <span class='ocrx_word' id='word_1_403' title='bbox 836 4184 924 4255; x_wconf 85' lang='lat' dir='ltr'><strong>m)</strong></span> <span class='ocrx_word' id='word_1_404' title='bbox 967 4173 1185 4242; x_wconf 66' lang='lat' dir='ltr'><strong>Flavius</strong></span> <span class='ocrx_word' id='word_1_405' title='bbox 1241 4198 1288 4243; x_wconf 87' lang='lat' dir='ltr'><strong>et</strong></span> <span class='ocrx_word' id='word_1_406' title='bbox 1343 4188 1626 4260; x_wconf 83' lang='lat' dir='ltr'><strong>Trajanus.</strong></span> 
     </span>
    </p>
   </div>
   <div class='ocr_carea' id='block_1_58' title="bbox 86 4259 1627 4338">
    <p class='ocr_par' dir='ltr' id='par_1_58' title="bbox 86 4259 1627 4338">
     <span class='ocr_line' id='line_1_58' title="bbox 86 4259 1627 4338; baseline 0.016 -25"><span class='ocrx_word' id='word_1_407' title='bbox 86 4259 328 4324; x_wconf 81' lang='lat' dir='ltr'><strong>Plurimos</strong></span> <span class='ocrx_word' id='word_1_408' title='bbox 356 4281 670 4327; x_wconf 87' lang='lat' dir='ltr'><strong>senatorum</strong></span> <span class='ocrx_word' id='word_1_409' title='bbox 706 4274 1042 4333; x_wconf 88' lang='lat' dir='ltr'><strong>Domitianus</strong></span> <span class='ocrx_word' id='word_1_410' title='bbox 1081 4278 1133 4333; x_wconf 90' lang='lat' dir='ltr'><strong>iu</strong></span> <span class='ocrx_word' id='word_1_411' title='bbox 1182 4278 1402 4335; x_wconf 82' lang='lat' dir='ltr'><strong>exilium</strong></span> <span class='ocrx_word' id='word_1_412' title='bbox 1442 4259 1627 4338; x_wconf 87' lang='lat' dir='ltr'><strong>mittit.</strong></span> 
     </span>
    </p>
   </div>
   <div class='ocr_carea' id='block_1_59' title="bbox 131 4373 1626 4458">
    <p class='ocr_par' dir='ltr' id='par_1_59' title="bbox 131 4373 1626 4458">
     <span class='ocr_line' id='line_1_59' title="bbox 131 4373 1626 4458; baseline 0.011 -30"><span class='ocrx_word' id='word_1_413' title='bbox 131 4373 208 4429; x_wconf 88' lang='lat' dir='ltr'><strong>9l.</strong></span> <span class='ocrx_word' id='word_1_414' title='bbox 340 4379 520 4455; x_wconf 73' lang='lat' dir='ltr'><strong>[un]</strong></span> <span class='ocrx_word' id='word_1_415' title='bbox 576 4383 784 4458; x_wconf 76' lang='lat' dir='ltr'><strong>(litt-zu.)</strong></span> <span class='ocrx_word' id='word_1_416' title='bbox 839 4385 1169 4443; x_wconf 77' lang='lat' dir='ltr'><strong>Domitianus</strong></span> <span class='ocrx_word' id='word_1_417' title='bbox 1218 4390 1269 4447; x_wconf 92' lang='lat'><strong>7.</strong></span> <span class='ocrx_word' id='word_1_418' title='bbox 1330 4401 1378 4444; x_wconf 82' lang='lat' dir='ltr'><strong>et</strong></span> <span class='ocrx_word' id='word_1_419' title='bbox 1432 4388 1626 4446; x_wconf 79' lang='lat' dir='ltr'><strong>Nam.</strong></span> 
     </span>
    </p>
   </div>
   <div class='ocr_carea' id='block_1_60' title="bbox 76 4462 1630 4551">
    <p class='ocr_par' dir='ltr' id='par_1_60' title="bbox 76 4462 1630 4551">
     <span class='ocr_line' id='line_1_60' title="bbox 76 4462 1630 4551; baseline 0.014 -37"><span class='ocrx_word' id='word_1_420' title='bbox 76 4462 341 4527; x_wconf 76' lang='lat' dir='ltr'><strong>Secundus.</strong></span> <span class='ocrx_word' id='word_1_421' title='bbox 374 4473 757 4531; x_wconf 69' lang='lat' dir='ltr'><strong>Alexandrinae</strong></span> <span class='ocrx_word' id='word_1_422' title='bbox 801 4478 1063 4534; x_wconf 68' lang='lat' dir='ltr'><strong>:ecclesirc</strong></span> <span class='ocrx_word' id='word_1_423' title='bbox 1103 4480 1390 4551; x_wconf 89' lang='lat' dir='ltr'><strong>cpiscopus</strong></span> <span class='ocrx_word' id='word_1_424' title='bbox 1432 4481 1630 4538; x_wconf 90' lang='lat' dir='ltr'><strong>consti-</strong></span> 
     </span>
    </p>
   </div>
   <div class='ocr_carea' id='block_1_61' title="bbox 76 4560 1097 4637">
    <p class='ocr_par' dir='ltr' id='par_1_61' title="bbox 76 4560 1097 4637">
     <span class='ocr_line' id='line_1_61' title="bbox 76 4560 1097 4637; baseline 0.02 -32"><span class='ocrx_word' id='word_1_425' title='bbox 76 4562 199 4614; x_wconf 72' lang='lat' dir='ltr'><strong>tutus</strong></span> <span class='ocrx_word' id='word_1_426' title='bbox 221 4560 445 4629; x_wconf 82' lang='lat' dir='ltr'><strong>Abilius,</strong></span> <span class='ocrx_word' id='word_1_427' title='bbox 474 4566 567 4637; x_wconf 86' lang='lat' dir='ltr'><strong>qui</strong></span> <span class='ocrx_word' id='word_1_428' title='bbox 595 4568 796 4637; x_wconf 85' lang='lat' dir='ltr'><strong>prefuit</strong></span> <span class='ocrx_word' id='word_1_429' title='bbox 821 4572 978 4626; x_wconf 87' lang='lat' dir='ltr'><strong>annis</strong></span> <span class='ocrx_word' id='word_1_430' title='bbox 1014 4570 1097 4625; x_wconf 79' lang='grc'><strong>15.</strong></span> 
     </span>
    </p>
   </div>
   <div class='ocr_carea' id='block_1_62' title="bbox 1681 3361 1703 3383">
    <p class='ocr_par' dir='ltr' id='par_1_62' title="bbox 1681 3361 1703 3383">
     <span class='ocr_line' id='line_1_62' title="bbox 1681 3361 1703 3383; baseline 0 0"><span class='ocrx_word' id='word_1_431' title='bbox 1681 3361 1703 3383; x_wconf 67' lang='grc' dir='ltr'><strong>ν</strong></span> 
     </span>
    </p>
   </div>
   <div class='ocr_carea' id='block_1_63' title="bbox 1746 2053 3326 2136">
    <p class='ocr_par' dir='ltr' id='par_1_63' title="bbox 1746 2053 3326 2136">
     <span class='ocr_line' id='line_1_63' title="bbox 1746 2053 3326 2136; baseline 0.012 -31"><span class='ocrx_word' id='word_1_432' title='bbox 1746 2062 1890 2117; x_wconf 84' lang='lat' dir='ltr'><strong>vata,</strong></span> <span class='ocrx_word' id='word_1_433' title='bbox 1929 2072 1947 2105; x_wconf 73' lang='grc' dir='ltr'><strong>ι</strong></span> <span class='ocrx_word' id='word_1_434' title='bbox 1981 2062 2037 2108; x_wconf 91' lang='lat' dir='ltr'><strong>et</strong></span> <span class='ocrx_word' id='word_1_435' title='bbox 2063 2055 2288 2127; x_wconf 86' lang='lat' dir='ltr'><strong>reliqua.</strong></span> <span class='ocrx_word' id='word_1_436' title='bbox 2330 2053 2451 2114; x_wconf 81' lang='lat' dir='ltr'><strong>Alia</strong></span> <span class='ocrx_word' id='word_1_437' title='bbox 2478 2060 2585 2131; x_wconf 87' lang='lat' dir='ltr'><strong>(cp.</strong></span> <span class='ocrx_word' id='word_1_438' title='bbox 2624 2062 2682 2129; x_wconf 76' lang='lat'><strong>5,</strong></span> <span class='ocrx_word' id='word_1_439' title='bbox 2709 2076 2765 2132; x_wconf 90' lang='lat' dir='ltr'><strong>p.</strong></span> <span class='ocrx_word' id='word_1_440' title='bbox 2800 2062 2891 2136; x_wconf 75' lang='lat'><strong>72)</strong></span> <span class='ocrx_word' id='word_1_441' title='bbox 2915 2081 2943 2120; x_wconf 51' lang='grc' dir='ltr'><strong>με</strong></span> <span class='ocrx_word' id='word_1_442' title='bbox 2976 2084 2998 2119; x_wconf 83' lang='grc' dir='ltr'><strong>ι</strong></span> <span class='ocrx_word' id='word_1_443' title='bbox 3043 2067 3326 2135; x_wconf 81' lang='lat' dir='ltr'><strong>Ancletus,</strong></span> 
     </span>
    </p>
   </div>
   <div class='ocr_carea' id='block_1_64' title="bbox 1744 2145 3329 2223">
    <p class='ocr_par' dir='ltr' id='par_1_64' title="bbox 1744 2145 3329 2223">
     <span class='ocr_line' id='line_1_64' title="bbox 1744 2145 3329 2223; baseline 0.011 -23"><span class='ocrx_word' id='word_1_444' title='bbox 1744 2158 1934 2200; x_wconf 88' lang='lat' dir='ltr'><strong>servus</strong></span> <span class='ocrx_word' id='word_1_445' title='bbox 1977 2145 2102 2204; x_wconf 74' lang='lat' dir='ltr'><strong>Iesu</strong></span> <span class='ocrx_word' id='word_1_446' title='bbox 2143 2148 2369 2214; x_wconf 86' lang='lat' dir='ltr'><strong>Christi,</strong></span> <span class='ocrx_word' id='word_1_447' title='bbox 2413 2150 2465 2205; x_wconf 89' lang='lat' dir='ltr'><strong>in</strong></span> <span class='ocrx_word' id='word_1_448' title='bbox 2513 2153 2806 2223; x_wconf 82' lang='lat' dir='ltr'><strong>apostolica</strong></span> <span class='ocrx_word' id='word_1_449' title='bbox 2855 2157 2984 2212; x_wconf 90' lang='lat' dir='ltr'><strong>sede</strong></span> <span class='ocrx_word' id='word_1_450' title='bbox 3024 2172 3055 2213; x_wconf 91' lang='lat' dir='ltr'><strong>a</strong></span> <span class='ocrx_word' id='word_1_451' title='bbox 3098 2160 3329 2218; x_wconf 87' lang='lat' dir='ltr'><strong>Domino</strong></span> 
     </span>
    </p>
   </div>
   <div class='ocr_carea' id='block_1_65' title="bbox 1742 2234 3326 2321">
    <p class='ocr_par' dir='ltr' id='par_1_65' title="bbox 1742 2234 3326 2321">
     <span class='ocr_line' id='line_1_65' title="bbox 1742 2234 3326 2321; baseline 0.012 -34"><span class='ocrx_word' id='word_1_452' title='bbox 1742 2234 2095 2303; x_wconf 82' lang='lat' dir='ltr'><strong>constitutus,</strong></span> <span class='ocrx_word' id='word_1_453' title='bbox 2130 2247 2184 2293; x_wconf 91' lang='lat' dir='ltr'><strong>et</strong></span> <span class='ocrx_word' id='word_1_454' title='bbox 2212 2253 2243 2294; x_wconf 86' lang='lat' dir='ltr'><strong>a</strong></span> <span class='ocrx_word' id='word_1_455' title='bbox 2272 2248 2462 2295; x_wconf 87' lang='lat' dir='ltr'><strong>sancto</strong></span> <span class='ocrx_word' id='word_1_456' title='bbox 2487 2238 2649 2298; x_wconf 82' lang='lat' dir='ltr'><strong>Petro</strong></span> <span class='ocrx_word' id='word_1_457' title='bbox 2676 2244 3043 2314; x_wconf 79' lang='lat' dir='ltr'><strong>apostolorum</strong></span> <span class='ocrx_word' id='word_1_458' title='bbox 3078 2249 3326 2321; x_wconf 86' lang='lat' dir='ltr'><strong>principe</strong></span> 
     </span>
    </p>
   </div>
   <div class='ocr_carea' id='block_1_66' title="bbox 1741 2326 3335 2423">
    <p class='ocr_par' dir='ltr' id='par_1_66' title="bbox 1741 2326 3335 2423">
     <span class='ocr_line' id='line_1_66' title="bbox 1741 2326 3335 2423; baseline 0.013 -44"><span class='ocrx_word' id='word_1_459' title='bbox 1741 2326 2009 2395; x_wconf 87' lang='lat' dir='ltr'><strong>prespiter</strong></span> <span class='ocrx_word' id='word_1_460' title='bbox 2028 2329 2330 2387; x_wconf 88' lang='lat' dir='ltr'><strong>ordinatus.</strong></span> <span class='ocrx_word' id='word_1_461' title='bbox 2355 2332 2618 2399; x_wconf 83' lang='lat' dir='ltr'><strong>Quoniam</strong></span> <span class='ocrx_word' id='word_1_462' title='bbox 2642 2346 2871 2392; x_wconf 84' lang='lat' dir='ltr'><strong>actenus</strong></span> <span class='ocrx_word' id='word_1_463' title='bbox 2895 2337 2961 2394; x_wconf 90' lang='lat' dir='ltr'><strong>de</strong></span> <span class='ocrx_word' id='word_1_464' title='bbox 2988 2338 3073 2395; x_wconf 87' lang='lat' dir='ltr'><strong>his</strong></span> <span class='ocrx_word' id='word_1_465' title='bbox 3098 2355 3129 2396; x_wconf 87' lang='lat' dir='ltr'><strong>a</strong></span> <span class='ocrx_word' id='word_1_466' title='bbox 3160 2340 3335 2423; x_wconf 58' lang='lat' dir='ltr'><strong>beato.</strong></span> 
     </span>
    </p>
   </div>
   <div class='ocr_carea' id='block_1_67' title="bbox 1742 2414 3342 2517">
    <p class='ocr_par' dir='ltr' id='par_1_67' title="bbox 1742 2414 3342 2517">
     <span class='ocr_line' id='line_1_67' title="bbox 1742 2414 3342 2517; baseline 0.014 -50"><span class='ocrx_word' id='word_1_467' title='bbox 1742 2414 1902 2470; x_wconf 76' lang='lat' dir='ltr'><strong>l’etro</strong></span> <span class='ocrx_word' id='word_1_468' title='bbox 1922 2418 2164 2486; x_wconf 77' lang='lat' dir='ltr'><strong>apostolo</strong></span> <span class='ocrx_word' id='word_1_469' title='bbox 2184 2428 2239 2473; x_wconf 92' lang='lat' dir='ltr'><strong>et</strong></span> <span class='ocrx_word' id='word_1_470' title='bbox 2259 2420 2482 2492; x_wconf 86' lang='lat' dir='ltr'><strong>reliquis</strong></span> <span class='ocrx_word' id='word_1_471' title='bbox 2503 2424 2764 2494; x_wconf 86' lang='lat' dir='ltr'><strong>apostolis</strong></span> <span class='ocrx_word' id='word_1_472' title='bbox 2784 2437 2841 2481; x_wconf 91' lang='lat' dir='ltr'><strong>et</strong></span> <span class='ocrx_word' id='word_1_473' title='bbox 2865 2428 3022 2485; x_wconf 89' lang='lat' dir='ltr'><strong>beato</strong></span> <span class='ocrx_word' id='word_1_474' title='bbox 3042 2414 3342 2517; x_wconf 48' lang='lat' dir='ltr'><strong>Clemente;</strong></span> 
     </span>
    </p>
   </div>
   <div class='ocr_carea' id='block_1_68' title="bbox 1741 2514 3339 2587">
    <p class='ocr_par' dir='ltr' id='par_1_68' title="bbox 1741 2514 3339 2587">
     <span class='ocr_line' id='line_1_68' title="bbox 1741 2514 3339 2587; baseline 0.013 -30"><span class='ocrx_word' id='word_1_475' title='bbox 1741 2516 1925 2560; x_wconf 88' lang='lat' dir='ltr'><strong>nostro</strong></span> <span class='ocrx_word' id='word_1_476' title='bbox 1961 2522 2274 2576; x_wconf 84' lang='lat' dir='ltr'><strong>precessore</strong></span> <span class='ocrx_word' id='word_1_477' title='bbox 2301 2519 2358 2587; x_wconf 88' lang='lat' dir='ltr'><strong>et</strong></span> <span class='ocrx_word' id='word_1_478' title='bbox 2387 2514 2610 2569; x_wconf 88' lang='lat' dir='ltr'><strong>martire</strong></span> <span class='ocrx_word' id='word_1_479' title='bbox 2642 2516 2892 2586; x_wconf 83' lang='lat' dir='ltr'><strong>novimus</strong></span> <span class='ocrx_word' id='word_1_480' title='bbox 2916 2522 3201 2587; x_wconf 85' lang='lat' dir='ltr'><strong>statutum,</strong></span> <span class='ocrx_word' id='word_1_481' title='bbox 3230 2514 3339 2577; x_wconf 29' lang='lat' dir='ltr'><strong>deo:</strong></span> 
     </span>
    </p>
   </div>
   <div class='ocr_carea' id='block_1_69' title="bbox 1740 2586 3323 2682">
    <p class='ocr_par' dir='ltr' id='par_1_69' title="bbox 1740 2586 3323 2682">
     <span class='ocr_line' id='line_1_69' title="bbox 1740 2586 3323 2682; baseline 0.014 -36"><span class='ocrx_word' id='word_1_482' title='bbox 1740 2607 1941 2664; x_wconf 76' lang='lat' dir='ltr'><strong>negare</strong></span> <span class='ocrx_word' id='word_1_483' title='bbox 1974 2597 2128 2652; x_wconf 85' lang='lat' dir='ltr'><strong>vobis</strong></span> <span class='ocrx_word' id='word_1_484' title='bbox 2155 2586 2379 2655; x_wconf 80' lang='lat' dir='ltr'><strong>ntinime</strong></span> <span class='ocrx_word' id='word_1_485' title='bbox 2416 2602 2705 2672; x_wconf 87' lang='lat' dir='ltr'><strong>possimus.</strong></span> <span class='ocrx_word' id='word_1_486' title='bbox 2750 2604 2832 2661; x_wconf 84' lang='lat' dir='ltr'><strong>illi</strong></span> <span class='ocrx_word' id='word_1_487' title='bbox 2870 2600 3075 2675; x_wconf 86' lang='lat' dir='ltr'><strong>autem,</strong></span> <span class='ocrx_word' id='word_1_488' title='bbox 3127 2612 3219 2682; x_wconf 88' lang='lat' dir='ltr'><strong>qui</strong></span> <span class='ocrx_word' id='word_1_489' title='bbox 3263 2605 3323 2668; x_wconf 79' lang='lat' dir='ltr'><strong>in</strong></span> 
     </span>
    </p>
   </div>
   <div class='ocr_carea' id='block_1_70' title="bbox 1741 2686 3313 2774">
    <p class='ocr_par' dir='ltr' id='par_1_70' title="bbox 1741 2686 3313 2774">
     <span class='ocr_line' id='line_1_70' title="bbox 1741 2686 3313 2774; baseline 0.017 -38"><span class='ocrx_word' id='word_1_490' title='bbox 1741 2686 2020 2755; x_wconf 77' lang='lat' dir='ltr'><strong>metropoli</strong></span> <span class='ocrx_word' id='word_1_491' title='bbox 2055 2701 2085 2741; x_wconf 88' lang='lat' dir='ltr'><strong>a</strong></span> <span class='ocrx_word' id='word_1_492' title='bbox 2110 2688 2266 2746; x_wconf 86' lang='lat' dir='ltr'><strong>beato</strong></span> <span class='ocrx_word' id='word_1_493' title='bbox 2291 2689 2472 2757; x_wconf 87' lang='lat' dir='ltr'><strong>Petro,</strong></span> <span class='ocrx_word' id='word_1_494' title='bbox 2502 2694 2787 2752; x_wconf 84' lang='lat' dir='ltr'><strong>ordinante</strong></span> <span class='ocrx_word' id='word_1_495' title='bbox 2812 2697 3066 2766; x_wconf 83' lang='lat' dir='ltr'><strong>Domino,</strong></span> <span class='ocrx_word' id='word_1_496' title='bbox 3097 2712 3153 2760; x_wconf 91' lang='lat' dir='ltr'><strong>et</strong></span> <span class='ocrx_word' id='word_1_497' title='bbox 3185 2718 3313 2774; x_wconf 85' lang='lat' dir='ltr'><strong>pre-</strong></span> 
     </span>
    </p>
   </div>
   <div class='ocr_carea' id='block_1_71' title="bbox 1737 2780 3338 2857">
    <p class='ocr_par' dir='ltr' id='par_1_71' title="bbox 1737 2780 3338 2857">
     <span class='ocr_line' id='line_1_71' title="bbox 1737 2780 3338 2857; baseline 0.011 -30"><span class='ocrx_word' id='word_1_498' title='bbox 1737 2787 1952 2829; x_wconf 85' lang='lat' dir='ltr'><strong>ccssore</strong></span> <span class='ocrx_word' id='word_1_499' title='bbox 1998 2786 2207 2843; x_wconf 87' lang='lat' dir='ltr'><strong>nostro,</strong></span> <span class='ocrx_word' id='word_1_500' title='bbox 2250 2780 2498 2849; x_wconf 82' lang='lat' dir='ltr'><strong>predicto</strong></span> <span class='ocrx_word' id='word_1_501' title='bbox 2538 2794 2727 2841; x_wconf 85' lang='lat' dir='ltr'><strong>sancto</strong></span> <span class='ocrx_word' id='word_1_502' title='bbox 2778 2785 3082 2857; x_wconf 88' lang='lat' dir='ltr'><strong>Clemente,</strong></span> <span class='ocrx_word' id='word_1_503' title='bbox 3124 2792 3242 2849; x_wconf 85' lang='lat' dir='ltr'><strong>sive</strong></span> <span class='ocrx_word' id='word_1_504' title='bbox 3288 2784 3338 2850; x_wconf 60' lang='grc' dir='ltr'><strong>αἱ</strong></span> 
     </span>
    </p>
   </div>
   <div class='ocr_carea' id='block_1_72' title="bbox 1738 2864 3335 2951">
    <p class='ocr_par' dir='ltr' id='par_1_72' title="bbox 1738 2864 3335 2951">
     <span class='ocr_line' id='line_1_72' title="bbox 1738 2864 3335 2951; baseline 0.017 -34"><span class='ocrx_word' id='word_1_505' title='bbox 1738 2864 1895 2920; x_wconf 83' lang='lat' dir='ltr'><strong>nobis</strong></span> <span class='ocrx_word' id='word_1_506' title='bbox 1942 2868 2220 2924; x_wconf 86' lang='lat' dir='ltr'><strong>constituti</strong></span> <span class='ocrx_word' id='word_1_507' title='bbox 2275 2881 2422 2939; x_wconf 85' lang='lat' dir='ltr'><strong>sunt,</strong></span> <span class='ocrx_word' id='word_1_508' title='bbox 2479 2890 2586 2930; x_wconf 91' lang='lat' dir='ltr'><strong>non</strong></span> <span class='ocrx_word' id='word_1_509' title='bbox 2644 2892 2837 2936; x_wconf 84' lang='lat' dir='ltr'><strong>omnes</strong></span> <span class='ocrx_word' id='word_1_510' title='bbox 2888 2882 3152 2951; x_wconf 86' lang='lat' dir='ltr'><strong>primates</strong></span> <span class='ocrx_word' id='word_1_511' title='bbox 3197 2900 3335 2943; x_wconf 31' lang='lat' dir='ltr'><strong>esse.</strong></span> 
     </span>
    </p>
   </div>
   <div class='ocr_carea' id='block_1_73' title="bbox 1736 2961 3335 3047">
    <p class='ocr_par' dir='ltr' id='par_1_73' title="bbox 1736 2961 3335 3047">
     <span class='ocr_line' id='line_1_73' title="bbox 1736 2961 3335 3047; baseline 0.014 -35"><span class='ocrx_word' id='word_1_512' title='bbox 1736 2968 1985 3025; x_wconf 86' lang='lat' dir='ltr'><strong>possunt,</strong></span> <span class='ocrx_word' id='word_1_513' title='bbox 2019 2978 2039 3011; x_wconf 73' lang='grc' dir='ltr'><strong>ι</strong></span> <span class='ocrx_word' id='word_1_514' title='bbox 2067 2970 2121 3014; x_wconf 89' lang='lat' dir='ltr'><strong>et</strong></span> <span class='ocrx_word' id='word_1_515' title='bbox 2148 2961 2375 3032; x_wconf 86' lang='lat' dir='ltr'><strong>reliqua.</strong></span> <span class='ocrx_word' id='word_1_516' title='bbox 2408 2965 2472 3019; x_wconf 86' lang='lat' dir='ltr'><strong>Et</strong></span> <span class='ocrx_word' id='word_1_517' title='bbox 2494 2977 2618 3036; x_wconf 83' lang='lat' dir='ltr'><strong>post</strong></span> <span class='ocrx_word' id='word_1_518' title='bbox 2646 2985 2659 3023; x_wconf 91' lang='lat'><strong>:</strong></span> <span class='ocrx_word' id='word_1_519' title='bbox 2695 2988 2715 3023; x_wconf 82' lang='grc' dir='ltr'><strong>ι</strong></span> <span class='ocrx_word' id='word_1_520' title='bbox 2745 2971 2881 3027; x_wconf 79' lang='lat' dir='ltr'><strong>Alite</strong></span> <span class='ocrx_word' id='word_1_521' title='bbox 2906 2982 3089 3030; x_wconf 88' lang='lat' dir='ltr'><strong>autem</strong></span> <span class='ocrx_word' id='word_1_522' title='bbox 3117 2977 3335 3047; x_wconf 71' lang='lat' dir='ltr'><strong>prima-&#39;</strong></span> 
     </span>
    </p>
   </div>
   <div class='ocr_carea' id='block_1_74' title="bbox 1741 3047 3333 3134">
    <p class='ocr_par' dir='ltr' id='par_1_74' title="bbox 1741 3047 3333 3134">
     <span class='ocr_line' id='line_1_74' title="bbox 1741 3047 3333 3134; baseline 0.017 -35"><span class='ocrx_word' id='word_1_523' title='bbox 1741 3054 1820 3101; x_wconf 89' lang='lat' dir='ltr'><strong>tes</strong></span> <span class='ocrx_word' id='word_1_524' title='bbox 1843 3047 2112 3116; x_wconf 85' lang='lat' dir='ltr'><strong>civitates,</strong></span> <span class='ocrx_word' id='word_1_525' title='bbox 2132 3066 2268 3121; x_wconf 85' lang='lat' dir='ltr'><strong>quas</strong></span> <span class='ocrx_word' id='word_1_526' title='bbox 2294 3055 2446 3110; x_wconf 89' lang='lat' dir='ltr'><strong>vobis</strong></span> <span class='ocrx_word' id='word_1_527' title='bbox 2465 3061 2804 3130; x_wconf 85' lang='lat' dir='ltr'><strong>conscriptas</strong></span> <span class='ocrx_word' id='word_1_528' title='bbox 2827 3064 2879 3118; x_wconf 92' lang='lat' dir='ltr'><strong>in</strong></span> <span class='ocrx_word' id='word_1_529' title='bbox 2901 3067 3137 3134; x_wconf 86' lang='lat' dir='ltr'><strong>quodam</strong></span> <span class='ocrx_word' id='word_1_530' title='bbox 3168 3076 3333 3125; x_wconf 64' lang='lat' dir='ltr'><strong>tome</strong></span> 
     </span>
    </p>
   </div>
   <div class='ocr_carea' id='block_1_75' title="bbox 1739 3136 3319 3218">
    <p class='ocr_par' dir='ltr' id='par_1_75' title="bbox 1739 3136 3319 3218">
     <span class='ocr_line' id='line_1_75' title="bbox 1739 3136 3319 3218; baseline 0.017 -28"><span class='ocrx_word' id='word_1_531' title='bbox 1739 3136 2026 3206; x_wconf 82' lang='lat' dir='ltr'><strong>mittimus,</strong></span> <span class='ocrx_word' id='word_1_532' title='bbox 2056 3154 2090 3196; x_wconf 81' lang='lat' dir='ltr'><strong>a</strong></span> <span class='ocrx_word' id='word_1_533' title='bbox 2119 3143 2324 3199; x_wconf 82' lang='lat' dir='ltr'><strong>sanctis</strong></span> <span class='ocrx_word' id='word_1_534' title='bbox 2361 3148 2622 3215; x_wconf 81' lang='lat' dir='ltr'><strong>apostolis</strong></span> <span class='ocrx_word' id='word_1_535' title='bbox 2664 3159 2720 3205; x_wconf 88' lang='lat' dir='ltr'><strong>et</strong></span> <span class='ocrx_word' id='word_1_536' title='bbox 2761 3167 2792 3206; x_wconf 87' lang='lat' dir='ltr'><strong>a</strong></span> <span class='ocrx_word' id='word_1_537' title='bbox 2840 3154 3001 3210; x_wconf 88' lang='lat' dir='ltr'><strong>beato</strong></span> <span class='ocrx_word' id='word_1_538' title='bbox 3036 3157 3319 3218; x_wconf 84' lang='lat' dir='ltr'><strong>Clemente</strong></span> 
     </span>
    </p>
   </div>
   <div class='ocr_carea' id='block_1_76' title="bbox 1735 3228 3333 3314">
    <p class='ocr_par' dir='ltr' id='par_1_76' title="bbox 1735 3228 3333 3314">
     <span class='ocr_line' id='line_1_76' title="bbox 1735 3228 3333 3314; baseline 0.016 -33"><span class='ocrx_word' id='word_1_539' title='bbox 1735 3228 1851 3283; x_wconf 76' lang='lat' dir='ltr'><strong>sive</strong></span> <span class='ocrx_word' id='word_1_540' title='bbox 1875 3245 1906 3283; x_wconf 89' lang='lat' dir='ltr'><strong>a</strong></span> <span class='ocrx_word' id='word_1_541' title='bbox 1932 3231 2088 3287; x_wconf 85' lang='lat' dir='ltr'><strong>nobis</strong></span> <span class='ocrx_word' id='word_1_542' title='bbox 2119 3234 2289 3303; x_wconf 86' lang='lat' dir='ltr'><strong>prima</strong></span> <span class='ocrx_word' id='word_1_543' title='bbox 2300 3242 2379 3289; x_wconf 83' lang='lat' dir='ltr'><strong>tes</strong></span> <span class='ocrx_word' id='word_1_544' title='bbox 2418 3239 2786 3306; x_wconf 85' lang='lat' dir='ltr'><strong>predicatores</strong></span> <span class='ocrx_word' id='word_1_545' title='bbox 2813 3256 3160 3314; x_wconf 86' lang='lat' dir='ltr'><strong>acceperunt.</strong></span> <span class='ocrx_word' id='word_1_546' title='bbox 3189 3237 3333 3306; x_wconf 58' lang='lat' dir='ltr'><strong>Haec“</strong></span> 
     </span>
    </p>
   </div>
   <div class='ocr_carea' id='block_1_77' title="bbox 1740 3323 3332 3401">
    <p class='ocr_par' dir='ltr' id='par_1_77' title="bbox 1740 3323 3332 3401">
     <span class='ocr_line' id='line_1_77' title="bbox 1740 3323 3332 3401; baseline 0.013 -29"><span class='ocrx_word' id='word_1_547' title='bbox 1740 3333 1869 3376; x_wconf 80' lang='lat' dir='ltr'><strong>vero</strong></span> <span class='ocrx_word' id='word_1_548' title='bbox 1890 3333 2239 3379; x_wconf 84' lang='lat' dir='ltr'><strong>sacrosancta</strong></span> <span class='ocrx_word' id='word_1_549' title='bbox 2270 3323 2514 3382; x_wconf 76' lang='lat' dir='ltr'><strong>Romana</strong></span> <span class='ocrx_word' id='word_1_550' title='bbox 2544 3338 2599 3384; x_wconf 91' lang='lat' dir='ltr'><strong>et</strong></span> <span class='ocrx_word' id='word_1_551' title='bbox 2628 3330 2926 3401; x_wconf 87' lang='lat' dir='ltr'><strong>apostolica</strong></span> <span class='ocrx_word' id='word_1_552' title='bbox 2947 3335 3178 3393; x_wconf 88' lang='lat' dir='ltr'><strong>ecclesia</strong></span> <span class='ocrx_word' id='word_1_553' title='bbox 3207 3355 3332 3396; x_wconf 79' lang='lat' dir='ltr'><strong>non.</strong></span> 
     </span>
    </p>
   </div>
   <div class='ocr_carea' id='block_1_78' title="bbox 1731 3410 3318 3488">
    <p class='ocr_par' dir='ltr' id='par_1_78' title="bbox 1731 3410 3318 3488">
     <span class='ocr_line' id='line_1_78' title="bbox 1731 3410 3318 3488; baseline 0.016 -25"><span class='ocrx_word' id='word_1_554' title='bbox 1731 3410 1800 3465; x_wconf 89' lang='lat' dir='ltr'><strong>ab</strong></span> <span class='ocrx_word' id='word_1_555' title='bbox 1827 3414 2103 3481; x_wconf 89' lang='lat' dir='ltr'><strong>apostolis,</strong></span> <span class='ocrx_word' id='word_1_556' title='bbox 2140 3416 2234 3470; x_wconf 91' lang='lat' dir='ltr'><strong>sed</strong></span> <span class='ocrx_word' id='word_1_557' title='bbox 2263 3418 2332 3473; x_wconf 90' lang='lat' dir='ltr'><strong>ab</strong></span> <span class='ocrx_word' id='word_1_558' title='bbox 2378 3418 2495 3488; x_wconf 86' lang='lat' dir='ltr'><strong>ipso</strong></span> <span class='ocrx_word' id='word_1_559' title='bbox 2540 3419 2769 3479; x_wconf 87' lang='lat' dir='ltr'><strong>Domino</strong></span> <span class='ocrx_word' id='word_1_560' title='bbox 2797 3422 3084 3485; x_wconf 85' lang='lat' dir='ltr'><strong>Salvatore</strong></span> <span class='ocrx_word' id='word_1_561' title='bbox 3127 3441 3318 3488; x_wconf 87' lang='lat' dir='ltr'><strong>nostro</strong></span> 
     </span>
    </p>
   </div>
   <div class='ocr_carea' id='block_1_79' title="bbox 1731 3506 3334 3605">
    <p class='ocr_par' dir='ltr' id='par_1_79' title="bbox 1731 3506 3334 3605">
     <span class='ocr_line' id='line_1_79' title="bbox 1731 3506 3334 3605; baseline 0.014 -46"><span class='ocrx_word' id='word_1_562' title='bbox 1731 3506 2020 3578; x_wconf 90' lang='lat' dir='ltr'><strong>primatum</strong></span> <span class='ocrx_word' id='word_1_563' title='bbox 2057 3511 2311 3578; x_wconf 82' lang='lat' dir='ltr'><strong>obtinuit,</strong></span> <span class='ocrx_word' id='word_1_564' title='bbox 2357 3513 2547 3571; x_wconf 89' lang='lat' dir='ltr'><strong>dicens</strong></span> <span class='ocrx_word' id='word_1_565' title='bbox 2587 3517 2748 3574; x_wconf 87' lang='lat' dir='ltr'><strong>beato</strong></span> <span class='ocrx_word' id='word_1_566' title='bbox 2794 3516 2954 3578; x_wconf 83' lang='lat' dir='ltr'><strong>Petro</strong></span> <span class='ocrx_word' id='word_1_567' title='bbox 3000 3525 3248 3597; x_wconf 82' lang='lat' dir='ltr'><strong>apostolo</strong></span> <span class='ocrx_word' id='word_1_568' title='bbox 3296 3545 3334 3605; x_wconf 44' lang='grc' dir='ltr'><strong>τζ</strong></span> 
     </span>
    </p>
   </div>
   <div class='ocr_carea' id='block_1_80' title="bbox 1736 3602 3323 3682">
    <p class='ocr_par' dir='ltr' id='par_1_80' title="bbox 1736 3602 3323 3682">
     <span class='ocr_line' id='line_1_80' title="bbox 1736 3602 3323 3682; baseline 0.014 -30"><span class='ocrx_word' id='word_1_569' title='bbox 1736 3619 1756 3652; x_wconf 77' lang='grc' dir='ltr'><strong>ι</strong></span> <span class='ocrx_word' id='word_1_570' title='bbox 1792 3602 1872 3656; x_wconf 86' lang='lat' dir='ltr'><strong>Tu</strong></span> <span class='ocrx_word' id='word_1_571' title='bbox 1903 3617 1965 3657; x_wconf 87' lang='lat' dir='ltr'><strong>es</strong></span> <span class='ocrx_word' id='word_1_572' title='bbox 1991 3603 2203 3666; x_wconf 85' lang='lat' dir='ltr'><strong>Petrus,</strong></span> <span class='ocrx_word' id='word_1_573' title='bbox 2241 3624 2261 3657; x_wconf 76' lang='grc' dir='ltr'><strong>ι</strong></span> <span class='ocrx_word' id='word_1_574' title='bbox 2294 3614 2351 3661; x_wconf 91' lang='lat' dir='ltr'><strong>et</strong></span> <span class='ocrx_word' id='word_1_575' title='bbox 2372 3609 2581 3680; x_wconf 82' lang='lat' dir='ltr'><strong>reliqua</strong></span> <span class='ocrx_word' id='word_1_576' title='bbox 2607 3626 2781 3682; x_wconf 85' lang='lat' dir='ltr'><strong>usque</strong></span> <span class='ocrx_word' id='word_1_577' title='bbox 2809 3631 2828 3664; x_wconf 82' lang='grc' dir='ltr'><strong>ι</strong></span> <span class='ocrx_word' id='word_1_578' title='bbox 2858 3614 3033 3671; x_wconf 81' lang='lat' dir='ltr'><strong>Erunt</strong></span> <span class='ocrx_word' id='word_1_579' title='bbox 3060 3616 3234 3673; x_wconf 88' lang='lat' dir='ltr'><strong>soluta</strong></span> <span class='ocrx_word' id='word_1_580' title='bbox 3259 3614 3323 3675; x_wconf 75' lang='lat' dir='ltr'><strong>eti</strong></span> 
     </span>
    </p>
   </div>
   <div class='ocr_carea' id='block_1_81' title="bbox 1731 3690 3333 3764">
    <p class='ocr_par' dir='ltr' id='par_1_81' title="bbox 1731 3690 3333 3764">
     <span class='ocr_line' id='line_1_81' title="bbox 1731 3690 3333 3764; baseline 0.013 -19"><span class='ocrx_word' id='word_1_581' title='bbox 1731 3690 1786 3745; x_wconf 91' lang='lat' dir='ltr'><strong>in</strong></span> <span class='ocrx_word' id='word_1_582' title='bbox 1813 3691 1972 3747; x_wconf 73' lang='lat' dir='ltr'><strong>cmlo.</strong></span> <span class='ocrx_word' id='word_1_583' title='bbox 2020 3712 2041 3746; x_wconf 71' lang='grc' dir='ltr'><strong>ι</strong></span> <span class='ocrx_word' id='word_1_584' title='bbox 2085 3694 2340 3750; x_wconf 84' lang='lat' dir='ltr'><strong>Adhibita</strong></span> <span class='ocrx_word' id='word_1_585' title='bbox 2390 3707 2474 3752; x_wconf 82' lang='lat' dir='ltr'><strong>est</strong></span> <span class='ocrx_word' id='word_1_586' title='bbox 2517 3701 2684 3755; x_wconf 87' lang='lat' dir='ltr'><strong>etiam</strong></span> <span class='ocrx_word' id='word_1_587' title='bbox 2734 3703 2969 3761; x_wconf 87' lang='lat' dir='ltr'><strong>societas</strong></span> <span class='ocrx_word' id='word_1_588' title='bbox 3017 3702 3071 3762; x_wconf 89' lang='lat' dir='ltr'><strong>in</strong></span> <span class='ocrx_word' id='word_1_589' title='bbox 3121 3704 3333 3764; x_wconf 77' lang='lat' dir='ltr'><strong>eadem</strong></span> 
     </span>
    </p>
   </div>
   <div class='ocr_carea' id='block_1_82' title="bbox 1734 3780 3335 3869">
    <p class='ocr_par' dir='ltr' id='par_1_82' title="bbox 1734 3780 3335 3869">
     <span class='ocr_line' id='line_1_82' title="bbox 1734 3780 3335 3869; baseline 0.012 -34"><span class='ocrx_word' id='word_1_590' title='bbox 1734 3780 1976 3836; x_wconf 82' lang='lat' dir='ltr'><strong>Romana</strong></span> <span class='ocrx_word' id='word_1_591' title='bbox 2008 3784 2141 3838; x_wconf 91' lang='lat' dir='ltr'><strong>urbe</strong></span> <span class='ocrx_word' id='word_1_592' title='bbox 2171 3784 2474 3842; x_wconf 87' lang='lat' dir='ltr'><strong>beatissimi</strong></span> <span class='ocrx_word' id='word_1_593' title='bbox 2522 3787 2675 3843; x_wconf 86' lang='lat' dir='ltr'><strong>Pauli</strong></span> <span class='ocrx_word' id='word_1_594' title='bbox 2721 3794 2975 3869; x_wconf 85' lang='lat' dir='ltr'><strong>apostoli,</strong></span> <span class='ocrx_word' id='word_1_595' title='bbox 3016 3800 3192 3853; x_wconf 87' lang='lat' dir='ltr'><strong>vassis</strong></span> <span class='ocrx_word' id='word_1_596' title='bbox 3243 3799 3335 3830; x_wconf 72' lang='grc' dir='ltr'><strong>’π’</strong></span> 
     </span>
    </p>
   </div>
   <div class='ocr_carea' id='block_1_83' title="bbox 1729 3873 3330 3954">
    <p class='ocr_par' dir='ltr' id='par_1_83' title="bbox 1729 3873 3330 3954">
     <span class='ocr_line' id='line_1_83' title="bbox 1729 3873 3330 3954; baseline 0.01 -28"><span class='ocrx_word' id='word_1_597' title='bbox 1729 3873 2032 3940; x_wconf 88' lang='lat' dir='ltr'><strong>electionis,</strong></span> <span class='ocrx_word' id='word_1_598' title='bbox 2081 3874 2175 3944; x_wconf 86' lang='lat' dir='ltr'><strong>qui</strong></span> <span class='ocrx_word' id='word_1_599' title='bbox 2224 3889 2333 3930; x_wconf 90' lang='lat' dir='ltr'><strong>uno</strong></span> <span class='ocrx_word' id='word_1_600' title='bbox 2381 3876 2471 3931; x_wconf 88' lang='lat' dir='ltr'><strong>die</strong></span> <span class='ocrx_word' id='word_1_601' title='bbox 2516 3878 2734 3950; x_wconf 82' lang='lat' dir='ltr'><strong>unoque</strong></span> <span class='ocrx_word' id='word_1_602' title='bbox 2782 3884 3027 3953; x_wconf 80' lang='lat' dir='ltr'><strong>tempore</strong></span> <span class='ocrx_word' id='word_1_603' title='bbox 3070 3884 3330 3954; x_wconf 67' lang='lat' dir='ltr'><strong>glorioso.</strong></span> 
     </span>
    </p>
   </div>
   <div class='ocr_carea' id='block_1_84' title="bbox 1732 3962 3331 4045">
    <p class='ocr_par' dir='ltr' id='par_1_84' title="bbox 1732 3962 3331 4045">
     <span class='ocr_line' id='line_1_84' title="bbox 1732 3962 3331 4045; baseline 0.009 -27"><span class='ocrx_word' id='word_1_604' title='bbox 1732 3973 1905 4019; x_wconf 89' lang='lat' dir='ltr'><strong>morte</strong></span> <span class='ocrx_word' id='word_1_605' title='bbox 1929 3980 2051 4020; x_wconf 89' lang='lat' dir='ltr'><strong>cum</strong></span> <span class='ocrx_word' id='word_1_606' title='bbox 2090 3965 2273 4033; x_wconf 88' lang='lat' dir='ltr'><strong>Petro,</strong></span> <span class='ocrx_word' id='word_1_607' title='bbox 2313 3966 2415 4022; x_wconf 87' lang='lat' dir='ltr'><strong>sub</strong></span> <span class='ocrx_word' id='word_1_608' title='bbox 2451 3969 2693 4041; x_wconf 85' lang='lat' dir='ltr'><strong>principe</strong></span> <span class='ocrx_word' id='word_1_609' title='bbox 2734 3962 3331 4045; x_wconf 29' lang='lat' dir='ltr'><strong>Nerone‘agoniza‘ns;</strong></span> 
     </span>
    </p>
   </div>
   <div class='ocr_carea' id='block_1_85' title="bbox 1731 4058 3309 4133">
    <p class='ocr_par' dir='ltr' id='par_1_85' title="bbox 1731 4058 3309 4133">
     <span class='ocr_line' id='line_1_85' title="bbox 1731 4058 3309 4133; baseline 0.006 -22"><span class='ocrx_word' id='word_1_610' title='bbox 1731 4065 2021 4112; x_wconf 83' lang='lat' dir='ltr'><strong>coronatus</strong></span> <span class='ocrx_word' id='word_1_611' title='bbox 2042 4066 2145 4112; x_wconf 90' lang='lat' dir='ltr'><strong>est.</strong></span> <span class='ocrx_word' id='word_1_612' title='bbox 2186 4077 2206 4109; x_wconf 71' lang='grc' dir='ltr'><strong>ι</strong></span> <span class='ocrx_word' id='word_1_613' title='bbox 2255 4059 2322 4113; x_wconf 83' lang='lat' dir='ltr'><strong>Et</strong></span> <span class='ocrx_word' id='word_1_614' title='bbox 2351 4070 2473 4129; x_wconf 89' lang='lat' dir='ltr'><strong>post</strong></span> <span class='ocrx_word' id='word_1_615' title='bbox 2498 4075 2518 4115; x_wconf 71' lang='grc' dir='ltr'>ς</span> <span class='ocrx_word' id='word_1_616' title='bbox 2570 4075 2596 4113; x_wconf 70' lang='grc' dir='ltr'><strong>ι</strong></span> <span class='ocrx_word' id='word_1_617' title='bbox 2642 4060 2733 4117; x_wconf 83' lang='lat' dir='ltr'><strong>Ait</strong></span> <span class='ocrx_word' id='word_1_618' title='bbox 2759 4064 2900 4133; x_wconf 77' lang='lat' dir='ltr'><strong>ergo</strong></span> <span class='ocrx_word' id='word_1_619' title='bbox 2939 4058 3309 4133; x_wconf 63' lang='lat' dir='ltr'><strong>ap‘oStoloruin</strong></span> 
     </span>
    </p>
   </div>
   <div class='ocr_carea' id='block_1_86' title="bbox 1730 4148 3339 4222">
    <p class='ocr_par' dir='ltr' id='par_1_86' title="bbox 1730 4148 3339 4222">
     <span class='ocr_line' id='line_1_86' title="bbox 1730 4148 3339 4222; baseline 0.006 -21"><span class='ocrx_word' id='word_1_620' title='bbox 1730 4148 1981 4217; x_wconf 85' lang='lat' dir='ltr'><strong>princeps</strong></span> <span class='ocrx_word' id='word_1_621' title='bbox 2006 4148 2199 4204; x_wconf 86' lang='lat' dir='ltr'><strong>beatus</strong></span> <span class='ocrx_word' id='word_1_622' title='bbox 2229 4148 2423 4204; x_wconf 82' lang='lat' dir='ltr'><strong>Petrus</strong></span> <span class='ocrx_word' id='word_1_623' title='bbox 2456 4151 2523 4206; x_wconf 88' lang='lat' dir='ltr'><strong>de</strong></span> <span class='ocrx_word' id='word_1_624' title='bbox 2553 4160 2742 4207; x_wconf 88' lang='lat' dir='ltr'><strong>sancto</strong></span> <span class='ocrx_word' id='word_1_625' title='bbox 2770 4166 3089 4222; x_wconf 87' lang='lat' dir='ltr'><strong>precessore</strong></span> <span class='ocrx_word' id='word_1_626' title='bbox 3118 4167 3339 4210; x_wconf 80' lang='lat' dir='ltr'><strong>nostro-</strong></span> 
     </span>
    </p>
   </div>
   <div class='ocr_carea' id='block_1_87' title="bbox 1730 4237 3313 4322">
    <p class='ocr_par' dir='ltr' id='par_1_87' title="bbox 1730 4237 3313 4322">
     <span class='ocr_line' id='line_1_87' title="bbox 1730 4237 3313 4322; baseline 0.004 -25"><span class='ocrx_word' id='word_1_627' title='bbox 1730 4237 2022 4309; x_wconf 87' lang='lat' dir='ltr'><strong>Clemente,</strong></span> <span class='ocrx_word' id='word_1_628' title='bbox 2056 4242 2302 4313; x_wconf 86' lang='lat' dir='ltr'><strong>plebibus</strong></span> <span class='ocrx_word' id='word_1_629' title='bbox 2338 4244 2688 4315; x_wconf 86' lang='lat' dir='ltr'><strong>predicando,</strong></span> <span class='ocrx_word' id='word_1_630' title='bbox 2721 4246 2922 4302; x_wconf 88' lang='lat' dir='ltr'><strong>docens</strong></span> <span class='ocrx_word' id='word_1_631' title='bbox 2947 4258 3043 4303; x_wconf 89' lang='lat' dir='ltr'><strong>eas</strong></span> <span class='ocrx_word' id='word_1_632' title='bbox 3073 4247 3313 4322; x_wconf 76' lang='lat' dir='ltr'><strong>qualitee</strong></span> 
     </span>
    </p>
   </div>
   <div class='ocr_carea' id='block_1_88' title="bbox 1730 4333 3329 4413">
    <p class='ocr_par' dir='ltr' id='par_1_88' title="bbox 1730 4333 3329 4413">
     <span class='ocr_line' id='line_1_88' title="bbox 1730 4333 3329 4413; baseline 0.004 -25"><span class='ocrx_word' id='word_1_633' title='bbox 1730 4333 1780 4388; x_wconf 89' lang='lat' dir='ltr'><strong>ei</strong></span> <span class='ocrx_word' id='word_1_634' title='bbox 1796 4334 2018 4390; x_wconf 85' lang='lat' dir='ltr'><strong>obedire</strong></span> <span class='ocrx_word' id='word_1_635' title='bbox 2038 4336 2288 4391; x_wconf 85' lang='lat' dir='ltr'><strong>debirent</strong></span> <span class='ocrx_word' id='word_1_636' title='bbox 2305 4349 2539 4407; x_wconf 89' lang='lat' dir='ltr'><strong>eumque</strong></span> <span class='ocrx_word' id='word_1_637' title='bbox 2559 4338 2889 4394; x_wconf 85' lang='lat' dir='ltr'><strong>observare:</strong></span> <span class='ocrx_word' id='word_1_638' title='bbox 2920 4356 2939 4391; x_wconf 86' lang='grc' dir='ltr'><strong>ι</strong></span> <span class='ocrx_word' id='word_1_639' title='bbox 2970 4339 3026 4393; x_wconf 89' lang='lat' dir='ltr'><strong>Si</strong></span> <span class='ocrx_word' id='word_1_640' title='bbox 3051 4336 3329 4413; x_wconf 76' lang='lat' dir='ltr'><strong>inimicus</strong></span> 
     </span>
    </p>
   </div>
   <div class='ocr_carea' id='block_1_89' title="bbox 1729 4424 3334 4499">
    <p class='ocr_par' dir='ltr' id='par_1_89' title="bbox 1729 4424 3334 4499">
     <span class='ocr_line' id='line_1_89' title="bbox 1729 4424 3334 4499; baseline 0.004 -20"><span class='ocrx_word' id='word_1_641' title='bbox 1729 4434 1812 4479; x_wconf 89' lang='lat' dir='ltr'><strong>est</strong></span> <span class='ocrx_word' id='word_1_642' title='bbox 1842 4424 2000 4479; x_wconf 89' lang='lat' dir='ltr'><strong>alicui</strong></span> <span class='ocrx_word' id='word_1_643' title='bbox 2030 4424 2281 4482; x_wconf 87' lang='lat' dir='ltr'><strong>Clemens</strong></span> <span class='ocrx_word' id='word_1_644' title='bbox 2302 4442 2399 4496; x_wconf 90' lang='lat' dir='ltr'><strong>pro</strong></span> <span class='ocrx_word' id='word_1_645' title='bbox 2421 4429 2635 4484; x_wconf 82' lang='lat' dir='ltr'><strong>actibus</strong></span> <span class='ocrx_word' id='word_1_646' title='bbox 2662 4430 2795 4495; x_wconf 87' lang='lat' dir='ltr'><strong>suis,</strong></span> <span class='ocrx_word' id='word_1_647' title='bbox 2822 4444 2918 4485; x_wconf 82' lang='lat' dir='ltr'><strong>vos</strong></span> <span class='ocrx_word' id='word_1_648' title='bbox 2949 4430 3115 4485; x_wconf 86' lang='lat' dir='ltr'><strong>nolite</strong></span> <span class='ocrx_word' id='word_1_649' title='bbox 3138 4428 3334 4499; x_wconf 61' lang='lat' dir='ltr'><strong>expc~~‘</strong></span> 
     </span>
    </p>
   </div>
   <div class='ocr_carea' id='block_1_90' title="bbox 1731 4516 3306 4585">
    <p class='ocr_par' dir='ltr' id='par_1_90' title="bbox 1731 4516 3306 4585">
     <span class='ocr_line' id='line_1_90' title="bbox 1731 4516 3306 4585; baseline 0.004 -16"><span class='ocrx_word' id='word_1_650' title='bbox 1731 4523 1902 4580; x_wconf 86' lang='lat' dir='ltr'><strong>ctare,</strong></span> <span class='ocrx_word' id='word_1_651' title='bbox 1938 4524 2000 4571; x_wconf 90' lang='lat' dir='ltr'><strong>ut</strong></span> <span class='ocrx_word' id='word_1_652' title='bbox 2033 4516 2147 4585; x_wconf 88' lang='lat' dir='ltr'><strong>ipse</strong></span> <span class='ocrx_word' id='word_1_653' title='bbox 2188 4516 2342 4573; x_wconf 87' lang='lat' dir='ltr'><strong>vobis</strong></span> <span class='ocrx_word' id='word_1_654' title='bbox 2372 4516 2520 4573; x_wconf 87' lang='lat' dir='ltr'><strong>dicat</strong></span> <span class='ocrx_word' id='word_1_655' title='bbox 2545 4530 2576 4573; x_wconf 86' lang='lat'><strong>&#39;:</strong></span> <span class='ocrx_word' id='word_1_656' title='bbox 2622 4537 2640 4572; x_wconf 82' lang='grc' dir='ltr'><strong>ι</strong></span> <span class='ocrx_word' id='word_1_657' title='bbox 2689 4521 2824 4575; x_wconf 89' lang='lat' dir='ltr'><strong>Cum</strong></span> <span class='ocrx_word' id='word_1_658' title='bbox 2871 4520 2963 4574; x_wconf 88' lang='lat' dir='ltr'><strong>illo</strong></span> <span class='ocrx_word' id='word_1_659' title='bbox 3002 4536 3100 4575; x_wconf 89' lang='lat' dir='ltr'><strong>vos</strong></span> <span class='ocrx_word' id='word_1_660' title='bbox 3136 4520 3306 4576; x_wconf 91' lang='lat' dir='ltr'><strong>nolite</strong></span> 
     </span>
    </p>
   </div>
   <div class='ocr_carea' id='block_1_91' title="bbox 1731 4607 3333 4680">
    <p class='ocr_par' dir='ltr' id='par_1_91' title="bbox 1731 4607 3333 4680">
     <span class='ocr_line' id='line_1_91' title="bbox 1731 4607 3333 4680; baseline 0.006 -20"><span class='ocrx_word' id='word_1_661' title='bbox 1731 4607 1891 4663; x_wconf 86' lang='lat' dir='ltr'><strong>amici</strong></span> <span class='ocrx_word' id='word_1_662' title='bbox 1928 4622 2078 4673; x_wconf 89' lang='lat' dir='ltr'><strong>esse;</strong></span> <span class='ocrx_word' id='word_1_663' title='bbox 2116 4626 2136 4660; x_wconf 74' lang='grc' dir='ltr'><strong>ι</strong></span> <span class='ocrx_word' id='word_1_664' title='bbox 2188 4608 2283 4665; x_wconf 87' lang='lat' dir='ltr'><strong>sed</strong></span> <span class='ocrx_word' id='word_1_665' title='bbox 2324 4611 2622 4680; x_wconf 84' lang='lat' dir='ltr'><strong>prudenter</strong></span> <span class='ocrx_word' id='word_1_666' title='bbox 2661 4610 2952 4668; x_wconf 74' lang='lat' dir='ltr'><strong>obsorvare</strong></span> <span class='ocrx_word' id='word_1_667' title='bbox 2998 4613 3225 4669; x_wconf 66' lang='lat' dir='ltr'><strong>debetis&quot;</strong></span> <span class='ocrx_word' id='word_1_668' title='bbox 3250 4623 3333 4669; x_wconf 67' lang='lat' dir='ltr'><strong>et:</strong></span> 
     </span>
    </p>
   </div>
   <div class='ocr_carea' id='block_1_92' title="bbox 130 4665 1635 4779">
    <p class='ocr_par' dir='ltr' id='par_1_92' title="bbox 130 4665 1631 4750">
     <span class='ocr_line' id='line_1_92' title="bbox 130 4665 1631 4750; baseline 0.01 -24"><span class='ocrx_word' id='word_1_669' title='bbox 130 4665 207 4722; x_wconf 71' lang='lat'><strong>92.</strong></span> <span class='ocrx_word' id='word_1_670' title='bbox 246 4670 296 4728; x_wconf 70' lang='grc' dir='ltr'><strong>ϐ.</strong></span> <span class='ocrx_word' id='word_1_671' title='bbox 337 4672 492 4749; x_wconf 80' lang='lat' dir='ltr'><strong>[Lxx]</strong></span> <span class='ocrx_word' id='word_1_672' title='bbox 533 4676 743 4750; x_wconf 80' lang='grc' dir='ltr'><strong>(Ηιειι.)</strong></span> <span class='ocrx_word' id='word_1_673' title='bbox 768 4680 1028 4750; x_wconf 82' lang='lat' dir='ltr'><strong>Trajanus</strong></span> <span class='ocrx_word' id='word_1_674' title='bbox 1047 4683 1102 4737; x_wconf 79' lang='lat'><strong>2.</strong></span> <span class='ocrx_word' id='word_1_675' title='bbox 1124 4692 1172 4736; x_wconf 85' lang='lat' dir='ltr'><strong>et</strong></span> <span class='ocrx_word' id='word_1_676' title='bbox 1200 4681 1414 4738; x_wconf 81' lang='lat' dir='ltr'><strong><em>Gabria.</em></strong></span> <span class='ocrx_word' id='word_1_677' title='bbox 1448 4683 1631 4741; x_wconf 87' lang='lat' dir='ltr'><strong>Domi-</strong></span> 
     </span>
    </p>
   </div>
   <div class='ocr_carea' id='block_1_93' title="bbox 1739 4665 3333 4779">
    <p class='ocr_par' dir='ltr' id='par_1_93' title="bbox 1739 4665 3333 4779">
     <span class='ocr_line' id='line_1_93' title="bbox 1739 4665 3333 4779; baseline 0.004 -27"><span class='ocrx_word' id='word_1_678' title='bbox 1739 4698 1999 4754; x_wconf 85' lang='lat' dir='ltr'><strong>voluntati</strong></span> <span class='ocrx_word' id='word_1_679' title='bbox 2023 4695 2148 4778; x_wconf 65' lang='lat' dir='ltr'><strong>eius</strong></span> <span class='ocrx_word' id='word_1_680' title='bbox 2168 4665 2377 4769; x_wconf 72' lang='lat' dir='ltr'><strong>absque</strong></span> <span class='ocrx_word' id='word_1_681' title='bbox 2405 4702 2787 4779; x_wconf 83' lang='lat' dir='ltr'><strong>communione</strong></span> <span class='ocrx_word' id='word_1_682' title='bbox 2814 4703 2883 4736; x_wconf 81' lang='grc'><strong>¹¹¹⁰</strong></span> <span class='ocrx_word' id='word_1_683' title='bbox 2907 4703 3333 4769; x_wconf 64' lang='lat' dir='ltr'><strong>obsecundare,</strong></span> 
     </span>
    </p>
   </div>
   <div class='ocr_carea' id='block_1_94' title="bbox 74 4758 1626 4841">
    <p class='ocr_par' dir='ltr' id='par_1_94' title="bbox 74 4758 1626 4841">
     <span class='ocr_line' id='line_1_94' title="bbox 74 4758 1626 4841; baseline 0.016 -34"><span class='ocrx_word' id='word_1_684' title='bbox 74 4758 227 4816; x_wconf 84' lang='lat' dir='ltr'><strong>tianus</strong></span> <span class='ocrx_word' id='word_1_685' title='bbox 245 4766 501 4834; x_wconf 83' lang='lat' dir='ltr'><strong>templum</strong></span> <span class='ocrx_word' id='word_1_686' title='bbox 526 4769 646 4824; x_wconf 89' lang='lat' dir='ltr'><strong>sine</strong></span> <span class='ocrx_word' id='word_1_687' title='bbox 667 4770 934 4841; x_wconf 79' lang='lat' dir='ltr'><strong>lignorum</strong></span> <span class='ocrx_word' id='word_1_688' title='bbox 954 4773 1285 4829; x_wconf 82' lang='lat' dir='ltr'><strong>admixtione</strong></span> <span class='ocrx_word' id='word_1_689' title='bbox 1304 4776 1626 4832; x_wconf 75' lang='lat' dir='ltr'><strong>construxit.</strong></span> 
     </span>
    </p>
   </div>
   <div class='ocr_carea' id='block_1_95' title="bbox 72 4844 1624 4935">
    <p class='ocr_par' dir='ltr' id='par_1_95' title="bbox 72 4844 1624 4935">
     <span class='ocr_line' id='line_1_95' title="bbox 72 4844 1624 4935; baseline 0.015 -36"><span class='ocrx_word' id='word_1_690' title='bbox 72 4844 257 4906; x_wconf 77' lang='lat' dir='ltr'><strong>Primus</strong></span> <span class='ocrx_word' id='word_1_691' title='bbox 300 4855 640 4915; x_wconf 87' lang='lat' dir='ltr'><strong>Domitianus</strong></span> <span class='ocrx_word' id='word_1_692' title='bbox 679 4860 955 4916; x_wconf 88' lang='lat' dir='ltr'><strong>dominum</strong></span> <span class='ocrx_word' id='word_1_693' title='bbox 986 4872 1041 4916; x_wconf 89' lang='lat' dir='ltr'><strong>ct</strong></span> <span class='ocrx_word' id='word_1_694' title='bbox 1079 4866 1236 4918; x_wconf 83' lang='lat' dir='ltr'><strong>deum</strong></span> <span class='ocrx_word' id='word_1_695' title='bbox 1278 4865 1533 4935; x_wconf 86' lang='lat' dir='ltr'><strong>appellari</strong></span> <span class='ocrx_word' id='word_1_696' title='bbox 1564 4881 1624 4922; x_wconf 89' lang='lat' dir='ltr'><strong>se</strong></span> 
     </span>
    </p>
   </div>
   <div class='ocr_carea' id='block_1_96' title="bbox 70 4934 1622 5011">
    <p class='ocr_par' dir='ltr' id='par_1_96' title="bbox 70 4934 1622 5011">
     <span class='ocr_line' id='line_1_96' title="bbox 70 4934 1622 5011; baseline 0.006 -11"><span class='ocrx_word' id='word_1_697' title='bbox 70 4934 221 4999; x_wconf 81' lang='lat' dir='ltr'><strong>iussit.</strong></span> <span class='ocrx_word' id='word_1_698' title='bbox 275 4943 641 5004; x_wconf 52' lang='lat' dir='ltr'><strong>Nasamones</strong></span> <span class='ocrx_word' id='word_1_699' title='bbox 694 4960 748 5005; x_wconf 89' lang='lat' dir='ltr'><strong>et</strong></span> <span class='ocrx_word' id='word_1_700' title='bbox 797 4952 927 5006; x_wconf 87' lang='lat' dir='ltr'><strong>Daci</strong></span> <span class='ocrx_word' id='word_1_701' title='bbox 984 4954 1308 5009; x_wconf 81' lang='lat' dir='ltr'><strong>dimicantes</strong></span> <span class='ocrx_word' id='word_1_702' title='bbox 1360 4957 1622 5011; x_wconf 88' lang='lat' dir='ltr'><strong>adversus</strong></span> 
     </span>
    </p>
   </div>
   <div class='ocr_carea' id='block_1_97' title="bbox 74 5022 1623 5115">
    <p class='ocr_par' dir='ltr' id='par_1_97' title="bbox 74 5022 1623 5115">
     <span class='ocr_line' id='line_1_97' title="bbox 74 5022 1623 5115; baseline 0.021 -41"><span class='ocrx_word' id='word_1_703' title='bbox 74 5022 317 5088; x_wconf 72' lang='lat' dir='ltr'><strong>Romanos</strong></span> <span class='ocrx_word' id='word_1_704' title='bbox 360 5036 508 5093; x_wconf 82' lang='lat' dir='ltr'><strong>victi.</strong></span> <span class='ocrx_word' id='word_1_705' title='bbox 562 5037 730 5106; x_wconf 78' lang='lat' dir='ltr'><strong>Cujus</strong></span> <span class='ocrx_word' id='word_1_706' title='bbox 774 5056 919 5097; x_wconf 88' lang='lat' dir='ltr'><strong>anno</strong></span> <span class='ocrx_word' id='word_1_707' title='bbox 973 5042 1025 5097; x_wconf 88' lang='lat'><strong>6.</strong></span> <span class='ocrx_word' id='word_1_708' title='bbox 1081 5043 1331 5099; x_wconf 89' lang='lat' dir='ltr'><strong>Clemens</strong></span> <span class='ocrx_word' id='word_1_709' title='bbox 1382 5059 1520 5115; x_wconf 82' lang='lat' dir='ltr'><strong>papa</strong></span> <span class='ocrx_word' id='word_1_710' title='bbox 1567 5046 1623 5101; x_wconf 85' lang='lat' dir='ltr'><strong>in</strong></span> 
     </span>
    </p>
   </div>
   <div class='ocr_carea' id='block_1_98' title="bbox 71 5115 1620 5195">
    <p class='ocr_par' dir='ltr' id='par_1_98' title="bbox 71 5115 1620 5195">
     <span class='ocr_line' id='line_1_98' title="bbox 71 5115 1620 5195; baseline 0.019 -33"><span class='ocrx_word' id='word_1_711' title='bbox 71 5115 261 5173; x_wconf 74' lang='lat' dir='ltr'><strong>exilium</strong></span> <span class='ocrx_word' id='word_1_712' title='bbox 289 5123 501 5191; x_wconf 69' lang='lat' dir='ltr'><strong>missus,</strong></span> <span class='ocrx_word' id='word_1_713' title='bbox 531 5136 590 5181; x_wconf 92' lang='lat' dir='ltr'><strong>ut</strong></span> <span class='ocrx_word' id='word_1_714' title='bbox 616 5128 848 5195; x_wconf 83' lang='lat' dir='ltr'><strong>videtur,</strong></span> <span class='ocrx_word' id='word_1_715' title='bbox 876 5145 999 5183; x_wconf 89' lang='lat' dir='ltr'><strong>cum</strong></span> <span class='ocrx_word' id='word_1_716' title='bbox 1024 5132 1184 5185; x_wconf 88' lang='lat' dir='ltr'><strong>annis</strong></span> <span class='ocrx_word' id='word_1_717' title='bbox 1204 5130 1236 5185; x_wconf 91' lang='lat'><strong>9</strong></span> <span class='ocrx_word' id='word_1_718' title='bbox 1261 5141 1316 5186; x_wconf 89' lang='lat' dir='ltr'><strong>et</strong></span> <span class='ocrx_word' id='word_1_719' title='bbox 1340 5135 1620 5191; x_wconf 87' lang='lat' dir='ltr'><strong>mensibus</strong></span> 
     </span>
    </p>
   </div>
   <div class='ocr_carea' id='block_1_99' title="bbox 71 5201 1617 5268">
    <p class='ocr_par' dir='ltr' id='par_1_99' title="bbox 71 5201 1617 5268">
     <span class='ocr_line' id='line_1_99' title="bbox 71 5201 1617 5268; baseline 0.008 -11"><span class='ocrx_word' id='word_1_720' title='bbox 71 5201 99 5254; x_wconf 75' lang='grc'>2</span> <span class='ocrx_word' id='word_1_721' title='bbox 122 5215 167 5258; x_wconf 85' lang='lat' dir='ltr'><strong>et</strong></span> <span class='ocrx_word' id='word_1_722' title='bbox 196 5210 378 5267; x_wconf 75' lang='lat' dir='ltr'><strong>diebus</strong></span> <span class='ocrx_word' id='word_1_723' title='bbox 408 5214 468 5267; x_wconf 85' lang='lat' dir='ltr'><strong>l0</strong></span> <span class='ocrx_word' id='word_1_724' title='bbox 495 5226 615 5268; x_wconf 74' lang='lat' dir='ltr'><strong>nes:</strong></span> <span class='ocrx_word' id='word_1_725' title='bbox 644 5216 855 5268; x_wconf 71' lang='lat' dir='ltr'><strong>Cletnm</strong></span> <span class='ocrx_word' id='word_1_726' title='bbox 890 5220 1203 5268; x_wconf 73' lang='lat' dir='ltr'><strong>cathedram</strong></span> <span class='ocrx_word' id='word_1_727' title='bbox 1238 5228 1447 5268; x_wconf 67' lang='lat' dir='ltr'><strong>teneret</strong></span> <span class='ocrx_word' id='word_1_728' title='bbox 1476 5223 1617 5268; x_wconf 74' lang='lat' dir='ltr'><strong>(Lib-</strong></span> 
     </span>
    </p>
   </div>
   <div class='ocr_carea' id='block_1_100' title="bbox 1731 4771 3443 4863">
    <p class='ocr_par' dir='ltr' id='par_1_100' title="bbox 1731 4771 3443 4863">
     <span class='ocr_line' id='line_1_100' title="bbox 1731 4771 3443 4863; baseline 0.004 -21"><span class='ocrx_word' id='word_1_729' title='bbox 1731 4796 1787 4842; x_wconf 89' lang='lat' dir='ltr'><strong>et</strong></span> <span class='ocrx_word' id='word_1_730' title='bbox 1826 4789 1924 4845; x_wconf 70' lang='lat' dir='ltr'><strong>ire</strong></span> <span class='ocrx_word' id='word_1_731' title='bbox 1976 4771 2052 4821; x_wconf 57' lang='grc' dir='ltr'><strong>ιη’</strong></span> <span class='ocrx_word' id='word_1_732' title='bbox 2085 4804 2183 4846; x_wconf 88' lang='lat' dir='ltr'><strong>vos</strong></span> <span class='ocrx_word' id='word_1_733' title='bbox 2224 4798 2476 4860; x_wconf 85' lang='lat' dir='ltr'><strong>separate</strong></span> <span class='ocrx_word' id='word_1_734' title='bbox 2520 4792 2590 4846; x_wconf 89' lang='lat' dir='ltr'><strong>ab</strong></span> <span class='ocrx_word' id='word_1_735' title='bbox 2618 4773 2701 4847; x_wconf 82' lang='lat' dir='ltr'><strong>eo</strong></span> <span class='ocrx_word' id='word_1_736' title='bbox 2747 4793 2833 4847; x_wconf 88' lang='lat' dir='ltr'><strong>cui</strong></span> <span class='ocrx_word' id='word_1_737' title='bbox 2877 4793 3063 4863; x_wconf 85' lang='lat' dir='ltr'><strong>ipsum</strong></span> <span class='ocrx_word' id='word_1_738' title='bbox 3090 4792 3339 4851; x_wconf 60' lang='lat' dir='ltr'><strong>sentitis&quot;.r</strong></span> <span class='ocrx_word' id='word_1_739' title='bbox 3434 4842 3443 4849; x_wconf 83' lang='lat'><em>,</em></span> 
     </span>
    </p>
   </div>
   <div class='ocr_carea' id='block_1_101' title="bbox 1729 4879 3331 4951">
    <p class='ocr_par' dir='ltr' id='par_1_101' title="bbox 1729 4879 3331 4951">
     <span class='ocr_line' id='line_1_101' title="bbox 1729 4879 3331 4951; baseline 0.002 -17"><span class='ocrx_word' id='word_1_740' title='bbox 1729 4880 2045 4944; x_wconf 85' lang='lat' dir='ltr'><strong>adversum,</strong></span> <span class='ocrx_word' id='word_1_741' title='bbox 2071 4881 2166 4934; x_wconf 89' lang='lat' dir='ltr'><strong>sed</strong></span> <span class='ocrx_word' id='word_1_742' title='bbox 2197 4894 2297 4934; x_wconf 89' lang='lat' dir='ltr'><strong>nec</strong></span> <span class='ocrx_word' id='word_1_743' title='bbox 2324 4879 2473 4951; x_wconf 81' lang='lat' dir='ltr'><strong>loqui</strong></span> <span class='ocrx_word' id='word_1_744' title='bbox 2510 4880 2598 4934; x_wconf 88' lang='lat' dir='ltr'><strong>his</strong></span> <span class='ocrx_word' id='word_1_745' title='bbox 2622 4880 2820 4950; x_wconf 88' lang='lat' dir='ltr'><strong>quibus</strong></span> <span class='ocrx_word' id='word_1_746' title='bbox 2845 4882 2961 4950; x_wconf 86' lang='lat' dir='ltr'><strong>ipse</strong></span> <span class='ocrx_word' id='word_1_747' title='bbox 2980 4894 3092 4936; x_wconf 84' lang='lat' dir='ltr'><strong>non</strong></span> <span class='ocrx_word' id='word_1_748' title='bbox 3120 4880 3331 4951; x_wconf 52' lang='lat' dir='ltr'><strong>inqua-9</strong></span> 
     </span>
    </p>
   </div>
   <div class='ocr_carea' id='block_1_102' title="bbox 1729 4970 3336 5041">
    <p class='ocr_par' dir='ltr' id='par_1_102' title="bbox 1729 4970 3336 5041">
     <span class='ocr_line' id='line_1_102' title="bbox 1729 4970 3336 5041; baseline 0.004 -17"><span class='ocrx_word' id='word_1_749' title='bbox 1729 4979 1836 5034; x_wconf 90' lang='lat' dir='ltr'><strong>tur,</strong></span> <span class='ocrx_word' id='word_1_750' title='bbox 1886 4979 1945 5024; x_wconf 87' lang='grc' dir='ltr'><strong>ιιι</strong></span> <span class='ocrx_word' id='word_1_751' title='bbox 1986 4971 2377 5040; x_wconf 78' lang='lat' dir='ltr'><strong>unusquisque,</strong></span> <span class='ocrx_word' id='word_1_752' title='bbox 2428 4970 2522 5040; x_wconf 86' lang='lat' dir='ltr'><strong>qui</strong></span> <span class='ocrx_word' id='word_1_753' title='bbox 2568 4972 2622 5025; x_wconf 88' lang='lat' dir='ltr'><strong>in</strong></span> <span class='ocrx_word' id='word_1_754' title='bbox 2670 4972 2771 5025; x_wconf 91' lang='lat' dir='ltr'><strong>hac</strong></span> <span class='ocrx_word' id='word_1_755' title='bbox 2812 4973 2971 5041; x_wconf 78' lang='lat' dir='ltr'><strong>culpa</strong></span> <span class='ocrx_word' id='word_1_756' title='bbox 3016 4979 3124 5037; x_wconf 70' lang='lat' dir='ltr'><strong>est,</strong></span> <span class='ocrx_word' id='word_1_757' title='bbox 3174 4974 3336 5030; x_wconf 69' lang='lat' dir='ltr'><strong>duim</strong></span> 
     </span>
    </p>
   </div>
   <div class='ocr_carea' id='block_1_103' title="bbox 1725 5057 3337 5129">
    <p class='ocr_par' dir='ltr' id='par_1_103' title="bbox 1725 5057 3337 5129">
     <span class='ocr_line' id='line_1_103' title="bbox 1725 5057 3337 5129; baseline 0.004 -17"><span class='ocrx_word' id='word_1_758' title='bbox 1725 5061 1875 5129; x_wconf 89' lang='lat' dir='ltr'><strong>cupit</strong></span> <span class='ocrx_word' id='word_1_759' title='bbox 1928 5057 2172 5114; x_wconf 86' lang='lat' dir='ltr'><strong>omnium</strong></span> <span class='ocrx_word' id='word_1_760' title='bbox 2236 5066 2476 5113; x_wconf 86' lang='lat' dir='ltr'><strong>vestrum</strong></span> <span class='ocrx_word' id='word_1_761' title='bbox 2534 5058 2811 5114; x_wconf 81' lang='lat' dir='ltr'><strong>amicitias</strong></span> <span class='ocrx_word' id='word_1_762' title='bbox 2867 5060 3045 5126; x_wconf 79' lang='lat' dir='ltr'><strong>ierre,‘</strong></span> <span class='ocrx_word' id='word_1_763' title='bbox 3084 5059 3337 5123; x_wconf 59' lang='lat' dir='ltr'><strong>fostinetT</strong></span> 
     </span>
    </p>
   </div>
   <div class='ocr_carea' id='block_1_104' title="bbox 1724 5146 3323 5218">
    <p class='ocr_par' dir='ltr' id='par_1_104' title="bbox 1724 5146 3323 5218">
     <span class='ocr_line' id='line_1_104' title="bbox 1724 5146 3323 5218; baseline 0.003 -16"><span class='ocrx_word' id='word_1_764' title='bbox 1724 5150 1888 5206; x_wconf 86' lang='lat' dir='ltr'><strong>citius</strong></span> <span class='ocrx_word' id='word_1_765' title='bbox 1916 5148 2254 5204; x_wconf 87' lang='lat' dir='ltr'><strong>reconciliari</strong></span> <span class='ocrx_word' id='word_1_766' title='bbox 2277 5149 2326 5204; x_wconf 89' lang='lat' dir='ltr'><strong>ei</strong></span> <span class='ocrx_word' id='word_1_767' title='bbox 2353 5149 2450 5218; x_wconf 87' lang='lat' dir='ltr'><strong>qui</strong></span> <span class='ocrx_word' id='word_1_768' title='bbox 2480 5149 2734 5202; x_wconf 89' lang='lat' dir='ltr'><strong>omnibus</strong></span> <span class='ocrx_word' id='word_1_769' title='bbox 2760 5159 2976 5216; x_wconf 87' lang='lat' dir='ltr'><strong>preest;</strong></span> <span class='ocrx_word' id='word_1_770' title='bbox 3007 5146 3065 5204; x_wconf 80' lang='lat' dir='ltr'><strong>et&#39;</strong></span> <span class='ocrx_word' id='word_1_771' title='bbox 3086 5162 3185 5217; x_wconf 91' lang='lat' dir='ltr'><strong>per</strong></span> <span class='ocrx_word' id='word_1_772' title='bbox 3204 5150 3323 5211; x_wconf 70' lang='lat' dir='ltr'><strong>hoc</strong></span> 
     </span>
    </p>
   </div>
   <div class='ocr_carea' id='block_1_105' title="bbox 1727 5236 3340 5268">
    <p class='ocr_par' dir='ltr' id='par_1_105' title="bbox 1727 5236 3340 5268">
     <span class='ocr_line' id='line_1_105' title="bbox 1727 5236 3340 5268; baseline 0 0"><span class='ocrx_word' id='word_1_773' title='bbox 1727 5241 1911 5268; x_wconf 60' lang='lat' dir='ltr'><strong>unannt</strong></span> <span class='ocrx_word' id='word_1_774' title='bbox 1937 5239 2001 5268; x_wconf 72' lang='lat' dir='ltr'><strong>nJ</strong></span> <span class='ocrx_word' id='word_1_775' title='bbox 2024 5236 2254 5268; x_wconf 69' lang='grc' dir='ltr'><strong>οηΙηιιιω</strong></span> <span class='ocrx_word' id='word_1_776' title='bbox 2302 5251 2424 5268; x_wconf 59' lang='lat' dir='ltr'><strong>nunc</strong></span> <span class='ocrx_word' id='word_1_777' title='bbox 2453 5236 2677 5268; x_wconf 62' lang='grc' dir='ltr'>Λιωιιηιιο</span> <span class='ocrx_word' id='word_1_778' title='bbox 2704 5240 2905 5268; x_wconf 60' lang='lat' dir='ltr'><strong>nano-Xa</strong></span> <span class='ocrx_word' id='word_1_779' title='bbox 2940 5237 3155 5268; x_wconf 53' lang='lat' dir='ltr'><strong>unm-ilia</strong></span> <span class='ocrx_word' id='word_1_780' title='bbox 3177 5251 3283 5268; x_wconf 65' lang='grc' dir='ltr'>ιιι-ιι</span> <span class='ocrx_word' id='word_1_781' title='bbox 3320 5257 3340 5267; x_wconf 76' lang='grc'>.-</span> 
     </span>
    </p>
   </div>
  </div>
