3926 5326
166 330 271 392 077

1445 329 1856 390 CllRONlCON.
1879 360 1948 374 —-
1974 332 2098 389 LIB.
2143 333 2227 390 Ill.

3316 332 3423 390 078

174 444 499 517 Olimpindis
539 453 707 501 sextae
749 447 966 504 condita
1008 445 1109 501 fuit
1147 444 1275 501 urbs
1324 444 1490 501 Roma
1511 486 1524 510 ,
1558 457 1664 516 atq'
1688 462 1747 508 ο.
1781 457 1824 511 Λ
1853 447 2095 504 clmnans
2122 458 2177 504 et
2199 448 2424 506 dicens:
2462 468 2479 502 t
2503 448 2916 507 VereChrEstus
2949 459 3033 506 est
3056 450 3149 508 Dei
3177 444 3365 509 Flllus.
3403 472 3423 506 ι

170 541 304 595 sicut
332 537 689 592 Hieronimus
711 547 767 594 et
798 540 938 593 Beda
991 548 1256 601 tractant,
1304 552 1335 591 a
1378 539 1550 606 prima
1581 537 1750 594 Olim-

165 631 318 702 piade
348 644 525 697 usque
571 629 624 682 iu
668 630 981 699 passionem
1023 629 1235 684 Domini
1282 638 1408 683 sunt
1453 630 1579 683 anni
1612 629 1745 693 79l,

167 720 389 776 sublatis
415 717 490 772 20
521 718 707 782 antiis,
760 720 811 773 id
854 728 937 774 est
980 720 1139 773 annis
1169 719 1236 773 l6
1274 717 1473 773 Jothan
1522 728 1684 788 atque
1714 717 1747 772 4

165 812 372 874 Achaz,
425 811 522 879 qui
568 819 695 864 sunt
737 812 975 882 quinque
1007 811 1363 880 Olitnpiades,
1397 813 1534 866 tinnt
1563 828 1593 863 ιι
1624 827 1749 866 con-

168 903 363 958 ditione
397 902 566 957 Urbis
595 917 767 971 usque
800 903 852 955 in
879 903 1192 972 passionem
1220 902 1429 956 Domini
1458 906 1583 956 anni
1612 903 1743 971 774;

166 1010 197 1047 a
217 992 478 1062 passione
506 992 718 1047 Domini
752 1007 921 1061 usque
951 993 1004 1047 in
1034 1007 1235 1046 annum
1270 1000 1602 1061 postremum
1627 993 1749 1049 Phi-

169 1088 289 1159 liphi
313 1097 442 1141 sunt
469 1088 598 1141 anui
628 1087 762 1151 229;
796 1086 931 1142 ﬁunt
965 1086 1126 1143 simul
1157 1102 1188 1141 a
1232 1087 1541 1143 conditione
1586 1087 1749 1145 Urbis

169 1180 232 1235 ad
260 1179 473 1233 obitum
506 1178 736 1247 Philippi
772 1177 907 1232 l005
936 1177 1084 1231 anni.

233 1268 355 1323 262.
395 1266 453 1322 6.
500 1266 680 1339 [cess]
711 1267 920 1336 (llis-2n.)
953 1268 1144 1322 Decius
1174 1276 1224 1321 et
1260 1265 1477 1322 Gratus.
1509 1268 1745 1325 Alexan-

166 1362 288 1416 dria:
322 1359 357 1414 ι
388 1360 681 1429 episcopus
709 1359 979 1414 Diuuisius
1000 1359 1160 1414 annis
1181 1358 1268 1414 17.
1291 1358 1411 1431 [llis
1434 1360 1747 1416 consulibus

166 1452 427 1509 Fabianus
457 1469 598 1524 papa
629 1468 821 1525 passus
850 1453 917 1508 14
944 1452 1060 1507 Kal.
1106 1453 1420 1517 Februarii,
1448 1455 1746 1511 secundum

165 1553 302 1613 gesta
334 1544 682 1614 ponititlcnm.
715 1541 1002 1597 Cornelius
1037 1557 1174 1613 papa
1206 1542 1514 1615 successit.]

225 1633 342 1689 263.
387 1635 442 1687 7.
485 1630 1136 1704 {ccn1](Csss.)Decins
1160 1632 1216 1686 2.
1246 1642 1293 1687 et
1332 1631 1594 1688 Rusticus.
1652 1634 1747 1690 llis

164 1724 462 1780 consulibus
488 1724 771 1795 Philippus
795 1724 982 1781 senior
1018 1724 1251 1791 Verene,
1276 1724 1464 1780 Romae
1506 1741 1634 1782 vero
1654 1726 1745 1795 ju-

163 1816 272 1871 uior
298 1817 594 1871 occiditur.
626 1816 822 1871 Decius
842 1816 1089 1886 regnavit
1125 1833 1251 1872 ann.
1278 1825 1422 1873 octo.
1448 1817 1742 1874 Decretalis
1775 1804 1814 1862 Β

164 1907 372 1976 cpistola
398 1907 624 1963 Fabiani
650 1922 801 1978 papa:
830 1926 845 1961 :
883 1925 901 1959 ι
923 1907 1285 1964 Dilectissimo
1338 1907 1489 1962 fratri
1539 1908 1744 1964 llilario

158 1999 429 2070 epimpus
456 1998 731 2053 Fabianus
757 1997 1011 2066 salutem,
1059 2017 1079 2051 ι
1120 2007 1177 2055 et
1203 1999 1415 2069 reliqua
1462 2001 1574 2071 (ep.
1603 2001 1658 2066 ὅ,
1685 2016 1739 2073 p.

146 2091 312 2161 .428);
348 2093 476 2147 data
510 2090 599 2145 17.
638 2088 759 2144 Kal.
793 2088 1139 2154 Novembris,
1187 2089 1447 2145 Africano
1493 2100 1549 2145 et
1577 2090 1742 2147 Decio

160 2179 281 2234 viris
305 2193 463 2235 reue.
495 2178 565 2249 (Σ,
582 2177 623 2233 ι.
654 2178 710 2233 ln
741 2177 1111 2250 martirologio
1138 2178 1220 2234 sic
1243 2197 1260 2233 :
1280 2178 1495 2243 «Bome
1515 2178 1738 2234 Fabiani

157 2285 282 2341 papa
302 2269 472 2326 natal.
508 2271 598 2326 l3.
632 2269 755 2325 Kal.
786 2268 1072 2325 Februarii
1106 2270 1212 2342 (An
1239 2268 1449 2341 Hum),
1489 2270 1581 2340 qui
1614 2284 1738 2325 cum

163 2363 222 2417 ιι
244 2363 419 2430 annis,
452 2378 643 2420 mense
672 2364 765 2429 ll,
800 2362 992 2419 diebus
1042 2362 1113 2419 l2
1159 2363 1422 2419 acclesize
1471 2373 1738 2432 preesset,

168 2469 344 2525 passus
366 2467 451 2510 est
481 2455 586 2509 sub
611 2454 774 2510 Decio
804 2452 880 2525 [in
908 2453 1178 2525 principio
1213 2453 1297 2509 sui
1327 2452 1560 2526 imperii]
1587 2464 1643 2509 et
1683 2454 1738 2510 in

162 2545 406 2601 cimiterio
416 2544 621 2601 Calixti
640 2545 904 2616 sepultus.
924 2564 944 2598 ι
970 2544 1113 2601 Beda
1134 2546 1214 2600 sic
1239 2544 1413 2615 (Clin)
1438 2559 1453 2598 :
1480 2563 1501 2596 ι
1521 2545 1736 2612 Decius,

161 2651 266 2692 cuni
287 2635 521 2708 Pilippos
543 2646 751 2708 patrem
762 2646 818 2692 et
839 2637 1005 2692 filiqu
1030 2636 1418 2703 interfecisset,
1460 2637 1531 2692 ob
1554 2639 1736 2693 odium

164 2742 328 2783 eorum
343 2729 392 2783 in
405 2728 1198 2800 Cbristianosperscqutionem
1215 2737 1415 2794 movet,
1430 2728 1482 2782 in
1507 2744 1611 2798 qua
1633 2728 1737 2784 Fa-

158 2817 407 2875 bianusiu
435 2821 573 2876 urbe
598 2819 771 2875 Roma
794 2821 1043 2875 martirio
1066 2829 1376 2877 coronatur.
1423 2819 1617 2875 Sedem
1651 2821 1734 2877 sui

159 2913 475 2983 episcopatus
519 2912 771 2970 Cornelio
810 2912 1045 2983 reliquit,
1075 2914 1169 2968 sed
1201 2922 1257 2967 et
1300 2912 1418 2982 ipse
1468 2928 1676 2982 passus.
1707 2933 1728 2967 ι

219 3004 479 3063 Cornelius
516 3022 657 3074 papa
679 3004 833 3059 annis
846 3004 1175 3071 2,mensibus
1196 3004 1439 3069 8,minus
1454 3003 1508 3069 5,
1526 3005 1729 3058 diebus.

222 3096 503 3154 Decretalis
558 3097 796 3153 Cornelii
851 3097 1256 3152 “Carissimis
1302 3105 1470 3167 atque
1521 3096 1733 3153 dilectis

162 3187 415 3246 Cornelius
443 3191 700 3253 salutem,
730 3209 749 3241 ι
781 3199 836 3243 et
870 3188 1077 3257 reliqua
1127 3188 1235 3259 (ep.
1269 3189 1318 3250 1,
1349 3203 1403 3258 p.
1435 3190 1731 3260 l5l);data

161 3277 208 3331 7.
228 3278 340 3335 ldus
364 3278 727 3350 Septembris,
758 3276 923 3333 Decio
944 3285 1001 3331 et
1034 3275 1271 3331 Maximo
1304 3277 1437 3331 viris
1485 3276 1731 3332 clarissi-

161 3368 252 3425 mis
277 3370 601 3427 consulibus.
642 3367 799 3440 (alia)
831 3386 845 3422 :
884 3387 901 3419 ι
923 3366 1206 3423 Cornelius
1235 3366 1520 3438 episcopus
1547 3367 1602 3421 in
1627 3367 1733 3422 Do-

163 3463 291 3517 mino
306 3462 558 3526 salutem,
593 3482 613 3514 ι
646 3471 702 3517 et
727 3460 934 3529 reliqua
986 3460 1096 3531 (cp.
1120 3459 1176 3523 2,
1199 3476 1251 3529 p.
1282 3459 1448 3529 152);
1481 3460 1606 3513 data
1638 3459 1727 3514 ll.

165 3553 265 3610 lial.
293 3555 456 3623 Junii,
484 3555 723 3611 Maximo
753 3565 809 3611 et
846 3554 1013 3610 Decio
1057 3553 1192 3609 viris
1241 3552 1560 3608 clarissimis
1599 3566 1731 3607 con-

160 3647 362 3704 sulibus.
401 3650 457 3705 lu
485 3649 879 3720 martyrologio
902 3648 974 3702 ita
1005 3666 1020 3701 :
1053 3647 1238 3702 Romae
1287 3647 1374 3701 via
1401 3646 1536 3716 Apia
1573 3646 1624 3701 in
1652 3646 1731 3700 ci-

164 3738 353 3794 rciter-io
387 3740 602 3805 Calisti,
635 3740 723 3795 18.
760 3738 880 3794 Kal.
910 3738 1160 3795 Octobris
1188 3738 1293 3808 (A‘n
1318 3735 1508 3806 Mart.)
1530 3734 1728 3791 natalis

163 3832 310 3885 sancti
333 3830 571 3887 Cornelii
623 3846 775 3901 papre
824 3830 925 3886 sub
978 3828 1359 3899 persecutione
1418 3826 1569 3882 Decii
1600 3841 1723 3882 cum

164 3923 456 3993 prespeteris
482 3930 543 3978 et
562 3920 881 3977 diacouibus
910 3916 1300 3975 Centumcellis
1342 3916 1507 3972 exilio
1557 3916 1725 3987 depu-

166 4013 245 4066 tati
276 4013 366 4079 m°,
391 4016 455 4067 ad
479 4027 642 4085 quem
663 4011 1083 4084 confortandum
1107 4009 1260 4064 multi
1286 4007 1720 4064 Christianorum

166 4103 443 4160 veniebant.
470 4104 592 4173 Quo
625 4114 865 4174 tempore
888 4104 1087 4159 beatus
1101 4101 1393 4172 Ciprianus
1420 4101 1641 4170 scripsit
1670 4101 1721 4156 ei

167 4193 222 4246 de
242 4194 475 4250 Celerino
501 4196 729 4261 lectore,
762 4202 966 4263 qrtanta
989 4207 1091 4263 pro
1120 4191 1225 4247 fide
1264 4200 1321 4247 et
1365 4190 1720 4247 Confessione

166 4281 341 4340 Christi
367 4287 708 4343 sustinuerit.
736 4286 932 4340 Decius
951 4297 1139 4340 cessar
1161 4283 1389 4338 audiens
1417 4283 1540 4353 quia
1565 4282 1720 4339 multi

167 4373 517 4434 eiscribebant
543 4378 612 4434 de
650 4379 812 4432 beato
855 4375 1136 4446 Cipi-iano,
1190 4375 1400 4445 rogavit
1449 4391 1573 4430 eum
1612 4376 1718 4430 sibi

1851 538 1917 591 Et
1945 540 2079 594 dixit
2116 542 2272 595 beato
2314 541 2566 596 Cornelio
2611 560 2625 598 :
2689 561 2708 594 ι
2735 542 2951 598 ltattiza
2992 556 3103 609 me,
3152 556 3278 599 ram
3331 558 3432 617 per

1845 627 2121 684 Christum
2146 641 2198 686 te
2218 630 2464 700 conjnrc.
2500 651 2518 684 ι
2554 633 2618 687 Et
2646 648 2872 688 currens
2897 634 3139 705 implevit
3163 648 3263 689 vas
3284 648 3429 706 aqua

1846 731 1901 774 et
1927 720 2108 775 attulit
2134 722 2203 776 ei.
2239 721 2395 777 Tunc
2428 724 2728 778 misscrunt
2776 738 2837 779 se
2887 738 3079 780 omnes
3130 724 3327 781 milites
3361 726 3430 779 ad

1848 816 2012 885 pedes
2041 816 2176 885 ejus,
2210 825 2434 870 orantes
2470 831 2530 871 se
2558 816 2843 885 baptizari.
2894 814 3042 882 Quos
3073 824 3132 871 ut
3176 816 3430 872 bnbtlza-

1848 906 1943 971 vit,
1976 905 2169 960 obtulit
2192 920 2290 975 pro
2316 906 2395 962 eis
2416 906 2723 961 sacriﬁcum
2758 905 2955 970 laudis,
3008 915 3064 961 et
3114 905 3429 976 participati

1846 1003 1973 1050 sunt
1999 1010 2190 1051 omnes
2219 1009 2449 1067 corpore
2477 1005 2533 1051 et
2560 994 2789 1066 sangine
2831 995 3035 1051 domini
3083 994 3255 1051 nostri
3299 994 3430 1051 Jesu

1845 1083 2071 1140 Christi.
2101 1085 2343 1141 Audiens
2366 1085 2464 1140 hec
2498 1085 2711 1151 Decius,
2744 1086 2968 1142 mittens
2997 1087 3169 1142 lenuit
3213 1101 3430 1152 euntes,

1846 1175 2085 1243 etjussit
2109 1190 2315 1234 utcum
2338 1178 2501 1234 beato
2551 1178 2801 1234 Cornelio
2838 1180 3170 1237 ducerentur
3217 1183 3284 1236 ad
3339 1192 3432 1236 sa-

1846 1265 2220 1336 crificandum,
2258 1277 2342 1334 et,
2378 1268 2422 1325 si
2453 1268 2655 1325 nollent
2684 1284 2893 1339 parere,
2920 1271 3100 1341 capite
3129 1270 3432 1340 plecteretto

1849 1367 1937 1412 tur
1963 1359 2048 1411 ⁸⁸³.
2078 1358 2233 1415 Ducti
2264 1374 2397 1416 vero
2420 1359 2564 1415 foras
2613 1375 2797 1416 muros
2845 1369 3017 1431 porta:
3071 1362 3278 1432 Appia,
3334 1378 3431 1418 ex-

1848 1463 2073 1522 poeutes
2109 1453 2162 1507 in
2195 1453 2482 1525 templum,
2513 1452 2767 1508 decollati
2790 1463 2919 1508 sunt
2960 1468 3064 1508 una
3090 1469 3214 1509 cum
3268 1455 3431 1509 beato

1846 1543 2121 1610 Cornelio,
2146 1560 2375 1601 numero
2398 1545 2581 1617 viginti
2614 1561 2774 1600 unus.
2805 1544 2913 1600 Sed
2948 1555 3002 1599 et
3028 1545 3268 1601 Cerealis
3302 1561 3427 1601 cum

1846 1650 2018 1691 uxore
2051 1651 2148 1691 sua
2171 1634 2426 1692 Sallustio
2460 1635 2542 1691 l8.
2574 1634 2693 1689 Kal.
2726 1633 3000 1691 Octobris.
3044 1632 3245 1689 Eadem
3298 1648 3430 1689 vero

1848 1737 2005 1781 nocte
2036 1726 2182 1781 venit
2224 1727 2382 1782 beata
2438 1724 2638 1783 Lucina
2690 1740 2813 1780 cum
2861 1723 3074 1779 clericis
3124 1733 3179 1779 et
3228 1723 3429 1779 familia

1844 1834 1966 1884 sua,
1995 1826 2050 1874 et
2075 1817 2251 1889 rapuit
2284 1818 2565 1873 martirum
2591 1831 2842 1886 corpora,
2871 1823 2925 1870 et
2951 1814 3199 1885 sepelivit
3250 1830 3315 1870 ea
3370 1816 3427 1869 in

1846 1924 1978 1977 agro
2012 1924 2112 1964 suo
2138 1910 2192 1964 in
2222 1908 2416 1979 cripta,
2444 1908 2499 1963 in
2528 1908 2798 1964 cimiterio
2842 1906 3053 1962 Calisti.
3101 1905 3271 1976 Cujus
3326 1905 3432 1959 Luc

1843 2001 1982 2055 cinae
2007 1999 2295 2056 Cornelius
2319 1999 2401 2056 sic
2436 2006 2827 2055 commemorat
2870 1997 3160 2054 decretalis
3202 1997 3430 2067 cpistola

1841 2088 2079 2146 Cornelii
2110 2105 2265 2162 papa:
2290 2104 2306 2145 ε
2337 2088 2687 2145 «Carissimis
2715 2098 2879 2159 atque
2923 2087 3290 2144 dilectissimis
3320 2088 3433 2142 fra-

1844 2181 2036 2247 tribus,
2061 2188 2271 2237 sanctae
2288 2179 2551 2236 teeclesite
2591 2179 2739 2246 filiis,
2785 2177 3071 2236 Cornelius
3120 2179 3426 2251 cpiscopus.

1840 2272 2067 2329 Decrevi
2096 2273 2252 2329 vobis
2272 2272 2517 2351 scribere
2544 2286 2666 2343 qua:
2701 2287 2847 2327 nunc
2879 2271 3139 2343 temporis
3175 2287 3441 2328 necessao.

1840 2363 1923 2419 ria
1951 2372 2079 2420 sunt
2097 2364 2247 2429 sciri,
2280 2384 2300 2417 ι
2335 2372 2391 2419 et
2412 2362 2620 2434 reliqua
2648 2362 2759 2435 (cp.
2783 2363 2834 2427 l,
2868 2362 2955 2431 ll)
2978 2362 3211 2434 Etpost:
3242 2362 3429 2431 cQua-

1839 2456 2065 2525 propter
2090 2470 2222 2527 rogo
2245 2469 2343 2511 vos
2367 2455 2526 2510 nobis
2551 2452 2942 2525 congratulari.
2958 2455 3084 2525 quia
3114 2464 3301 2526 rogatu
3329 2471 3426 2510 cu-

1833 2542 2048 2613 jusdam
2075 2543 2281 2598 devotze
2304 2542 2514 2598 femina:
2540 2558 2604 2596 ac
2636 2542 2990 2598 nobilissimae
3038 2552 3299 2597 matronae
3330 2543 3430 2597 Lu-

1839 2635 1976 2689 cina!
2007 2633 2185 2688 levata
2215 2641 2341 2688 sunt
2369 2648 2597 2703 corpora
2622 2633 2987 2702 apostolorum
3028 2633 3174 2688 Petri
3199 2644 3257 2688 et
3274 2633 3426 2689 Pauli

1838 2726 1904 2781 de
1942 2724 2299 2789 catatumbis;
2322 2733 2376 2778 et
2398 2724 2571 2795 primo
2599 2723 2815 2793 quidem
2848 2724 2992 2778 beati
3038 2722 3190 2777 Pauli
3226 2738 3426 2793 tor-pus

1836 2815 2070 2871 levatum
2100 2815 2374 2871 silentium
2404 2814 2474 2848 ηδ
2500 2829 2564 2868 ac.
2588 2814 2823 2883 positum
2853 2814 3014 2870 estin
3065 2813 3250 2884 predio
3302 2830 3425 2884 prc-

1836 2907 1994 2962 dicta:
2018 2914 2299 2970 matronae,
2328 2905 2412 2960 via
2440 2903 2679 2971 Osteusi,
2700 2905 2768 2960 ad
2792 2904 2934 2959 latus
2975 2906 3066 2962 ubi
3128 2906 3425 2962 decollatus

1834 3008 1939 3054 est.
1974 2998 2167 3054 Postea
2197 3012 2326 3054 vero
2370 2998 2512 3055 beati
2543 2997 2910 3068 apostolorum
2949 2999 3215 3070 principis
3274 2999 3422 3055 Petri

1835 3088 2143 3165 accepimus
2171 3100 2392 3158 corpus,
2441 3095 2496 3143 et
2529 3089 2896 3144 concedenter
2935 3090 3246 3160 possuimus
3291 3089 3423 3146 illud

1829 3179 1984 3250 juxta
2011 3180 2186 3236 locum
2223 3180 2312 3235 ubi
2337 3180 2633 3236 crucifixus
2673 3189 2777 3245 est,
2820 3184 2966 3234 inter
3016 3195 3251 3251 corpora
3291 3196 3424 3261 san-

1819 3287 2044 3332 ‘ctorum
2085 3275 2488 3347 episcoporum,
2521 3276 2573 3330 in
2600 3274 2799 3346 templo
2821 3275 3109 3346 Apollinis,
3142 3276 3196 3331 in
3235 3284 3422 3331 monte

1831 3367 2033 3433 Aureo,
2076 3368 2130 3423 in
2183 3365 2451 3423 Vaticano
2513 3367 2702 3438 palatii
2761 3365 3079 3435 Neroniani,
3123 3369 3299 3423 tertia
3333 3368 3422 3423 die

1831 3458 2191 3515 Kalendarum
2244 3460 2535 3525 Juliarum,
2590 3477 2609 3513 ι
2669 3469 2726 3515 et
2754 3461 2982 3533 reliqua.
3014 3460 3142 3519 Haec
3193 3462 3418 3531 epistola

1829 3550 1955 3605 data
1992 3561 2077 3606 est
2098 3552 2148 3605 '1.
2173 3552 2297 3608 ldus
2335 3551 2679 3622 Septlmbris,
2728 3553 2895 3609 Decio
2916 3564 2971 3608 et
3026 3552 3260 3609 Maximo
3288 3553 3420 3610 ritis

1828 3643 2146 3698 clarissimis
2175 3642 2504 3699 consulibus.

1898 3734 2189 3803 Postquam
2221 3749 2348 3789 vero
2373 3749 2564 3804 passus
2596 3735 2669 3791 sit
2704 3734 3006 3798 Cornelius,
3053 3733 3250 3791 Lucius
3274 3749 3418 3807 papa

1826 3825 1881 3880 in
1911 3826 2071 3880 tertio
2095 3840 2241 3880 anno
2262 3825 2409 3881 Decii
2437 3826 2722 3895 incipiens,
2743 3827 2886 3882 sedit
2908 3828 3189 3883 mensibus
3234 3828 3289 3893 5,
3320 3843 3415 3885 us-

1828 3916 2012 3989 quel.
2054 3913 2235 3968 Nonas
2264 3914 2441 3969 Martii
2465 3914 2560 3985 (cl.
2586 3912 2703 3969 Lib.
2728 3917 2931 3985 pont.),
2975 3915 3027 3969 in
3081 3916 3236 3969 initio
3262 3916 3415 3971 anni

1823 4008 2005 4079 quarti
2046 4007 2215 4069 Decii,
2241 4008 2342 4062 sub
2374 4005 2666 4061 Valeriano
2695 4006 2937 4075 profecto
2991 4005 3227 4078 (Mart).
3282 4006 3413 4064 lnde

1825 4099 2134 4170 Stephanus
2168 4111 2307 4169 papa
2343 4097 2485 4153 sedit
2514 4099 2672 4152 annis
2708 4097 2762 4161 5,
2806 4097 3089 4153 mensibus
3136 4098 3193 4164 5,
3241 4113 3414 4170 usque

1825 4191 1881 4246 4.
1915 4190 2097 4245 Nonas
2123 4190 2375 4262 Augusti,
2421 4205 2532 4261 quo
2577 4205 2770 4259 passus
2822 4198 2905 4245 est
2969 4190 3071 4246 sub
3110 4189 3412 4248 Valeriano

1821 4281 2085 4354 profecto,
2116 4283 2169 4336 in
2211 4296 2358 4337 anno
2407 4292 2563 4337 sexto
2590 4282 2761 4338 Decii.
2835 4282 3134 4340 Decretalis
3179 4285 3410 4355 epistola

1820 4372 2007 4429 Zefani
2032 4382 2184 4443 papa;
2243 4389 2261 4424 ι
2293 4373 2657 4429 Dilectissimo
2694 4371 2857 4427 “fratri
2897 4383 3062 4443 atque
3118 4373 3409 4431 familiaria

166 4466 401 4523 exhiberi.
432 4467 721 4525 Exhibitus
771 4465 939 4523 Decio
961 4465 1348 4536 interroganti,
1395 4481 1494 4520 cur
1538 4478 1576 4520 a‘
1625 4466 1717 4521 Ci-
1743 4497 1795 4558 Β
1820 4466 1997 4520 amico
2025 4464 2248 4529 Hilario,
2274 4463 2510 4521 Zefanns
2537 4473 2675 4535 papa
2725 4465 2979 4531 salutem,
3016 4483 3036 4518 ι
3092 4476 3148 4523 et
3199 4466 3408 4538 reliqua

169 4554 331 4622 priano
359 4568 544 4614 contra
573 4572 689 4614 rem
719 4555 991 4628 publicam
1040 4554 1226 4611 literas
1265 4555 1570 4625 accipisset,
1626 4571 1716 4611 re-

170 4648 353 4713 spondit
381 4662 396 4702 :
424 4649 575 4720 «Ego
603 4648 671 4704 de
720 4662 927 4705 corona
973 4647 1178 4703 Christi
1236 4646 1453 4703 litteras
1504 4648 1713 4718 accepi,

169 4750 256 4790 non
277 4750 451 4795 contra
482 4758 595 4797 rem
624 4739 917 4811 publicam.
941 4757 960 4791 ι
985 4737 1164 4796 h'atus
1198 4736 1395 4793 Decius
1435 4738 1623 4808 jussit,
1658 4747 1718 4794 ut

170 4839 223 4882 os
242 4828 345 4896 ejus
364 4847 482 4888 cum
504 4830 798 4904 plumbatis
816 4828 1348 4892 cedereturndeinde
1365 4828 1432 4882 ad
1458 4828 1716 4898 templum

171 4914 328 4975 llartis
355 4931 412 4976 ut
449 4924 784 4981 sacrificaret
840 4920 1131 4977 duceretur
1163 4937 1178 4973 :
1211 4917 1354 4989 quod
1375 4919 1420 4974 si
1474 4927 1712 4975 contem-

174 5006 359 5077 psisset,
387 5011 493 5068 illic
520 5014 694 5084 capite
753 5012 1060 5082 puniretur.
1109 5008 1355 5080 Cumque
1404 5011 1711 5075 duceretur,

304 5118 360 5136 ειν
389 5105 636 5136 matrum.
668 5104 885 5136 ηΛσηῖηΔ
905 5100 1140 5136 Γανωιῖο
1182 5115 1379 5136 ’Μαι-Δ
1402 5102 1541 5136 anni!
1587 5100 1715 5136 Ι-ιοσι-

1818 4556 1927 4627 (ep.
1949 4557 2000 4622 l,
2039 4572 2094 4627 p.
2122 4556 2278 4627 ul);
2325 4558 2447 4612 data
2472 4557 2675 4612 5.Non.
2702 4557 2851 4623 Maii,
2887 4557 3175 4614 Valeriano
3198 4558 3409 4615 etGal-

1818 4648 1967 4703 liano
1991 4648 2127 4703 viris
2155 4647 2476 4705 clarissimis
2496 4649 2828 4704 consulibus.
2881 4650 3041 4705 Alia:
3109 4671 3131 4703 r
3170 4650 3407 4709 Zefanus

1816 4746 2018 4794 sancta:
2053 4739 2362 4808 apostolica;
2397 4746 2452 4795 et
2478 4739 2802 4794 universalis
2836 4739 3097 4795 Romanae
3139 4740 3407 4798 :ncclrsie

1818 4830 2128 4901 cpiscopus,
2164 4849 2184 4882 ι
2213 4839 2269 4885 et
2294 4829 2498 4901 reliqua
2553 4830 2662 4902 (cp.
2695 4830 2751 4894 2,
2794 4830 3020 4899 pA“);
3091 4832 3217 4886 data
3254 4830 3403 4887 Non.

1816 4921 2039 4992 Aprilis,
2072 4920 2359 4977 Valeriano
2388 4930 2445 4976 et
2467 4919 2718 4977 Galliano
2757 4922 2890 4976 viris
2928 4920 3253 4979 clarissimis
3280 4934 3410 4976 cou-

1819 5012 2046 5069 sulibns.
2091 5013 2194 5084 (An
2250 5011 2440 5085 Mart.)
2486 5013 2542 5067 ln
2596 5012 2971 5083 martirologio
3004 5011 3079 5066 ita
3134 5010 3240 5066 hab
3275 5017 3407 5063 tur:

1814 5105 1988 5136 ιιηηυ.
2038 5106 2091 5136 2-1
2146 5103 2399 5136 Λῖιηῖιῖιιῖη
2472 5101 2663 5136 Palici:
2722 5104 2915 5136 nolunt:
2989 5096 3412 5136 cassn|3<1ﬂrullb
