3926 5326
492 310 597 367 619
1842 301 2128 360 manu:
2167 296 2414 359 scor'rt
3650 309 3756 365 639

458 418 944 483 .cleriensdecem.
971 413 1100 475 cum
1131 417 1327 489 quibus
1375 415 1441 471 de
1491 429 1660 485 regno
1707 414 1802 469 Dei
1855 415 2075 485 assidue
2104 419 2154 476 Α
2178 415 2355 469 tribus
2398 428 2494 485 per
2532 414 2911 486 Hispaniarum
2945 419 3252 487 provmcias
3283 423 3612 488 constitutis,
3672 423 3758 479 Si-

492 511 740 571 docebat.
778 511 967 579 Divina
990 519 1171 563 autem
1224 507 1397 579 gratia
1448 515 1793 576 procurante,
1855 494 2076 560 oecnre-
2177 514 2304 560 xtus
2323 507 2604 578 cpiscopus
2632 507 2688 562 in
2715 507 2942 563 Domino
2965 510 3212 573 salutem.
3246 531 3266 566 ι
3298 523 3356 569 et
3386 514 3592 584 reliqua
3644 521 3737 588 (ep

491 602 627 658 bant
655 601 805 657 multi
839 614 905 656 et“
940 600 1007 632 ’⁸³
1033 598 1330 670 gentilibus
1359 596 1647 660 ethonesti
1682 594 1950 668 [viri],rut
1986 595 2077 649 ha-
2177 595 2231 660 2,
2256 611 2309 666 p.
2337 596 2491 666 181);
2515 600 2637 651 data
2667 598 2750 652 17.
2779 597 3143 667 Kalendarum
3183 604 3435 670 Augusti,
3470 603 3759 663 Valeriano

493 692 837 749 btizarentur
859 692 927 747 ab
956 705 1041 745 eo.
1091 689 1240 744 lnter
1285 704 1422 759 quos
1480 688 1773 743 l‘lemereus
1831 688 2078 743 trilmnns
2178 694 2234 740 et
2257 687 2416 741 Decio
2442 687 2570 741 viris
2593 688 2909 745 clarissimis
2945 691 3276 747 consulibus.
3310 695 3413 762 (An
3460 694 3650 761 Mart.)
3696 698 3752 752 In

494 801 619 841 cum
641 786 784 841 omni
812 786 972 837 domo
992 799 1112 848 sua,
1143 781 1359 852 liliaque
1391 781 1507 851 ejus
1537 779 1768 845 Lucilla,
1791 795 1910 847 quae
1935 795 2076 834 circa
2177 779 2546 851 tnartirologio
2572 782 2651 837 sic
2684 801 2697 836 :
2744 783 2939 839 Decius
2989 785 3282 855 imperator
3332 797 3390 843 et
3436 787 3758 847 Valerianus

492 895 595 948 per
617 878 830 933 beatum
864 876 1178 946 Zephanum
1212 873 1553 936 inluminata,
1581 882 1634 928 ct
1655 870 1919 941 Olimpius
1941 870 2079 931 alter
2177 869 2448 941 prefectus
2476 883 2766 929 tenuerunt
2795 874 3166 931 beatissimum
3192 894 3379 933 senem
3407 878 3623 935 Sixtum
3648 883 3761 953 cpi.

456 1016 461 1025 .
493 972 746 1027 tribunus
783 986 906 1025 cum
936 982 1109 1023 uxore
1156 967 1453 1038 Exsuperia
1496 975 1552 1021 et
1577 964 1685 1019 lilio
1714 962 1987 1019 Thcodolo
2012 973 2080 1019 et
2179 977 2398 1032 scopum
2424 964 2726 1021 Ruinaaum
2753 983 2875 1022 cum
2899 970 3046 1024 enini
3071 971 3216 1024 clero
3248 987 3369 1033 suo.
3419 981 3479 1027 et
3529 975 3763 1029 recluse-

494 1063 694 1120 cctcris
718 1062 812 1133 qui
859 1061 1212 1117 crediderunt
1269 1059 1322 1113 in
1370 1073 1468 1113 sua
1518 1057 1702 1121 domo,
1752 1056 1844 1126 qui
1891 1064 2077 1125 postea
2180 1061 2418 1107 ruuteos
2449 1053 2501 1107 in
2529 1056 2771 1110 custodia
2812 1059 3043 1126 puplica.
3081 1070 3136 1114 et
3192 1059 3416 1116 fuerunt
3468 1063 3544 1117 ibi
3590 1064 3761 1120 clausi

490 1154 639 1226 passi
669 1163 815 1209 sunt.
843 1152 1167 1210 Celebrabat
1204 1162 1384 1206 autem
1414 1150 1610 1205 missas
1661 1157 1823 1218 atque
1850 1148 2078 1203 concilia
2178 1140 2360 1197 multis
2393 1142 2599 1199 diebus.
2628 1145 2852 1200 Factum
2881 1159 2962 1202 est
2986 1157 3166 1204 autem
3191 1151 3282 1216 ibi,
3312 1161 3371 1205 ut
3398 1153 3599 1208 Decius
3645 1170 3763 1209 tes-

491 1263 592 1317 per
622 1248 828 1317 criptas
854 1255 1173 1317 martyrum.
1205 1226 1431 1298 Factum
1457 1249 1768 1306 cstautem,
1810 1240 1884 1295 ἰιι
1916 1240 2077 1297 Vale-
2178 1248 2271 1289 sar
2291 1243 2346 1289 et
2393 1234 2706 1293 Valerianus
2761 1238 3033 1307 pri-fectus
3081 1240 3337 1310 juberent
3387 1243 3492 1299 sibi
3547 1245 3761 1300 beatum

492 1344 680 1399 rianus
714 1351 769 1395 et
793 1339 1129 1402 Galleianus,
1160 1344 1536 1408 persecutores
1572 1335 1808 1391 nominis
1854 1334 2074 1399 Christi,
2181 1324 2394 1382 Sixtum
2418 1329 2730 1400 episcopum
2765 1347 2886 1386 cum
2919 1333 3067 1388 clero
3095 1350 3193 1389 suo
3247 1337 3557 1404 prcsentari
3604 1348 3761 1392 noctu

459 1456 462 1458 ν
492 1447 705 1490 summo
727 1430 1059 1501 requirirent
1081 1428 1264 1484 studio
1286 1428 1501 1483 beatum
1532 1424 1837 1489 Stefanum,
1867 1434 1925 1479 ut
1953 1440 2076 1479 eum
2179 1419 2321 1474 intra
2351 1421 2624 1477 civitatem
2658 1423 2710 1477 in
2738 1422 2981 1479 Tellude.
3013 1425 3108 1481 Cui
3134 1428 3330 1482 Decius
3375 1443 3539 1482 cesar
3584 1430 3715 1483 dixit
3743 1448 3758 1484 :

490 1525 577 1581 vel
599 1524 829 1580 clericos
862 1522 980 1591 ejus
1006 1521 1236 1578 diversis
1263 1522 1418 1592 penis
1448 1519 1735 1576 ailicirent.
1785 1519 2078 1575 Misscrunl
2184 1529 2203 1563 ι
2227 1512 2345 1567 Scis
2377 1528 2475 1568 cur
2523 1523 2702 1568 lt‘nlus
2722 1525 2777 1570 et
2802 1519 3156 1572 conventione
3183 1518 3397 1587 publica
3448 1520 3608 1573 nobis
3644 1534 3765 1588 pre-

490 1617 672 1685 itaqne
734 1612 1136 1669 multitudinem
1184 1611 1415 1666 militum
1449 1651 1466 1676 ,
1519 1619 1575 1665 et
1622 1616 1913 1665 tenuerunt
1953 1624 2077 1663 eum
2176 1616 2423 1662 sentatns
2450 1608 2545 1662 es?
2574 1628 2590 1660 ι
2650 1608 2950 1679 Respondit
2999 1610 3190 1666 beatus
3247 1612 3477 1666 Sixtus:
3512 1611 3676 1666 «Scio
3712 1622 3766 1666 et

488 1722 614 1762 cum
645 1704 992 1760 multitudine
1022 1702 1344 1757 clericorum
1388 1699 1817 1772 presbiterorum
1875 1707 1929 1755 et
1955 1698 2075 1753 dia-
2114 1756 2154 1773 ἢ
2185 1698 2322 1754 bene
2351 1701 2483 1754 scio.
2515 1722 2532 1752 ι
2569 1701 2760 1756 Decius
2788 1695 2958 1757 dixit:
2981 1702 3161 1773 «Ergo
3191 1704 3235 1758 si
3260 1705 3396 1766 seis,
3428 1704 3518 1758 fac
3544 1713 3602 1758 ut
3645 1706 3755 1759 uni-

487 1810 787 1860 conorum;
816 1793 908 1863 qui
949 1792 1179 1849 veniens
1202 1792 1269 1847 ad
1298 1790 1536 1847 tribunal
1583 1789 1872 1854 Valeriani,
1936 1788 2083 1843 solus
2114 1756 2156 1814 Β
2187 1787 2328 1842 versi
2365 1789 2559 1852 sciant,
2585 1798 2641 1843 ct
2665 1798 2721 1843 tu
2765 1791 2917 1844 vivas
2947 1799 2999 1845 cl
3030 1792 3206 1845 clerus
3252 1800 3377 1847 tuus
3423 1803 3706 1863 augentur.
3740 1812 3757 1844 ι

491 1888 746 1954 introvit;
780 1886 867 1941 cui
899 1884 1220 1941 Valerianus
1251 1883 1365 1938 ait:
1412 1902 1432 1934 ι
1463 1881 1542 1937 Tu
1581 1897 1641 1937 es
1670 1881 1962 1950 Stepanus,
1991 1878 2082 1949 qui
2184 1877 2383 1932 Beatus
2412 1876 2600 1934 Sixtus
2627 1880 2946 1950 respondit:
2982 1897 3000 1931 ι
3021 1879 3161 1936 Vere
3185 1880 3284 1937 feci
3307 1891 3362 1936 et
3381 1881 3549 1947 facio,
3573 1894 3629 1936 ut
3658 1884 3762 1939 cle-

490 1995 607 2036 rem
661 1978 929 2049 puplicam
961 1975 1197 2042 ,conaris
1248 1983 1494 2041 evertere
1533 1982 1590 2028 et
1644 1970 2085 2043 persuasionibus
2185 1984 2279 2025 rus
2303 1985 2453 2026 incus
2483 1981 2767 2041 augeatur.
2802 1991 2821 2022 ι
2857 1972 2953 2026 Cui
3002 1972 3238 2027 Decius:
3289 1992 3307 2023 ι
3339 1973 3488 2044 Ergo
3522 1975 3761 2028 sacriﬁca

490 2080 657 2140 atque
681 2066 1152 2124 adhortationibus
1182 2064 1338 2120 malis
1362 2062 1616 2135 pepulum
1664 2078 1695 2117 a
1719 2063 1942 2117 deorum
1997 2072 2081 2114 re-
2187 2060 2290 2116 diis
2322 2063 2735 2128 immortalibm,
2774 2072 2830 2118 et
2862 2071 2982 2120 esto
3032 2067 3284 2135 pr'meps
3333 2067 3701 2120 sacerdotum.
3740 2085 3757 2117 ι

492 2159 688 2215 cedere
739 2157 972 2213 cultura.
1027 2174 1047 2208 ι
1096 2153 1296 2211 Beatus
1333 2151 1567 2208 Zel‘anus
1599 2170 1612 2205 :
1646 2169 1665 2203 ι
1706 2150 1818 2221 Ego
1866 2147 2082 2219 quidem
2187 2152 2255 2206 ad
2305 2154 2419 2208 lucc
2455 2162 2677 2210 sanctus
2726 2153 2932 2211 Sixtus.
2979 2175 2997 2208 ι
3045 2156 3156 2227 Ego
3194 2172 3410 2227 semper
3463 2159 3762 2214 sacriﬁcavi

490 2268 598 2309 non
624 2261 811 2307 everte
842 2265 958 2307 rem
981 2246 1274 2320 publicam,
1303 2248 1399 2303 sed
1435 2246 1647 2311 hortor,
1693 2254 1776 2309 ut,
1824 2241 2086 2299 deriiictis
2185 2254 2240 2298 et
2273 2245 2524 2299 sacriﬁco
2567 2247 2786 2302 dommo
2808 2247 2918 2303 Deo
2945 2248 3467 2318 Patriomnipotentt
3488 2261 3545 2303 ct
3559 2251 3764 2305 domino

472 2343 770 2407 —demonis,
798 2340 889 2412 qui
923 2339 1225 2394 adorantur
1246 2338 1299 2393 in
1330 2337 1511 2402 idolis,
1562 2337 1629 2391 ad
1679 2337 1846 2391 Deum
1900 2335 2082 2389 vivum
2158 2344 2376 2390 nostro
2403 2334 2534 2391 Jesu
2565 2335 2783 2391 Christo
2812 2336 2950 2393 Filio
2972 2338 3091 2408 ejus
3115 2349 3167 2394 et
3203 2338 3414 2409 Spiritu
3443 2351 3639 2396 sancto
3675 2342 3764 2395 ho-

470 2442 551 2489 -et
573 2433 795 2488 redeant
822 2440 1126 2487 creatorem
1150 2429 1252 2485 celi
1282 2436 1333 2484 et
1368 2437 1548 2494 terrm,
1577 2436 1634 2482 et
1662 2433 1961 2497 agnoscant
1990 2425 2018 2481 J

2220 2429 2346 2484 tiam
2374 2446 2561 2501 puram
2591 2442 2645 2486 ct
2680 2433 3145 2492 immaculatam.)
3207 2436 3359 2492 Tunc
3407 2454 3478 2493 ex
3524 2447 3765 2509 precepts

490 2540 613 2582 sum
644 2523 843 2579 Filium
878 2522 972 2578 Dei
1009 2520 1115 2577 vivi
1160 2520 1327 2576 Deum
1374 2533 1514 2585 esse,
1540 2519 1786 2589 quicum
1826 2518 1986 2573 Patre
2031 2525 2085 2573 et
2158 2520 2625 2578 .Deciiduxerunt
2650 2525 2850 2581 milites
2875 2540 2997 2580 eum
3026 2527 3092 2581 ad
3146 2528 3408 2598 templum
3456 2529 3670 2593 Matris,
3712 2539 3768 2585 ut

492 2616 700 2688 Spiritu
726 2623 916 2671 sancto
946 2611 1093 2668 solus
1122 2620 1203 2666 est
1228 2610 1612 2681 sempiternus,
1643 2617 1703 2664 ut
1732 2623 1837 2663 non
1864 2616 2087 2677 pereant
2186 2611 2550 2679 sacriﬁcaret;
2587 2615 2706 2681 sed,
2743 2626 3125 2673 contenmente
3170 2618 3511 2687 sacriﬁcare,
3541 2620 3769 2678 recluse-

490 2706 627 2765 cum
655 2704 874 2762 diabulo
904 2705 957 2760 in
993 2704 1274 2760 interitum
1333 2700 1749 2773 sempiternum.
1780 2720 1799 2754 ι
1845 2699 2087 2755 Valeria-
2189 2711 2318 2756 runt
2342 2719 2465 2758 eum
2495 2704 2547 2758 in
2577 2708 2822 2762 custodia
2845 2708 3077 2777 privata,
3108 2725 3232 2765 cum
3281 2712 3498 2767 duobus
3544 2713 3769 2769 diatoni-

487 2810 596 2856 nus
621 2797 926 2868 tuncjussit
949 2811 1072 2852 emn
1095 2796 1216 2850 duci
1239 2795 1305 2850 ad
1332 2792 1591 2865 templum
1633 2792 1839 2857 Martis,
1884 2800 1941 2847 ct
1987 2791 2087 2847 ibi-
2163 2791 2289 2846 .lms
2318 2791 2666 2851 Felecissimo
2684 2806 2741 2852 et
2777 2798 3024 2869 Agapito.
3055 2800 3299 2871 Cumque
3328 2802 3647 2866 duceretur,
3690 2806 3768 2858 bis

474 2892 616 2947 idem
654 2890 860 2945 dictata
888 2887 957 2920 ι⁸⁶
976 2887 1241 2941 sententia
1265 2885 1445 2955 capite
1470 2883 1732 2950 truncari,
1762 2883 1806 2938 si
1839 2898 1946 2937 non
1991 2882 2088 2937 ad-
2169 2882 2373 2939 .verbis
2401 2886 2545 2955 cepit
2582 2903 2707 2942 eum
2737 2888 2929 2945 beatus
2965 2891 3312 2959 Laurentius,
3360 2896 3771 2952 archidiaconus

492 2992 679 3041 oraret
712 2981 928 3039 nefandi
945 2979 1127 3034 Martis
1155 2978 1530 3034 simulacrum.
1558 2978 1857 3034 Perductus
1889 2980 2079 3033 beatus
2188 2974 2516 3044 compellere
2547 2995 2561 3032 :
2593 2997 2612 3029 ι
2632 2978 2749 3045 Quo
2772 2982 3113 3051 progrederis
3136 2984 3255 3039 sine
3275 2984 3389 3041 ﬁlio
3420 2987 3610 3056 pater?
3635 2988 3769 3054 Quo,

493 3074 736 3131 Zetanus
774 3089 805 3129 a
833 3072 1100 3130 militibus
1148 3070 1296 3126 foras
1341 3085 1529 3126 muros
1569 3070 1754 3140 Appiae
1797 3076 1965 3140 porta:
2016 3069 2082 3123 ad
2111 3114 2159 3179 ο
2188 3065 2446 3120 sacerdos
2494 3078 2709 3153 sancte,
2758 3068 2899 3142 isine
2930 3072 3021 3144 -"]
3076 3073 3305 3135 diacono
3350 3077 3649 3145 properas?
3696 3077 3771 3130 ἰιι

484 3165 782 3236 templum,
810 3162 1002 3219 levatis
1025 3161 1230 3217 occulis
1254 3162 1321 3217 ad
1344 3161 1545 3216 caelum
1572 3160 1741 3215 dixit:
1804 3181 1820 3211 ι
1856 3160 2084 3216 Domine
2113 3158 2159 3179 “
2186 3169 2463 3225 nunquam
2493 3158 2824 3214 sacriﬁcium
2851 3160 2969 3215 sine
3000 3162 3250 3219 ministro
3299 3160 3504 3220 oﬁ‘erre
3542 3179 3769 3221 consoc-

495 3256 642 3312 Deus
674 3271 849 3318 meus,
872 3263 1031 3326 pater
1063 3254 1269 3309 domini
1321 3253 1492 3308 nostri
1541 3251 1668 3307 Jesn
1720 3252 1938 3316 Christi,
1988 3254 2082 3324 qui
2185 3260 2363 3300 veras.
2397 3247 2538 3314 Quid
2570 3248 2621 3303 in
2660 3265 2747 3305 me
2767 3265 2898 3320 ergo
2936 3250 3212 3323 displicuit
3252 3255 3353 3310 tibi
3399 3258 3593 3327 pater?
3638 3257 3770 3312 Nam

496 3343 816 3401 destruxisti
850 3352 1056 3397 turrem
1085 3342 1452 3399 conl'ussionis
1495 3341 1809 3409 Babilonize,
1865 3343 2085 3400 destrue
2185 3336 2508 3409 degenerem
2538 3341 2819 3410 probasti?
2866 3342 2932 3396 Et
2963 3344 3218 3414 experire
3261 3356 3412 3402 certe
3441 3358 3625 3403 utrum
3672 3350 3771 3403 mi-

499 3447 647 3491 nunc
672 3442 727 3489 et
754 3435 898 3490 hunc
940 3433 1142 3498 locum,
1174 3433 1264 3488 ubi
1296 3430 1565 3493 diabolica
1603 3432 1985 3502 superstitione
2014 3434 2082 3468 ¹⁸τ
2176 3429 2418 3484 .nistrum
2456 3446 2544 3486 mc
2572 3431 2822 3505 elegeris.
2853 3433 2950 3489 Cui
2979 3436 3328 3492 commissisti
3371 3438 3639 3495 Dominici
3657 3456 3774 3496 ssn-

505 3541 608 3597 per
632 3523 900 3580 idolormn
929 3522 1196 3579 culturam
1225 3522 1421 3578 animas
1445 3523 2034 3595 pereuntpopnlorum.
2061 3544 2079 3578 ι
2138 3527 2143 3539 '
2184 3520 2332 3592 .ginis
2356 3524 2842 3591 consecrationem,
2861 3526 2947 3581 cui
2969 3529 3521 3585 consummandorum
3554 3547 3773 3588 consor-

501 3614 572 3670 Et
596 3613 780 3670 statim
808 3611 953 3669 facto
977 3612 1227 3684 frangere
1259 3612 1484 3669 tonitrui
1512 3627 1634 3668 cum
1668 3614 1969 3672 terroribus
1992 3632 2085 3671 co-
2162 3600 2324 3685 }‘tium
2353 3626 2842 3683 sacramentorum,
2868 3618 2957 3675 hic
2972 3619 3039 3651 ⁸⁸⁸
3069 3619 3310 3691 sanginis
3328 3621 3410 3677 tui
3433 3625 3767 3680 consortium

491 3703 901 3769 .ruseationum,
936 3702 1404 3758 corruitmaxima
1436 3717 1564 3773 pars
1595 3706 1803 3776 templi,
1861 3708 2086 3763 ctmili-
2178 3719 2375 3773 negas.
2424 3706 2559 3763 Vide
2597 3721 2665 3763 ne
2715 3709 3049 3779 periclitetur
3084 3712 3347 3782 judicium
3406 3723 3580 3779 tuum,
3649 3717 3770 3771 dent

406 3840 432 3850 κ
491 3805 585 3852 tes
604 3793 871 3867 pavefacti
904 3793 1207 3864 fugierunt.
1238 3792 1438 3848 Beatus
1474 3807 1603 3850 vero
1649 3794 1933 3867 Zcpbanns
1966 3812 2087 3868 per-
2186 3794 2449 3853 fortitudo
2498 3797 2772 3855 laudatur.
2815 3800 3062 3869 Abjectio
3107 3802 3358 3872 discipuli
3389 3804 3772 3860 detrimentum

499 3885 646 3943 re!"
669 3899 796 3942 cum
822 3884 1078 3945 omnibus
1106 3882 1437 3943 Christianis
1480 3883 1547 3939 ad
1581 3883 1909 3941 cimiterium
1957 3904 2084 3943 san-
2187 3888 2455 3958 magistri.
2479 3888 2639 3958 Quid,
2670 3891 2811 3962 quod
2841 3892 3122 3949 inlustrius
3158 3903 3468 3963 prcSIantes
3491 3897 3592 3951 viri
3614 3897 3669 3953 ιζὶ
3695 3900 3772 3953 ci-

494 3975 835 4043 cuejLucic,
879 3984 938 4030 et
990 3973 1174 4031 multis
1221 3989 1317 4031 eos
1366 3973 1677 4033 consulatus
1726 3976 2082 4039 sermonibus,
2167 3980 2434 4092 ipttlorum
2454 3985 2845 4040 certaminibus
2872 3987 2965 4056 qui
2990 3989 3378 4059 super-vincunt
3400 3990 3504 4045 mi
3531 3990 3769 4062 Denique

505 4069 690 4092 -I.._-I!.
717 4083 812 4092 ..-Α
838 4067 913 4092 ..2-
945 4066 1270 4092 -..-..2Ε-ζ.....
1303 4066 1408 4092 τι..-
1431 4065 1500 4092 tn
1524 4063 1840 4092 AtrA-Anan...
1917 4066 2084 4092 0.....-
2202 4074 2294 4092 AL,
2337 4076 2351 4092 I
2445 4091 2451 4092 ,
2495 4075 2563 4092 nn
2729 4077 2743 4092 ι
2769 4087 2780 4092 -
2826 4078 2880 4092 ut
2931 4078 2971 4092 ur.
3014 4089 3024 4092 _
3153 4080 3208 4092 η.
3289 4082 3302 4092 .
3668 4087 3680 4092 -
3713 4086 3726 4092 -

495 4069 697 4128 obtulit
714 4083 817 4140 pro
836 4067 917 4123 eis
944 4066 1272 4123 sacriﬁcium
1302 4066 1409 4122 Deo
1431 4065 1500 4098 ⁸⁸⁸
1521 4063 1864 4122 oﬂ'erentctn.
1916 4066 2045 4132 Quen

2219 4074 2461 4131 tbraham
2493 4075 2661 4132 illium
2690 4077 2908 4145 obtulit,
2930 4078 3125 4136 Petrus
3153 4080 3494 4152 Stephanum
3512 4086 3769 4153 premisit.

492 4160 835 4231 intrepidum
866 4167 924 4215 et
950 4165 1288 4217 constantem
1312 4165 1441 4217 ante
1469 4157 1662 4213 altaris
1701 4157 1986 4216 sollemnia
2034 4169 2089 4215 et
2186 4172 2246 4219 et
2280 4172 2360 4230 tu,
2390 4174 2565 4235 pater,
2614 4167 2838 4223 ostende
2864 4167 2918 4222 in
2947 4166 3350 4225 tilio'virtutem
3411 4178 3584 4226 tuam.
3635 4170 3774 4228 Oder

492 4262 659 4324 cepta
688 4249 1059 4322 perﬁcieatem
1088 4249 1147 4315 in
1175 4248 1364 4305 eadem
1389 4248 1507 4319 loco
1538 4249 1942 4306 decollavcrunt
1962 4251 2092 4309 sedo
2190 4270 2355 4325 quem
2390 4256 2643 4322 erudisti,
2702 4266 2763 4312 ut
2786 4258 2976 4328 judicii
3009 4259 3084 4313 tui
3115 4259 3383 4315 comitatu
3425 4262 3592 4318 nobili
3651 4279 3770 4333 per-

496 4344 558 4400 ι
581 4342 719 4399 Non.
750 4340 999 4410 Augusti.
1034 4339 1136 4411 (An
1168 4338 1354 4411 Hart.)
1381 4339 1548 4408 Cujus
1575 4355 1774 4412 corpus
1797 4342 2089 4399 Christiani
2192 4345 2381 4399 venias
2406 4347 2473 4402 ad
2500 4361 2780 4402 coronam.
2800 4366 2824 4401 ι
2860 4348 3015 4405 Tunc
3034 4350 3225 4407 beatus
3246 4353 3437 4411 Sixtus
3462 4358 3577 4411 ait:
3622 4376 3640 4409 ι
3661 4355 3767 4411 Non

496 4431 686 4505 populi
715 4429 1036 4499 sepiliprunt
1064 4428 1119 4483 in
1145 4427 1334 4483 eadem
1363 4429 1562 4499 cripta,
1619 4444 1742 4485 cum
1773 4431 1889 4502 ipsa
1934 4433 2087 4501 sede,
2119 4454 2169 4516 ι)
2190 4448 2295 4504 ego
2318 4442 2377 4488 te
2398 4433 2735 4505 derelinquo,
2768 4437 2884 4500 tilii,
2910 4452 3014 4494 nec
3039 4441 3236 4497 desero
3256 4483 3273 4508 ,
3310 4446 3406 4498 sed
3448 4445 3653 4515 majora
3682 4447 3766 4500 tibi

496 4523 623 4597 {ubi
652 4519 744 4593 ἐν]
784 4530 972 4576 astans
991 4520 1173 4590 saugis
1192 4518 1423 4577 etl‘ussns
1450 4529 1557 4587 est,
1598 4521 1800 4578 inloco
1848 4523 1945 4594 qui
1993 4538 2088 4594 ap-
2191 4525 2390 4583 debent
2421 4527 2741 4582 certamina.
2771 4528 2881 4585 Nos
2912 4532 3065 4600 quasi
3110 4546 3269 4590 senes
3319 4534 3545 4591 levioris
3593 4549 3769 4609 pugna

496 4616 739 4689 pellatur
789 4612 949 4671 hodie
995 4611 1312 4668 cimitirium
1346 4611 1557 4669 Calisti.
1606 4613 1702 4685 (cf.
1749 4614 1869 4670 Lib.
1914 4617 2087 4686 pom.)
2192 4631 2410 4674 cursum
2443 4617 2782 4688 suscipimus.
2814 4629 2866 4674 te
2890 4621 3314 4690 quasijuveneat
3353 4628 3645 4697 gloriosior
3668 4643 3768 4684 tuac

501 4708 608 4765 llic
629 4706 912 4765 constituit
936 4716 996 4760 ut
1036 4704 1348 4764 sacerdotes
1377 4717 1435 4765 et
1458 4706 1637 4764 levitze
1665 4715 1850 4764 vestes
1898 4722 2090 4763 sacras
2194 4718 2288 4764 net
2308 4710 2378 4764 de
2407 4711 2623 4763 tiranno
2649 4710 2715 4742 m
2745 4711 3013 4768 triumfus.
3037 4713 3160 4770 Mox
3178 4719 3382 4782 venies,
3407 4720 3540 4775 ﬂere
3561 4724 3763 4787 desiste,

498 4797 562 4869 in
584 4796 868 4865 cedidiano
885 4811 982 4851 usu
994 4796 2091 4866 neultaberent,uisitantuminlateclesia.
2197 4810 2318 4873 post
2349 4802 2586 4857 triduum
2608 4817 2693 4857 me
2724 4807 2992 4873 sequeris.
3023 4807 3174 4863 Inter
3204 4813 3547 4869 sacerdotem
3573 4827 3633 4871 et
3654 4817 3770 4871 levi.

579 4889 711 4946 Post
746 4888 1030 4944 Stet‘anum
1081 4887 1271 4941 Sixtus
1318 4903 1456 4957 papa
1508 4888 1772 4943 successit
1827 4888 1985 4949 annis
2035 4887 2089 4943 2.
2205 4902 2316 4947 tam
2348 4892 2435 4948 hic
2463 4893 2672 4948 medius
2708 4906 2965 4952 numerus
2990 4899 3165 4956 decet.
3199 4899 3314 4955 Non
3340 4912 3462 4957 erat
3487 4914 3639 4960 ιαηηι
3682 4909 3771 4962 ειη,

503 4979 813 5028 Decretalis
841 4979 1064 5028 mistala
1120 4978 1262 5028 Sisti
1316 4995 1467 5028 unum.
1495 4996 1509 5028 τ
1542 4978 1771 5028 «Simus
1811 4979 2097 5028 enisconus
2203 4983 2466 5028 mnoislrn
2490 4985 2727 5028 vineam,
2762 4989 2914 5028 ηιιειαί
2961 4989 3261 5028 mnu-nm...
3303 5009 3566 5028 πηιινοηη.
3647 4997 3771 5028 nam
