3926 5326
123 296 223 352 681

1351 292 1769 348 CllBO-NICON.
1813 325 1880 333 --υ-
1917 290 2044 344 LlB.
2089 291 2169 344 Ill.

3299 285 3400 338 (Εἶἶὲ

123 405 193 461 Ει
252 405 392 461 dixit
445 406 634 462 beatus
685 405 871 462 Sixtus
935 406 1000 460 ad
1042 406 1260 462 beatum
1310 404 1706 461 Laurentium:
1743 417 1786 472 Α
1817 412 1941 458 sunt
1967 405 2106 457 oculi
2133 403 2269 472 ejus.
2314 403 2424 457 lloc
2477 407 2678 458 tactum
2737 403 3021 457 audientes
3079 399 3234 453 multi
3286 403 3400 453 ceri

129 512 148 542 ι
196 494 402 564 Accipe
427 492 707 550 facultates
746 495 829 548 vel
857 505 1097 550 tcsauros
1123 495 1399 560 :ecclesize,
1443 506 1498 552 et
1543 498 1718 553 divide

120 583 328 652 quibus
361 583 454 636 tibi
489 584 716 638 videtur.
755 603 772 635 ι
798 585 1028 655 Accepta
1061 595 1350 655 potestate,
1397 585 1717 641 Laurentius

122 675 272 744 cepit
300 689 398 744 per
428 674 674 744 regiones
702 676 916 729 curiose
943 691 1193 744 querere,
1246 676 1553 744 ubicunque
1595 692 1716 730 san-

122 765 195 818 cti
229 765 414 820 clerici
451 765 532 820 vel
567 781 833 836 pauperes
863 775 1045 822 essent
1074 767 1375 831 abssconsi,
1399 777 1454 822 et
1493 777 1732 838 portans,

123 861 379 908 tesauros
405 863 564 922 prout
594 855 887 926 unicuique
913 871 1050 925 opus
1078 865 1198 910 erat
1223 857 1522 911 distribuit.
1575 859 1716 927 Ergo

119 953 249 1009 post
289 945 406 1000 haec
433 946 622 1000 beatus
647 947 833 1001 Sixtus
865 947 1226 1002 reducebatur
1254 948 1306 1001 in
1335 947 1612 1004 Telludem
1660 959 1718 1005 ut

119 1033 435 1099 audiretur,
457 1045 512 1090 et
539 1051 660 1090 cum
682 1050 748 1091 eo
786 1036 1000 1092 diaconi
1026 1036 1396 1094 Felicissimus
1420 1049 1476 1094 et
1522 1040 1717 1112 Agapi-

123 1135 243 1190 tus;
277 1136 332 1180 et
361 1129 582 1183 sedente
610 1128 772 1184 Decio
797 1138 854 1184 et
877 1128 1187 1194 Valeriano,
1237 1141 1582 1200 presentatus
1635 1144 1717 1188 est

120 1214 324 1270 beatus
353 1216 559 1271 Sixtus.
619 1217 698 1274 Ad
721 1233 880 1287 quem
902 1219 1096 1274 Decius
1113 1219 1388 1273 iracundia
1412 1220 1600 1289 plenus
1621 1222 1716 1278 ait:

126 1326 145 1356 ι
172 1305 287 1361 Nos
309 1310 525 1382 quidem
540 1309 1146 1366 consulimussencctuti
1176 1320 1297 1372 tuae,
1327 1311 1451 1364 audi
1469 1323 1720 1384 precepta

123 1412 317 1456 nostra
369 1412 424 1457 et
479 1401 747 1458 sacriﬁca.
810 1422 828 1455 ι
889 1402 1188 1473 Respondit
1238 1403 1427 1458 beatus
1485 1403 1716 1460 Sixtus:

126 1509 144 1538 ε
183 1488 369 1554 Miser,
418 1499 473 1545 tu
508 1491 602 1545 tibi
631 1491 870 1556 consule,
916 1501 970 1546 et
1001 1493 1107 1546 noli
1129 1491 1473 1559 blasfemare,
1503 1496 1594 1549 sed
1623 1509 1723 1566 age

122 1578 482 1645 penitentiam
515 1581 580 1635 de
609 1581 832 1650 sangiuc
859 1590 1174 1636 sanctorum
1205 1598 1363 1654 quem
1421 1591 1477 1637 tu
1528 1583 1722 1638 eﬂ‘udi-

120 1669 212 1726 sti.
243 1690 263 1722 ι
298 1670 456 1726 Tunc
485 1683 736 1727 monente
759 1672 1050 1728 Valeriano
1070 1671 1231 1742 jussit
1266 1674 1483 1738 Decius,
1535 1687 1593 1730 ut
1620 1677 1720 1730 du-

1819 495 2111 548 veniebant
2137 496 2202 548 ad
2237 496 2451 550 beatum
2483 494 2859 554 Laurentium,
2898 503 2954 547 et
3000 491 3236 561 ponebat
3285 507 3401 545 ma-

1820 602 1944 641 num
1974 603 2135 664 super
2165 602 2350 641 eorum
2378 588 2563 642 oculos
2588 597 2642 640 et
2678 584 3136 638 illuminabantur.
3197 580 3402 635 Videns

1819 679 1921 732 hoc
1955 678 2174 747 lpolilus
2203 677 2496 749 [credidit],
2519 687 2679 747 atque
2707 676 3010 745 baptizatus
3029 684 3134 729 est.
3153 673 3231 727 Ex
3256 689 3406 726 man-

1818 769 1943 821 dato
1972 770 2164 823 ductus
2185 778 2267 824 est
2295 771 2481 824 bea1us
2502 767 2825 823 Laurentius
2879 776 3004 820 ante
3053 772 3414 832 conspectum.

1821 856 2112 911 Valeriani.
2147 858 2246 924 Qui
2273 858 2413 911 dixit
2443 858 2598 911 beato
2625 857 2958 911 Laurentio:
3000 873 3016 905 ι
3053 852 3171 907 Jam
3197 854 3405 922 depono

1817 945 2190 1014 pertinaciam,
2220 956 2274 1000 et
2304 946 2370 999 da
2401 955 2662 1011 tesauros,
2691 960 2827 1014 quos
2853 943 2992 1014 apud
3041 951 3093 996 te
3147 941 3406 1009 cogttmi-

1819 1051 1939 1088 mus
1993 1051 2111 1089 esse
2165 1037 2491 1090 reconditos.
2535 1055 2552 1086 ι
2607 1035 2704 1089 Cui
2763 1043 2983 1088 sanctus
3032 1029 3403 1085 Laurentius:

1823 1145 1840 1176 ι
1884 1126 1955 1178 Da
1985 1126 2114 1178 mihi
2149 1127 2381 1179 indutias
2415 1125 2574 1178 biduo
2625 1123 2706 1176 Vt'l
2736 1124 2934 1188 triduo,
2965 1131 3018 1176 et
3061 1137 3137 1190 pri
3161 1118 3276 1174 fero
3305 1119 3403 1172 tibi

1821 1217 2124 1271 thesauris.
2153 1237 2169 1266 ι
2209 1218 2291 1271 Ab
2320 1217 2507 1272 eadem
2533 1217 2618 1270 die
2646 1215 2860 1281 collegit
2883 1228 3060 1276 cecos,
3102 1211 3327 1265 claudos
3349 1221 3406 1262 ct

1819 1308 2024 1363 debiles
2054 1325 2336 1379 pauperes,
2364 1319 2419 1363 ct
2444 1307 2728 1363 abscondit
2753 1308 2805 1360 in
2835 1307 2994 1360 domu
3037 1303 3254 1373 llipoliti
3287 1315 3402 1356 eos.

1826 1398 2136 1454 Valerianus
2164 1398 2635 1453 autemtnmtiavit
2697 1396 2882 1450 Decio.
2934 1394 3077 1464 quod
3126 1391 3405 1462 promissil

1822 1490 1960 1544 datis
1996 1489 2096 1543 sibi
2123 1489 2340 1543 indutiis
2387 1489 2712 1544 Laurentius
2761 1487 3061 1541 thesaurs.
3116 1482 3406 1551 Completis

1820 1596 1949 1652 ergo
1981 1581 2150 1636 tribus
2184 1583 2390 1640 diebus.
2427 1580 2760 1653 presentavit
2785 1595 2842 1634 sc
2866 1580 3040 1648 ipsum
3103 1576 3155 1628 in
3204 1575 3405 1644 palatio

1823 1669 2161 1734 Salustiano;
2192 1681 2246 1726 et
2271 1671 2408 1725 dixit
2434 1672 2482 1724 ei
2513 1671 2742 1725 Decius:
2781 1688 2798 1719 ‹
2831 1667 2932 1721 Ubi
2959 1677 3086 1720 sunt
3140 1664 3402 1728 thesauri,

117 1772 382 1816 cerentur
406 1761 472 1816 ad
508 1762 766 1831 templum
803 1762 1016 1825 Martis;
1064 1773 1119 1820 et
1159 1765 1205 1818 si
1259 1765 1465 1820 nollent
1519 1767 1721 1821 sacrili-
1751 1763 1794 1822 Β
1823 1778 1960 1831 quos
1991 1763 2265 1832 pollicitus
2299 1778 2359 1815 es
2391 1763 2726 1831 prescntari?
2750 1781 2766 1810 ι
2816 1759 3010 1813 Beatus
3059 1757 3114 1810 L:
3137 1755 3404 1814 urenlius,

119 1864 274 1914 care,
329 1849 382 1904 in
418 1852 607 1906 eodem
654 1852 774 1906 loco
827 1853 1008 1922 capite
1055 1862 1458 1908 truncarenlur.
1522 1856 1716 1912 Edncti

120 1953 254 1993 vero
286 1939 433 1995 foras
470 1957 685 1996 murum
712 1944 1072 2016 portaeApiaa,
1107 1943 1246 1998 dixit
1284 1945 1476 2002 beatus
1526 1946 1714 2004 Sixtus

122 2031 188 2084 ad
225 2030 487 2099 templum
513 2032 698 2088 Martis
729 2049 745 2087 :
781 2054 800 2086 ‹
853 2033 1108 2091 Destruet
1156 2045 1208 2092 te
1242 2036 1517 2104 Christus,
1573 2040 1715 2096 {ilius

122 2119 216 2172 Dei
277 2121 407 2174 vivi.
448 2141 467 2173 ›
529 2123 663 2178 Cum
723 2126 1128 2196 respondissent
1183 2141 1372 2183 oumcs
1433 2131 1717 2187 christiani

126 2227 144 2258 ι
164 2210 363 2276 Amen,
385 2229 404 2263 ι
423 2213 602 2268 subito
622 2215 819 2269 cecidit
842 2216 1021 2287 aliqua
1047 2233 1173 2288 pars
1199 2219 1404 2288 templi.
1420 2219 1570 2276 Tunc
1592 2221 1717 2277 bea-

123 2311 208 2354 tus
236 2301 569 2360 Laurentius
598 2307 740 2376 cepit
761 2308 1001 2362 clamare
1028 2324 1041 2360 :
1073 2326 1090 2360 ‘t
1127 2309 1241 2363 Non
1263 2325 1345 2363 me
1363 2311 1714 2382 derilinquas,

121 2404 280 2462 pater
308 2404 520 2463 sancte,
547 2399 635 2467 qui
669 2407 915 2455 tesauros
953 2399 1066 2468 jam
1103 2401 1330 2471 expendi
1372 2418 1508 2471 quos
1553 2406 1718 2459 tradi-

121 2486 250 2540 disti
294 2485 450 2540 mihi.
487 2505 507 2539 ι
549 2487 745 2543 Milites
799 2499 982 2544 autem
1029 2491 1313 2545 audientes
1353 2491 1421 2545 de
1467 2495 1713 2558 tesauris,

123 2587 422 2632 tenuerunt
447 2578 668 2634 beatum
708 2579 1063 2636 Laurentinum
1097 2583 1565 2651 archidiaconum,
1589 2603 1715 2640 san-

119 2673 271 2719 ctum
306 2681 439 2720 vero
476 2666 692 2723 Sixtum
748 2681 805 2725 et
858 2669 1258 2727 Felicissimum
1313 2685 1368 2728 et
1427 2675 1716 2746 Agapitum

120 2759 398 2814 duxerunt
454 2760 509 2814 in
553 2761 750 2816 clivum
801 2763 986 2819 Martis
1039 2773 1166 2820 ante
1223 2765 1513 2836 templum:
1559 2778 1611 2821 et
1645 2769 1717 2830 ibi

121 2851 378 2906 decollati
419 2862 545 2908 sunt
581 2854 613 2908 8
646 2853 768 2910 ldus
797 2856 1047 2926 Augusti.
1083 2856 1256 2912 Noctu
1304 2868 1569 2914 venerunt
1609 2862 1719 2914 clc-

123 2944 224 2998 rici
255 2955 310 2998 et
340 2946 581 3001 maxima
611 2963 737 3017 pars
787 2950 1233 3012 Christianorum,
1288 2961 1343 3006 et
1386 2951 1718 3021 collegerunt

123 3049 352 3104 corpora
391 3046 726 3099 sanctorum,
759 3046 812 3091 ct
843 3038 1164 3106 sepilierunt
1214 3037 1426 3094 Sixtum
1459 3039 1512 3094 in
1545 3041 1716 3108 cripta

1819 1854 2042 1910 collecta
2073 1855 2414 1907 multitudine
2442 1869 2736 1924 pauperum
2767 1891 2782 1917 ,
2817 1851 3114 1905 introduxit
3162 1849 3215 1900 in
3247 1846 3397 1915 palao

1819 1947 1974 2012 tium,
2008 1957 2061 2002 et
2087 1962 2217 2002 voce
2248 1963 2438 2017 magna
2469 1947 2604 2000 dixit
2631 1964 2643 1974 ο
2682 1963 2700 1996 ι
2738 1945 2874 1998 Ecce
2907 1942 2991 1996 isti
3020 1951 3144 1996 sunt
3165 1934 3409 1992 thesauri

1818 2040 2030 2103 aeterni,
2061 2039 2152 2107 qui
2205 2054 2480 2107 nunquam
2523 2038 2842 2091 minuuntur
2896 2050 2995 2089 nec
3055 2032 3405 2086 decrescunt.

1819 2129 1909 2198 qui
1940 2131 1991 2183 iu
2019 2129 2242 2198 singulis
2269 2139 2627 2200 asperguntur
2654 2138 2707 2182 et
2735 2129 2785 2181 in
2818 2125 3072 2181 omnibus
3125 2121 3409 2176 inveniun-

1824 2231 1931 2276 tur.
1979 2241 1996 2273 ι
2030 2221 2347 2275 Valerianus
2374 2221 2644 2290 prefectus
2671 2219 2806 2272 dixit
2844 2237 2854 2270 :
2889 2236 2906 2268 ‹
2942 2215 3078 2282 Quid
3105 2213 3282 2266 varias
3313 2225 3409 2280 per

1820 2311 2052 2364 multas?
2088 2309 2344 2365 Sacriﬁca
2376 2311 2478 2364 diis
2510 2319 2562 2364 et
2591 2309 2907 2363 obliviscere
2948 2316 3091 2359 artes
3144 2301 3405 2372 magicas,

1821 2401 1873 2454 in
1902 2401 2099 2469 quibus
2133 2402 2376 2454 conﬁdis.
2408 2417 2425 2450 ›
2456 2400 2552 2454 Cui
2595 2416 2716 2453 eum
2759 2399 2985 2452 dixisset
3031 2397 3220 2450 beatus
3271 2393 3410 2446 Lau-

1821 2491 2027 2545 rentius
2057 2504 2070 2540 :
2109 2510 2125 2540 ‹
2169 2491 2344 2556 Quare
2379 2507 2472 2544 vos
2497 2491 2745 2544 choortat
2770 2489 2835 2519 ”'
2866 2487 3132 2550 diahulus,
3178 2484 3407 2538 utchri-

1819 2581 2013 2635 stianis
2042 2579 2237 2635 dicatis
2264 2581 2572 2636 sacrilicare
2621 2580 2924 2643 demonis,?
2953 2599 2969 2629 ιι
3021 2577 3211 2632 Decius
3237 2576 3408 2630 iratus

1815 2672 2120 2740 jussitcum
2151 2671 2410 2739 expoliari
2441 2683 2494 2726 et
2519 2671 2635 2724 cedi
2689 2687 2812 2724 cum
2865 2669 3262 2738 scorpionibus.
3303 2667 3406 2732 Qui

1821 2761 1945 2814 dum
1987 2763 2292 2826 cederetur,
2323 2763 2536 2818 dicebat
2567 2781 2577 2814 :
2616 2782 2633 2812 ι
2657 2763 2765 2831 Ego
2805 2761 3019 2829 quidem
3050 2760 3255 2829 gratias
3306 2776 3407 2828 ago

1821 2857 1930 2910 Deo
1953 2873 2095 2914 meo.
2119 2857 2208 2926 qui
2243 2873 2327 2909 me
2351 2857 2599 2929 dignatus
2623 2865 2705 2912 est
2731 2856 3063 2925 conjungere
3099 2855 3238 2908 inter
3289 2868 3406 2907 ser-

1821 2962 1914 2999 vos
1946 2963 2090 3001 suos.
2125 2949 2202 3001 Tn
2231 2958 2430 3008 autem,
2473 2949 2656 3011 miser,
2689 2946 3027 3017 torqueberis
3075 2945 3281 2999 insania
3314 2953 3408 2998 tua

1820 3047 1873 3092 ct
1901 3038 1950 3092 in
1981 3040 2162 3093 furore
2187 3050 2298 3094 tuo.
2325 3059 2343 3092 ι
2385 3041 2532 3094 Tunc
2563 3041 2752 3094 Decius
2774 3058 2785 3092 :
2807 3061 2822 3088 ι
2846 3038 3040 3092 chate
3067 3051 3188 3091 cum
3219 3036 3410 3093 etdato

124 3121 174 3174 in
204 3124 478 3178 cimiterio
501 3125 684 3180 Calisti
720 3127 772 3180 in
811 3128 1000 3184 eadem
1036 3130 1138 3182 via.
1177 3129 1410 3185 Sanctus
1436 3145 1565 3184 vero
1615 3130 1714 3185 Fe—
1743 3131 1786 3192 C
1817 3147 1977 3186 omne
1999 3149 2167 3201 genus
2193 3142 2603 3199 tormentorum,
2646 3153 2663 3184 ι
2692 3143 2745 3186 et
2778 3132 2953 3185 allata:
2979 3138 3104 3184 sunt
3137 3130 3409 3186 lammina:

125 3215 442 3272 licissiinum
471 3220 829 3290 etAgapitum
855 3231 1124 3292 martyres
1151 3222 1472 3291 sepilierunt
1526 3223 1577 3276 in
1640 3223 1717 3277 ci-

126 3307 341 3362 miterio
366 3307 690 3364 Pretextati.
726 3311 985 3366 Decollati
1037 3322 1163 3367 sunt
1216 3330 1342 3368 cuin
1401 3315 1481 3368 eis
1523 3323 1577 3368 et
1629 3315 1719 3370 alii

125 3408 382 3466 quatuor,
414 3401 552 3454 utin
581 3401 750 3470 gestis
779 3402 1204 3472 pontiﬁeialibus
1237 3403 1456 3473 legitur,
1521 3404 1720 3459 Janua-

124 3490 254 3551 rius,
288 3489 539 3560 Magnus,
577 3492 894 3549 Vincentius
931 3503 986 3548 et
1018 3495 1328 3566 Stephanus
1381 3496 1718 3553 subdiaconi.

124 3577 325 3636 Passus
355 3591 442 3637 est
462 3596 584 3637 cum
609 3585 690 3639 eis
720 3596 773 3640 et
795 3588 984 3640 beatus
999 3586 1258 3654 Quartus,
1301 3598 1357 3641 ut
1383 3588 1571 3642 scribit
1593 3577 1720 3642 bea-

125 3678 209 3725 tus
245 3671 628 3745 [Cyprianus].
671 3674 769 3730 Hic
817 3676 1010 3731 beatus
1059 3676 1246 3731 Sixtus
1292 3679 1432 3748 apud
1479 3679 1720 3733 Athenas

124 3773 282 3820 natus
311 3775 371 3819 et
427 3767 621 3822 doctus
677 3768 894 3838 quidem
928 3769 1077 3838 prius
1112 3770 1484 3840 philosophus,
1534 3781 1718 3841 postea

122 3854 330 3910 Christi
360 3855 658 3925 discipulus
689 3857 808 3911 fuit.
836 3857 987 3912 Sedit
1012 3867 1196 3914 autem
1223 3874 1365 3912 anno
1409 3875 1537 3922 ttno,
1571 3875 1720 3913 men-

121 3949 269 4004 sibus
305 3948 404 4012 10,
430 3947 621 4003 diebus
650 3948 741 4004 23.
783 3949 919 4003 Etsi
960 3963 1091 4020 ergo
1135 3958 1355 4004 sanctus
1411 3949 1716 4020 Ciprianus‘,

121 4040 210 4107 qui
245 4052 382 4095 tunc
421 4055 651 4110 presens
677 4050 818 4106 erat,
839 4041 958 4096 bare
979 4039 1219 4110 scripsit,
1271 4041 1395 4110 quis
1424 4055 1484 4093 ea
1517 4049 1675 4110 negat
1695 4043 1720 4093 ?

119 4129 330 4185 Tentus
361 4131 548 4200 itaque
575 4133 767 4187 beatus
796 4130 1124 4186 Laurentius
1145 4145 1174 4183 a
1205 4119 1491 4195 militibus,
1528 4139 1583 4182 et
1611 4138 1720 4184 tra-

122 4223 267 4280 ditus
295 4223 596 4279 Parthenio
631 4225 868 4280 tribuno.
901 4224 1029 4293 (An.
1061 4222 1246 4292 Mart.)
1303 4222 1405 4290 Qui
1448 4224 1721 4279 nunciarit

125 4314 308 4380 Decio,
352 4315 500 4384 quod
544 4314 888 4378 Laurentius,
916 4315 1007 4385 qui
1036 4315 1262 4370 haberet
1304 4315 1587 4370 thesauros
1642 4331 1721 4370 re-

121 4405 394 4468 conditos,
422 4406 840 4462 archidiaconus
873 4407 1097 4471 Christi,
1119 4406 1172 4459 in
1200 4407 1448 4460 custodia
1505 4416 1719 4460 tenere-

1823 3220 2225 3277 l‘erreas’”ante
2250 3232 2598 3293 conspectum
2622 3223 2735 3291 ejus
2760 3235 2815 3279 et
2838 3226 2961 3281 lecti
2985 3236 3040 3280 et
3061 3225 3322 3295 plumbati
3354 3234 3411 3278 et

1821 3312 1990 3366 cardi.
2032 3311 2162 3366 Post
2205 3313 2418 3367 vinctus
2467 3314 2675 3368 catenis
2713 3315 2904 3369 ductus
2937 3326 3022 3370 est
3047 3317 3237 3370 beatus
3266 3315 3413 3370 Lau-

1820 3401 2026 3455 rentius
2056 3402 2108 3455 in
2141 3403 2399 3472 palatium
2431 3403 2657 3471 Tiberii,
2705 3414 2762 3459 ut
2790 3405 2860 3458 ibi
2893 3405 3060 3476 gestis
3088 3405 3388 3460 audiretur.

1821 3493 1888 3546 Et
1912 3493 2049 3548 sedit
2075 3509 2171 3563 pro
2209 3494 2464 3548 tribunali
2501 3495 2553 3548 in
2581 3496 2800 3550 basilica
2833 3495 3000 3552 Jovis.
3036 3497 3160 3569 (An.
3216 3496 3407 3566 Mart.)

1823 3583 1889 3637 Et
1918 3593 2231 3653 prescntato
2273 3584 2590 3662 Laurentio,
2621 3601 2742 3640 cum
2774 3587 2823 3640 ei
2856 3587 3078 3641 dixisset
3120 3607 3131 3640 :
3167 3607 3185 3640 ‹
3222 3587 3406 3644 Sacri-

1823 3675 1923 3729 lica
1948 3677 2051 3730 diis
2075 3687 2127 3731 et
2154 3677 2264 3729 noli
2315 3677 2589 3732 conlidere
2644 3678 2695 3731 in
2751 3678 3020 3732 thesauris
3063 3695 3200 3749 quos
3241 3679 3409 3734 habes

1824 3766 2198 3829 absconditos,
2236 3785 2252 3816 ι
2291 3767 2481 3820 beatus
2514 3765 2838 3820 Laurentius
2885 3767 3052 3822 libere
3085 3771 3404 3838 re-pondit:

1828 3876 1846 3910 ‹
1878 3859 2018 3914 Vere
2041 3857 2256 3913 confido
2285 3869 2339 3912 et
2387 3863 2612 3912 securus
2658 3874 2775 3912 sum
2813 3857 2864 3912 in
2900 3859 3166 3914 thesauris
3193 3861 3346 3915 meis.
3385 3881 3404 3912 ι

1822 3951 2104 4007 Iracundia
2143 3951 2332 4020 plenus
2363 3950 2742 4018 Decinsjussit
2767 3966 2888 4004 eum
2926 3949 3126 4005 nudum
3157 3952 3408 4006 sentibus

1823 4041 1960 4094 cedi.
1993 4041 2093 4107 Qui
2129 4043 2252 4093 dum
2305 4041 2610 4102 cederetur,
2665 4039 2938 4094 clamabat
2993 4039 3060 4093 ad
3090 4055 3404 4095 cessarem:

1828 4153 1845 4184 ‹
1881 4132 2039 4198 Ecce,
2090 4131 2307 4193 misser,
2360 4131 2445 4185 rel
2478 4131 2637 4184 modo
2665 4147 2952 4200 cognosce,
2981 4131 3102 4200 quia
3129 4128 3408 4201 triumpho

1823 4222 1889 4277 de
1921 4221 2191 4276 thesauris
2236 4219 2440 4276 Christi
2481 4231 2534 4274 et
2564 4236 2670 4275 non
2720 4221 2894 4276 sentio
2925 4233 3192 4276 tormenta
3237 4233 3346 4276 tua.
3380 4242 3400 4275 ι

1822 4314 1902 4368 Ad
1932 4315 2043 4368 haec
2093 4312 2286 4368 Decius
2325 4311 2492 4366 fustes
2521 4313 2705 4383 augeri
2735 4321 2788 4366 ct
2819 4313 2948 4367 dare
2980 4312 3046 4366 ad
3093 4311 3258 4367 latera
3289 4313 3408 4382 ejus

1823 4405 2110 4459 lamminas
2135 4403 2338 4457 ferreas
2358 4403 2611 4458 ardentes
2634 4401 2814 4472 jussit.
2849 4403 3046 4458 Beatus
3085 4401 3409 4456 Laurentius

125 4508 236 4562 tur;
268 4499 366 4569 qui
395 4500 638 4568 gavissus
693 4501 820 4556 fecit
854 4515 976 4554 eum
1013 4498 1317 4570 prescntari
1350 4497 1476 4560 sibi,
1514 4505 1568 4552 et
1621 4514 1717 4552 au-
1748 4484 1794 4542 Ῐ)
1821 4496 1958 4551 dixit
1995 4505 2028 4549 :‘
2056 4516 2074 4546 ‹
2113 4495 2335 4549 Domine
2365 4494 2491 4550 .lcsu
2523 4495 2756 4559 Christe,
2794 4495 2935 4551 Dens
2965 4497 3032 4551 de
3078 4496 3211 4561 Deo,
3238 4497 3404 4550 mise-

125 4591 294 4644 ditum
327 4589 558 4644 tradidit
583 4604 707 4644 eum
732 4589 1020 4646 Valeriano
1059 4590 1338 4660 prel'ecto,
1387 4588 1476 4657 qui
1517 4597 1570 4643 et
1603 4589 1716 4659 ipse

123 4680 270 4734 dedit
291 4697 419 4736 eum
460 4682 513 4736 iu
552 4683 799 4737 custodia
865 4683 1085 4739 cuidam
1130 4683 1343 4752 lpolito,
1396 4693 1448 4739 et
1497 4683 1716 4752 lpolitns

126 4771 494 4826 rcclusiteum
525 4786 648 4826 cum
680 4773 883 4828 multis.
937 4773 1074 4827 Erat
1136 4774 1208 4826 ibi
1245 4773 1424 4839 homo,
1478 4773 1714 4828 Lucillns

125 4865 370 4928 nomine,
395 4880 591 4925 eecus,
635 4865 703 4918 ad
730 4881 891 4934 quem
917 4875 1138 4921 sanctus
1161 4865 1508 4919 Laurentius:
1534 4884 1552 4916 ‹
1586 4865 1713 4920 Cre-

127 4956 188 5009 de
218 4956 270 5010 in
303 4954 479 5009 ﬁlium
505 4955 598 5008 Dei
635 4956 912 5010 dominum
940 4955 1126 5011 .lcsum
1174 4955 1470 5034 Christum,
1515 4966 1569 5008 et
1626 4955 1718 5009 ba-

129 5047 353 5110 btizare,
383 5056 437 5100 et
474 5047 800 5102 illuminavit
825 5049 890 5082 ‘9‘
917 5059 987 5103 te.
1021 5070 1039 5101 ι
1102 5049 1396 5122 llespondit
1450 5047 1710 5102 Luc-illus:

134 5156 150 5185 ι
183 5138 422 5207 Egoipse
437 5137 740 5194 desiderari
767 5141 1023 5196 bahtizari
1058 5142 1112 5195 in
1138 5143 1352 5196 nomine
1381 5138 1583 5194 domini
1617 5152 1715 5192 no-

409 5231 468 5248 n.
526 5231 536 5243 ⁸
579 5233 610 5248 ,⁸
707 5231 752 5248 νη

1823 4601 1942 4641 rere
1973 4585 2102 4638 mihi
2150 4599 2308 4640 servo
2340 4593 2448 4647 tuo,
2503 4586 2594 4654 qui
2627 4597 2913 4640 accusatus
2969 4602 3073 4640 non
3116 4594 3166 4640 te
3190 4586 3404 4655 negavi,

1821 4676 2187 4747 interrogatus
2215 4685 2266 4730 te
2295 4673 2571 4729 dominum
2600 4675 2878 4730 Christum
2907 4675 3188 4732 cenfessus
3209 4693 3349 4730 sum.
3379 4695 3398 4726 ο

1821 4766 2039 4820 litdum
2069 4764 2373 4820 diutissime
2401 4778 2520 4818 cum
2551 4764 2844 4833 plumbatis
2882 4767 3190 4833 cederetur,
3231 4766 3408 4820 dixit:

1823 4875 1839 4907 ι
1885 4855 2110 4909 Domine
2163 4853 2290 4909 Jesu
2342 4854 2580 4920 Christe,
2605 4855 2695 4924 qui
2747 4869 2845 4923 pro
2891 4864 3076 4908 nostra
3115 4855 3290 4908 salute
3329 4853 3416 4906 di-

1815 4955 2010 5018 gnatus
2031 4960 2090 5001 cs
2126 4945 2356 5000 formam
2391 4945 2534 5000 servi
2576 4947 2846 5014 accipere,
2881 4954 2943 4999 ut
2979 4959 3080 4998 nos
3117 4961 3149 4998 a
3189 4942 3414 5000 servitio

1820 5044 2109 5094 deinonum
2155 5039 2439 5100 liberates,
2482 5035 2672 5106 accipe
2711 5035 2965 5104 spiritum
3024 5050 3232 5090 meum.
3267 5055 3286 5087 ι
3352 5031 3425 5084 Et

1821 5130 2003 5184 auslita
2063 5142 2145 5184 est
2216 5144 2319 5181 vox
2371 5145 2384 5181 :
2429 5147 2445 5178 ι
2495 5127 2692 5182 Adhuc
2739 5126 2909 5180 multa
2955 5128 3272 5182 certamina
3328 5120 3432 5174 tibi

1825 5225 2088 5248 .l..l-.-..e-...
2144 5242 2155 5246 -
2227 5221 2486 5246 [Fu-una..-
2548 5221 2584 5244 Ξ.

3267 5211 3432 5238 ...τίκ-ιο

2675 5226 2874 5242 ΑΑΙΑΑΟΑ
2942 5229 2987 5240 -ι
3044 5226 3257 5240 anAn-,2-
