3926 5326
496 360 597 415 683

1842 350 2127 407 MARIANI
2167 340 2410 405 SCOTI'I

3645 344 3748 400 68$

501 473 592 526 bat
634 490 645 523 :
683 489 700 522 ι
739 469 1063 526 Benedictus
1091 476 1243 540 pater
1264 467 1465 524 domini
1502 466 1672 522 nostri
1701 466 1828 520 Jesu
1853 466 2078 531 Christi,
2110 472 2154 529 Α
2185 461 2445 529 martiris,
2495 468 2549 516 et
2598 469 2859 515 venerunt
2905 460 2959 515 in
2991 459 3072 514 via
3093 457 3370 514 Tiburtina
3400 459 3455 513 in
3507 459 3751 529 pretium

505 564 595 633 qui
622 563 777 617 nobis
798 563 1007 619 donasti
1051 561 1504 626 misericordiam,
1553 574 1715 628 quam
1744 558 1923 612 meriti
1969 572 2075 612 non

499 669 709 719 sumus,
731 655 828 709 sed
873 662 948 720 tu,
982 654 1229 731 Domine,
1275 660 1495 723 propter
1520 658 1666 705 tuam
1714 649 1972 718 pietatem
2010 647 2077 701 da

500 745 657 800 nobis
685 745 934 815 gratiam,
963 752 1021 797 ut
1045 750 1377 813 cognoscant
1406 755 1596 797 omnes
1621 738 1823 795 circum
1842 737 2080 793 circum-

501 844 761 900 astantes,
823 832 972 907 quia]
1002 840 1058 886 tu
1098 832 1400 887 consolaris
1444 845 1633 886 servos
1659 836 1799 882 tuos.
1844 846 1864 880 ›
1927 824 2081 879 Tunc

505 938 647 977 unus
671 922 737 977 de
763 919 1047 985 militibus,
1091 920 1309 977 nomine
1334 920 1631 983 Romanus,
1661 916 1892 974 credidit
1911 914 2084 969 domi-

506 1027 576 1066 no
606 1021 791 1066 nostro
828 1009 955 1066 Jesu
1001 1002 1266 1077 Christo,
1294 1018 1351 1065 et
1378 1009 1514 1065 dixit
1551 1009 1712 1064 beato
1741 1005 2034 1061 Laurentio
2067 1022 2079 1057 :

509 1124 527 1155 ι
566 1101 732 1157 Video
748 1110 881 1174 ante
905 1101 969 1133 η’
1006 1109 1058 1177 te
1103 1100 1376 1155 hominem
1430 1098 1815 1177 pulcerrimum
1848 1104 2084 1151 stantem

506 1205 630 1245 cum
660 1189 865 1246 lintheo
892 1198 947 1246 et
972 1174 1343 1262 extergentem
1382 1174 1638 1265 membra
1658 1197 1771 1243 tua.
1802 1186 2007 1256 Adjuro
2038 1196 2089 1242 te

505 1296 605 1352 per
630 1280 926 1347 Christum,
959 1266 1075 1351 'qui
1096 1289 1148 1336 te
1177 1280 1353 1336 missit
1393 1277 1641 1350 angelum
1675 1293 1855 1344 suum,
1902 1290 1971 1331 ne
2001 1290 2089 1331 me

509 1369 870 1441 derelinquas.
909 1388 928 1421 ι
960 1360 1197 1426 Levatus
1214 1369 1549 1441 ergobeatus
1572 1367 1766 1422 martir
1798 1375 1853 1421 et
1881 1365 2090 1422 solutus

510 1464 578 1516 de
602 1470 830 1527 catasta,
897 1446 1141 1516 redditus
1193 1470 1277 1516 est
1328 1458 1566 1530 Hipolito
1622 1468 1733 1513 tum
1776 1458 1830 1512 in
1863 1457 2088 1528 palatio.

511 1551 747 1607 Veniens
800 1559 978 1607 autem
1012 1549 1288 1606 Romanus
1327 1548 1557 1605 oilerens
1604 1563 1822 1617 aquam,
1867 1547 2092 1603 misitse

512 1645 579 1699 ad
604 1644 772 1714 pedes
800 1643 942 1699 beati
970 1643 1245 1698 Laurentii
1270 1651 1330 1697 ut
1368 1641 1758 1699 babtizarctur.
1790 1640 1893 1709 Qui
1931 1626 2093 1697 bene-

2151 550 2154 554 “
2180 561 2443 607 matronae
2475 550 2649 607 viduae
2679 549 2926 615 Ciriacze,
2961 550 3016 604 in
3040 564 3173 620 agro
3202 546 3418 605 Verano
3440 565 3455 614 ;
3480 547 3549 602 ad
3593 563 3750 616 quam

2181 643 2297 714 ipse
2344 642 2537 699 beatus
2593 642 2788 697 martir
2836 641 3014 696 fuerat
3044 650 3228 705 noctu,
3279 640 3368 695 cui
3398 650 3455 696 et
3503 638 3752 694 linthium

2182 735 2349 801 dedit,
2398 737 2542 789 unde
2586 734 2751 803 pedes
2798 743 3112 790 sanctorum
3144 731 3392 788 extersit.
3441 730 3512 785 Et
3539 730 3614 785 ibi
3647 728 3756 800 jam

2181 824 2317 879 hora
2342 825 2643 894 vespertina
2698 824 3011 894 sepilierunt
3037 838 3162 879 eum
3186 822 3243 877 4.
3292 822 3370 877 id.
3424 822 3640 892 August
3663 862 3681 887 ,
3705 831 3760 877 et

2179 910 2560 984 ieiunaverunt
2589 924 2810 986 agentes
2835 913 3045 986 vigilias
3078 913 3251 969 noctis
3278 912 3456 967 triduo
3483 925 3608 966 cum
3630 910 3764 964 mulo

2187 1002 2414 1058 titudine
2489 1004 2929 1059 christianorum.
2996 1002 3193 1059 Beatus
3272 1010 3458 1057 autem
3521 998 3763 1055 Justinus

2186 1092 2459 1163 prespiter
2485 1092 2681 1148 obtulit
2726 1091 3051 1149 sacriﬁcium
3101 1092 3296 1157 laudis,
3350 1101 3409 1147 et
3456 1091 3764 1163 participati

2188 1194 2311 1242 sunt
2358 1200 2546 1241 omnes
2570 1200 2635 1241 ex
2667 1180 2752 1242 eo'.
2780 1185 2982 1242 Eodem
3013 1185 3102 1241 die
3125 1184 3311 1241 Romae
3351 1185 3592 1240 militum
3619 1199 3769 1239 sexa-

2189 1277 2339 1347 ginta
2365 1275 2607 1348 quinque
2663 1286 2792 1333 tunc
2818 1277 2965 1347 passi
3015 1285 3162 1341 sunt,
3189 1275 3476 1342 Claudius,
3516 1275 3767 1337 Severus,

2190 1366 2542 1423 Crescentios
2583 1376 2639 1421 et
2688 1366 2989 1432 Romanus,
3044 1366 3164 1437 ipso
3191 1366 3277 1422 die
3321 1382 3434 1437 quo
3472 1366 3770 1429 beatus“,

2194 1464 2315 1531 post
2357 1457 2573 1512 tertium
2609 1457 2753 1512 diem
2785 1458 2957 1514 sancti
2989 1456 3151 1512 Sixti.
3178 1488 3249 1497 —
3280 1456 3453 1511 Bome
3480 1456 3612 1511 ldus
3639 1456 3770 1526 Aug.

2194 1546 2391 1629 natalis.
2416 1548 2585 1604 sancti
2620 1547 2795 1618 lpoliti
2848 1548 3218 1607 martirissub
3249 1550 3415 1605 Decio
3447 1549 3775 1619 imperatore

2199 1648 2253 1695 et
2280 1638 2564 1696 Valeriano
2617 1639 2881 1711 prefecto.
2915 1641 3071 1697 Hune
3096 1641 3312 1697 beatum
3346 1640 3603 1712 lpolitum
3636 1640 3773 1695 rica-

511 1733 652 1787 dicta
680 1748 821 1805 aqua
869 1732 1167 1787 babtizavit
1223 1747 1366 1788 eum.
1411 1731 1563 1800 Quod
1623 1732 1826 1788 factum
1870 1732 2096 1787 audiens
2198 1730 2337 1784 rium
2370 1740 2594 1786 sanctus
2646 1730 2994 1797 Laurentius,
3048 1747 3170 1787 cum
3224 1732 3367 1802 apud
3399 1747 3529 1788 eum
3560 1732 3777 1786 essetin

514 1823 729 1885 Decius,
747 1822 911 1889 jussit
949 1837 1071 1876 eum
1112 1820 1214 1875 sibi
1250 1820 1494 1877 exhiberi
1526 1836 1646 1876 cum
1698 1820 1951 1877 fustibus.
1975 1819 2091 1875 Non
2128 1805 2167 1864 Β
2197 1821 2460 1888 custodia,
2489 1822 2801 1878 babtizavit.
2827 1821 2929 1890 Qui
2950 1823 3017 1879 de
3037 1824 3239 1879 sanctis
3258 1824 3523 1893 exsequis
3544 1823 3777 1878 inartiris

514 1914 881 1983 interrogatus
936 1912 1174 1967 clamare
1221 1912 1410 1982 cepit:
1443 1931 1461 1965 ι
1498 1911 1840 1969 Christianus
1888 1927 2030 1978 sum,
2069 1931 2097 1993 )1

514 2012 570 2059 et
587 2002 811 2074 jubente
841 2001 1004 2057 Decio
1035 2002 1261 2058 eductus
1289 2002 1438 2059 foras
1466 2018 1654 2059 muros
1682 2014 1852 2075 portae
1874 2002 2095 2059 Salar'ae

515 2093 812 2149 decollatus
862 2101 945 2148 est
991 2091 1046 2146 5.
1093 2092 1170 2148 ld.
1219 2093 1449 2164 August.
1497 2093 1664 2165 Cujus
1708 2109 1907 2166 corpus
1933 2105 2094 2150 noctu

517 2183 996 2256 collegitJustinus
1042 2186 1312 2257 prespiter
1334 2195 1393 2242 et
1434 2185 1685 2256 sepelivit
1724 2185 1779 2240 in
1815 2186 2013 2256 cripta,
2043 2187 2095 2241 in

518 2290 651 2347 agro
676 2275 908 2331 Verano.
958 2274 1153 2332 Decius
1199 2285 1383 2333 autem
1428 2290 1587 2332 cesar
1618 2277 1799 2347 pergit
1844 2285 2007 2332 noctu
2031 2276 2097 2331 ad

519 2373 723 2419 termas
762 2362 916 2433 juxta
968 2364 1223 2434 palatium
1276 2363 1519 2433 Salustii,
1561 2374 1618 2420 et
1670 2364 1903 2422 exibitus
1929 2375 2013 2421 est
2051 2365 2099 2420 ei

518 2458 716 2515 iterum
760 2466 981 2515 sanctus
1031 2457 1381 2527 Laurentius,
1441 2446 1511 2515 et‘
1545 2458 1708 2516 allata
1755 2468 1881 2516 sunt
1918 2460 2101 2516 omnia

523 2537 738 2620 genera.
773 2542 1187 2618 termentorum,
1232 2551 1518 2622 plumbati,
1564 2552 1753 2618 fustes,
1809 2552 2101 2617 lamminae,

525 2659 748 2716 ungues,
780 2642 985 2709 lectuli,
1006 2643 1196 2699 batuli.
1227 2644 1447 2701 Etdixit
1470 2645 1629 2702 beato
1650 2644 1862 2701 martiri
1892 2664 1906 2701 :
1939 2665 1957 2697 ι
1983 2644 2103 2699 Jam

527 2733 737 2804 depone
771 2731 1050 2804 perﬁdiam
1083 2725 1217 2790 artis
1261 2734 1486 2806 magicae
1529 2746 1585 2791 et
1614 2736 1700 2792 die
1749 2736 1905 2792 nobis
1938 2752 2105 2808 gene-

527 2823 837 2880 rossilatem
888 2832 1053 2878 tuam.
1091 2841 1110 2875 ι
1143 2822 1243 2879 Cui
1295 2824 1485 2881 beatus
1509 2824 1837 2881 Laurentius
1868 2843 1881 2880 :
1911 2843 1930 2877 ι
1964 2826 2108 2893 Quo-

528 2914 675 2970 niam
730 2929 900 2985 genus
968 2913 1240 2984 Hispanus
1305 2930 1445 2982 sum,
1495 2917 1738 2973 eruditus
1798 2919 2110 2974 etnutritus

528 3005 834 3069 Romanus,
865 3014 919 3059 et
951 3022 983 3059 a
1028 3004 1316 3061 cunabulis
1340 3005 1693 3074 christianos,
1720 3022 1839 3063 sum
1867 3009 2112 3064 eruditus

525 3109 745 3150 omnem
794 3094 971 3167 legem
1028 3105 1271 3150 sanctam
1319 3105 1376 3151 et
1422 3096 1681 3152 divinam.
1719 3117 1736 3151 ι
1769 3098 1836 3152 Et
1862 3098 2105 3155 Decius:

532 3209 549 3238 ι
580 3188 840 3252 Sacrilica
864 3188 986 3253 diis,
1032 3203 1157 3243 nam
1187 3202 1292 3244 nox
1328 3188 1429 3243 ista
1466 3189 1518 3243 in
1547 3198 1598 3242 te
1625 3172 1961 3260 expendetur
1986 3206 2110 3246 cum

527 3278 786 3348 supliciis.
819 3298 837 3331 ι
873 3296 891 3330 ι
930 3277 1068 3343 Mea,
1100 3279 1297 3348 inquit,
1321 3276 1426 3333 riox
1470 3279 1761 3335 obscurum
1792 3294 1898 3334 non
1926 3281 2109 3349 habet,

529 3356 624 3422 sed
645 3368 825 3422 omnia
854 3367 911 3422 in
956 3366 1077 3424 luce
1101 3368 1372 3425 clarescit.
1411 3388 1430 3423 ι
1464 3369 1533 3424 Ει
1569 3384 1694 3425 cum
1721 3371 2006 3426 cederetur
2031 3372 2111 3427 la-

528 3457 766 3527 pidibus,
794 3472 855 3512 os
893 3458 1011 3528 ejus
1050 3458 1283 3528 ridebat,
1322 3469 1379 3516 et
1414 3459 1831 3519 confortabatur
1880 3472 1935 3520 et
1964 3465 2112 3520 dice-

527 3550 659 3602 bat:
693 3568 710 3600 ‹
751 3547 970 3604 Gratias
993 3550 1088 3605 tibi
1117 3566 1240 3622 ago,
1267 3552 1358 3622 qui
1400 3562 1454 3607 tu
1480 3567 1539 3609 es
1564 3553 1755 3627 [Deus]
1784 3557 2049 3613 omnium.
2081 3577 2101 3610 ι

530 3640 743 3696 Allatus
800 3649 982 3696 autem
1031 3652 1113 3697 est
1132 3641 1307 3699 lectus
1356 3659 1481 3700 cum
1519 3636 1692 3702 tribus
1721 3647 1907 3714 costis,
1937 3657 1991 3705 et
2017 3664 2115 3705 ex-

533 3731 765 3799 poliatus
791 3731 986 3786 beatus
1008 3730 1335 3790 Laurentius
1357 3734 1695 3790 vestimentis
1716 3738 2116 3803 suis,extentus

531 3832 617 3879 est
661 3823 715 3878 in
768 3831 976 3878 cratem
1014 3821 1275 3892 ferream,
1329 3833 1386 3880 et
1418 3824 1563 3880 allati
1608 3835 1738 3882 sunt
1782 3828 1952 3884 batuli
1983 3846 2107 3885 cum

531 3913 742 3985 prunis.
776 3912 845 3967 Et
889 3912 1185 3970 misseruut
1211 3916 1310 3971 sub
1354 3926 1562 3973 cratem
1592 3916 1846 3974 ferream.
1892 3919 2114 3976 Etcum

534 4004 701 4060 furcis
736 4003 927 4061 ferreis
953 4014 1231 4063 coartatus
1256 4006 1507 4078 desuper,
1533 4009 1671 4064 dixit
1698 4010 1860 4066 Decio
1884 4028 1898 4065 :
1925 4028 1945 4062 ι
1978 4012 2120 4068 Ecce

539 4111 624 4150 me
647 4095 818 4150 obtuli
850 4097 1178 4152 sacriﬁcium
1199 4098 1309 4153 Deo
1339 4099 1394 4154 in
1414 4099 1638 4159 odorem
1659 4101 1963 4168 suavitatis,
1991 4103 2117 4173 quia

535 4185 865 4241 sacriﬁcium
890 4186 1002 4242 Deo
1042 4197 1127 4243 est
1155 4187 1380 4258 spiritus
1415 4189 1835 4246 contribulatus.
1871 4187 1894 4244 ι’
1923 4191 2120 4248 Carni-

530 4268 667 4329 ‘tices
696 4282 877 4330 tamen
911 4285 1166 4346 urgentes
1198 4275 1581 4334 ministrabant
1609 4280 1877 4336 carbones
1904 4282 2123 4338 mitten-

540 4376 623 4422 tes
652 4366 752 4422 sub
792 4376 1021 4433 cratetn,
1050 4375 1106 4422 et
1133 4368 1364 4440 desuper
1399 4369 1821 4439 comprimentes
1840 4387 1963 4428 eum
1999 4389 2121 4430 cum

2194 1921 2317 1984 post
2371 1913 2439 1969 ad
2491 1913 2711 1969 domum
2738 1929 2892 1969 suam
2926 1913 3161 1979 rediens,
3206 1913 3354 1971 dedit
3384 1928 3583 1984 pacem
3625 1914 3779 1969 etiam

2196 2005 2449 2061 omnibus
2478 2004 2652 2060 servis
2670 2005 2788 2060 suis
2827 2013 2881 2060 et
2922 2004 3153 2073 ancillis,
3182 2014 3237 2060 et
3262 2004 3696 2062 communicavit
3719 2004 3780 2059 de

2199 2095 2468 2154 sacriﬁcio
2496 2095 2684 2152 altaris
2714 2084 2855 2153 beati
2889 2095 3165 2153 Laurentii
3193 2096 3564 2172 martiris.‘Et
3582 2098 3779 2166 possita

2199 2202 2386 2244 mensa
2424 2186 2746 2258 priusquam
2774 2187 2955 2243 cibum
2985 2196 3243 2255 sumeret,
3272 2197 3550 2243 venerunt
3594 2187 3781 2242 milites

2200 2287 2254 2334 et
2277 2268 2565 2332 tenuerunt
2595 2293 2721 2333 eum
2753 2265 2829 2332 'et
2856 2276 3229 2347 perduxerunt
3273 2278 3342 2333 ad
3380 2277 3635 2333 Decium.
3662 2277 3783 2344 Quae

2201 2368 2388 2424 videns
2432 2366 2628 2424 Decius
2663 2366 2954 2431 subridens
3002 2366 3140 2423 dixit
3162 2367 3211 2422 ei
3243 2382 3258 2421 :
3295 2385 3314 2419 ι
3344 2364 3627 2437 Numquid
3649 2377 3704 2425 et
3729 2378 3782 2421 tu

2205 2474 2394 2531 magus
2437 2457 2650 2515 eiectus
2698 2472 2779 2525 es,
2826 2457 2919 2528 qui
2953 2472 3152 2529 corpus
3181 2457 3464 2537 Laurentii
3499 2458 3782 2515 abstulisse

2206 2549 2445 2607 diceris?
2480 2568 2498 2600 ι
2540 2548 2776 2605 Sanctus
2819 2548 3039 2620 lpolitus
3092 2550 3412 2620 respondit:
3450 2568 3470 2603 ι
3518 2549 3636 2606 Hoc
3663 2548 3782 2613 feci,

2207 2649 2314 2697 non
2363 2641 2518 2713 quasi
2571 2656 2759 2713 magns
2785 2656 2929 2709 sum,
2967 2642 3124 2713 quasi
3151 2642 3508 2698 christianus.
3540 2662 3560 2694 ι
3597 2642 3786 2697 Decius

2208 2728 2390 2785 lurore
2438 2736 2691 2798 arreptus
2728 2728 2891 2798 jussit
2944 2742 3002 2786 ut
3054 2745 3179 2786 cum
3242 2731 3514 2801 lapidibus
3552 2747 3616 2788 os
3676 2733 3787 2801 ejus

2208 2821 2651 2876 contunderetur.
2685 2819 2751 2875 Et
2775 2820 3071 2890 expoliavit
3098 2836 3222 2877 eum
3250 2831 3423 2888 veste,
3450 2836 3561 2892 qua
3606 2822 3788 2876 indue-

2210 2909 2371 2965 batur
2425 2909 2611 2965 habitu
2675 2909 2996 2976 christiano,
3057 2918 3114 2964 et
3160 2909 3298 2965 dixit
3340 2909 3392 2965 ei
3421 2927 3439 2963 :
3474 2930 3494 2961 ι
3533 2910 3788 2964 δέοΐίῧίί

2213 2998 2336 3065 diis,
2367 3007 2422 3054 et
2451 3000 2629 3065 vives,
2659 3000 2740 3056 sin
2781 2999 2961 3066 aliter,
2988 3000 3165 3071 pcries
3212 3014 3310 3071 per
3344 3009 3618 3056 tormenta
3651 3001 3789 3055 sicut

2214 3092 2556 3149 Laurentius.
2599 3110 2617 3144 ι
2666 3091 2900 3148 Sanctus
2933 3091 3154 3163 lpolitus
3205 3092 3379 3148 dixit:
3420 3113 3438 3145 ι
3475 3092 3789 3164 Exemplum

2214 3198 2427 3240 merear
2479 3183 2625 3238 beati
2676 3182 2955 3240 Laurentii
3007 3184 3248 3238 martir-is
3301 3184 3440 3248 fieri,
3489 3199 3653 3254 quem
3714 3195 3789 3247 tu,

2212 3274 2432 3340 misser,
2456 3290 2623 3329 ausus
2646 3274 2795 3330 fuisti
2835 3289 2930 3330 ore
2976 3274 3184 3346 polluto
3215 3275 3519 3332 nominare.
3541 3295 3560 3327 ι
3591 3276 3789 3331 Exten-

2213 3380 2306 3421 sus
2338 3365 2504 3435 igitur
2558 3365 2790 3423 fustibus
2833 3375 2887 3422 et
2927 3366 3106 3422 cardis
3152 3367 3242 3422 diu
3270 3382 3455 3424 cessus
3489 3377 3595 3433 est,
3626 3368 3791 3424 donec

2214 3455 2468 3512 cedentes
2516 3454 2851 3512 defecerunt.
2904 3455 3034 3512 inde
3084 3456 3297 3513 levatus
3340 3474 3371 3511 a
3418 3467 3593 3523 terra,
3634 3457 3793 3527 jussit

2209 3548 2339 3601 eum
2370 3546 2564 3602 Decius
2590 3547 2775 3603 vestiri
2829 3547 3061 3604 militare
3087 3555 3258 3615 veste,
3296 3563 3402 3619 qua
3434 3540 3653 3619 gentilis
3679 3555 3788 3603 ute-

2215 3640 2396 3706 batur,
2428 3648 2483 3696 et
2511 3639 2651 3694 dixit
2680 3638 2730 3694 ei
2764 3656 2777 3693 :
2807 3658 2825 3691 ι
2857 3639 3056 3696 Recole
3091 3638 3344 3695 militiam
3376 3648 3547 3706 tuam,
3576 3648 3634 3695 et
3677 3650 3791 3694 esto

2218 3743 2406 3790 noster
2434 3734 2663 3801 amicus,
2695 3743 2751 3789 et
2784 3735 2836 3790 in
2860 3743 3153 3805 conspectu
3184 3744 3372 3789 nostro
3399 3743 3555 3790 utere
3578 3734 3646 3765 ¹⁹⁹
3664 3733 3794 3788 mili-

2220 3827 2348 3883 tiam
2372 3826 2679 3899 pristinam,
2713 3842 2876 3898 quam
2931 3842 3146 3898 semper
3170 3826 3434 3883 habuisti.
3464 3845 3483 3878 ι
3515 3825 3649 3882 Cum
3674 3826 3794 3880 hea-

2222 3927 2309 3973 tus
2332 3918 2522 3973 martir
2545 3918 2773 3974 dixisset
2801 3932 2816 3971 :
2853 3937 2872 3970 ‹
2901 3918 3092 3973 Militia
3123 3933 3243 3974 mea
3282 3918 3385 3974 hec
3408 3926 3516 3984 est,
3546 3916 3792 3973 christia-

2220 4024 2350 4065 num
2383 4008 2595 4065 iirmum
2637 4009 2890 4075 militare,
2922 4009 3065 4065 unde
3094 4010 3254 4080 cupio
3290 4010 3363 4064 ad
3408 4010 3642 4065 celerem
3675 4008 3787 4079 pal-

2202 4114 2365 4171 ‘mam
2392 4116 2514 4155 cum
2561 4090 2741 4156 fructu
2778 4102 2981 4168 venire,
3022 4120 3041 4154 ι
3078 4100 3362 4157 iracundia
3390 4100 3584 4171 plenus
3611 4099 3797 4154 Decius

2222 4191 2359 4251 dixit
2406 4190 2733 4248 Valeriano:
2766 4212 2784 4245 ι
2823 4192 3025 4263 Accipe
3068 4209 3259 4251 omnes
3300 4194 3589 4250 facultates
3608 4189 3795 4264 [ejus],

2222 4293 2279 4339 et
2302 4282 2544 4339 interﬁce
2567 4298 2691 4338 eum
2730 4283 2934 4339 crudeli
2966 4286 3388 4343 examinatione.
3430 4305 3451 4338 ι
3481 4284 3796 4340 Valerianus

2223 4389 2407 4445 porro,
2451 4375 2732 4444 exquesita
2784 4389 2946 4432 omne
2992 4376 3249 4434 facultate
3297 4376 3437 4447 ejus,
3499 4376 3700 4433 invenit
3743 4376 3795 4429 in

540 4457 709 4513 furcis
762 4457 972 4513 ferreis.
1012 4457 1246 4514 Sanctus
1288 4460 1617 4517 Laurentius
1669 4463 1852 4518 dixit:
1891 4482 1911 4518 ι
1944 4465 2119 4535 Disce,
2150 4479 2199 4540 ι)
2226 4466 2386 4521 domu
2431 4464 2605 4534 lpoliti
2660 4480 2876 4521 omnem
2925 4455 3187 4523 familiam
3219 4468 3606 4534 cbristianam,
3642 4483 3794 4538 quam

542 4549 757 4615 misser,
815 4558 1020 4619 quanta
1067 4559 1154 4606 est
1216 4550 1388 4607 virtus
1431 4552 1636 4609 domini
1687 4552 1781 4610 Dei
1810 4548 1956 4623 mei;
1996 4575 2121 4613 nam

530 4640 813 4699 carbones
845 4643 925 4699 tui
973 4643 1109 4699 mihi
1155 4643 1490 4715 refrigirium
1524 4655 1800 4727 prestant;
1835 4649 1932 4704 tibi
1976 4651 2121 4706 enim

544 4741 809 4787 aeternum
839 4732 1182 4805 supplicium,
1215 4735 1341 4806 quia
1363 4735 1481 4807 ipse
1502 4735 1764 4794 Dominus
1796 4740 1968 4806 novit,
1994 4742 2122 4811 quia

546 4833 834 4883 accusatus
869 4841 979 4882 non
1024 4826 1237 4898 negavi,
1285 4818 1657 4902 interrogatus.
1692 4828 1969 4888 Christum
1995 4848 2126 4890 con-

550 4915 724 4972 fessus
745 4932 887 4983 sum,
928 4925 1141 4974 assatus
1170 4918 1377 4989 gratias
1400 4934 1531 5001 vago.
1575 4938 1596 4973 ι
1630 4919 1699 4975 Et
1727 4920 1878 4978 vultu
1907 4923 2126 4992 pulcer-

549 5010 687 5065 rimo
736 5010 996 5066 dicebat:
1058 5004 1334 5068 (Gratias
1390 5025 1493 5080 ago
1556 5012 1676 5078 tibi,
1731 5012 1949 5071 domine
2001 5015 2128 5071 Jesu

2226 4565 2519 4628 conspectu
2586 4572 2685 4612 suo
2733 4559 3037 4627 presentari
3100 4557 3249 4616 fecit.
3301 4547 3546 4631 Etjussit
3592 4560 3791 4616 beatum

2225 4647 2473 4719 lpolitum
2512 4646 2662 4703 foras
2689 4663 2874 4704 muros
2900 4659 3070 4720 porta:
3111 4649 3411 4706 Tiburtinae
3439 4668 3566 4708 cum
3601 4650 3795 4708 familia

2227 4741 2371 4795 duci.
2414 4726 2615 4795 Beatus
2662 4739 2882 4809 lpolitus
2930 4741 3272 4799 confortabat
3322 4758 3519 4799 omnes
3573 4743 3790 4800 dicens:

2218 4849 2255 4909 Δι
2283 4829 2527 4896 Fratres,
2555 4829 2722 4885 nolite
2776 4841 3048 4901 metuere;
3106 4834 3233 4903 quia
3275 4849 3376 4906 ego
3403 4844 3460 4891 et
3508 4852 3608 4893 vos
3641 4852 3792 4890 unum

2219 4911 2517 4976 Dominum
2560 4919 2842 4977 habemus.
2876 4942 2915 4989 »η
2946 4922 3013 4977 Et
3059 4923 3309 4980 decoliati
3342 4934 3476 4981 sunt
3512 4926 3793 4998 promiscui

2231 5025 2395 5066 sexus
2414 5012 2506 5079 Ψ,
2541 5027 2771 5068 numero
2826 5013 2912 5067 19.
2958 5013 3154 5070 Beatus
3182 5032 3315 5072 vero
3358 5016 3611 5088 lpolitus,
3635 5019 3792 5090 ligatis

550 5099 782 5166 Christe,
809 5102 934 5171 quia
958 5101 1126 5156 merui
1148 5100 1346 5168 januas
1371 5110 1491 5177 tuas
1510 5101 1738 5173 ingredi.
1774 5121 1794 5155 ›
1824 5103 1893 5158 Ει
1921 5104 2132 5160 emissit
2220 5100 2457 5177 pedibus
2480 5101 2547 5157 ad
2573 5101 2707 5156 colla
2734 5102 3117 5161 indomitorum
3138 5121 3423 5177 equorum,
3455 5110 3541 5167 sic
3564 5126 3665 5182 per
3683 5125 3788 5167 ear-

553 5195 821 5252 sniritum.
880 5193 1035 5248 Mane
1088 5205 1265 5248 autem
1347 5196 1524 5252 prima
1587 5195 1764 5250 adhuc
1814 5196 2133 5252 crepusculo
2234 5192 2455 5249 duetum
2483 5203 2539 5248 et
2559 5195 2785 5251 tribulos
2804 5206 3032 5252 tractus.
3060 5199 3271 5252 emissit
3299 5201 3522 5252 beatum
3540 5205 3788 5252 snirilum.
