3926 5326
160 284 251 360 ὥς

1361 300 1750 358 CHRONICON
1759 343 1772 357 .

1809 333 1881 343 —
1915 303 2044 359 LIB.
2086 304 2170 358 lil.
3275 309 3395 401 686'

157 428 264 475 octo
288 399 913 472 cathedram‘teituerunt
944 400 1097 484 juxta
1133 414 1404 471 cronicam
1428 416 1697 491 .Eusebii;
1732 425 1778 480 Α
1812 431 1913 471 nus
1956 396 2079 472 cum
2133 418 2354 483 multis;
2411 419 2462 473 in
2517 418 2697 474 Sicilia
2746 421 2964 477 civitate
3008 421 3376 481 Catinensium

157 506 389 578 quamdiu
417 519 545 561 vero
591 503 887 583 secundum
942 504 1372 575 martirologium
1419 504 1695 567 sederunt,

156 595 415 652 dicendum
458 601 563 648 est.
595 593 793 649 Decius
831 592 1078 663 regnavit
1123 595 1280 646 anuis
1309 591 1393 646 16.
1426 591 1696 647 Fabianus

154 699 273 756 papa
310 696 496 753 passus
548 680 632 734 15.
688 679 808 734 Kal.
866 679 1175 745 Februarii,
1230 682 1283 735 in
1329 695 1473 735 anno
1521 680 1697 749 primo

155 773 300 829 Decii.
324 771 447 825 Inde
475 769 763 825 Cornelius
783 776 922 841 papa
951 770 1107 825 annis
1158 770 1387 837 duobus,
1420 771 1696 825 mensibus

152 875 273 929 octo,
334 880 523 935 passus
601 864 685 919 l8.
763 863 882 920 Kal.
933 864 1202 931 Octobris,
1254 865 1307 920 in
1348 881 1491 920 anno
1536 865 1696 920 tertio

153 957 301 1013 Decii.
353 955 479 1012 lude
531 955 730 1010 Lucius
778 971 916 1026 papa
964 956 1123 1011 annis
1166 957 1356 1020 tribus,
1415 956 1694 1012 mensibus

152 1048 379 1117 quinque,
426 1061 618 1117 passus
668 1045 769 1102 sub
826 1045 1418 1116 Valerianoprefeeto,
1452 1047 1505 1101 in
1550 1060 1694 1101 anno

149 1140 355 1207 septimo
380 1137 548 1202 Decii,
592 1137 648 1191 4.
702 1136 840 1192 Non.
877 1136 1075 1192 Martii.
1105 1137 1339 1193 Zelanus
1376 1152 1515 1206 papa
1537 1136 1693 1190 annis

150 1241 351 1301 septem,
406 1229 683 1286 mensibus
728 1229 985 1300 quinque,
1035 1244 1226 1301 passus
1274 1230 1375 1307 sub
1402 1228 1690 1283 Valeriano

149 1318 457 1390 prelectod.
498 1318 636 1375 Non.
691 1318 937 1390 Augusti,
984 1319 1037 1373 in
1085 1334 1227 1373 anno
1257 1318 1469 1374 decimo
1497 1325 1691 1385 quarto

151 1411 294 1467 Decii.
348 1410 534 1468 Sixtus
574 1426 715 1482 papa
750 1410 961 1465 duobus
1008 1408 1185 1473 annis,
1227 1422 1417 1478 passus
1469 1408 1523 1463 8.
1570 1407 1690 1464 Idus

148 1501 365 1572 Augusti,
409 1501 464 1555 in
507 1515 649 1555 anno
685 1498 773 1555 16.
806 1498 975 1553 Decii.
1006 1497 1099 1568 (cf.
1150 1496 1309 1567 Rea.)
1362 1496 1688 1555 Laurentius

149 1607 335 1663 quoque
375 1600 431 1645 et
473 1589 756 1662 Agapitus,
804 1589 1172 1645 Felicissimus
1228 1598 1392 1658 atque
1440 1590 1685 1660 lpolitus,

149 1685 270 1753 passi
318 1683 414 1739 sub
456 1683 639 1747 Decio,
683 1682 728 1738 si
755 1681 983 1737 ecclesia
1016 1695 1122 1735 non
1168 1679 1390 1735 fallitur.
1425 1682 1686 1737 Damnum

1800 507 2012 576 Agatba
2068 508 2259 578 virgo;
2310 508 2363 563 in
2420 507 2645 581 Perside
2692 509 3040 567 Polocronius
3071 512 3378 584 Babylonius

1802 593 2096 651 Tesil‘ontis
2146 598 2481 668 episcopus;
2524 592 2732 669 Pergen
2782 600 3112 673 Pamphylia:
3180 602 3392 660 Nestor'

1798 686 2118 755 episcopus;
2152 688 2204 741 in
2231 687 2476 743 Corduba
2513 690 2733 745 civitate
2761 692 3079 748 Parmenius
3108 688 3378 764 presbiter

1798 792 1919 830 cum
1948 777 2138 843 sociis;
2179 780 2318 847 apud
2372 781 2685 836 Circensem
2729 782 2996 838 coloniam
3021 774 3293 841 Mat-ianus
3320 796 3376 842 et

1796 866 2063 936 .laeobus;
2120 872 2173 927 in
2218 871 2385 927 Tltiro
2434 874 2685 929 Anatolia
2711 884 2765 929 et
2792 874 3016 943 Audax;
3044 879 3185 947 apud
3214 879 3377 933 Alfri-

1797 974 1916 1014 cum
1950 960 2303 1018 Nemosianus
2328 973 2384 1019 et
2432 964 2600 1030 Felix,
2662 965 2997 1037 Rogatianus
3026 970 3296 1039 presbiter
3321 980 3377 1025 et

1796 1049 2162 1109 Felicissimus
2190 1063 2244 1108 et
2265 1054 2553 1111 Dioscorus
2578 1071 2700 1111 cum
2735 1048 3153 1130 sociis.'(lltsn.)
3181 1060 3401 1116 Decius.

1795 1153 1915 1193 cum
1944 1140 2055 1194 lilio
2097 1141 2361 1196 occiditur
2386 1142 2555 1216 [inm
2606 1145 2810 1202 Abruto
2856 1147 3103 1204 Thracia:
3142 1148 3281 1213 loco,
3340 1168 3371 1203 ει

1794 1226 1986 1284 Gothis
2016 1230 2068 1284 in
2098 1230 2240 1286 bello
2270 1232 2521 1307 (Cass.)].
2820 1248 2825 1253 ‘

1862 1317 2219 1374 Romanorum
2241 1322 2330 1376 50.
2358 1321 2543 1379 Callus
2574 1343 2693 1380 cum
2720 1327 2831 1397 [ilio
2869 1327 3157 1387 Volusiano
3189 1349 3371 1404 regna-

1792 1410 1862 1462 uit
1897 1412 2051 1465 unicis
2096 1411 2153 1479 2,
2187 1414 2633 1495 mensibusquol,
2667 1420 2769 1473 hoc
2809 1429 2895 1475 est
2923 1437 3091 1492 usque
3121 1423 3238 1478 Kal.
3275 1425 3372 1479 Se-

1791 1503 2060 1572 ptimbris,
2094 1505 2145 1559 in
2173 1521 2315 1562 anno
2343 1507 2469 1563 254.
2504 1520 2625 1578 post
2651 1496 2979 1581 passionem.
3031 1514 3144 1570 Sub
3180 1532 3286 1585 quo
3313 1517 3369 1571 hi

1791 1593 2040 1649 consules
2063 1592 2281 1650 fuerunt
2301 1639 2314 1661 ,
2339 1607 2472 1653 teste
2492 1597 2838 1656 Cassiodoro.

1862 1680 1985 1735 267.
2043 1684 2095 1737 1.
2151 1683 2365 1757 [cchvj
2405 1686 2611 1757 (litem)
2653 1687 2945 1747 Volusenus
2989 1701 3036 1746 et
3076 1693 3365 1748 Maximus.

149 1750 255 1840 ergo
279 1787 541 1827 annorum
588 1772 676 1826 l8.
724 1771 777 1824 in
812 1770 1049 1825 cronicis
1074 1769 1289 1825 Eusebii
1333 1778 1385 1825 et
1416 1769 1591 1835 Betim,
1619 1772 1688 1826 ab
1721 1750 1765 1809 Β
1794 1768 2057 1828 Pestilens
2118 1750 2365 1831 morbus-
2407 1750 2607 1834 multas
2653 1780 2818 1836 totius
2860 1782 3015 1837 orbis
3057 1785 3368 1852 provincias

149 1878 267 1919 anno
316 1862 397 1917 l5.
456 1860 679 1926 Tiberii,
739 1861 796 1916 in
841 1875 983 1915 anno
1026 1860 1112 1914 10.
1144 1860 1326 1931 magni
1358 1859 1504 1925 cicli,
1530 1860 1687 1929 juxta

150 1950 394 2006 historiam
440 1951 587 2006 sacri
623 1948 886 2019 evangelii
928 1948 997 2003 ad
1040 1948 1252 2020 cyclum
1282 1948 1556 2014 Dionissii,
1586 1949 1686 2004 im-

147 2044 272 2115 plent
293 2045 377 2100 isti
418 2045 548 2099 anni
576 2043 641 2099 16
671 2043 815 2099 Decii
852 2051 908 2098 et
942 2042 979 2097 2
1012 2043 1139 2098 anni
1168 2041 1391 2109 Galerii,
1423 2051 1562 2098 teste
1590 2042 1687 2098 lsi-

148 2136 257 2191 coro
278 2136 549 2206 episcopo,
582 2135 722 2204 quod
748 2135 957 2190 duobus
998 2133 1154 2189 annis
1188 2135 1453 2205 regnavit.
1484 2133 1687 2201 Quodsi

148 2235 298 2279 autem
344 2225 543 2295 aliquid
603 2226 687 2279 bis
741 2224 1039 2282 rationibus
1077 2224 1313 2291 obsistit,
1367 2238 1495 2280 ecce
1530 2225 1689 2282 aliter

151 2316 566 2370 resurrectionem
638 2315 848 2370 Domini
918 2313 1075 2383 juxta
1126 2314 1407 2370 historiam
1460 2315 1689 2386 inquiri-

149 2420 246 2459 mus
267 2406 348 2459 ¹⁰¹.
1116 2464 1121 2469 ,
1320 2418 1325 2421 ’
1394 2422 1400 2431 ‘
1681 2424 1687 2430 ‘

203 2494 542 2552 Romanorum
581 2497 669 2553 29.
689 2497 880 2553 Decius
909 2498 1195 2553 secundum
1224 2496 1470 2553 Orosiuns
1500 2514 1687 2569 regna-

148 2586 201 2639 rit
251 2588 389 2642 annis
430 2589 487 2654 ὅ,
533 2589 795 2643 mensibus
834 2588 888 2655 3,
916 2589 1074 2658 juxta
1105 2587 1385 2643 Eusebium
1409 2597 1456 2642 et
1486 2586 1684 2643 Bedant

147 2687 273 2744 atque
296 2675 664 2732 Cassiodorum
712 2694 851 2732 anno
877 2679 940 2731 ab
966 2675 1106 2732 Urbe
1128 2678 1339 2731 condita
1368 2676 1526 2731 lOO-l.
1550 2672 1707 2731 ἔασε-’⁷

146 2766 348 2831 piens,et
388 2769 483 2822 hoc
526 2778 602 2823 est
630 2785 788 2838 usque
818 2766 945 2824 Kal.
974 2766 1129 2834 Maii,
1161 2768 1216 2821 in
1245 2782 1384 2822 anno
1405 2766 1532 2821 252.
1567 2777 1682 2834 post

146 2858 420 2922 passionem.
463 2858 573 2915 Sub
604 2875 707 2929 quo
740 2860 793 2912 hi
824 2857 1061 2914 consules
1087 2848 1333 2928 fuerunt,
1351 2866 1476 2911 teste
1497 2855 1683 2911 Casio-

148 2945 267 3001 doro.
350 3000 357 3005 ,
408 3013 413 3019 ⁸
828 3006 833 3011 ,
1278 2962 1281 2965 ’
1438 2964 1443 2969 ‘
1673 2946 1679 2969 ⁵

429 3041 586 3116 [(Σοά.
616 3042 670 3097 in
701 3057 902 3114 marg..'
932 3044 984 3097 7.
1009 3041 1362 3113 persecutio.]

197 3131 305 3188 261.
345 3136 392 3190 1.
434 3134 680 3208 [sexui]
719 3135 921 3206 (Ηιειι.)
963 3132 1147 3190 Gallus
1217 3145 1265 3190 et
1336 3131 1675 3189 Volusianus.

147 3219 307 3279 Decius
333 3224 605 3283 Pannonia
635 3226 892 3284 inferiore
919 3226 1156 3282 Budalia:
1204 3234 1364 3281 natus
1400 3224 1522 3280 fuit.
1573 3226 1675 3280 De-

145 3310 334 3380 cius’",
364 3317 429 3372 ob
450 3318 633 3372 odium
656 3316 1044 3387 Pbilipporum,
1085 3331 1220 3385 quos
1246 3316 1462 3380 occiil.t,
1498 3331 1676 3385 perse-

145 3400 373 3458 cutionem
403 3407 823 3460 cbristianorum
856 3414 1053 3461 movet.
1096 3405 1366 3462 Fabianus
1393 3421 1527 3477 papa
1553 3421 1676 3476 pas-

145 3502 218 3543 sus
248 3491 317 3545 14.
341 3493 452 3549 Kal.
482 3495 764 3551 Februarii
787 3496 1023 3569 (Mam).
1468 3516 1469 3519 ‘

199 3580 442 3640 Cornelius
470 3587 552 3643 19.
586 3605 722 3658 papa
752 3592 903 3644 annis
933 3590 988 3654 '5,
1019 3590 1279 3644 mensibus
1301 3590 1354 3644 5.
1384 3589 1675 3661 [Antonius

150 3677 407 3732 monachus
430 3677 623 3749 Egipto
653 3681 874 3734 docetur
894 3681 1162 3754 exortus]
1396 3694 1399 3695 ⁷

198 3761 306 3817 265.
358 3766 411 3821 2.
470 3766 719 3840 [ccum]
756 3769 961 3839 (ιιιεει.)
1018 3770 1301 3839 Africanus
1346 3781 1395 3825 et
1462 3772 1671 3827 Decius.

146 3850 369 3911 Antonius
448 3859 749 3914 monachus
794 3859 848 3914 in
893 3859 1114 3931 {Egipto
1168 3862 1429 3917 nascitur.
1476 3861 1672 3917 Paulus

145 3943 307 4004 Tebius
333 3951 526 4023 (ωδε.)
564 3952 735 4024 (125).
769 3952 864 4008 His
895 3953 1206 4010 consulibus
1234 3954 1429 4011 Decius
1459 3956 1671 4010 lavacra

144 4040 319 4108 publica
385 4044 669 4099 :edilieavit
700 4086 715 4111 ,
789 4059 910 4116 qua:
978 4061 1076 4103 suo
1133 4048 1351 4105 nomine
1415 4046 1672 4117 appellari

139 4131 285 4192 jussit.
612 4186 613 4193 η
913 4141 917 4146 ’

195 4222 302 4277 266.
329 4226 380 4279 5.
408 4223 644 4299 [ccxuv]
686 4225 889 4298 (Ηιειι.)
936 4226 1196 4282 Maximus
1238 4238 1284 4283 et
1330 4228 1535 4282 Decius.
1560 4228 1671 4283 Ro-

145 4323 223 4364 mae
250 4315 648 4385 amphiteatrum
696 4318 999 4374 incensum.
1040 4318 1344 4373 Alexandro
1377 4318 1670 4374 "ierosoli-

1704 3084 1751 3146 C

1789 1864 2096 1932 occupavit,
2146 1868 2489 1940 maximeque
2528 1870 2910 1929 Alexandriam
2968 1883 3023 1930 et
3064 1874 3367 1947 Egiptum,

1789 1962 1849 2007 ut
1875 1955 2062 2011 scribit
2082 1957 2383 2017 Dionissius
2402 1971 2459 2018 et
2471 1961 2758 2034 Ciprianus
2780 1966 2846 2019 de
2862 1967 3189 2025 mortalitate
3213 1969 3370 2025 testis

1788 2054 1876 2100 est
1919 2044 2077 2102 liber.
2109 2046 2371 2117 Novatus,
2420 2053 2690 2123 presbiter
2716 2054 3234 2126 Cipriani,.llomam
3279 2073 3369 2115 ve-

1788 2133 1965 2199 niens,
1990 2128 2347 2197 Novatianum
2373 2151 2427 2197 et
2448 2152 2663 2201 ceteros
2683 2146 3029 2205 confessores
3044 2148 3146 2204 sibi
3172 2151 3366 2218 sociat,

1787 2239 1853 2281 eo
1881 2230 2023 2297 quod
2062 2230 2346 2291 Cornelius
2398 2237 2704 2309 penitentes
2732 2250 3006 2312 apostatas
3051 2238 3367 2315 recepisset.

1785 2315 2064 2375 Antioche
2102 2321 2187 2375 M.
2219 2326 2563 2405 constituitur
2587 2330 2870 2401 episcopus
2896 2335 3219 2393 Demetrius.

1857 2405 2052 2464 Lucius
2090 2411 2178 2467 20.
2206 2431 2344 2485 pupa
2376 2415 2554 2489 [annis
2576 2419 2648 2452 m
2676 2419 2731 2491 5]
2754 2424 3015 2479 mensibus
3044 2425 3096 2480 5.
3120 2426 3369 2483 Decreta-

1786 2499 1851 2552 lis
1897 2501 2115 2566 epistola
2173 2503 2321 2560 Lucii
2369 2525 2521 2577 papa:
2553 2527 2572 2564 :
2625 2528 2643 2565 ι
2684 2511 3060 2573 Dilectissimis
3110 2521 3364 2576 omnibus

1786 2586 2044 2647 fratribus
2072 2592 2271 2651 Lucius
2302 2598 2588 2670 episcopus
2616 2602 2846 2658 salutem
2876 2606 2929 2659 in
2974 2607 3223 2672 Domino,
3261 2627 3279 2658 ι
3308 2620 3366 2664 et

1787 2679 1994 2750 reliqua
2044 2682 2229 2754 (Cone.
2256 2703 2310 2757 p.
2340 2689 2500 2759 15ης
2556 2699 2610 2747 et
2658 2702 2780 2763 post
2815 2713 2829 2748 :
2869 2715 2886 2747 ι
2922 2695 2976 2749 In
3029 2699 3131 2754 bac
3177 2709 3366 2756 sancta

1785 2770 1913 2825 sede
1960 2775 2251 2842 apostolica
2313 2781 2715 2848 constituimus,
2761 2795 2821 2839 ut
2848 2785 2955 2841 duo
2980 2788 3278 2858 ,presbiteri
3308 2802 3366 2845 et

1786 2870 1892 2919 tres
1920 2864 2130 2921 diaconi
2181 2868 2405 2942 inomni
2440 2872 2561 2929 loco
2583 2875 2898 2946 episcopum
2928 2895 3033 2934 non
3055 2880 3359 2949 desserant,

1673 2960 1679 2969 '
1782 2965 2003 3026 pr0pter
2046 2959 2416 3016 testimonium
2468 2965 2933 3033 ecclesiasticum,
2975 2989 2993 3021 ι
3027 2980 3083 3026 et
3111 2973 3359 3043 reliqua;

1783 3047 1910 3103 data
1937 3048 2055 3105 Kal.
2078 3049 2299 3121 Aprilis,
2321 3052 2471 3111 Gallo
2493 3064 2547 3112 et
2572 3056 2862 3117 Volusiano
2890 3062 3021 3119 viris
3046 3062 3363 3124 clarissimis

1783 3153 1901 3193 ven.
1951 3142 2286 3199 consulibus.
2341 3144 2564 3218 [Lucius
2612 3165 2802 3219 passus
2835 3152 2888 3207 8.
2929 3153 3050 3209 Kal.
3086 3155 3239 3227 Sept.
3272 3173 3362 3213 se-

1778 3230 2011 3285 cundum
2059 3233 2254 3306 gesta.]

1786 3322 1791 3329 ‘
1848 3320 1971 3377 268.
2013 3323 2067 3377 2.
2110 3323 2345 3401 [ccxcvr]
2385 3330 2592 3404 (Ηιειι.)
2647 3333 2954 3390 Valerianus
2982 3347 3031 3390 et
3067 3334 3359 3397 Gallienus.

1779 3408 1898 3482 [llis
1928 3416 2240 3473 consulibus
2266 3418 2574 3490 Stephanus
2601 3438 2736 3493 papa
2767 3427 3032 3481 successit
3060 3427 3355 3483 secundum

1777 3512 1928 3571 gesta
1956 3506 2316 3582 pontiticum.]
2351 3510 2445 3567 llis
2474 3514 2785 3570 consulibus
2836 3516 3160 3573 Cassiodoro
3198 3529 3356 3582 teste.

1776 3590 1961 3647 Gallus
2005 3603 2054 3648 et
2092 3594 2436 3665 Volusianus,
2479 3616 2603 3656 cum
2658 3605 2944 3660 adversum
2984 3607 3357 3675 IEmilianum,

1776 3683 1867 3750 qui
1899 3682 1954 3737 in
1986 3684 2152 3740 blosia
2183 3704 2269 3743 res
2298 3707 2467 3746 novas
2499 3692 2844 3760 moliebatur,
2867 3710 2930 3751 ex
2964 3696 3107 3754 Urbe
3129 3700 3359 3770 profecti

1777 3787 1983 3843 essent,
2032 3780 2083 3833 in
2118 3780 2258 3836 Foro
2292 3782 2605 3849 Flammini,
2654 3787 2767 3841 sive
2804 3797 2861 3841 ut
2888 3789 2977 3844 alii
3005 3776 3362 3860 putatttlnte;

1777 3866 2025 3931 ranuniar,
2073 3870 2341 3926 interfecti
2402 3882 2548 3928 sunt.
2579 3874 2905 3933 JEniilianus
2961 3881 3122 3935 tertio
3174 3897 3359 3939 mense

1777 3950 1991 4013 invasse
2021 3958 2314 4015 tirannitlis
2351 3963 2642 4019 extinctus.

1848 4050 2208 4105 Romanorum
2247 4051 2336 4106 51.
2373 4051 2705 4123 Emylianus,
2761 4073 2879 4110 cum
2910 4055 3123 4114 Gallum
3152 4070 3201 4113 et
3250 4058 3354 4115 Vo-

1776 4140 2036 4195 lutianum
2090 4143 2381 4207 occidisset,
2429 4144 2699 4214 imperavit
2740 4149 3001 4203 mensibus
3054 4151 3106 4205 5.
3141 4150 3355 4220 (ΒεοΑ.)

1774 4228 2035 4302 Origenes
2073 4248 2215 4289 anno
2250 4233 2341 4288 70°
2367 4236 2557 4309 aetatis
2588 4252 2699 4293 sua:
2728 4239 2879 4302 obiit,
2914 4249 2971 4296 et
2994 4241 3046 4295 in
3079 4244 3212 4297 urbe
3240 4241 3356 4297 Tiri

1774 4324 2037 4394 sepultus.
2097 4324 2184 4392 (ll.
2251 4327 2341 4397 Β.)
2390 4327 2688 4384 Emilianus
2732 4339 2912 4386 autem
2969 4332 3357 4389 obsolirissime

145 4416 317 4460 morum
366 4408 501 4477 apud
544 4407 861 4464 Cessat-eam
912 4409 1198 4466 Palestinte
1243 4411 1313 4465 ob
1367 4412 1667 4466 martirium
1699 4420 1751 4481 υ
1776 4428 1933 4474 natus
1962 4430 2080 4475 erat
2109 4429 2270 4492 atque
2299 4424 2462 4478 etiam
2507 4424 2792 4497 obscurius
2833 4426 3156 4499 imperavit;
3188 4431 3356 4499 siqui-

145 4490 403 4563 interfecto,
420 4508 473 4553 et
491 4499 790 4554 Antiochiae
813 4498 1018 4567 Babila,
1043 4500 1367 4556 Mazabanus
1393 4511 1447 4557 et
1469 4501 1669 4557 Fabius

1794 4510 1899 4564 lem
1933 4510 2151 4567 Maurus
2198 4522 2340 4578 erat,
2401 4524 2564 4585 atque
2590 4512 2781 4591 “tertio
2808 4533 2994 4574 mense
3028 4521 3109 4574 sui
3143 4521 3358 4591 imperii

144 4582 341 4657 episcopi
365 4590 748 4646 constituatur.
787 4590 997 4663 (Mart.)
1054 4591 1337 4647 Cornelius
1380 4607 1517 4663 papa
1548 4607 1671 4662 pas-
1776 4587 2049 4656 extinctus
2080 4615 2199 4668 est;
2255 4605 2358 4660 hoc
2401 4582 2489 4660 est
2531 4583 2686 4675 quasi
2738 4586 2923 4664 mense
2946 4582 3257 4678 Nov-imbre,
3300 4613 3354 4668 in

142 4688 215 4729 sus
236 4679 308 4735 18.
337 4680 449 4736 Kal.
486 4680 751 4739 Octobris.
784 4682 967 4755 (Br-:0.)
1017 4683 1200 4740 Romae
1233 4684 1375 4753 passi
1398 4683 1669 4739 Fabianus
1773 4691 1963 4745 eodem
1991 4708 2134 4747 anno
2164 4709 2270 4763 quo
2293 4696 2493 4752 occidit
2528 4697 2739 4761 Gallum
2766 4699 3206 4763 etVolusianum.

144 4776 185 4819 ει
207 4769 458 4829 Cornelius
488 4790 648 4846 papa,
679 4775 914 4831 Victoria
965 4777 1135 4847 virgo,
1163 4776 1439 4841 Miniates;
1474 4779 1666 4834 Antio-
1849 4778 2205 4835 Romanorum
2256 4782 2346 4836 ‘52.
2400 4783 2715 4864 Valerianus
2745 4803 2862 4839 cum
2903 4773 3017 4855 ﬁlio
3072 4789 3351 4845 Gallciano

144 4857 238 4912 chia
277 4861 492 4919 Babillas
541 4867 851 4937 episcopus;
885 4866 1164 4936 Apollonia
1197 4867 1416 4921 civitate
1446 4867 1663 4934 Leatus,
1778 4872 2007 4939 regnarit
2057 4873 2206 4925 annis
2244 4873 2331 4935 15.
2363 4874 2465 4929 Ιιοο
2509 4857 2829 4954 estusque
2857 4876 2976 4931 Kal.
3017 4868 3354 4943 Decembris,

145 4945 297 5007 ‘l‘irsus
335 4963 383 5009 et
421 4956 755 5020 Callinicus;
812 4956 1164 5012 llierosolima
1218 4959 1501 5028 episcopus
1543 4959 1669 5014 Ale-
1778 4960 1830 5014 in
1857 4976 1998 5012 armo
2023 4961 2147 5015 249.
2192 4971 2314 5031 post
2353 4946 2683 5031 passionem.
2729 4952 2843 5021 Sub
2873 4980 2979 5035 quo
3027 4966 3082 5020 lii
3106 4968 3358 5023 consules

146 5042 344 5109 xander;
393 5045 635 5102 Nazanzo
666 5046 891 5116 Tripbo;
948 5048 1000 5102 in
1029 5047 1244 5117 Egypli
1296 5047 1513 5102 civitate
1548 5064 1669 5119 qum
1779 5050 2015 5135 iuuerunt,
2047 5061 2181 5107 teste
2226 5052 2571 5111 Cassiotloro.
2649 5131 2654 5135 ἰ
3308 5056 3331 5077 ³

147 5129 308 5190 dicitur
336 5137 514 5194 Tiuius
557 5140 770 5196 Pbileas
801 5132 1119 5210 episcopus,
1148 5139 1471 5194 Pbiloronus
1503 5141 1666 5197 tribu—
1786 5124 1791 5135 ’
1838 5140 1991 5214 [Cum
2027 5143 2079 5196 in
2106 5156 2301 5213 marg;
2334 5143 2515 5200 (licius
2540 5147 2625 5201 14.
2649 5131 2874 5201 decenn.
2905 5145 3010 5199 inc.
3046 5144 3158 5199 ind.
3187 5143 3297 5214 10.]

1361 5253 1595 5309 VARUS
1636 5252 2042 5312 LECTIONES.
