3926 5326
515 247 622 304 687

1865 239 2150 294 MARIANI
2193 240 2437 315 scor'rt

3671 246 3770 302 688

585 361 712 416 269.
757 361 806 416 1.
851 356 1106 432 [ccum]
1137 357 1346 430 (Ιιιειι.)
1403 356 1709 411 Valerianus
1749 356 1803 410 2.
1831 355 2096 410 etGallie-
2125 363 2170 418 Λ
2201 357 2426 414 Gothos.
2477 359 2661 427 Quade
2689 360 2828 414 et’”
2874 357 3136 416 Sarmata:
3182 357 3495 415 Pannonias
3546 375 3772 429 occupa-

517 469 616 509 nus
672 451 728 507 2.
781 450 1102 506 Valerianus
1163 450 1217 504 in
1262 449 1418 504 Retia
1480 460 1766 520 augustus,
1822 447 2098 504 Gallienus

519 545 691 599 Bome
734 559 764 598 a
791 551 980 598 senatu
1024 556 1207 596 cessar
1257 540 1575 612 appellatus.
1622 539 1742 611 [llis
1787 537 2095 594 consulibus

516 636 820 705 Stephanus
844 649 981 706 papa
1005 648 1196 704 passus
1208 632 1260 687 1.
1294 632 1428 687 Non.
1452 633 1588 702 Aug.
1616 631 1907 687 secundum
1935 639 2085 702 gesta

513 743 570 797 p.
603 726 669 780 Β.
693 725 812 796 ὀι.]

856 814 1010 888 [ϐοά.
1046 816 1099 869 in
1124 829 1316 885 marg.:
1346 815 1396 870 8.
1427 813 1776 884 persecutio.]

580 905 707 959 270.
742 905 796 959 2.
849 903 1131 976 [CCXLVIII]
1189 905 1311 974 (Ao.
1365 902 1555 973 Mart.)
1617 902 1884 956 Maximus
1935 900 1990 954 2.
2048 911 2095 954 et

513 993 732 1049 Gabrio.
761 994 819 1049 In
845 993 1216 1062 martirologio
1239 993 1318 1047 sic
1347 1010 1360 1046 :
1397 1011 1413 1044 ι
1451 991 1718 1046 Nativitas
1745 990 1916 1046 sancti
1940 989 2091 1044 Lucii

518 1099 669 1154 papa:
700 1092 755 1138 et
778 1084 1033 1156 martyris
1061 1083 1117 1138 4.
1150 1082 1332 1139 Nonas
1356 1081 1572 1148 Martii;
1606 1083 1695 1153 qui
1719 1082 2094 1153 persecutione

519 1175 787 1230 Valeriani
836 1183 890 1230 et
922 1173 1152 1230 Galliani
1183 1173 1252 1227 ob
1283 1173 1441 1227 fidem
1493 1171 1692 1228 Christi
1715 1172 1877 1226 exilio
1906 1170 2096 1242 religa-

517 1275 626 1329 tus,
655 1274 711 1320 et
752 1264 1093 1334 postmodum
1118 1262 1301 1317 divino
1341 1270 1472 1316 nutu
1515 1263 1582 1317 ad
1612 1262 1909 1317 :ecclesiam
1941 1276 2093 1316 suam

513 1357 690 1412 redire
718 1355 1034 1425 permissus,
1093 1355 1396 1410 martirium
1435 1355 1632 1424 capitis
1679 1354 2093 1410 obtruncatione

517 1446 829 1516 complevit,
886 1445 1125 1516 possitus
1166 1445 1251 1498 via
1297 1444 1432 1516 Apia
1478 1445 1544 1500 ad
1568 1454 1816 1500 sanctum
1858 1446 2090 1501 Sixtum.

518 1537 670 1592 Sedit
701 1537 754 1591 in
785 1537 1098 1607 episcopatu
1128 1537 1284 1592 annis
1306 1537 1360 1593 5.
1389 1539 1667 1594 mensibus
1695 1539 1748 1594 5.

584 1627 869 1698 Sicf/Ianus
893 1647 1031 1700 papa
1055 1629 1143 1684 2|.
1170 1640 1284 1700 post
1327 1628 1543 1686 Petrum
1576 1634 1727 1688 annis
1748 1632 1800 1699 5,
1829 1634 2090 1687 mensibus

517 1719 568 1774 5.
603 1719 723 1792 [llis
747 1737 925 1777 conss.
951 1720 1134 1777 Sixtus
1167 1738 1301 1793 papa
1336 1723 1641 1796 successit.]

585 1810 710 1866 271.
750 1813 804 1868 5.
843 1811 1083 1885 [CCXLIx]
1123 1813 1333 1884 (Πιειι.)
1381 1812 1695 1869 Valerianus
1741 1815 1794 1870 5.
1825 1825 1872 1869 ct
1896 1814 2092 1868 Gallie-

521 1917 640 1958 nus.
671 1903 958 1978 Ciprianus
988 1905 1223 1974 primum
1250 1906 1462 1970 rethor,
1483 1905 1678 1962 deinde
1702 1907 1989 1978 presbiter,
2025 1906 2091 1961 ad

514 2001 815 2049 extremum
867 1976 1274 2066 Cartaginensis
1339 1994 1641 2066 episcopus,
1704 1976 1954 2052 martirio
1996 2012 2090 2052 co-

521 2091 762 2138 ronatur.

587 2173 714 2228 272.
754 2171 809 2226 4.
844 2171 988 2247 [CCL]
1047 2171 1254 2243 (litem)
1295 2171 1495 2228 Tuscus
1544 2184 1591 2228 et
1645 2173 1841 2228 Bassus
1904 2173 1969 2229 V.
2030 2173 2090 2229 C.

523 2265 844 2321 Valerianus
886 2264 1320 2335 persecutionem
1377 2264 1432 2319 in
1469 2265 1796 2320 christianos
1848 2265 2091 2331 mittens,

514 2355 697 2410 statim
723 2370 753 2408 a
784 2352 989 2425 Sapore
1026 2353 1314 2409 Persarum
1363 2368 1489 2425 rege
1521 2355 1732 2426 capitur
1771 2365 1823 2409 et
1853 2365 2091 2420 cccatur,

513 2444 696 2512 ibique
724 2443 984 2497 servitute
1015 2443 1346 2498 misserabile
1374 2444 1730 2499 consenescit.
1769 2443 1887 2516 [llis
1914 2459 2091 2502 conss.

517 2529 704 2588 Sixtus
730 2548 864 2604 papa
889 2549 1079 2603 passus
1105 2534 1399 2589 secundum
1429 2543 1578 2605 gesta
1607 2535 1782 2606 pont.]

584 2626 710 2680 275.
752 2625 805 2680 5.
849 2624 1013 2698 [CCLI]
1047 2625 1252 2697 (Ηιεῐι.)
1280 2625 1575 2680 Emilianus
1597 2638 1644 2680 et
1677 2626 1890 2682 Bassus.
1922 2629 2094 2700 Sapor

519 2731 614 2769 rex
651 2714 941 2770 Persarum
982 2716 1202 2781 Sit-iam,
1237 2715 1504 2780 Ciliciam,
1536 2716 1892 2786 Capadociam
1932 2719 2096 2788 depo-

518 2806 753 2876 pulatur.
815 2803 1026 2876 (Μαι-ι.)
1081 2805 1386 2876 Stephanus
1437 2819 1574 2874 papa
1629 2820 1820 2876 passus
1869 2806 1921 2860 4.
1958 2806 2091 2863 Νοη.

518 2895 741 2968 Augusti
777 2895 890 2966 (lib.
913 2896 1103 2965 pont.).

593 2988 772 3044 Sixtus
823 2987 914 3041 22.
954 3004 1087 3052 papa
1126 2989 1277 3040 annis
1300 2987 1354 3040 2.
1388 2986 1592 3058 [Hism
1639 3002 1788 3041 cons.
1819 2987 2095 3044 Dionisins
2121 3027 2166 3058 ,η

515 3093 651 3148 papa
684 3078 945 3133 successit
996 3077 1081 3130 11.
1114 3077 1237 3131 ldus
1297 3078 1438 3146 Aug.
1500 3094 1668 3146 usque
1709 3079 1761 3131 7.
1812 3078 1928 3132 Kal.
1970 3078 2090 3134 Jan.
2123 3067 2166 3088 u

519 3169 745 3223 Claudio
792 3179 848 3223 et
894 3167 1132 3222 Paterno
1177 3167 1353 3240 cons.]
1409 3167 1816 3240 [Decretalism
1869 3171 2094 3240 epistola

521 3262 746 3318 Dionisii
775 3277 924 3332 papa:
954 3261 1029 3329 (p.
1060 3260 1180 3329 185)
1203 3259 1324 3314 data
1353 3260 1508 3316 est4.
1536 3259 1671 3315 Non.
1712 3259 1873 3316 Febr.
1910 3261 2098 3318 Eme-

520 3354 662 3411 liaIIo
691 3363 746 3410 et
784 3353 947 3407 Basso
973 3350 1084 3406 νγ.
1117 3350 1222 3405 GC.
1247 3349 1372 3422 88.]

593 3447 720 3501 271.
764 3447 813 3500 6.
860 3442 1044 3517 [CCLII]
1106 3441 1310 3513 (Hum)
1391 3441 1656 3497 Secularis
1727 3453 1774 3498 et
1833 3444 2092 3501 Donatus.

530 3536 814 3592 Valeriano
838 3537 890 3590 in
919 3535 1110 3591 Persas
1146 3534 1331 3600 ducto,
1368 3533 1642 3590 Gallienus
1683 3535 1882 3590 nostris
1906 3550 2094 3606 pacem

526 3627 757 3682 reddidit
787 3625 1024 3698 (Beas).
1055 3625 1390 3691 Theodorus,
1423 3625 1514 3696 qui
1545 3635 1600 3682 et
1623 3626 1930 3696 Gregorius,
1958 3625 2098 3682 Neo-

525 3734 758 3796 cesarete
832 3716 987 3772 Ponti
1035 3716 1341 3787 episc0pus,
1411 3716 1552 3772 inter
1608 3727 1789 3772 cetera
1835 3717 2095 3772 virtutum

525 3812 716 3882 gloria,
749 3819 808 3865 ut
849 3806 1106 3863 recclesize
1137 3806 1395 3862 faciendae
1424 3807 1572 3863 locus
1603 3806 1866 3864 sutliceret
1899 3805 2094 3880 [preci-

521 3903 672 3975 lms],
699 3910 937 3958 montem
965 3898 1151 3952 movit.

591 3995 716 4048 275.
759 3995 810 4047 ’7.
853 3987 1062 4064 [CCLIII]
1105 3987 1310 4060 (Hum)
1351 3988 1618 4044 Gallienus
1643 3989 1693 4044 1.
1719 3988 2093 4044 etGentienus.

521 4085 820 4140 Antiochia:
846 4084 937 4145 .15.
972 4081 1320 4137 constituitur
1368 4083 1649 4152 episcopus
1673 4081 1870 4136 Paulus
1904 4081 2098 4139 Samo-

522 4187 765 4230 satenus.
844 4173 1029 4230 Sixtus
1094 4189 1229 4243 papa
1300 4187 1490 4241 passus
1553 4173 1607 4227 8.
1687 4173 1810 4230 ldus
1870 4173 2095 4244 Augusti

521 4266 758 4336 (Mam).

2198 461 2413 505 \‘Cl‘UIll.

2626 541 2778 616 [ϐοά.
2803 543 2858 596 in
2885 554 3077 612 marg.:
3106 539 3348 614 CyclIIs.]

2269 632 2390 690 278.
2434 633 2521 687 10.
2567 632 2764 706 [CCLVI]
2807 632 3008 703 (ιίιειι.)
3048 631 3318 689 Gallienus
3347 632 3400 686 6.
3453 641 3502 688 et
3538 632 3774 688 Saturni-

2199 740 2318 790 nus,
2401 724 2688 781 Germanis
2769 725 3110 794 Hispanis'l0
3161 725 3538 794 optinentibus
3620 733 3772 780 terra:

2197 825 2523 888 expugnata.
2572 816 2756 872 Parthi
2810 816 3234 886 MisOpotamiam
3267 827 3537 882 tenentes,
3581 816 3769 872 Siriam

2199 906 2632 968 incursaVCruIIt.

2266 998 2391 1054 279.
2436 1000 2521 1054 11.
2563 998 2785 1073 [CCLVII]
2821 998 3027 1072 (“ll-3R.)
3097 996 3338 1054 Valerius
3407 1010 3456 1054 et
3519 998 3768 1052 Lucilius.

2196 1089 2572 1146 Alexandrina:
2597 1090 2826 1147 asciesia:
2855 1091 2937 1146 H.
2976 1092 3261 1162 episcopus
3286 1092 3581 1147 ordinatur
3611 1092 3774 1146 Maxi-

2197 1196 2316 1237 mus
2345 1182 2498 1237 annis
2519 1181 2573 1238 9.

2265 1274 2390 1329 280.
2431 1274 2517 1329 12.
2561 1273 2802 1348 [CCLVIII]
2844 1273 3049 1348 (Ηιειι.)
3091 1274 3364 1330 Gallienus
3385 1275 3443 1330 7.
3470 1287 3518 1329 et
3546 1275 3771 1331 Sabinii—

2195 1365 2298 1421 lus.
2327 1365 2620 1422 Ordinatus
2667 1366 2884 1422 decurio
2925 1364 3262 1421 Palmireuus
3281 1365 3464 1436 "‘,_ut
3492 1365 3561 1419 ad
3591 1365 3761 1418 Tcssi-

2196 1457 2399 1512 fontem
2429 1466 2603 1512 castra
2633 1465 2882 1527 poneret.

2263 1547 2387 1601 281.
2429 1547 2515 1601 15.
2557 1545 2756 1620 [CCLIx]
2797 1543 3004 1618 (illam)
3041 1545 3302 1601 Putemus
3338 1555 3386 1601 et
3426 1545 3769 1600 Archisilars.

2197 1637 2672 1693 llierosolimarum
2706 1635 3075 1706 episcopatum
3114 1644 3259 1691 tenet
3291 1634 3614 1690 Himenens.
3657 1633 3771 1688 Dia-

2195 1727 2393 1782 nissius
2421 1738 2555 1797 papa
2582 1727 2715 1782 obiit
2738 1725 2788 1781 6.
2823 1725 2941 1781 Kal.
2966 1725 3229 1780 Januarii.
3258 1724 3473 1798 (Mart)

2263 1819 2444 1891 (Rara)
2481 1817 2638 1873 Felix
2682 1818 2771 1874 24.
2818 1835 2955 1888 papa
3005 1818 3156 1871 annis
3205 1814 3263 1871 1.
3297 1847 3367 1856 -
3395 1813 3594 1869 Romzn
3640 1829 3670 1884 p
3705 1813 3769 1866 ssi

2195 1909 2449 1966 Stefanus
2473 1919 2530 1965 et
2555 1910 2740 1966 Sixtus
2769 1925 2940 1981 papaz,
2962 1907 3326 1964 Felicissimus
3355 1913 3411 1961 et
3434 1905 3700 1976 Agapitus
3726 1913 3771 1957 ct

2193 2003 2382 2059 beatus
2417 2001 2742 2057 Laurentius
2775 2001 3011 2067 diaconi,
3039 2001 3281 2070 lpolitus,
3309 1999 3559 2067 Engenia
3601 2000 3770 2063 virgo,

2193 2093 2415 2150 Jovinus
2444 2103 2497 2149 et
2521 2093 2801 2160 Bassilius,
2828 2091 3069 2155 Bassilla,
3093 2091 3286 2146 Rufina
3308 2103 3361 2146 et
3394 2089 3652 2146 Secunda
3675 2090 3771 2140 vit-

2194 2187 2366 2254 gines,
2420 2183 2806 2252 Tertullianus,
2855 2182 3070 2245 Protus,
3114 2179 3380 2244 Jacintus,
3427 2177 3767 2240 Valerianus,

2195 2274 2496 2341 Nemesius,
2557 2273 2920 2345 Simpronius,
2975 2281 3030 2328 et
3083 2272 3368 2344 Olympius
3420 2272 3476 2326 in
3529 2270 3769 2341 Hispania

2195 2365 2328 2418 urbe
2366 2363 2707 2432 Tarracona;
2755 2362 2964 2419 Verona
3000 2363 3182 2418 Zenon
3218 2363 3510 2433 episcopus
3559 2372 3616 2417 et
3657 2378 3769 2417 con-

2196 2457 2396 2522 fessor,
2429 2457 2758 2514 Fructuosus
2783 2458 3100 2526 episcopus,
3130 2455 3402 2526 Augorius
3429 2463 3490 2510 et
3527 2454 3769 2523 Eulogius

2196 2551 2438 2615 diaconi;
2472 2550 2700 2604 Gesarea
2735 2549 3003 2605 Palestina
3032 2545 3306 2612 Marinus;
3339 2547 3485 2617 apud
3522 2546 3766 2600 All'ricam

2197 2639 2469 2694 civitatem
2492 2638 2777 2704 Turbuno;
2809 2638 3152 2693 Lucernaria:
3199 2636 3431 2690 Maxima
3451 2678 3468 2703 ,
3511 2636 3766 2691 Donatil'a

2197 2739 2249 2787 ct
2275 2729 2522 2785 Secunda
2544 2730 2729 2800 virgo;
2768 2730 2818 2784 iu
2860 2729 3132 2784 territorio
3163 2725 3488 2782 Cavillitano
3525 2727 3647 2782 vico
3688 2724 3765 2778 Sli-

2199 2819 2406 2874 tanensi
2429 2819 2678 2874 Privatus
2696 2819 2995 2887 cpisc0pus.
3641 2877 3646 2882 _

2265 2914 2390 2970 282.
2435 2913 2522 2969 14.
2567 2912 2745 2986 [CCLII]
2784 2911 2987 2984 (l-ltsa.)
3032 2911 3290 2967 Paternus
3331 2910 3389 2966 2.
3428 2921 3479 2966 et
3515 2912 3757 2966 Marinus.

2197 3007 2382 3064 Gallia:
2404 3005 2718 3061 Postumum
2741 3016 2794 3061 et
2830 3003 3162 3060 Victorinum
3199 3015 3252 3060 et
3280 3003 3560 3058 Tetricum
3592 3002 3759 3058 civit-.-

2199 3107 2279 3153 tes
2314 3105 2560 3166 receptae.

2265 3188 2390 3244 285.
2442 3187 2528 3241 15.
2584 3185 2784 3258 [CCLXI]
2821 3184 2919 3257 (11.
2970 3185 3067 3255 11.)
3109 3183 3366 3239 Claudius
3405 3196 3452 3239 et
3495 3183 3756 3238 Putemus.

2197 3277 2374 3350 (Oros.
2394 3295 2488 3344 VII,
2506 3278 2620 3348 21.)
2646 3278 2738 3333 His
2761 3277 3088 3342 consulibus,
3112 3276 3438 3332 Cassiodoro
3469 3287 3624 3335 teste.
3651 3273 3759 3329 Gal-

2197 3369 2368 3422 lienus
2395 3368 2612 3423 Aureoli
2650 3368 2801 3422 ducis
2847 3367 2929 3422 sui
2972 3368 3040 3396 ²¹¹
3079 3375 3198 3436 post
3244 3366 3308 3420 15
3336 3381 3514 3420 annos
3554 3365 3634 3420 sui
3674 3364 3756 3418 im-

2197 3459 2351 3528 pcrii,
2385 3474 2497 3514 rem
2525 3459 2790 3529 puplicam
2813 3459 3069 3514 deserens
3089 3467 3142 3512 et
3168 3457 3489 3513 libidinibus
3515 3458 3756 3516 serviens,

2195 3549 2479 3606 occiditur.
2538 3547 2855 3620 [Decretalis
2911 3547 2981 3579 ¹¹¹¹
3036 3547 3261 3618 epistola
3334 3547 3562 3603 Dionisii
3625 3561 3755 3615 papa

2199 3639 2272 3710 (p.
2302 3639 2446 3706 184),
2491 3640 2614 3692 data
2651 3646 2732 3692 est
2776 3637 2828 3691 5.
2869 3637 2990 3692 ldus
3021 3635 3170 3707 Sept.
3212 3636 3437 3692 Claudio
3464 3646 3521 3694 et
3551 3637 3754 3691 Paterno

2204 3730 2310 3784 νγ.
2343 3728 2446 3785 CC.
2472 3727 2597 3802 SS.]
2621 3729 2740 3802 [llis
2762 3729 3070 3785 consulibus
3098 3729 3374 3783 Dionisius
3393 3745 3540 3799 papa
3565 3729 3683 3783 obiit
3708 3727 3750 3780 6.

2198 3820 2315 3876 Kal.
2347 3820 2465 3875 Jan.
2501 3820 2793 3876 secundum
2832 3828 2980 3892 gesta
3018 3818 3356 3892 pontificum.
3385 3818 3485 3874 Cui
3519 3817 3751 3875 successit

2199 3915 2346 3970 Felix
2378 3910 2559 3984 papa.]

2271 4004 2625 4058 Romanorum
2649 4001 2739 4056 55.
2770 3998 3024 4054 Claudius
3051 4001 3280 4069 regnavit
3308 4017 3451 4054 anno
3480 4016 3607 4064 uno,
3629 4015 3750 4052 tuen-

2199 4097 2340 4150 sibus
2361 4093 2414 4160 9,
2441 4092 2542 4146 hoc
2570 4100 2653 4145 cst
2680 4105 2848 4160 usque
2874 4089 2992 4144 Kal.
3019 4088 3376 4161 Septembris,
3404 4091 3456 4146 in
3482 4105 3625 4144 anno
3645 4089 3748 4142 251.

2201 4195 2319 4258 post
2349 4183 2673 4256 passionem.
2699 4178 2812 4236 Sub
2846 4195 2953 4251 quo
2978 4178 3034 4234 hi
3066 4179 3318 4237 consules
3351 4179 3605 4244 fuerunt,
3640 4186 3753 4234 teste

2197 4274 2540 4333 Cassiodoro.

595 4356 866 4410 Dionisius
898 4354 986 4408 25.
1018 4368 1152 4422 papa
1192 4350 1342 4405 annis
1366 4352 1416 4413 6,
1441 4353 1702 4407 mensibus
1736 4353 1788 4408 5.
1816 4353 1918 4409 llic
1941 4355 2094 4408 (rele-

2269 4363 2394 4419 284.
2437 4364 2488 4417 1.
2533 4359 2755 4434 [CCLXII]
2786 4359 2989 4432 (illam)
3030 4361 3406 4415 Antiochieuus
3448 4371 3498 4414 et
3547 4360 3752 4416 Orbitas.

521 4451 629 4503 sias
660 4447 964 4517 prespeteris
1017 4457 1064 4501 et
1112 4446 1380 4518 parrocias
1421 4445 1668 4499 diocessis
1712 4445 1852 4499 dedit
1897 4458 1944 4501 et
1973 4463 2095 4500 con-

529 4540 721 4594 stituit.

592 4629 718 4686 276.
754 4629 808 4688 8.
851 4629 1049 4704 [CCLIV]
1097 4628 1303 4701 (Ηιεῐι.)
1360 4627 1634 4685 Gallienus
1680 4627 1733 4683 5.
1780 4638 1828 4682 et
1879 4627 2100 4684 Victori-

525 4739 643 4777 nus.
675 4720 917 4778 Gallieno
947 4722 998 4777 in
1024 4734 1240 4777 omnem
1273 4719 1550 4775 lasciviam
1581 4719 1826 4774 desolato
1848 4721 1939 4786 "3,
1967 4720 2100 4776 Ger-

525 4813 670 4869 mani
701 4813 1010 4868 Ravennam
1041 4827 1213 4884 usque
1243 4819 1523 4866 venerunt.
1554 4810 1841 4866 Alamanni
1873 4812 2098 4868 vastatis

523 4903 693 4959 Gallis
725 4904 778 4958 in
808 4904 1015 4959 Italiam
1049 4905 1331 4959 transiere.

595 4995 719 5049 277.
762 4996 814 5051 9.
852 4995 1032 5068 [CCLV]
1060 4993 1266 5068 (Ηιειι.)
1303 4994 1522 5050 Albinus
1550 5006 1596 5049 et
1627 4994 1916 5050 Maximus.
1962 4995 2097 5051 Gre-

525 5085 631 5153 cia,
716 5086 1050 5152 Macedonia,
1123 5086 1348 5151 Pontus,
1397 5088 1552 5142 Assia
1611 5088 1931 5158 depopulata
2001 5105 2098 5160 per

2203 4454 2258 4508 In
2300 4451 2624 4508 Alaxandria
2666 4449 2994 4513 Brachium,
3031 4450 3173 4519 quod
3217 4465 3314 4518 per
3358 4451 3561 4504 multos
3606 4463 3753 4503 annos

2204 4544 2380 4598 fuerat
2406 4543 2684 4599 obsessum
2709 4583 2723 4606 ,
2770 4541 2982 4596 tandem
3022 4541 3339 4595 destruitur.
3383 4541 3640 4596 Claudius
3669 4539 3756 4594 Go-

2206 4634 2325 4688 thos
2352 4631 2586 4688 lliricum
2622 4639 2675 4687 ct
2710 4629 3076 4685 Macedoniam
3107 4639 3385 4685 vastantes
3430 4640 3677 4700 superat,
3702 4631 3756 4682 ob

2202 4740 2320 4795 qua!
2357 4725 2410 4778 in
2435 4723 2585 4778 curia
2618 4723 2860 4794 clippeus
2889 4724 2937 4778 ei
2966 4738 3161 4776 aureus
3191 4731 3244 4776 et
3281 4724 3336 4776 in
3371 4723 3637 4794 Capitolio
3663 4735 3756 4777 sta-

2203 4827 2293 4870 ttta
2319 4830 2481 4868 aurea
2509 4814 2783 4870 conlocata
2817 4823 2920 4867 est.

2271 4906 2398 4960 285.
2438 4905 2493 4958 2.
2531 4903 2774 4978 [CCLXIII]
2802 4902 2895 4972 (cf.
2929 4901 3112 4968 Mart.)
3149 4900 3460 4956 Valerianus
3489 4915 3536 4957 et
3561 4905 3751 4959 Bassus.

2202 4999 2350 5054 Felix
2385 5014 2516 5068 papa
2549 5012 2739 5070 passus
2776 4995 2828 5048 5.
2866 4994 2980 5046 Kal.
3013 4991 3157 5046 Junii
3188 4995 3275 5057 ω,
3315 5005 3452 5048 teste
3488 4995 3644 5050 Beda.
3669 4996 3754 5046 istc

2205 5093 2444 5147 decrevit
2485 5093 2678 5144 missas
2718 5085 2980 5142 celebrari
3035 5100 3197 5153 supra
3255 5086 3544 5142 memorias
3592 5087 3751 5141 mani.

1796 5244 2033 5300 VARIXE
2073 5246 2472 5312 LECTIONES.
