3926 5326
219 203 324 259 689

1456 203 1868 260 CllRONlCON.
1909 235 1975 244 —
2023 203 2147 256 LIB.
2189 202 2272 258 ΙΙΙ.

3369 210 3478 265 690

217 331 364 371 rum.
398 318 492 388 (cf.
521 317 610 372 lib.
641 319 812 388 pont.)
840 318 1010 372 Rome
1033 318 1176 388 passi
1213 317 1360 372 l-‘elix
1392 332 1560 386 papa,
1597 314 1800 371 Marius
1829 321 1875 382 Α
1907 314 2225 369 Aurelianus
2253 330 2376 369 cum
2411 315 2694 370 adversum
2737 331 2836 370 nos
2884 317 3311 386 persecutionem
3357 335 3472 374 ηιθ-

218 421 349 460 cum
391 406 602 463 Martha
630 423 728 463 sua
757 410 983 480 conjuge
1011 417 1065 462 et
1093 407 1251 472 ﬁliis,
1285 407 1354 461 l7
1394 407 1592 462 milites
1626 407 1800 462 babti—

218 497 334 550 uti
382 511 412 549 a
451 511 592 567 papa
625 497 902 562 Dionisio,
934 497 1138 552 Cirillia
1184 498 1369 566 virgo;
1420 498 1473 551 in
1507 497 1800 553 Tarracina

216 584 524 655 Campania
545 587 770 642 civitate
787 587 938 644 Felix
958 587 1225 657 presbiter
1244 597 1298 643 et
1319 588 1602 643 Eusebius.
1619 588 1800 659 (Ιίεα.)

221 675 547 732 Valerianus
570 687 623 731 et
644 677 863 733 Bassus.
896 677 990 733 llis
1009 677 1320 733 consulibus
1341 677 1595 734 Claudius
1615 679 1802 734 Sirmii

215 765 386 832 obiit,
419 765 716 823 Casiodoro
747 776 885 824 teste
914 766 1141 838 (Cass).

292 857 386 920 (ll.
420 857 513 930 Β.)
555 858 911 914 Romanorum
931 861 1018 916 '54.
1047 859 1355 926 Quintillius
1379 863 1546 931 frater
1565 862 1801 927 Claudii,

215 962 288 1001 ea:
316 963 576 1002 consensu
613 949 836 1002 militum
881 950 1164 1019 imperator
1202 950 1375 1019 factus
1417 961 1526 1016 est;
1565 956 1655 1022 qui
1681 968 1804 1006 con-

217 1053 382 1094 sensu
411 1039 570 1094 etiam
598 1051 809 1095 senatus
832 1041 1126 1110 appellatus
1161 1052 1234 1096 est
1261 1055 1534 1114 angustus.
1569 1043 1668 1097 Hic
1691 1055 1804 1098 erat

220 1128 306 1180 air
328 1131 478 1183 unice
506 1131 877 1186 moderationis
899 1141 946 1187 et
971 1132 1260 1199 civilitatis,
1278 1135 1557 1203 equandtts
1581 1134 1659 1188 vel
1687 1149 1804 1205 pre-

220 1216 488 1273 l'erendus
517 1218 696 1275 fratri.

295 1307 652 1366 Euticltianus
685 1311 779 1367 25.
811 1329 947 1382 papa
977 1315 1132 1370 annis
1159 1315 1213 1369 6.
1243 1314 1336 1383 (cf.
1377 1316 1468 1370 lib.
1500 1315 1671 1385 pont.)
1707 1313 1805 1370 Hic

225 1398 538 1464 constituit,
574 1409 634 1455 ut
671 1399 854 1471 fruges
895 1418 1061 1474 super
1100 1404 1276 1462 altare
1326 1415 1531 1461 tantum
1579 1407 1714 1461 lava:
1751 1418 1805 1462 et

225 1505 348 1544 uva:
401 1492 872 1558 benedicerentur,
921 1505 978 1551 et
1021 1506 1079 1551 ut
1126 1497 1308 1553 nullus
1356 1511 1648 1568 martyrem
1691 1501 1808 1555 sine

225 1580 524 1638 dalmatica
560 1593 653 1639 aut
693 1584 902 1641 rolovio
937 1598 1233 1658 purpurato
1265 1588 1370 1644 ulla
1406 1592 1614 1644 ratione
1648 1605 1802 1662 sepe-

1903 405 2089 467 visset,
2113 403 2310 460 fulmen
2347 403 2500 473 juxta
2525 420 2646 460 eum
2672 415 3006 476 comitesque
3044 403 3159 474 ejus
3194 407 3318 462 ruit.
3351 407 3471 480 (An.

1904 491 2094 563 Mart.)
2118 493 2434 550 Euticianus
2461 509 2596 564 papa
2619 510 2810 564 passus
2839 495 2890 549 6.
2929 495 3050 550 ldus
3078 495 3394 560 Decimbris,
3422 505 3477 553 et

1901 583 2142 653 sepultus
2174 584 2226 638 in
2257 584 2523 639 cimiterio
2544 585 2751 641 Calisti.
2789 587 2969 657 (Βεο.)
2999 587 3168 643 Rome
3196 591 3337 660 passi
3368 591 3475 645 En-

1905 675 2172 746 tichianus
2200 691 2356 746 papa,
2395 676 2698 743 Theodora,
2730 677 3044 742 Bassilides,
3074 679 3290 749 Tripos,
3325 679 3475 735 Man-

1905 766 2074 831 dalia;
2109 766 2389 837 Linguinis
2429 769 2569 838 passi
2615 779 2742 824 sunt
2781 772 2951 827 sancti
2979 770 3232 838 Gemini;
3274 773 3478 828 Leonio

1902 855 2122 910 civitate
2149 855 2366 921 Conon;
2392 856 2649 912 Cessarea
2679 858 2987 930 Capidociaa
3014 859 3304 927 Mammes;
3338 867 3477 933 apud

1906 944 2265 1003 Prenistinam
2313 948 2503 1002 urbem
2555 948 2848 1020 Agapitus;
2901 951 2954 1005 in
3007 953 3226 1007 civitate
3275 951 3474 1008 Salona

1903 1040 2274 1105 Anastasius;
2305 1040 2442 1110 apud
2483 1041 2913 1110 Augustidunum
2953 1043 3382 1110 Simlronianus;
3427 1047 3479 1100 iu

1909 1133 2180 1187 territorio
2206 1131 2523 1187 Vivariense
2563 1133 2681 1188 loco
2708 1135 2798 1202 qui
2829 1135 3027 1190 dicitur
3061 1134 3325 1190 Gentibus
3366 1141 3480 1191 An-

1905 1222 2091 1276 dcolus
2133 1221 2516 1287 subdiaconus,
2572 1224 2883 1280 Andocbius
2947 1224 3234 1295 presbiter,
3291 1226 3479 1281 Tirsus

1907 1310 2170 1366 diaconus
2212 1318 2268 1364 et
2307 1309 2491 1377 Felix;
2542 1312 2596 1366 in
2633 1320 2816 1368 castro
2858 1311 3074 1370 Duvone
3103 1314 3172 1348 ’¹⁶
3207 1312 3479 1386 Benigutts

1907 1398 2194 1468 presbiter.

1977 1487 2102 1542 29L
2145 1487 2198 1543 6.
2239 1487 2502 1562 [ccum]
2538 1489 2741 1546 Probus
2770 1490 2824 1544 2.
2854 1500 2903 1546 et
2935 1487 3196 1548 Putemus
3223 1493 3274 1547 2.
3311 1492 3483 1567 [Eutis

1908 1580 2136 1635 chianus
2157 1595 2294 1651 papa
2316 1581 2552 1654 passus.]
2581 1580 2683 1654 [Ab
2708 1582 3030 1638 Eutichiano
3059 1599 3193 1654 papa
3217 1602 3384 1655 usque
3407 1588 3474 1641 ad

225 1671 371 1726 liret.
415 1673 618 1745 (οιεε.)
658 1675 971 1744 Quintillius
1012 1679 1099 1733 η.
1131 1680 1220 1735 die
1257 1681 1339 1736 sui
1383 1680 1628 1750 imperii,
1672 1658 1807 1737 teste
1841 1658 1880 1716 Β
1910 1668 2011 1724 hos
2051 1668 2302 1725 consules
2341 1669 2394 1723 in
2439 1685 2580 1725 anno
2620 1669 2672 1724 6-
2712 1670 3108 1744 scribendum-1
3150 1673 3352 1742 (ωδε.)
3394 1675 3486 1730 His

223 1758 576 1828 Cassiodoro,
605 1765 864 1835 Aquileia!
894 1768 1160 1824 occiditur
1179 1810 1194 1834 ,
1223 1769 1327 1826 hoc
1360 1779 1442 1826 est
1483 1786 1654 1842 usque
1686 1772 1804 1826 Kal.

227 1850 505 1923 Octobris,
531 1853 585 1908 in
615 1855 804 1911 eodem
832 1871 976 1912 anno
1000 1873 1108 1929 quo
1135 1857 1393 1916 Claudius
1413 1859 1569 1916 obiit.

298 1940 660 1998 Romanorum
685 1945 775 2001 55.
803 1947 1122 2003 Aurelianus
1147 1952 1377 2020 regnavit
1404 1953 1556 2006 annis
1587 1951 1640 2018 5,
1668 1969 1810 2008 men-

224 2030 376 2086 sibus
417 2033 474 2095 6,
525 2033 629 2088 hoc
662 2044 746 2090 est
775 2050 946 2107 usque
989 2037 1107 2094 Kal.
1153 2038 1351 2109 Aprilis
1400 2041 1454 2095 in
1498 2056 1641 2098 anno
1678 2042 1806 2098 256.

224 2132 355 2190 post
379 2124 712 2192 passionem.
740 2126 853 2184 Sub
881 2144 991 2199 quo
1015 2130 1070 2185 hi
1107 2131 1360 2188 consules
1391 2131 1638 2202 fuerunt,
1672 2144 1808 2192 teste

226 2214 582 2272 Cassiodoro.

302 2302 428 2358 286.
478 2305 527 2359 l.
569 2305 803 2380 [ccutv]
842 2308 1048 2380 ("tl-IK.)
1084 2310 1302 2377 Quietus
1326 2323 1371 2365 et
1410 2313 1808 2371 l’oldumianus.

227 2395 538 2452 Antiochia:
557 2401 813 2456 tecelesize
842 2404 926 2458 l7.
949 2403 1233 2460 ordinatur
1253 2406 1536 2476 episcopus
1558 2407 1811 2464 Timzeus.

229 2487 586 2556 Aurelianus,
611 2490 827 2547 Tetrico
855 2493 995 2564 apud
1023 2493 1348 2550 Catalaunos
1378 2497 1640 2566 prodente
1661 2513 1815 2554 exer-

232 2577 407 2632 citum
444 2595 629 2648 suum,
661 2581 866 2639 Gallias
909 2586 1136 2656 recepit.

308 2669 438 2724 287.
483 2671 537 2726 2.
580 2671 794 2745 [ccnxv]
843 2676 1048 2750 (ιίιειι.)
1089 2677 1298 2733 Tacitus
1347 2691 1393 2734 et
1451 2680 1813 2737 Placidiunus.

235 2760 478 2816 Zenobia
510 2764 651 2832 apud
679 2764 919 2820 llitntnas
950 2767 1081 2824 haut
1111 2769 1266 2840 longe
1294 2771 1362 2826 ab
1383 2771 1666 2826 Antiochia
1699 2773 1816 2827 vin-

237 2852 418 2918 citur;
451 2868 603 2921 quaz,
639 2856 850 2910 occisso
887 2857 1150 2914 Ordinato
1185 2861 1412 2923 marito,
1458 2859 1693 2918 Orientis
1738 2873 1818 2916 te-

239 2943 412 2998 nebat
443 2944 763 3016 imperiunt;
791 2949 846 3002 in
874 2964 978 3018 qua
1015 2966 1189 3021 pugna
1228 2952 1602 3007 strenuissime
1625 2954 1817 3008 adver-
1848 2999 1888 3021 η

243 3050 367 3089 Sum
419 3052 540 3091 eam
586 3038 864 3094 dimicavit
894 3041 1264 3115 Pompeianus
1314 3044 1420 3098 dux
1464 3054 1820 3114 cognomento

241 3123 524 3194 Francus;
556 3128 708 3196 cujus
749 3129 953 3184 familia
994 3131 1155 3186 hodie
1202 3148 1416 3203 quoque
1454 3134 1594 3204 apud
1636 3135 1824 3188 Antio-

247 3217 430 3270 cliiant
460 3231 802 3288 perseverat;
838 3237 904 3276 ex
936 3221 1089 3289 cujus
1115 3222 1402 3294 Euagrius,
1434 3227 1704 3295 presbiter
1729 3241 1822 3281 ca-

245 3306 503 3366 rissimus
538 3309 715 3377 nobis,
742 3312 910 3380 stirpe
937 3309 1223 3368 disveudit.

317 3394 478 3467 [ϐοά.
507 3401 561 3452 in
587 3414 779 3470 marg:
800 3401 982 3458 Ciclus
1009 3403 1089 3457 15.
1113 3404 1336 3458 decenti.
1366 3404 1470 3458 inc.
1504 3405 1610 3459 ind.
1640 3405 1752 3477 15.]

311 3486 440 3542 288.
477 3488 530 3542 5.
577 3487 810 3563 [ccuxvtj
839 3492 1039 3563 ("ll-2R.)
1061 3492 1373 3548 Aurelianus
1401 3505 1446 3547 et
1475 3493 1821 3564 Capitolinus.

244 3575 516 3632 Eusebius
549 3579 885 3637 Laodicenus
931 3584 1218 3654 episcopus
1287 3585 1516 3654 insignis
1569 3586 1818 3641 habetur.

243 3668 600 3725 Aurelianum
620 3672 801 3728 Romae
817 3675 1237 3746 triumphantem
1261 3675 1510 3731 Tetricus
1522 3677 1822 3736 etZenobia

243 3771 632 3827 precesserunt
680 3764 970 3834 equitibus.
1023 3765 1270 3822 Tetricus
1317 3777 1593 3824 corrector
1639 3779 1820 3839 postea

244 3851 505 3908 Lucania:
553 3853 672 3919 luit,
723 3866 777 3912 et
818 3857 1054 3912 Zenobia
1097 3859 1153 3913 in
1194 3857 1338 3915 Urbe
1368 3875 1580 3916 summo
1622 3861 1825 3918 honore

244 3947 565 4013 consenuit;
610 3964 641 4003 a
676 3965 780 4020 qua
820 3951 1084 4022 hodieque
1115 3951 1299 4008 Romae
1327 3953 1576 4010 Zenobiaa
1610 3955 1827 4010 fattiilia:

247 4047 652 4108 nuncupantur.
710 4039 830 4113 [llis
881 4042 1193 4098 consulibus
1248 4041 1399 4097 Felix
1452 4057 1586 4115 papa
1638 4059 1827 4114 passus

245 4133 550 4187 secundum
579 4143 727 4204 gesta
757 4135 1069 4206 pontiﬁcum
1095 4137 1148 4191 5.
1182 4135 1298 4190 Kal.
1329 4133 1478 4209 Jan.]

314 4237 444 4295 289.
483 4237 537 4292 4.
583 4235 839 4324 [chxvu]
891 4240 1096 4309 (illam)
1140 4239 1453 4293 Aurelianus
1497 4239 1551 4294 2.
1597 4249 1644 4293 et
1682 4240 1830 4294 Mur-

1910 1759 2241 1824 consulibus,
2287 1760 2582 1817 Casiodoro
2629 1769 2782 1816 teste.
2822 1761 3146 1816 Aurelianus
3180 1763 3232 1817 in
3267 1764 3480 1819 itineris

1912 1852 2089 1906 medio
2105 1853 2244 1908 inter
2266 1852 2788 1923 Constantiuapolim
2810 1861 2866 1909 et
2888 1853 3214 1920 Heracliam,
3233 1855 3285 1909 in
3313 1854 3486 1912 Cenoo

1912 1941 2083 1997 frurio
2105 1942 2203 1997 vim
2227 1943 2423 1998 veteris
2449 1943 2730 1999 occiditur.

1985 2033 2072 2105 (ﬂ.
2108 2034 2196 2105 Β.)
2235 2033 2592 2090 Romanorum
2615 2035 2704 2090 56.
2747 2033 2961 2091 Tacitus
2997 2046 3111 2106 post
3146 2037 3476 2093 Aurilianum

1915 2124 2136 2193 adeptus
2163 2134 2236 2180 est
2265 2125 2542 2194 imperium
2570 2125 2832 2178 mensibus
2861 2142 2969 2180 sex.
3012 2125 3124 2182 Sub
3151 2143 3254 2196 quo
3278 2128 3328 2181 hi
3354 2144 3484 2204 conf

1916 2214 2060 2269 sules
2091 2214 2325 2278 luerunt,
2357 2224 2492 2269 teste
2512 2215 2859 2272 Cassiodoro.

1988 2304 2194 2359 Probus
2222 2307 2272 2361 5.
2321 2316 2369 2359 et
2405 2303 2664 2359 Putemus
2711 2305 2766 2360 5.
2817 2306 3029 2379 (Βεω.)
3079 2309 3344 2364 Anitolius
3387 2325 3478 2363 na-

1921 2395 2063 2450 tione
2084 2397 2504 2460 Alexandrinus,
2537 2397 2814 2453 Laodicete
2853 2399 3008 2455 Sirite
3035 2401 3339 2471 episcopus,
3371 2402 3488 2456 ﬁlo-

1915 2487 2206 2543 sobhorum
2251 2489 2552 2558 disciplinis
2607 2490 2890 2556 eruditus,
2943 2493 3176 2562 plurimo
3235 2509 3486 2548 sermone

1917 2579 2238 2634 celebratur.
2272 2580 2438 2651 Cujus
2478 2581 2677 2651 ingenii
2716 2583 3024 2650 magnitudo
3053 2584 3288 2638 de'libro
3316 2600 3477 2654 quem

1917 2686 2077 2740 supra
2110 2687 2270 2742 pasca
2294 2673 2626 2742 compossuit
2651 2683 2705 2730 et
2727 2674 2792 2728 de
2823 2675 3008 2730 decem
3047 2674 3200 2729 libris
3227 2675 3488 2730 arithme-

1907 2764 2081 2838 ‘tliica:
2105 2763 2461 2818 institutionis
2494 2764 2834 2833 apertissime
2870 2775 3046 2834 potest
3081 2765 3355 2836 cognosci.
3395 2764 3484 2820 lu-

1923 2853 2072 2908 sania
2100 2852 2474 2926 Mauchiorum
2506 2855 2730 2912 herissis
2758 2857 3022 2911 exoritur.

1991 2942 2154 2998 Gaius
2179 2945 2266 2998 26.
2297 2963 2432 3013 papa
2454 2955 2566 3014 post
2600 2945 2830 3001 Petrum.
3170 3009 3178 3017 υ
3477 3023 3480 3025 Δ

2001 3035 2088 3105 (Η.
2131 3035 2220 3105 R.)
2261 3035 2357 3090 llis
2381 3037 2711 3103 consulibus,
2744 3036 3068 3093 Cassiodoro
3107 3048 3274 3102 teste.
3305 3039 3494 3095 Tucci-

1929 3137 2016 3182 tus
2049 3142 2232 3182 mense
2272 3136 2427 3182 sexto
2454 3127 2537 3182 sui
2572 3127 2781 3198 imperii
2817 3131 2955 3198 apud
2994 3129 3219 3184 Pontum
3251 3131 3492 3188 occissus

1927 3226 2029 3284 est,
2061 3218 2163 3273 hoc
2191 3226 2273 3273 est
2300 3219 2480 3287 quassi
2507 3234 2688 3274 mense
2716 3217 3038 3286 Septimbre.

1904 3372 1907 3374 _
2000 3308 2355 3362 Romanorum
2376 3308 2464 3362 57.
2510 3308 2814 3378 Floriunus,
2863 3326 3014 3365 omne
3056 3319 3180 3364 teste
3225 3313 3494 3378 historico,

1927 3409 2040 3469 post
2068 3399 2335 3453 Taccitunt
2389 3399 2606 3453 obtinuit
2649 3400 2924 3470 imperium
2945 3441 2958 3463 ,
2986 3402 3074 3471 qui
3102 3401 3252 3454 tertio
3289 3401 3495 3454 demunt

1928 3507 2101 3545 mense
2123 3492 2206 3544 sui
2243 3491 2446 3561 imperii
2472 3492 2611 3562 apud
2652 3489 2874 3546 Tarsum
2920 3493 3218 3562 interfectus
3255 3504 3371 3560 est;
3404 3495 3500 3548 hoc

1929 3592 2002 3636 est
2028 3600 2188 3649 usque
2222 3584 2290 3636 ad
2331 3581 2600 3637 Kalendas
2634 3582 2884 3638 Januarii
2914 3586 2967 3637 in
3006 3584 3182 3637 eodem
3215 3601 3353 3638 anno
3395 3602 3496 3654 quo

1930 3674 2238 3728 Aurilianus
2259 3674 2487 3727 occissus
2519 3685 2613 3726 est.
2645 3673 2742 3728 llic
2779 3688 2877 3727 nec
2907 3674 3191 3744 quicquam
3229 3677 3505 3728 memoria:

1931 3765 2152 3836 dignum
2201 3765 2341 3836 egit,
2389 3773 2594 3847 tantum
2641 3766 2899 3834 temporis
2953 3765 3234 3825 brevitate
3275 3766 3356 3819 sui
3407 3767 3504 3818 itu-

1930 3857 2087 3928 perii.

2004 3948 2092 4022 (Η.
2126 3948 2217 4019 Β.)
2258 3945 2612 4001 Romanorum
2651 3926 2738 4002 58.
2779 3947 2979 4001 Probus
3017 3932 3246 4016 regnavit
3273 3950 3424 4000 annis
3451 3948 3503 4002 6.

1933 4041 2191 4098 mensibus
2218 4040 2273 4106 4,
2320 4039 2415 4092 hoc
2453 4050 2527 4094 est
2576 4054 2745 4108 usque
2777 4037 3047 4092 Kalendas
3089 4036 3249 4102 Maii,
3282 4037 3334 4090 in
3366 4053 3508 4091 anno

1930 4137 2058 4190 26L
2113 4141 2234 4202 post
2281 4131 2606 4201 passionem.
2665 4130 2777 4186 Sub
2825 4145 2932 4200 quo
2991 4130 3045 4184 lii
3098 4128 3346 4185 consules
3403 4128 3510 4182 lue-

1933 4235 2078 4286 runt.
2115 4233 2249 4280 teste
2280 4222 2624 4279 Cassiodoro.

245 4330 427 4384 tellus.
461 4305 922 4402 [His'consulibus
951 4305 1212 4386 successit
1238 4329 1552 4385 Euticianus
1575 4345 1712 4400 papa
1744 4345 1815 4384 sc-

2005 4317 2130 4372 292.
2173 4317 2224 4371 1.
2269 4312 2486 4387 [601.Χί]
2525 4305 2732 4384 (litem)
2777 4312 3001 4367 Messala
3030 4321 3077 4368 at
3111 4311 3304 4367 Gratus
3341 4309 3403 4364 V.
3445 4310 3506 4366 C.

249 4421 493 4477 eundum
524 4430 675 4493 gesta
696 4421 1057 4494 pontiﬁcum]
1084 4422 1407 4478 Aurelianus
1431 4421 1688 4492 templum
1717 4421 1830 4477 Soli

245 4511 509 4575 anlilicat,
535 4522 592 4568 et
616 4511 838 4568 Romam
865 4512 1192 4568 lirmioribus
1213 4511 1382 4567 muris
1408 4511 1595 4566 vallat.
1620 4511 1834 4567 Primus

248 4620 276 4656 a
308 4603 556 4660 consulis
584 4605 658 4637 ²¹⁸
685 4605 754 4662 ab
778 4605 1056 4659 Auriliano
1080 4604 1382 4660 institutus.
1413 4602 1697 4658 Decretum
1721 4604 1831 4658 Eu-

249 4694 496 4766 tychiani
549 4710 702 4764 papa:
745 4714 758 4749 :
803 4713 820 4745 ι
866 4693 1178 4748 Karissitnis
1223 4691 1484 4748 fratribus
1509 4693 1739 4748 Johanni
1779 4703 1832 4750 ct

251 4786 512 4838 omnibus
541 4799 637 4854 per
665 4783 901 4838 Beticam
930 4783 1260 4853 provinciam
1289 4783 1596 4837 constitutis
1618 4784 1830 4854 episco-

253 4880 356 4949 pis,
383 4878 746 4934 Eutichianus
777 4878 1061 4948 episcopus
1096 4878 1148 4930 in
1180 4875 1406 4930 Domino
1441 4875 1700 4936 salutem,
1732 4893 1749 4924 ι
1784 4883 1839 4927 et

254 4969 463 5040 reliqua
495 4969 574 5040 (p.
601 4967 770 5037 205);
804 4967 928 5021 data
957 4966 1011 5020 2.
1045 4965 1166 5020 ldus
1194 4962 1424 5032 Aprilis,
1454 4962 1746 5018 Aureliano
1786 4971 1840 5017 et

254 5062 511 5114 Marcello
539 5062 671 5114 viris
700 5060 1020 5114 clarissimis
1047 5057 1380 5114 consulibus.

1938 4410 2147 4465 Probus
2168 4407 2370 4464 Gallias
2397 4405 2464 4461 ab
2488 4405 2712 4462 Arbaris
2735 4406 2804 4437 ³¹⁷
2836 4411 3127 4476 occupatas
3157 4403 3369 4474 ingente
3397 4403 3505 4456 vir—

1939 4511 2050 4557 tute
2077 4500 2331 4556 restituit.

2006 4593 2134 4648 295.
2173 4591 2230 4646 2.
2271 4587 2510 4663 [ccum]
2551 4588 2759 4659 (litem)
2804 4587 3005 4641 Probus
3031 4587 3085 4640 4.
3105 4596 3150 4640 et
3181 4584 3515 4640 Tiberianus.

1941 4684 2194 4740 Secundo
2219 4699 2360 4738 anno
2388 4681 2548 4736 Probi
2581 4681 2734 4752 juxta
2775 4678 3139 4733 Antiochenos
3179 4677 3303 4732 325.
3341 4691 3516 4730 annus

1943 4776 2062 4840 fuit,
2086 4774 2240 4844 juxta
2271 4775 2452 4829 Tirius
2477 4771 2602 4833 400,
2632 4771 2788 4840 juxta
2829 4768 3163 4844 Lapdicenos
3187 4767 3293 4822 524
3315 4809 3329 4831 ,
3365 4768 3516 4838 juxta

1941 4869 2244 4922 Edessenos
2273 4865 2396 4930 589,
2423 4864 2580 4933 juxta
2607 4861 2952 4916 Ascolonitas
2990 4859 3112 4915 580.
3157 4859 3395 4930 [Initium
3427 4857 3515 4910 86.

1939 4957 2136 5028 jobelei
2161 4957 2457 5014 secundum
2488 4955 2723 5015 Ebreos;
2758 4951 2902 5021 jobel
2933 4960 3112 5005 autem
3142 4952 3285 5019 apud
3318 4947 3522 5003 Ebreos

1942 5049 2440 5114 quinquagenarius
2462 5060 2635 5100 annus
2660 5044 2986 5098 nominatur.
3009 5041 3197 5110 Itaque
3223 5036 3516 5097 secundum
