3926 5326
445 234 546 291 θθι
598 202 605 205 ’

1801 241 2089 299 ΜΑΙίΙΑΝΙ
2128 245 2375 303 SCOTTI

3608 257 3708 312 (ΞΜ

445 350 679 403 cundum
712 338 911 406 annum
947 351 1105 408 Probi
1127 396 1140 418 ,
1179 354 1313 409 fiunt
1338 352 1672 427 42005111ιί,
1701 354 1755 409 id
1779 363 1863 409 est
1891 356 1922 408 4
1946 355 2025 424 jo-
2054 364 2103 423 Λ
2203 334 2559 416 Romanorum
2602 360 2695 429 40,
2739 361 3096 420 Diocletianus
3152 367 3386 436 regnarit
3423 366 3584 421 anuis
3614 367 3706 430 20,

448 442 607 505 bclei,
637 451 691 498 et
725 444 794 499 50
818 446 941 499 anni
980 446 1037 521 id
1063 456 1148 501 est
1178 463 1314 502 unus
1333 446 1602 515 jobeleus.
1636 446 1706 501 40
1730 445 1926 515 jobelei
1959 451 2025 501 ab

444 533 622 587 Adam
646 539 712 589 ad
739 553 939 593 annum
963 539 1301 594 50.Abraha:
1325 557 1340 603 ;
1372 550 1430 593 et
1460 541 1530 596 ab
1554 541 1728 594 Adam
1758 554 1932 609 usque
1959 538 2027 594 ad

448 639 648 681 annum
678 629 765 683 16.
798 628 999 686 Tiberii
1029 631 1099 687 80
1117 632 1364 705 jobclci.]

519 716 682 773 Gaius
706 720 799 775 26.
825 739 963 792 papa
987 741 1140 778 annis
1173 724 1262 789 15,
1292 724 1551 778 mensibus
1576 723 1634 777 4.

516 810 641 866 294.
682 812 736 867 5.
779 813 1039 889 [ccum]
1069 817 1275 886 (litem)
1313 815 1513 871 Probus
1540 816 1593 871 5.
1625 824 1673 868 et
1704 812 2027 868 Victorinus.

444 896 656 958 Probus
677 903 859 962 Gallos
880 917 936 965 et
958 907 1268 964 Pannonios
1289 909 1476 965 vineas
1508 910 1709 965 habere
1731 908 2026 978 permissit,

443 993 765 1068 Almamque
795 1006 851 1054 et
883 999 1110 1055 Amcum
1138 1012 1378 1058 montem
1408 1002 1627 1057 militari
1661 1015 1826 1056 manu
1847 1000 2029 1056 consi-

447 1095 531 1139 tos
554 1089 979 1155 provincialibus
1011 1093 1271 1149 colendos
1293 1093 1463 1150 dedit.

514 1178 641 1235 295.
680 1182 734 1236 4.
778 1183 1063 1258 [cocum]
1104 1184 1313 1257 (litem)
1352 1184 1522 1241 Carus
1557 1196 1606 1240 ct
1645 1185 1893 1241 Carinas.
1926 1185 2031 1240 An-

448 1271 665 1327 tiochiae
687 1275 774 1330 18.
804 1278 1158 1337 constituitur
1196 1279 1480 1351 episcOpus
1517 1277 1798 1346 Quirillus.
1841 1278 2032 1333 Satur-

446 1363 609 1420 ninus
638 1369 897 1438 magister
917 1373 1190 1430 exercitus
1218 1388 1411 1426 novam
1434 1373 1708 1426 civitatem
1732 1369 2032 1424 Antiochum

449 1469 611 1513 orsus
638 1463 904 1539 condere;
941 1465 1034 1534 qui
1078 1474 1262 1534 postea
1306 1464 1592 1533 imperium
1632 1461 1851 1517 molitus
1883 1462 2035 1515 iuva-

450 1547 602 1616 dere,
645 1551 888 1623 Apamia
926 1556 1217 1611 occiditur.
1257 1555 1557 1611 Decretalis
1603 1554 1832 1623 epistola
1876 1553 2031 1607 Euti-

448 1641 592 1698 ciani
619 1660 861 1715 papae”
913 1648 1294 1704 Dilectissimis
1334 1647 1589 1703 fratribus
1628 1646 1897 1717 episcopis
1935 1660 2033 1714 per

448 1733 691 1792 Siciliam
716 1741 1030 1795 constitutis
1056 1722 1375 1796 Euticianus
1401 1739 1688 1810 episc0pus
1721 1738 1973 1799 salutem,
2002 1756 2022 1789 ι
2061 1718 2105 1776 Β

446 1840 503 1885 et
529 1830 733 1901 reliqua
755 1832 878 1903 (Ep.
902 1833 959 1900 2,
982 1850 1036 1904 p.
1058 1833 1209 1904 207).
1235 1832 1367 1888 Data
1394 1834 1483 1888 15.
1515 1832 1634 1887 Kal.
1663 1831 1783 1888 Oct.
1810 1831 1952 1887 Caro
1969 1828 2027 1897 2,

446 1930 504 1977 et
545 1922 744 1980 Carino
788 1925 919 1981 viris
960 1926 1026 1981 cl.
1060 1942 1111 1982 c.
1150 1935 1291 1982 teste
1332 1926 1677 1982 Cassiodoro.
1719 1924 1837 1996 [llis
1876 1937 2026 1978 cons.

448 2015 770 2072 Euticianus
799 2032 937 2089 papa
971 2032 1165 2088 passus
1188 2020 1243 2075 8.
1267 2018 1385 2074 Kal.
1414 2020 1515 2090 Ag.
1551 2018 1843 2074 secundum
1878 2023 2028 2087 gesta

446 2115 788 2185 pmtiﬁcum.
817 2113 915 2171 llis
939 2130 1092 2172 coss.
1117 2115 1283 2172 Gaius
1309 2130 1447 2186 papa
1479 2112 1744 2171 successit
1783 2110 1867 2166 16.
1907 2109 2026 2165 Kal.

445 2205 738 2285 Januarii]

517 2284 644 2359 296'.
682 2284 739 2361 5.
781 2304 1054 2383 [ccunv]
1090 2309 1305 2381 (Βευλ.)
1344 2307 1515 2364 Carus
1547 2306 1603 2361 2.
1658 2314 1705 2361 et
1747 2303 2032 2359 Numeria-

444 2412 567 2453 nus.
600 2398 887 2458 Arehilaus
922 2400 1326 2474 Mesopotamia:
1366 2403 1648 2472 episcopus
1688 2399 1887 2454 librum
1916 2396 2028 2452 dis-

448 2491 748 2556 putationis
815 2510 927 2552 sua!
992 2513 1153 2569 quam
1220 2498 1410 2554 habuit
1477 2505 1668 2554 contra
1724 2493 2030 2549 Manchium

450 2595 739 2641 exeuntem
766 2587 833 2644 de
854 2588 1095 2657 Perside,
1131 2591 1253 2647 Siro
1280 2605 1532 2646 sermone
1552 2587 1915 2659 compossuit;
1938 2584 2032 2655 qui

449 2676 747 2735 translatus
771 2694 802 2735 a
824 2680 1015 2739 Grecis
1042 2684 1273 2739 habetur
1299 2699 1331 2737 a
1367 2681 1574 2737 multis.

516 2771 644 2829 297.
686 2773 739 2829 6.
782 2773 1038 2850 [cccxxv]
1074 2776 1281 2849 (HIER.)
1320 2776 1680 2831 Diocletianus
1719 2771 1783 2828 V.
1816 2772 1877 2828 C.
1907 2791 2034 2830 con-

446 2863 551 2919 sul.
611 2865 955 2925 Alexandria:
1019 2869 1108 2925 15.
1171 2870 1461 2941 episcopus
1515 2867 1718 2939 prefuit
1782 2868 2033 2928 Theonas

446 2958 606 3012 annis
633 2959 722 3015 19.
1202 2967 1206 2971 ’
1632 2980 1635 2985 ·

2128 452 2224 505 hoc
2253 466 2323 506 ρει
2354 470 2514 523 usque
2541 454 2804 510 Kalendas
2826 455 2990 521 Julii,
3028 458 3081 511 in
3113 475 3252 511 anno
3282 457 3411 521 287,
3447 470 3562 527 post
3592 476 3707 527 pns-

2127 543 2348 598 sioucnt.
2387 545 2502 602 Sub
2523 559 2634 617 quo
2665 547 2718 602 bi
2748 547 2999 604 consules
3029 548 3278 614 fuerunt,
3319 559 3463 605 teste
3501 550 3710 605 Cassio-

2128 632 2282 690 doro.

2199 726 2323 784 501.
2363 731 2415 793 1.
2458 729 2734 804 [ccum]
2774 732 2983 804 (Ilii-zu.)
3025 733 3389 788 Maximianus
3432 733 3494 787 2.
3529 744 3577 788 et
3622 734 3714 787 ls-

2130 820 2370 876 nuarius.
2410 822 2803 890 Diocletianus,
2833 826 3086 881 Dalmata:
3119 826 3311 881 scriba:
3339 824 3522 890 filius,
3550 826 3710 893 impe-

2130 921 2283 966 rator
2322 913 2545 975 electus.
2587 916 2771 972 statim
2811 918 3017 987 Aprum
3070 918 3122 971 iu
3180 918 3419 973 militum
3468 917 3713 974 contione

2129 1008 2427 1072 percussit,
2452 1008 2646 1076 jnrans
2688 1009 2805 1066 sine
2840 1026 2939 1066 suo
2972 1010 3179 1067 scelere
3213 1009 3615 1067 Numerianutu
3639 1011 3714 1064 ia-

2134 1096 2436 1154 terfcctum.

2383 1191 2540 1263 [(.'od.
2570 1195 2623 1249 in
2647 1211 2841 1265 marg.:
2870 1194 3053 1250 Ciclus
3076 1195 3206 1250 solis
3232 1193 3475 1265 tncipit.]

2203 1282 2329 1337 502.
2368 1284 2419 1338 2.
2468 1285 2722 1359 [cccxxx]
2763 1287 2971 1355 (Iliam)
3025 1286 3223 1341 Bassus
3270 1298 3320 1339 et
3378 1284 3710 1351 Quintianus.

2131 1374 2502 1433 Diocletianus
2552 1379 2603 1433 in
2652 1382 2988 1435 consortium
3023 1381 3169 1451 regni
3204 1378 3525 1432 Herculium
3563 1376 3712 1431 lasi-

2131 1468 2371 1523 mianum
2398 1470 2722 1541 adsumpsit,
2753 1472 2845 1542 qui
2882 1472 3229 1527 multitudine
3262 1470 3601 1525 rusticorum
3627 1484 3712 1538 op-

2132 1574 2343 1630 pressa,
2370 1578 2494 1632 quae
2524 1564 2762 1619 factione
2786 1579 2898 1621 suae
2935 1563 3311 1620 Bacaudarum
3338 1562 3567 1617 nomine
3590 1560 3712 1615 indi-

2133 1652 2308 1716 derat,
2337 1669 2526 1723 pacent
2554 1654 2725 1711 Gallis
2754 1656 3002 1711 reddidit.

2152 1788 2153 1793 η
2202 1745 2327 1800 505.
2364 1747 2416 1802 5.
2458 1746 2734 1819 [οςιχχιη
2766 1748 2975 1820 ("ll-Ill.)
3004 1748 3366 1803 Diocletianus
3392 1746 3449 1800 5.
3477 1760 3529 1799 et
3555 1742 3715 1799 lasi-

2133 1836 2340 1892 mianus
2369 1839 2423 1893 5.
2456 1839 2631 1896 Cards
2661 1842 2731 1873 ¹¹⁹
2754 1850 2968 1911 sumpta
3006 1856 3247 1913 purpura
3286 1839 3593 1894 Brittanias
3628 1853 3713 1891 oc-

2130 1930 2369 1999 cupavit.
2565 1960 2570 1969 ι
3335 1955 3339 1959 ·

2130 2060 2131 2063 η
2202 2021 2328 2081 504.
2368 2024 2422 2078 4.
2464 2024 2763 2100 [ccuxxn]
2795 2026 3003 2099 (Ηιεκ.)
3029 2025 3343 2082 Tiberianus
3366 2035 3419 2079 et
3446 2023 3575 2077 Dio.
3600 2020 3715 2075 Nar-

2133 2129 2259 2171 seus
2290 2116 2486 2172 orienti
2542 2120 2737 2176 bellum
2771 2120 2972 2176 intulit.
3018 2117 3519 2191 Quinquegentiani
3569 2114 3714 2170 Δαή-

2137 2223 2257 2263 cam
2281 2208 2692 2267 infestaveruut.

2202 2301 2327 2358 505.
2367 2300 2420 2356 5.
2464 2303 2784 2378 [cauum]
2824 2304 3028 2377 (“ll-II.)
3070 2302 3485 2360 Anniballianus
3532 2311 3585 2355 et
3629 2299 3713 2353 As-

2122 2392 2479 2464 -c!eps'odalus.
2530 2396 2809 2469 Aigiptum
2856 2399 3134 2455 Achilleus
3168 2396 3441 2468 optinuit;
3491 2395 3568 2451 ob
3607 2409 3714 2464 qua

2133 2485 2483 2544 Constantius
2509 2489 2759 2548 Galerius
2785 2501 2841 2547 ct
2872 2491 3233 2547 Maximianus
3271 2503 3525 2545 cessares
3560 2488 3709 2543 adsa-

2135 2588 2356 2634 muntur
2398 2581 2451 2636 in
2484 2598 2728 2654 regnum.
2761 2584 3000 2652 Quorum
3042 2583 3398 2640 Constantius
3433 2580 3631 2636 Claudi
3653 2596 3709 2633 es

2138 2670 2246 2727 filia
2277 2688 2442 2747 nepos
2466 2675 2587 2743 fuit,
2617 2676 3021 2751 [Maximianus]
3048 2677 3299 2733 Galerius
3323 2677 3375 2731 in
3400 2675 3569 2732 Dacia
3597 2674 3713 2729 baut

2135 2763 2291 2835 longe
2315 2782 2344 2820 a
2373 2766 2596 2824 Serdica
2626 2780 2787 2826 natus
2810 2780 2915 2827 est.
2954 2782 2957 2785 '
3243 2770 3247 2775 ’

2204 2858 2330 2913 506.
2362 2860 2416 2914 ϐ.
2456 2859 2765 2935 [οσικχχιν]
2795 2862 3001 2934 ("ll-Ill.)
3029 2863 3389 2919 Diocletianus
3410 2857 3712 2916 helluari-

2135 2953 2345 3006 mianus
2372 2951 2424 3006 ι.
2454 2952 2817 3010 Diocletianus
2841 2957 2908 2988 ²¹¹
2943 2956 3106 3012 etiam
3138 2953 3242 3028 [ut]
3276 2954 3562 3011 adﬁnitate
3584 2949 3710 3025 [eos]

519 3050 645 3107 298.
685 3052 736 3105 7.
778 3050 1051 3126 [ccum]
1091 3052 1297 3125 (HN-2R.)
1333 3050 1659 3107 Aristobolus
1692 3050 1755 3106 V.
1789 3051 1850 3107 ε.
1886 3070 2030 3107 cons.

2147 3044 2513 3116 coniungeret,
2550 3047 2899 3104 Constantius
2935 3048 3238 3120 privignam
3278 3045 3500 3102 Herculi
3544 3045 3709 3100 Theo-

447 3141 547 3198 His
580 3143 894 3200 consulibus
924 3143 1135 3200 Probus
1182 3144 1410 3199 tumultu
1463 3144 1684 3200 militari
1733 3145 1873 3215 apud
1914 3145 2033 3200 Sir—

448 3233 618 3288 mium
650 3234 703 3288 in
745 3235 878 3290 turri
906 3250 1027 3306 quia:
1054 3242 1280 3289 vocatur
1307 3233 1532 3289 Ferrata
1569 3233 1854 3289 occiditur.

446 3340 447 3343 ‘
525 3325 888 3381 Romanorum
922 3326 1012 3383 59.
1061 3325 1229 3381 Carus
1266 3342 1385 3380 cum
1430 3324 1557 3396 [iliis
1602 3327 1712 3381 suis
1756 3324 1950 3382 Carino
1985 3337 2033 3382 et

454 3416 787 3473 Numeriano
830 3418 1076 3491 regnavit
1119 3418 1278 3474 annis
1310 3417 1542 3486 duobus,
1585 3418 1864 3475 mensibus
1907 3419 2032 3473 item

448 3511 660 3565 duobus
695 3510 851 3580 juxta
886 3511 1164 3568 historiam
1208 3509 1547 3578 Romanam,
1592 3511 1695 3567 hoc
1730 3521 1812 3567 est
1862 3526 2035 3582 usque

451 3600 570 3656 Kal.
597 3600 744 3667 Julii,
770 3602 821 3657 in
850 3617 992 3658 anno
1018 3603 1144 3658 266.
1178 3610 1300 3672 post
1333 3602 1660 3673 passionem.
1694 3601 1807 3658 Sub
1840 3617 1950 3673 quo
1976 3602 2032 3657 hi

451 3694 701 3750 consules
734 3694 975 3763 fuerunt,
1003 3704 1141 3750 teste
1165 3694 1482 3751 Casiodoro.
1538 3756 1543 3761 ,

521 3785 649 3841 299.
690 3787 740 3842 1.
783 3786 1079 3860 [εειχινιι]
1117 3785 1323 3860 (Hilam)
1364 3785 1631 3841 Maximus
1659 3795 1706 3840 et
1736 3784 2029 3856 Aquilinus.

449 3875 622 3931 Carus
664 3873 1034 3935 Narbonensis
1078 3893 1226 3944 cum,
1251 3878 1404 3933 omni
1448 3877 1773 3932 Parthorum
1815 3875 2035 3947 regione

447 3975 680 4035 vastata,
706 3968 940 4026 Cocbem
978 3979 1032 4026 et
1068 3969 1442 4026 Thesil'ontem
1469 4009 1485 4035 ,
1525 3969 1898 4025 nobilissimas
1931 3970 2031 4025 ho-

449 4059 612 4114 stium
648 4061 829 4128 urbes,
876 4064 1155 4134 cmpisset,
1197 4077 1361 4134 super
1402 4060 1678 4134 Tigridem
1723 4070 1903 4116 castra
1940 4077 2034 4131 po-

448 4167 606 4219 nens,
638 4153 877 4210 fulminis
907 4156 1013 4211 ictu
1043 4155 1268 4210 interiit.
1444 4204 1445 4207 η
1817 4169 1822 4173 '

520 4246 676 4303 300.‘
704 4249 759 4301 2.
822 4247 1135 4321 [cccxxmt]
1192 4248 1398 4318 (Ηικιι.)
1457 4246 1810 4301 Diocletianus
1865 4245 1921 4299 2.
1986 4256 2033 4298 et

455 4339 837 4393 Maximianus.
885 4339 1248 4395 Numerianus
1287 4354 1407 4393 cum
1455 4339 1525 4393 ob
1567 4337 1844 4393 oculorum
1888 4336 2035 4394 dolo-

2138 3136 2325 3193 doram
2356 3140 2592 3209 accepit;
2623 3156 2831 3212 ex‘qua
2875 3141 3038 3196 etiam
3080 3138 3313 3213 [postea]
3350 3154 3446 3195 sex
3490 3138 3710 3200 liberos.

2136 3227 2477 3285 Constantini
2511 3232 2726 3297 fratres,
2759 3234 2967 3289 habuit.

2401 3323 2556 3396 [Cod.
2599 3326 2654 3380 in
2690 3339 2883 3396 mai-9.:
2911 3324 3092 3381 Ciclus
3122 3324 3209 3379 17.
3236 3323 3349 3379 ind.
3375 3323 3457 3396 5.]

2207 3413 2334 3468 507.
2376 3415 2428 3470 7.
2470 3415 2761 3490 [cccxxxv]
2790 3417 2994 3489 (Ηιειι.)
3025 3415 3366 3471 Constantius
3382 3416 3455 3448 "°
3471 3425 3519 3471 et
3553 3412 3707 3467 Hesi-

2138 3521 2273 3561 mus.
2301 3507 2550 3564 Galerius
2576 3510 2649 3541 '"
2683 3509 2845 3563 ﬁliam
2880 3507 3193 3564 Diocletiani
3226 3506 3523 3562 Valeriam.
3551 3506 3706 3561 Ambo

2136 3612 2336 3655 uxores
2362 3615 2497 3670 quas
2522 3601 2824 3657 habuerant
2849 3602 3140 3673 repudiare
3166 3600 3431 3670 compulsi
3470 3608 3610 3654 sunt.

2206 3691 2329 3747 508.
2372 3692 2425 3747 8.
2479 3692 2789 3766 [cccxxxw]
2839 3692 3046 3767 ("ll-SR.)
3099 3692 3300 3747 Tuscus
3344 3701 3395 3745 et
3440 3689 3703 3745 Anulinus.

2136 3780 2345 3840 Busiris
2378 3786 2447 3817 ¹²⁸
2487 3796 2540 3841 et
2579 3785 2783 3858 Captus
2820 3796 3010 3844 contra
3056 3784 3331 3841 Romanos
3366 3783 3701 3847 rebellantes,

2138 3876 2203 3930 ad
2234 3876 2405 3931 solum
2438 3893 2609 3949 usque
2639 3894 2867 3935 reversae
2895 3889 3037 3935 sunt.

2206 3969 2329 4026 509.
2366 3972 2419 4028 9.
2455 3970 2784 4046 [causam]
2813 3972 3018 4045 (HlElt.)
3046 3971 3408 4026 Diocletianus
3431 3969 3486 4025 5.
3513 3980 3560 4025 et
3586 3966 3705 4024 Con-

2136 4064 2361 4119 stantius
2387 4064 2441 4119 2.
2472 4064 2772 4135 Carporum
2805 4078 2861 4121 et
2886 4067 3271 4122 Basternorutn
3303 4074 3497 4135 gentes
3526 4064 3580 4117 in
3617 4062 3705 4117 Ro-

2136 4170 2354 4211 manum
2402 4157 2576 4214 solum
2624 4158 2920 4213 translatm.
2974 4157 3272 4214 Decretalis
3325 4155 3559 4226 cpistola
3602 4154 3705 4210 Gaii

2135 4264 2325 4319 papas:
2364 4269 2382 4302 ι
2418 4250 2781 4306 Dilectissimo
2828 4248 2985 4306 fratri
3025 4250 3205 4305 Felice
3253 4248 3514 4319 episcopo
3561 4246 3709 4313 Gaius

2139 4341 2390 4406 salutem,
2424 4360 2442 4394 ι
2473 4352 2527 4398 et
2559 4343 2764 4413 reliqua
2790 4341 2848 4414 (l.
2879 4342 2939 4408 l.,
2963 4357 3017 4413 p.
3041 4341 3199 4412 209);
3224 4341 3347 4394 data
3374 4340 3495 4395 Kal.
3524 4328 3707 4404 Martii,

456 4447 571 4485 rem
623 4430 867 4486 lecticula
916 4433 1225 4498 veheretur,
1267 4430 1482 4486 insidiis
1527 4431 1655 4500 Apri
1705 4430 1910 4485 soceris
1953 4430 2033 4484 sui
2066 4400 2113 4457 ί)
2140 4433 2472 4489 Diocletiano
2511 4435 2563 4489 5.
2614 4400 3030 4492 et.Coiistant-io
3080 4400 3240 4489 2.’V.
3281 4433 3363 4490 Cl.
3414 4432 3709 4522 consulibus

453 4523 696 4580 occissus
722 4534 842 4592 est,
882 4526 970 4580 vix
1002 4527 1209 4582 fcthore
1231 4524 1514 4580 cadaveris
1540 4532 1662 4593 post
1691 4522 1895 4592 aliquot
1921 4523 2037 4577 dies
2141 4524 2233 4595 (cf.
2264 4525 2354 4578 lib.
2386 4529 2579 4598 pont.).
2616 4527 2781 4583 Caius
2814 4528 2866 4582 in
2898 4529 3000 4583 hac
3040 4527 3267 4599 epistola
3308 4527 3616 4589 constituit,
3660 4534 3710 4578 ut

453 4618 663 4676 scelere
697 4630 993 4691 comperto.
1036 4619 1219 4692 (Rem)
1260 4619 1431 4675 Rome
1477 4619 1620 4691 passi
1665 4612 1947 4673 Crisautus
1981 4627 2039 4673 et
2118 4610 2235 4687 'pcr
2277 4633 2465 4692 omnes
2503 4620 2701 4689 gradus
2747 4619 3149 4685 melesiasticos,
3192 4620 3246 4675 id
3296 4627 3382 4675 est
3432 4617 3710 4681 acbolitns,

453 4710 638 4777 Daria,
664 4711 919 4772 Claudius
943 4732 1065 4772 cum
1096 4730 1263 4771 uxore
1297 4714 1499 4770 Hilaria
1524 4723 1580 4769 et
1611 4714 1734 4769 filiis
1758 4711 1956 4768 Jasone
1980 4720 2036 4767 et

452 4802 662 4870 Mauro,
686 4818 739 4861 et
765 4807 832 4862 70
856 4809 1057 4865 milites
1085 4817 1141 4864 et
1172 4807 1400 4879 reliqua.
1435 4806 1642 4885 (illam)
1672 4805 1767 4861 His
1795 4804 2031 4861 consuli-

430 4895 552 4973 ’bus
578 4896 803 4954 Carinus
834 4901 1005 4979 prelio
1037 4903 1243 4979 victus,
1264 4901 1423 4979 apud
1458 4899 1699 4971 Margum
1742 4897 2031 4962 occiditur,

453 4987 770 5047 'Decretalis
793 4993 862 5023 ³³⁸
891 4976 1273 5052 epistola‘Gaii.
1295 5009 1446 5054 Dante
1473 4992 1531 5054 (l.
1559 4993 1618 5055 l.,
1648 5007 1699 5056 p.
1717 4989 1823 5045 209
1856 4986 2029 5058 (126)]

2139 4708 2452 4777 hostiarius,
2488 4710 2677 4778 lector,
2702 4712 2993 4778 exorcista,
3024 4712 3407 4778 subdiaconus,
3442 4712 3710 4773 diaconus,

2138 4802 2426 4870 presbiter,
2476 4804 2710 4874 primum
2764 4808 3104 4870 ascenderet,
3154 4807 3201 4861 si
3258 4804 3380 4875 quis
3436 4805 3713 4873 episcopus

2143 4894 2314 4948 ﬁeret.
2355 4894 2478 4965 (An.
2509 4896 2697 4969 Mart.)
2725 4897 2895 4954 Gaius
2924 4915 3059 4969 papa
3087 4911 3277 4968 passus
3300 4896 3385 4950 10.
3418 4894 3539 4950 Kal.
3575 4892 3708 4957 llaii,

2110 4976 2194 5040 let
2236 4986 2479 5055 sepultus
2518 4989 2568 5042 in
2610 4990 2880 5046 cimiterio
2914 4992 3106 5047 (lalisti
3149 4989 3495 5058 [prescriptis
3523 5001 3708 5043 consu-
