3926 5326
168 188 276 242 693

1417 217 1832 275 CllliONlCON.
1873 252 1940 262 —-—
1980 223 2102 279 LIB.
2149 225 2231 280 Ill.

3329 232 3396 284 69
3408 231 3440 283 ι.

239 309 365 409 510.
413 313 492 415 ΞΒ.
536 314 1132 415 ίςειίιχκνηιι-(Ιιιιῖῐι.)
1176 323 1407 380 Faustus
1445 339 1492 382 et
1542 328 1743 384 Callus.
1782 338 1822 394 Α
1853 337 2015 415 preda
2051 352 2153 406 qua
2185 338 2409 391 Parthos
2444 339 2828 408 spoliaverunt.
2871 353 3024 393 .erre
3068 347 3211 393 motu
3256 342 3432 393 horri-

164 397 385 455 Primus
433 402 798 462 Diocletianus
839 412 1053 466 adorari
1093 429 1156 468 se
1185 425 1242 470 ιιι
1281 415 1446 473 Deum
1476 419 1662 491 jussit,
1699 435 1752 478 et

162 504 412 558 gemmas
441 496 682 552 vestibus
703 500 1190 573 calceatnentisque
1219 506 1401 563 inseri.
1511 515 1516 518 ’

235 582 366 636 511.
422 585 508 639 11.
561 586 874 663 [ccuxxtx]
923 593 1131 665 (HIER.)
1181 597 1540 656 Diocletianus
1593 605 1644 659 6.
1707 617 1752 660 et

164 671 534 765 Maximianus
556 678 607 733 6.
635 681 766 736 Cum
792 685 874 715 ἠ
891 695 1015 741 ante
1037 703 1159 742 eum
1185 704 1373 747 omnes
1402 693 1752 765 imperatores

161 761 216 816 in
243 765 467 822 modum
491 768 734 836 judicum
757 775 1143 843 salutarentur,
1166 790 1219 835 et
1245 761 1528 839 clamidem
1546 795 1752 843 tantum

159 867 495 948 purpuream
525 874 554 913 a
581 863 791 930 privato
821 865 1004 921 habitu
1030 869 1148 939 plus
1175 872 1452 930 haberent.
1479 875 1596 948 [llis
1629 895 1755 934 con-

159 947 380 1042 snl_ibus
405 950 750 1042 Marcellinus
781 972 916 1026 papa
951 963 1216 1016 successit
1243 965 1294 1019 5.
1327 965 1442 1020 Kal.
1473 947 1646 1042 .iulii.]

232 1037 362 1091 διε.
422 1039 508 1094 ιε.
563 1043 739 1119 [ccxc]
791 1049 895 1119 (cf.
947 1051 1148 1124 Benx.)
1189 1055 1526 1114 Constantius
1587 1037 1646 1116 si
1707 1077 1754 1117 et

161 1127 443 1186 Maximus
471 1134 523 1189 5.
561 1134 678 1208 [His
712 1145 1152 1211 persecutoribus
1183 1147 1320 1203 intra
1351 1151 1420 1204 50
1461 1153 1573 1208 dies
1618 1155 1756 1210 7000

159 1223 314 1288 passi
350 1225 530 1299 sunt.]

231 1314 362 1369 515.
427 1319 512 1371 15.
569 1319 768 1395 [ccxcr]
828 1325 1035 1397 ("ll-Iit.)
1099 1328 1336 1386 Titianus
1395 1345 1442 1388 et
1499 1335 1752 1406 Negotia-

158 1423 281 1461 nus.
327 1409 651 1467 Alexandria
688 1431 808 1469 cum
857 1419 1003 1472 omni
1046 1421 1260 1491 Egipto
1304 1440 1401 1495 per
1449 1426 1752 1482 Aehil‘leum

157 1499 359 1554 ducem
401 1502 474 1536 ²²⁸
521 1517 552 1557 a
596 1503 836 1560 Romana
876 1519 1142 1578 potestate
1180 1514 1483 1583 discedens,
1521 1518 1573 1573 8.
1615 1520 1756 1575 ohsi-

158 1589 345 1645 dionis
383 1606 566 1649 mense
588 1609 617 1648 a
648 1594 982 1654 Diocletiano
1003 1611 1158 1672 capta
1179 1615 1282 1659 est.

1855 428 1950 481 bili
1989 431 2127 498 apud
2177 430 2362 485 Tirum
2408 443 2462 487 et
2512 432 2765 487 Sidoneut
2824 433 2988 486 multa
3023 447 3185 503 opera
3211 449 3434 488 corrue-

1855 527 1980 571 runt
2023 527 2076 571 et
2116 519 2342 588 populus
2398 520 2801 575 innumerabilis
2839 535 3144 591 oppressus.
3183 522 3244 576 l9
3291 537 3438 575 anno

1857 606 2210 675 Diocletiani,
2239 626 2423 666 mense
2454 611 2664 677 Martio,
2701 612 2752 665 in
2795 610 2983 666 diebus
3024 611 3253 682 paschze,
3281 613 3438 666 acele-

1854 699 1946 752 sia:
1969 699 2240 755 subversa:
2261 711 2383 755 sunt
2411 719 2422 768 ;
2453 713 2649 772 quarto
2689 712 2868 758 autem
2914 718 3057 759 anno
3105 703 3439 772 persecutio-

1856 791 1937 844 nis
1959 790 2344 848 Constantinus
2374 811 2600 864 regnare
2628 812 2803 851 orsus.

1925 883 2046 937 520.
2088 885 2174 939 20.
2219 884 2513 958 [ccxcvut]
2559 887 2782 958 (llmn.)
2835 887 3189 943 Diocletianus
3247 885 3329 940 10.
3389 897 3436 940 et

1862 972 2126 1028 Maximus
2163 973 2213 1027 7.
2253 975 2348 1030 llis
2390 976 2719 1041 consulibus,
2752 976 3075 1032 Cassiodoro
3127 986 3294 1041 teste,
3350 991 3437 1029 se-

1857 1065 2034 1119 cundo
2072 1066 2464 1134 persecutionis
2511 1082 2652 1121 anno
2683 1066 3042 1122 Dioeletianns
3091 1065 3440 1128 Nicomediae,

1859 1157 2217 1214 Maximianus
2243 1159 2556 1222 Mediolani,
2575 1175 2866 1230 purpuram
2887 1159 3296 1228 depossuerunt.

1932 1247 2286 1302 Romanorum
2332 1248 2419 1302 11.
2449 1246 2689 1302 Galerius
2737 1247 3058 1302 Maximinus
3105 1265 3242 1301 anno
3292 1263 3393 1300 uno
3424 1287 3442 1308 ,

1859 1338 1954 1390 hoc
1993 1347 2066 1391 est
2097 1352 2265 1407 usque
2313 1337 2429 1391 Kal.
2460 1336 2608 1403 Julii,
2641 1337 2693 1392 in
2727 1352 2868 1391 anno
2895 1337 2998 1392 9.88
3021 1378 3034 1401 ,
3067 1347 3188 1407 post
3235 1337 3441 1404 passio-

1865 1443 2010 1480 110111.

1931 1519 2230 1575 Decretalis
2257 1519 2482 1590 epistola
2515 1536 2526 1572 :
2555 1538 2572 1570 ι
2603 1517 2886 1573 Marcellus
2915 1532 3047 1587 papa
3081 1515 3443 1572 tlilcctissimis

1865 1609 2121 1665 fratribus
2167 1611 2436 1666 universis
2480 1610 2745 1680 episcopis
2793 1625 2887 1678 per
2935 1608 3273 1662 Antiochiam
3315 1623 3442 1662 con-

232 1680 358 1734 51-1.
434 1681 520 1737 14.
583 1682 800 1759 [ccxcn]
864 1689 1092 1762 (litem)
1163 1691 1501 1752 Constantius
1565 1700 1618 1753 4.
1698 1712 1746 1756 et
1781 1687 1821 1745 Β
1850 1700 2051 1754 stitulis
2095 1701 2342 1762 salutem,
2377 1720 2396 1754 ι
2430 1708 2486 1754 et
2534 1699 2737 1769 reliqua
2775 1699 2879 1768 (ep.
2916 1699 2964 1762 l,
3009 1715 3060 1767 p.
3103 1696 3270 1767 ﬁl);
3319 1698 3441 1750 data

162 1769 439 1826 Maximus
463 1773 518 1827 4.
548 1775 734 1845 itaque
759 1778 976 1848 plurimi
1005 1797 1100 1851 per
1121 1792 1289 1840 totam
1321 1785 1612 1860 Egyptum
1638 1808 1753 1861 gra—

1857 1791 1974 1844 Kal.
2001 1790 2200 1860 Aprilis
2227 1791 2495 1846 Maxentio
2515 1800 2569 1845 et
2593 1789 2921 1845 Maximiano
2947 1790 3008 1846 γ.
3029 1789 3090 1844 C.
3112 1788 3443 1843 consulibus.

157 1864 320 1919 vi:.us
366 1869 853 1939 proscriptionibus
897 1875 1162 1946 exilisque
1203 1879 1415 1945 vexati,
1457 1881 1754 1939 interfectis
1852 1884 1971 1937 Alia
2017 1883 2348 1938 decretalis:
2391 1901 2408 1934 ι
2447 1881 2730 1937 Marcellus
2783 1881 3068 1952 cpiscopus
3112 1889 3310 1934 sancta:
3357 1895 3446 1932 ca-

158 1959 252 2027 qui
287 1969 541 2016 auctores
570 1962 952 2032 perduellionis
981 1968 1296 2024 extiterant.

231 2050 362 2104 515.
431 2052 518 2106 15.
586 2053 828 2130 [ccxcm]
896 2057 1115 2129 (HIER.)
1167 2061 1519 2120 Diocletianus
1588 2067 1634 2118 7.
1707 2077 1754 2122 et

162 2142 533 2200 Maximianus
565 2148 618 2203 7.
662 2147 917 2208 IEclesia:
966 2151 1443 2211 llierosolimarum
1489 2156 1576 2212 57.
1610 2158 1754 2214 ordi-

159 2249 325 2290 natur
353 2238 644 2307 episcopus
674 2240 904 2298 Zabdas.
937 2243 1065 2299 Post
1113 2245 1180 2300 10
1228 2262 1399 2302 annos
1431 2263 1531 2318 per
1566 2249 1755 2304 Ascle-

159 2327 369 2397 piotum
400 2329 705 2398 prefectum
737 2335 975 2401 pretorio
1007 2335 1286 2392 Brittaniae
1311 2349 1560 2410 receptae.
1591 2340 1754 2396 Juxta

157 2418 438 2489 Lingonas
467 2435 496 2472 a
521 2418 876 2478 Constantino
906 2439 1094 2482 cesare
1122 2427 1542 2484 Alamannorum
1575 2445 1716 2486 cesa.

407 2505 563 2579 [ϐοά.
599 2510 655 2563 in
685 2525 879 2580 marg.:
912 2512 1133 2568 Decima
1167 2517 1518 2589 persecutio.]

251 2595 379 2652 516.
447 2598 535 2651 16.
597 2597 834 2673 [ccxcrv]
901 2601 1123 2674 (litt-zu.)
1195 2605 1548 2662 Diocletianus
1601 2609 1656 2664 8.
1707 2618 1755 2662 et

164 2688 529 2744 Maximianus
544 2691 597 2746 8.
623 2689 872 2746 Galerius
891 2692 1265 2760 Maximianus,
1282 2698 1456 2752 victus
1475 2712 1505 2751 a
1529 2697 1754 2766 Narseo,

163 2788 292 2834 ante
344 2788 666 2850 carpentum
717 2780 1038 2838 Diocletiani
1101 2795 1432 2854 purpuratus
1491 2789 1754 2843 cucurrit.

165 2870 264 2943 (cf.
289 2871 382 2926 lib.
415 2872 588 2943 pont.)
619 2871 874 2932 Veturius
898 2876 1156 2945 magister
1187 2878 1392 2933 militia
1432 2879 1760 2935 christianos

165 2962 368 3018 milites
408 2963 775 3035 persequitur,
817 2967 1079 3037 paulatim
1123 2985 1186 3024 ex
1227 2969 1318 3026 illo
1355 2969 1468 3039 jam
1515 2980 1756 3041 tempore

166 3053 554 3120 persecutione
587 3054 873 3111 adversum
913 3073 1012 3113 nos
1055 3059 1372 3128 incipiente,
1423 3060 1532 3132 [his
1563 3075 1755 3116 consu-

166 3143 185 3199 1
212 3145 335 3219 bus]
362 3145 708 3203 Marcellinus
730 3165 867 3220 papa
897 3151 964 3205 al
997 3151 1412 3208 sacriﬁcandum
1443 3154 1638 3212 ductus
1669 3173 1757 3211 sa-

170 3235 468 3302 criﬁcavit;
523 3236 619 3292 sed
679 3249 866 3308 postea
928 3241 1249 3310 pmnitentia
1313 3244 1537 3310 ductus,
1586 3247 1762 3314 capite

173 3338 463 3384 truncatus
495 3338 581 3384 est
611 3329 663 3385 6.
698 3331 818 3386 Kal.
847 3331 969 3386 Maii
997 3332 1118 3403 (An.
1159 3333 1351 3404 Mart.)
1384 3350 1503 3390 cum
1536 3337 1762 3392 Claudio

172 3429 228 3473 et
249 3419 479 3487 Quirino
505 3428 671 3490 atque
700 3421 1002 3488 Antonino,
1031 3433 1084 3478 et
1115 3423 1357 3494 sepultus
1388 3435 1472 3480 est
1498 3439 1616 3498 post
1647 3429 1764 3485 dies

173 3511 243 3566 55
273 3513 326 3565 in
351 3511 624 3575 cubiculo,
657 3513 742 3568 via
770 3513 1000 3581 Salaria,
1033 3531 1061 3569 a
1094 3515 1346 3572 Marcello
1376 3529 1688 3590 prespetcro
1711 3531 1761 3575 θ’

177 3601 498 3657 diaconibns
527 3617 650 3657 cum
683 3602 866 3660 imnis.
1421 3627 1423 3629 ί

249 3691 543 3746 Marcellus
566 3709 702 3762 papa
726 3692 819 3748 28.
839 3704 951 3764 post
976 3693 1192 3750 Petrum
1221 3697 1372 3752 annis
1393 3697 1444 3752 5.

242 3784 368 3840 517.
411 3785 499 3838 17.
541 3782 753 3857 [ccxcv]
795 3785 1001 3858 (illam)
1043 3787 1380 3844 Constantius
1414 3790 1466 3845 5.
1494 3801 1541 3844 et
1592 3789 1766 3844 Maxi-

177 3895 291 3932 mus
316 3877 370 3932 5.
412 3875 664 3933 Galerius
711 3877 1066 3935 Maximianus
1092 3921 1108 3948 ,
1151 3891 1406 3952 superato
1449 3883 1682 3949 Narseo,
1714 3893 1765 3937 et

177 3967 437 4022 uxoribus
465 3983 530 4022 ac
560 3966 746 4024 liberis
781 3970 1164 4041 sororibusque
1199 3973 1312 4041 ejus
1348 3973 1520 4043 captis
1541 4013 1557 4039 ,
1586 3990 1614 4027 a
1643 3974 1764 4028 Dio-

177 4059 411 4114 cletiano
464 4058 671 4130 ingenti
718 4059 927 4127 honore
951 4063 1262 4131 suscipitur.
1297 4063 1546 4120 Thermm
1585 4064 1766 4118 Roma:

177 4148 530 4204 Diocletianae
555 4147 710 4204 facta:
750 4160 806 4204 et
839 4150 1177 4206 Maximianze
1203 4151 1496 4223 Cartagini.

242 4240 371 4294 518.
411 4239 499 4295 18.
542 4239 774 4313 [ccxcvr]
822 4242 1028 4313 (Ηιεκ.)
1076 4242 1414 4298 Constantius
1443 4247 1493 4300 6.
1525 4256 1570 4300 et
1596 4245 1743 4299 Μαπὶ

179 4350 290 4386 mus
340 4331 395 4386 6.
430 4331 675 4388 AEclisise
738 4332 1218 4390 Hierosolimarum
1279 4335 1368 4390 58.
1419 4337 1766 4390 constituitur

180 4421 476 4478 Thermon.
507 4423 810 4479 Antiochia:
833 4423 918 4479 19.
943 4425 1141 4494 prefuit
1166 4425 1452 4496 episcOpns
1475 4425 1763 4481 Tirannus.

179 4510 560 4566 Alexandrina;
609 4511 868 4567 aacclesiae
898 4513 984 4567 l6.
1017 4521 1140 4583 post
1174 4513 1451 4569 Theonam
1482 4515 1765 4585 episcopus

181 4617 238 4656 or
258 4602 465 4656 :inatur
519 4601 713 4657 Petrus
740 4641 757 4670 ,
805 4603 898 4672 qui
945 4611 1130 4672 postea
1179 4617 1322 4658 nono
1378 4605 1769 4672 persecutionis

180 4717 318 4754 anno
348 4700 741 4772 gloriosissime
785 4701 1089 4757 martirium
1135 4704 1482 4772 perpetravit.

181 4789 334 4863 [Cod.
364 4791 424 4844 in
452 4805 650 4861 marg.:
681 4792 879 4860 Aperta
897 4791 1200 4861 persecutio
1229 4805 1324 4860 per
1362 4791 1597 4847 edictum
1632 4792 1770 4863 (Pri-

249 4898 373 4939 mus
406 4897 586 4937 annus
623 4882 1013 4952 persecutionis
1055 4883 1370 4938 Diocletiani
1403 4885 1696 4956 tyranni).]

247 4973 375 5028 ³519.
423 4973 511 5027 19.
558 4971 814 5044 [ccxcvn]
852 4971 1056 5043 (Ηιειι.)
1087 4973 1448 5028 Diocletianus
1480 4976 1534 5030 9.
1561 4983 1609 5027 et
1636 4974 1773 5029 Con-

185 5070 431 5122 stantius.
477 5066 844 5122 Diocletianus
867 5075 921 5121 et
947 5067 1310 5123 Maximianus
1337 5068 1548 5140 augusti
1577 5068 1775 5139 insigni

1857 1971 2066 2025 tholicae
2090 1981 2146 2026 et
2176 1971 2484 2042 apostolica:
2525 1970 2751 2025 ecclesia:
2781 1969 2934 2024 urbis
2977 1969 3160 2022 Itonia:
3209 1967 3445 2020 Maxien-

1857 2063 1953 2127 tio,
1975 2081 1993 2114 ι
2021 2072 2073 2117 et
2103 2062 2305 2131 reliqua
2333 2062 2452 2132 (Ep.
2483 2061 2554 2126 2,
2588 2061 2771 2131 p.223)
2802 2078 2816 2126 ;
2849 2069 2905 2115 et
2925 2069 3082 2130 post:
3122 2078 3140 2110 ι
3178 2059 3256 2112 Tu
3294 2073 3442 2129 ergo,

1855 2151 2160 2220 quisnades
2183 2152 2389 2207 cultum
2427 2151 2701 2207 dimittere
2743 2151 2983 2206 divinum
3015 2159 3065 2206 et
3097 2167 3126 2204 a
3152 2157 3298 2203 recta
3339 2149 3447 2204 [ille

1857 2245 2109 2298 recedere
2148 2243 2359 2314 diisque
2398 2243 2708 2307 immolare,
2750 2262 2766 2294 ι
2797 2252 2851 2298 et
2901 2243 3149 2312 reliqua;
3183 2242 3306 2297 data
3355 2241 3442 2296 i6.

1856 2333 1972 2386 Kal.
2004 2333 2282 2389 Februarii
2336 2333 2608 2388 Maxentio
2659 2342 2711 2388 et
2764 2334 3057 2388 Maximino
3093 2335 3152 2388 ν.
3186 2333 3266 2388 Cl.
3319 2348 3446 2388 con-

1857 2423 2061 2480 sulibus
2092 2424 2214 2493 (Au.
2267 2423 2473 2493 Mart).
2532 2423 2848 2486 Marcellus,
2887 2424 3112 2494 jubeute
3157 2423 3445 2477 Maximino

1859 2509 2216 2584 imperatore‘,
2244 2515 2417 2584 primo
2450 2513 2680 2569 fustibus
2728 2529 2913 2568 cessus
2962 2522 3017 2566 et
3058 2529 3089 2566 a
3139 2511 3277 2566 facie
3328 2509 3446 2579 ejus

1857 2606 2132 2674 expulsus.
2168 2604 2367 2660 Deinde
2405 2605 2630 2660 audiens
2657 2605 2801 2674 quod
2850 2605 3068 2659 domum
3110 2611 3312 2656 sanctae
3339 2601 3446 2655 Lu-

1858 2697 2030 2759 cinae,
2059 2711 2221 2766 quam
2265 2695 2380 2764 ipse
2425 2695 2817 2766 proscriptione
2867 2693 3242 2756 damnaverat,
3290 2691 3446 2745 mele-

1859 2787 1994 2842 siam
2027 2785 2234 2840 faceret
2267 2795 2322 2840 et
2363 2785 2418 2840 in
2454 2801 2516 2840 ea
2553 2786 2748 2839 missas
2801 2783 3124 2846 celebraret,
3158 2782 3209 2835 in
3270 2781 3444 2837 media

1859 2877 2080 2932 civitate
2098 2875 2259 2942 jussit
2291 2876 2344 2930 in
2368 2877 2562 2930 eadem
2587 2874 2784 2928 cclesia
2811 2872 3017 2943 planias
3043 2871 3210 2926 sterni
3241 2869 3307 2924 ad
3331 2869 3448 2921 ani..-

1863 2971 2023 3025 malia
2052 2969 2308 3034 catabuli,
2339 2975 2392 3023 et
2429 2966 2672 3036 ejusdem
2700 2967 2770 2996 ""
2807 2964 3002 3020 stabuli
3041 2963 3351 3032 episcopum
3379 2961 3445 3013 ad

1863 3063 2140 3120 servitium
2170 3059 2446 3130 deputavit
2473 3074 2594 3114 cum
2619 3057 2864 3114 custodia
2891 3054 3126 3126 puplica.
3164 3053 3250 3106 ubi
3280 3050 3442 3104 etiam

1863 3167 1984 3227 post
2009 3154 2204 3211 nntl‘los
2236 3149 2524 3209 serviendo
2557 3150 2773 3206 indutus
2798 3149 2974 3204 cilicio
3000 3187 3015 3214 ,
3045 3145 3180 3202 obiit
3210 3145 3291 3200 l7.
3327 3143 3444 3199 lial.

1868 3248 2179 3315 Februarii,
2205 3256 2258 3302 et
2311 3245 2562 3301 conditus
2610 3240 2944 3295 aromatibus
2989 3253 3021 3292 a
3048 3237 3293 3292 Jobanne
3321 3252 3445 3305 pre.-

1864 3339 2068 3394 sbitero
2107 3347 2163 3394 et
2195 3338 2350 3392 beata
2397 3334 2624 3400 Lucina,
2662 3329 2904 3402 sepultus
2925 3336 3008 3386 est
3037 3329 3124 3384 via
3155 3327 3363 3384 Salaria
3396 3327 3447 3380 in

1867 3429 2131 3486 t-itniterio
2154 3428 2434 3484 Priscilla}.

1937 3520 2194 3575 Eusebius
2221 3519 2312 3573 28.
2345 3534 2482 3587 papa
2517 3528 2630 3586 post
2658 3515 2876 3570 Petrum
2906 3515 3204 3579 ordinatur,
3237 3514 3324 3582 qui
3369 3528 3451 3565 se-

1865 3617 1940 3668 dit
1965 3611 2221 3668 mensibus
2250 3610 2282 3666 8
2310 3609 2468 3680 {obiit
2491 3611 2544 3663 6.
2583 3608 2715 3664 Non.
2755 3605 3025 3677 Octobr.].

1938 3701 2117 3773 ([ὶεο.)
2152 3700 2263 3755 Sub
2289 3699 2448 3769 hujus
2470 3709 2710 3767 tempore
2735 3698 2951 3751 inventa
2968 3704 3203 3750 estcrux
3239 3693 3448 3748 Domini

1866 3797 1964 3852 sub
2016 3791 2380 3854 Constantio,
2435 3798 2588 3859 patre
2642 3785 2983 3842 Constantini
3039 3783 3246 3855 Magni,
3290 3792 3350 3836 ut
3397 3784 3446 3836 in

1867 3884 2032 3954 gestis
2094 3879 2413 3950 pontiﬁcum
2471 3877 2836 3931 Romanorum
2905 3874 2979 3929 ita
3039 3874 3270 3928 habetur
3336 3871 3427 3941 (lib

1865 3972 2034 4042 pont.)
2069 3987 2082 4024 :
2119 3987 2138 4021 ι
2175 3967 2288 4023 Sub
2315 3967 2402 4022 his
2446 3965 2774 4035 temporibus
2808 3963 3021 4018 inventa
3058 3969 3139 4018 est
3187 3976 3317 4015 crux
3351 3961 3427 4014 Do

1870 4064 2078 4120 mini,5.
2109 4061 2224 4116 Non
2251 4059 2395 4124 Maii,
2423 4069 2476 4114 et
2504 4056 2805 4113 babtizatus
2832 4064 2914 4110 est
2953 4051 3116 4109 Judas
3143 4052 3233 4124 qui
3279 4059 3334 4104 et
3363 4050 3441 4105 Ci-

1860 4133 2048 4212 triacus
2075 4154 2294 4211 dicitur.
2335 4172 2353 4205 ι
3433 4151 3438 4156 '

1946 4247 2244 4304 Mazlciutles
2285 4261 2422 4314 papa
2469 4242 2558 4296 50.
2604 4248 2720 4308 post
2773 4238 2987 4291 Petrum
3038 4236 3317 4290 ordinatur
3364 4235 3453 4305 qui

1872 4339 2003 4394 sedit
2036 4338 2188 4392 annis
2222 4334 2278 4388 4.
2314 4333 2416 4388 lste
2467 4329 2702 4385 decrevit
2732 4337 2786 4382 ut
2821 4327 2906 4380 die
2934 4325 3201 4381 dominico
3244 4323 3327 4378 vel
3384 4321 3455 4376 ie-

1874 4432 1954 4485 ria
1984 4431 2039 4484 2.
2080 4426 2258 4483 nullus
2307 4421 2482 4478 ﬁdelis
2520 4418 2748 4489 jejnnet,
2784 4416 3034 4486 quoniam
3067 4415 3165 4470 hos
3195 4413 3310 4468 dies
3355 4427 3453 4483 pa-

1871 4522 1994 4594 gani
2019 4519 2172 4589 quasi
2192 4514 2398 4586 jejunio
2425 4499 2579 4567 saero
2608 4508 2903 4564 celebrant.

1941 4588 2064 4665 521.
2107 4608 2157 4660 1.
2200 4601 2436 4677 {oaxen}
2465 4599 2675 4671 (Bcnx.)
2702 4596 3022 4651 Maximinus
3045 4603 3091 4647 et
3139 4591 3355 4646 Severus
3393 4588 3460 4643 l".

1874 4700 1936 4755 C.
1969 4697 2153 4754 Tertio
2205 4690 2604 4766 persequtionis
2646 4703 2820 4751 anno,
2851 4699 2958 4755 quo
3007 4692 3061 4738 et
3111 4679 3460 4736 Constantius

1876 4787 2106 4846 Eburaci
2133 4785 2288 4850 obiit,
2331 4780 2656 4836 Maximinus
2682 4785 2737 4831 et
2763 4774 2998 4829 Severus
3026 4787 3056 4825 a
3100 4769 3318 4825 Galerio
3347 4768 3460 4821 Ma-

1879 4882 2115 4938 ximiano
2165 4878 2490 4946 imperatore
2529 4882 2772 4923 cessares
2799 4864 2928 4919 facti
2960 4870 3122 4925 sunt;
3155 4877 3226 4914 ex
3271 4859 3464 4929 quibus

1881 4967 2210 5026 Maximinus
2259 4959 2525 5022 maleﬁcia
2574 4963 2627 5010 et
2673 4965 2858 5024 stupra
2906 4969 3000 5007 sua
3040 4949 3469 5005 christianorum

3055 5047 3138 5094 εει
3205 5052 3277 5092 ea
3344 5043 3475 5087 tem-

3061 5143 3178 5160 ιιι-ω
3239 5123 3478 5160 nlui-"ulc

1883 5057 2357 5136 persequtionibus
2424 5048 2746 5105 accumulat.
2798 5043 2996 5098 Passus

2613 5155 2699 5160 ...μ-
2742 5150 3011 5160 -.σι-αΑΛνιιοη
