3926 5326
480 226 597 314 ,σθε

1826 226 2108 281 MARIANI
2149 225 2392 284 δευτιί

3667 213 3769 269 696

492 336 839 399 continentia:
880 326 938 393 et
976 335 1277 393 cruuitiohe
1334 338 1575 395 moribus
1617 338 1928 409 preeipuus,
1958 339 2148 405 ABr‘A
2174 340 2354 395 hausit
2402 336 2735 411 provincias,
2778 337 3068 407 putrifacto
3110 336 3409 390 introrsum
3438 340 3665 402 pectore
3714 341 3771 385 et

494 429 782 485 tiocheuus
834 427 1101 497 presbiter
1165 435 1219 480 et
1267 426 1584 482 Timotheus
1617 427 1788 483 Rome
1835 427 1924 482 l0;
1969 427 2079 483 Ka-

494 516 645 571 lend.
683 516 789 572 .lul.
836 516 1022 587 (Osos.
1055 530 1149 573 vu.
1179 514 1296 586 25.)
1346 515 1556 571 Interea
1608 517 1977 575 Diocletianus
2026 520 2082 574 in

497 608 750 674 Oriente,
780 606 1137 661 Maximianus
1170 605 1452 661 Herculius
1480 607 1533 662 in
1570 605 1860 663 Occidente
1882 609 2083 664 vastari

487 699 776 783 ecclesias,
826 698 990 768 afﬂigi
1048 698 1390 768 interficique
1454 698 1816 767 christianos;
1873 701 2084 758 decimo

496 799 622 859 post
664 788 931 845 Neronem
978 787 1120 854 loco,
1174 799 1553 859 preccperunt.
1591 789 1721 858 Quae
1776 794 2086 862 persecutio

498 879 750 935 omnibus
789 877 904 934 fere
926 879 1064 935 actis
1090 879 1161 911 ’³⁸
1192 879 1498 934 diuturnior
1534 890 1590 936 et
1619 880 1907 937 immanior
1936 881 2035 937 fuit
2067 900 2083 951 ;

498 982 627 1024 nam
667 983 769 1039 per
812 968 883 1024 {0
916 983 1087 1025 annos
1136 970 1402 1026 incendiis
1440 970 1801 1040 aeclesiarum,
1854 974 2088 1045 proscri-

497 1060 777 1130 ptionibus
824 1060 1221 1127 innocentium,
1261 1054 1481 1119 cedibus
1519 1065 1801 1119 martirum
1849 1066 2088 1122 incessa-

500 1150 684 1205 biliter
732 1161 851 1206 acta
908 1160 1009 1207 est.
1053 1151 1303 1208 Secundo
1360 1156 1750 1224 persecutionis
1800 1172 1941 1213 anno
1965 1157 2088 1213 Dio-

503 1239 769 1294 eletianus
821 1241 890 1294 ab
943 1240 1115 1294 invito
1168 1242 1349 1313 exegit
1401 1243 1726 1300 Maximiano
1757 1288 1772 1311 ,
1817 1255 1875 1301 ut
1929 1247 2089 1302 simul

503 1347 793 1402 purpuram
819 1331 1213 1403 imperiumque
1261 1335 1633 1405 deponerent,
1682 1352 1747 1393 ac
1787 1337 2091 1406 junioribus

506 1421 563 1497 in
607 1438 720 1477 rem
768 1424 1037 1496 puplicum
1086 1425 1426 1491 substitutis,
1458 1427 1560 1498 ipsi
1613 1428 1665 1483 in
1721 1429 1934 1498 privato
1974 1431 2090 1485 otio

509 1525 981 1571 conscnescerent.
1014 1514 1228 1589 (Βευλ.)
1256 1514 1442 1587 Itaque
1471 1519 1572 1574 sub
1613 1535 1717 1574 una
1755 1522 1841 1577 die
1888 1520 2093 1578 Diocle-

511 1607 695 1663 tianus
734 1607 1082 1676 Nicomedia,
1106 1609 1464 1666 Maximianus
1510 1609 1797 1667 Mediolani
1851 1620 2089 1683 potesta-

2184 428 2435 483 vitalibus
2489 427 2761 491 disolutis,
2810 441 2932 481 cum
2980 424 3119 481 ultra
3182 426 3470 480 horrorem
3518 422 3772 476 bum

2185 516 2447 571 misserize
2474 516 2636 572 etiam
2682 530 2895 572 vermes
2942 521 3282 570 eructaverat
3305 550 3325 578 ,
3349 526 3533 581 neque
3577 510 3769 566 medici

2185 607 2326 663 ultra
2368 607 2483 677 jam
2517 606 2744 664 fetorem
2800 606 3038 662 ferentes
3076 606 3267 661 crebro
3309 604 3438 674 jusu
3466 602 3590 670 ejus
3630 601 3774 656 θοι-ἱ-

2186 704 2463 766 derentur,
2494 711 2552 759 et
2577 718 2607 758 a
2640 702 2875 772 quodam
2928 699 3140 756 medico
3168 697 3220 753 ei
3261 696 3463 753 dicitur
3508 696 3648 750 inut
3680 692 3772 746 Dei

2186 808 2307 850 esse
2332 808 2528 863 penam
2550 808 2703 851 suam
2736 800 2791 848 et
2817 791 2938 848 ideo
2974 790 3301 849 incuratus:
3328 785 3532 843 edictis
3578 782 3777 839 latissi-

2187 885 2293 941 mis
2317 884 2647 942 christianos
2680 884 2749 940 de
2776 878 2934 939 exilis
2966 880 3239 937 revocavit
3264 895 3281 944 ;
3310 878 3428 949 ipse
3467 890 3605 931 vero
3625 873 3778 929 obiit.

2187 975 2575 1033 Constantinus
2590 990 2776 1046 pacem
2798 971 3041 1031 ecclesiis
3060 982 3184 1043 post
3205 970 3390 1027 decem
3415 981 3597 1031 annos
3617 977 3777 1034 quam

2190 1083 2221 1123 a
2265 1067 2706 1140 persecutoribus
2754 1065 3093 1122 vexabantur
3134 1060 3379 1118 indulsit.
3413 1058 3627 1115 Deinde
3660 1067 3779 1113 orto

2190 1159 2331 1216 bello
2356 1158 2533 1222 civille
2566 1158 2709 1213 inter
2730 1154 3147 1212 Constantinum
3166 1161 3223 1207 et
3251 1148 3618 1215 Maxentium,
3643 1147 3781 1215 apud

2190 1260 2410 1323 pontem
2460 1249 2716 1304 Mulvium
2753 1247 2930 1303 victus
2978 1243 3283 1303 Maxentius
3334 1239 3634 1297 occiditur.
3662 1235 3781 1292 [ire

2192 1341 2437 1398 Orosius.
2491 1338 2633 1394 Anni
2666 1346 2848 1393 autem
2878 1333 3276 1407 persecutionis
3321 1340 3455 1387 sunt
3484 1327 3782 1385 secundum

2192 1431 2468 1489 cronicam
2526 1428 2745 1485 Eusebii
2781 1435 2836 1482 et
2891 1425 3092 1483 Bedam
3149 1439 3322 1495 usque
3360 1422 3433 1479 ad
3480 1436 3689 1477 almum
3731 1420 3781 1472 7.

2191 1519 2534 1578 Constantini
2567 1537 2579 1573 :
2610 1519 2715 1576 hoc
2743 1527 2829 1573 cst
2855 1532 3030 1572 annus
3057 1515 3143 1571 l9.
3191 1523 3250 1571 et
3293 1512 3389 1568 20.
3438 1510 3784 1570 Diocletiani,

2197 1629 2374 1669 annus
2396 1612 2578 1669 Galeri
2622 1619 2679 1668 et
2706 1609 2762 1666 6.
2802 1606 3190 1671 Constantini;
3228 1607 3450 1661 tertium
3496 1601 3651 1657 enim
3696 1614 3785 1652 an-

514 1707 624 1753 tem
654 1700 862 1767 imperii
898 1700 1161 1770 simulque
1184 1701 1383 1756 cultum
1414 1701 1825 1772 depossuerunt.
1845 1673 2094 1758 Secundo
2128 1673 2172 1733 Β
2198 1723 2326 1762 num
2361 1703 2775 1786 persecutionis,
2805 1718 2918 1775 quo
2960 1711 3017 1756 et
3044 1688 3402 1757 Constantius
3445 1703 3613 1767 μιθι

514 1789 910 1858 persecutionis
938 1805 1083 1845 anno
1132 1791 1496 1847 Diocletianus
1548 1790 1889 1858 Nicomedia,
1928 1787 2101 1848 Maxi-

518 1881 736 1935 m'anus
780 1880 1061 1936 Mediolani
1113 1898 1409 1954 purpuram
1464 1884 1877 1956 depossuerunt.
1932 1885 2094 1941 Beda.

517 1973 770 2026 Attamen
795 1984 948 2042 cepta
984 1974 1149 2029 semel
1191 1977 1495 2046 persecutio
1520 1964 1689 2047 usque
1720 1978 1785 2033 ad
1813 1980 2099 2049 septimum

518 2066 859 2121 Constantini
896 2084 1096 2123 annum
1143 2069 1354 2125 fervere
1386 2085 1491 2125 non
1538 2079 1735 2126 cessat.
1778 2068 2001 2126 Orosius
2032 2071 2099 2101 ¹²⁷

523 2156 585 2221 tl.
622 2156 685 2226 l.)
711 2172 724 2210 :
748 2156 998 2214 Galerius
1028 2167 1085 2214 el
1109 2158 1458 2216 Constantius
1492 2162 1702 2233 augusti
1731 2162 1963 2232 primum
1990 2161 2101 2216 Ro-

522 2260 807 2302 manorum
849 2247 1135 2320 imperium
1181 2250 1323 2304 inter
1368 2266 1427 2305 se
1456 2249 1788 2307 divisserunt
1817 2270 1830 2306 :
1861 2250 2108 2308 Galerius

524 2335 883 2395 Maximianus
910 2338 1143 2394 lliricum
1162 2380 1176 2404 ,
1200 2339 1413 2395 Assiam
1441 2349 1495 2394 et
1522 2339 1819 2396 Orientem.
1844 2339 2107 2396 Constan-

527 2425 640 2482 tius
667 2425 904 2491 Italiam,
935 2424 1192 2483 Amicam
1224 2436 1277 2482 el
1314 2425 1516 2484 Gallias
1553 2427 1804 2486 obtinuit.
1839 2414 1943 2484 Sed
1970 2425 2110 2483 Con-

527 2520 761 2575 stantius
805 2521 891 2574 vir
937 2519 1412 2589 tranquillissimus
1442 2518 1614 2577 Gallia
1651 2528 1862 2575 tantum
1915 2519 2107 2589 llispa-

531 2609 729 2679 niaque
758 2618 1073 2674 contentus,
1104 2608 1320 2667 Galerio
1366 2611 1579 2667 caeteris
1624 2610 1869 2682 partibus
1921 2610 2108 2666 cessit.

531 2700 779 2757 Galerius
824 2706 960 2758 duos
988 2716 1233 2758 cessares
1278 2702 1466 2775 elegit,
1500 2701 1792 2760 Maximum
1842 2718 2004 2774 quem
2059 2705 2114 2759 in

534 2791 756 2849 Oriente
783 2793 1157 2859 constituit,et
1184 2793 1566 2860 Severum,cui
1588 2796 1836 2866 permisit
1862 2795 2068 2851 Italiam
2098 2813 2112 2861 ;

533 2884 648 2954 ipse
676 2885 730 2939 in
766 2885 968 2942 lllirico
1006 2887 1353 2943 constitutus.
1382 2887 1523 2942 Beda
1557 2903 1571 2941 :
1604 2887 1795 2943 Tertio
1817 2903 1960 2942 anno
1996 2902 2117 2958 per-

2200 1780 2425 1854 stantini
2464 1795 2868 1864 Eboraciobiit,
2899 1793 3040 1849 Beda
3067 1796 3347 1861 computat
3389 1786 3543 1843 inter
3592 1780 3788 1839 Diode-

2205 1892 2407 1947 lianum
2471 1898 2526 1945 et
2582 1886 3040 1951 Constantinum,
3093 1890 3353 1953 quartum
3407 1890 3549 1935 vero
3595 1887 3785 1929 annui

2202 1980 2596 2054 persecutionis
2634 1980 2733 2035 sub
2762 1977 2981 2036 Galerio
3014 1985 3068 2030 et
3095 1974 3298 2029 Severo
3333 1980 3389 2026 et
3418 1966 3700 2025 Maxentio
3740 1965 3790 2019 ὴ

2205 2074 2405 2135 Roma,
2443 2069 2798 2127 Constantino
2851 2068 3068 2124 interim
3119 2066 3172 2120 in
3222 2061 3397 2118 Gallia
3449 2060 3787 2128 imperante,

2206 2183 2327 2224 cum
2361 2163 2685 2239 procedente
2718 2161 2878 2217 tertio
2920 2174 3065 2214 anno
3110 2150 3518 2227 persecutionis
3542 2146 3792 2239 lssidorus

2208 2235 2493 2327 cpiscopus
2548 2252 2765 2309 Galerio
2812 2246 3168 2320 computavit.
3199 2242 3382 2314 (Rem)
3436 2240 3619 2296 Rome
3664 2235 3790 2327 pagi

2208 2326 2471 2407 Gatusiet
2519 2342 2806 2402 Marcellus
2853 2356 3013 2411 papa,
3051 2335 3301 2394 Ciriacus
3342 2333 3637 2394 diaconus,
3680 2326 3795 2381 Lar.

2212 2458 2339 2513 gus,
2370 2438 2702 2510 Smaragdus
2722 2475 2739 2499 ,
2771 2433 3153 2505 Apronianus,
3179 2426 3377 2496 Papias
3428 2431 3489 2477 et
3543 2420 3791 2513 Mauros,

2213 2509 2467 2593 Claudius
2505 2541 2562 2587 et
2600 2526 2933 2599 Propedigna
2960 2537 3084 2580 cum
3116 2517 3272 2581 ﬁliis,
3302 2513 3576 2571 Gabinius
3604 2509 3792 2582 presbi—

2217 2634 2317 2688 ter,
2349 2621 2633 2687 Castulus,
2661 2616 3002 2678 Pancratius,
3025 2608 3340 2666 Artbemius
3387 2619 3517 2662 cum
3550 2615 3721 2657 uxore
3746 2606 3794 2653 et

2216 2712 2348 2777 filia,
2374 2710 2749 2773 Sebastianus,
2773 2706 2985 2763 Marcus
3014 2710 3070 2759 et
3097 2690 3793 2786 Marcellianus,

2217 2817 2318 2857 nus
2349 2799 2637 2872 presbiter,
2675 2796 2869 2853 Petrus
2915 2790 3168 2851 exorciza
3192 2829 3207 2853 ,
3239 2784 3681 2856 Tranquillinus,
3724 2777 3796 2831 bi-

2218 2900 2491 2950 costratus
2541 2905 2664 2945 cum
2711 2900 2879 2943 uxore
2926 2885 3055 2950 Zoe,
3107 2881 3325 2936 Primus
3362 2885 3421 2931 et
3452 2872 3795 2931 Fclicianus.

534 2977 857 3040 secutionis,
887 2992 994 3048 quo
1022 2986 1077 3033 et
1101 2977 1449 3032 Constantius
1481 2978 1566 3033 l6.
1599 2978 1682 3033 sui
1712 2993 1855 3033 anno
1887 2978 2114 3033 Eboraci
2145 3009 2192 3072 Ο
2220 2986 2506 3051 Claudius,
2561 2981 2842 3039 Castorius
2864 3020 2879 3044 ,
2938 2976 3247 3032 Victorinus
3279 3011 3297 3036 ν
3341 2965 3758 3072 δίπηβτοηίίιξξξδ
3781 3001 3795 3021 ν

536 3065 591 3119 in
628 3065 891 3122 Brittania
938 3064 1395 3133 obiit,Maximus
1441 3075 1497 3122 et
1544 3066 1775 3122 Severus
1818 3083 1849 3122 a
1902 3067 2119 3123 Galerio

540 3155 869 3212 Maximiano
890 3172 1105 3214 cesares
1131 3157 1257 3213 facti
1288 3165 1432 3213 sunt.
1472 3155 1701 3213 Orosius
1732 3173 1745 3210 :
1773 3156 2121 3213 Constantius

541 3245 598 3299 in
623 3244 888 3300 Brittania
915 3247 1073 3309 obiit,
1119 3254 1173 3301 et
1199 3246 1610 3302 Constantinum
1659 3245 1827 3300 (illum
1851 3286 1866 3310 ,
1895 3261 1962 3300 ex
1994 3260 2121 3302 con-

543 3334 738 3390 cubina
766 3335 955 3390 llclina
992 3345 1266 3402 creatmn,
1295 3336 1675 3406 imperatorem
1706 3335 2001 3391 Galliarum
2032 3352 2119 3392 re-

540 3424 700 3495 liquit
752 3424 879 3495 (vn,
913 3424 1029 3492 28).
1080 3424 1435 3479 Constantino
1462 3436 1593 3481 vero
1638 3425 1692 3480 in
1740 3424 1911 3481 Gallis
1951 3434 2125 3481 stren-

530 3515 806 3571 ‘nnissime
882 3529 997 3569 rem
1061 3515 1331 3585 puplicum
1400 3524 1772 3586 procurante,
1828 3515 2123 3586 pretoriani

542 3606 747 3660 milites
796 3604 985 3660 Roma:
1026 3603 1389 3669 Maxentium,
1418 3604 1586 3660 filium
1645 3604 1954 3660 Maximiani
1992 3603 2127 3659 Her-

545 3695 706 3759 culei,
733 3695 825 3765 qui
859 3695 1104 3764 privatus
1133 3697 1188 3749 in
1218 3694 1453 3750 Lucania
1483 3695 1815 3761 morabatur,
1842 3704 2128 3766 augustum

544 3782 849 3839 nominant.
908 3783 1158 3840 Galerius
1229 3794 1492 3855 angustus
1540 3785 1803 3841 Severum
1859 3798 2128 3839 cessarem

547 3878 837 3931 adversum
886 3875 1213 3930 Maxentium
1242 3875 1467 3930 Romam
1494 3890 1618 3930 cum
1662 3875 1903 3929 exercitu
1932 3874 2127 3935 missit.

550 3968 787 4024 Severus
843 3983 968 4022 cum
1016 3966 1203 4021 urbem
1254 3966 1559 4032 obsideret,
1614 3966 1844 4019 militum
1908 3979 2130 4019 suorum

538 4058 756 4143 scelere
803 4059 1051 4113 desertus
1097 4069 1152 4111 et
1178 4057 1423 4126 proditus
1451 4067 1506 4111 et
1531 4071 1595 4111 ex
1647 4071 1713 4110 eo
1749 4054 1981 4125 fugiens,
2026 4053 2134 4108 Ra-

549 4166 726 4207 venne
777 4149 1022 4204 occissus
1071 4148 1161 4202 sit.
1213 4147 1496 4203 Herculius
1545 4145 1903 4201 Maximianus
1953 4160 2123 4216 persc-
2204 4151 2209 4155 '

552 4252 727 4307 cutor,
766 4256 833 4296 ex
861 4248 1089 4310 augusto
1140 4240 1415 4303 tirannus,
1460 4238 1835 4291 confirmatum
1877 4239 1987 4308 jam
2035 4239 2137 4292 im-

2224 3078 2547 3143 Basiliscus,
2591 3073 2881 3128 Faustinus
2928 3077 2984 3123 et
3029 3066 3285 3128 Beatrix,
3326 3058 3615 3114 Tiburtius
3668 3053 3796 3108 filius

2221 3168 2549 3233 Cltromatii,
2596 3163 2940 3235 Simplicius,
2977 3158 3225 3214 Susanna
3277 3152 3463 3222 virgo,
3516 3148 3797 3207 Iohannes,

2223 3261 2462 3333 Crispus,
2490 3259 2790 3322 Geneseus,
2814 3252 2960 3309 Felix
2991 3259 3046 3305 et
3076 3248 3359 3303 Audactus
3382 3244 3453 3275 ¹²⁹
3478 3241 3683 3333 Lttcia,
3711 3236 3798 3292 Gc-

2225 3328 2519 3417 miuianus,
2572 3348 2799 3416 Sergius
2842 3354 2896 3400 et
2922 3342 3150 3401 Bachus,
3180 3335 3581 3407 Chrisogonus,
3628 3328 3799 3384 Satur-

2225 3446 2383 3499 ninus
2430 3450 2484 3496 et
2531 3439 2796 3503 Sisiuius,
2842 3442 3074 3505 quatuor
3118 3425 3400 3489 Coronati,
3450 3421 3797 3477 Theodorus.

2228 3534 2521 3590 Pontianus
2547 3572 2563 3595 ,
2592 3530 2937 3586 Prctextatus
2961 3524 3030 3555 ”°
3062 3532 3117 3578 et
3162 3518 3409 3582 Tbarso;
3437 3512 3651 3587 (Βες.)
3675 3510 3800 3581 apud

2228 3626 2503 3697 Spoletum
2545 3621 2841 3694 Gregorius
2889 3616 3174 3691 presbiter,
3222 3612 3462 3668 Sabinus
3491 3607 3797 3697 episcopus

2229 3691 2681 3787 Exuperantivus—
2713 3719 2769 3766 et
2802 3707 3086 3764 Marcellus
3130 3699 3385 3765 diaconi;
3424 3696 3572 3769 apud
3619 3691 3799 3787 insulas

2230 3784 2537 3867 Parmarias
2566 3807 2848 3862 Auastasia
2869 3844 2884 3869 ,
2914 3799 3247 3873 Pamphilius
3289 3794 3583 3865 presbiter,
3604 3784 3800 3844 Eusebii

2232 3899 2565 3957 Ccsarieusis
2611 3896 2849 3967 episcopi
2898 3890 3264 3954 necessarius,
3296 3886 3455 3958 cujus
3502 3884 3669 3936 vitam
3701 3878 3800 3947 ipse

2233 3994 2407 4049 tribus
2462 3990 2615 4045 libris
2644 3986 3090 4057 comprehendit;
3138 3980 3424 4037 Antiochia
3472 3975 3717 4051 Julianus
3754 3974 3799 4020 et

2235 4084 2520 4149 Basilissa;
2549 4083 2603 4138 in
2632 4080 2888 4152 Hispanis
2926 4076 3240 4133 civitatibus
3264 4071 3663 4140 Ccsaraugusta
3690 4059 3798 4114 Vin-

2238 4179 2450 4235 centius
2475 4176 2758 4238 diaconus,
2804 4172 2858 4228 in
2898 4166 3257 4225 Barchibonia
3273 4165 3339 4196 ²³¹
3369 4160 3582 4218 Eulalia
3632 4156 3798 4224 virga.

2240 4271 2494 4336 Cucufas,
2524 4271 2665 4339 apud
2689 4266 3020 4323 Gerundiant
3058 4261 3237 4326 Felix;
3271 4260 3325 4313 in
3373 4255 3567 4313 Cumis
3615 4249 3799 4308 Julian:

554 4332 899 4434 periodilium
922 4340 1067 4385 veste
1089 4348 1152 4385 ac
1173 4340 1437 4435 potest-ate
1462 4330 1861 4435 regiunspoliarc
1878 4340 2131 4435 conatus»
2169 4349 2215 4407 ο
2241 4367 2430 4435 virgo;
2462 4330 2603 4434 apud
2645 4361 2829 4415 Tirum
2860 4355 3122 4413 'l‘iranuio
3141 4394 3157 4419 ,
3187 4352 3463 4414 Silvanus,
3499 4347 3699 4402 Plenus
3736 4348 3805 4392 al-

556 4421 819 4478 conviciis
855 4431 1037 4476 autem
1078 4438 1141 4475 ac
1179 4422 1499 4477 tumultibus
1546 4423 1773 4477 militum
1808 4421 1981 4492 palam
2009 4438 2137 4478 con-

558 4510 807 4575 territus,
842 4512 895 4565 in
943 4511 1170 4566 Galliam
1224 4510 1496 4581 profectus
1532 4521 1646 4577 est,
1681 4522 1735 4566 ut
1784 4513 2139 4568 Constantino

559 4613 765 4673 genero
792 4616 892 4658 suo
918 4617 1054 4673 eque
1081 4603 1218 4658 dolis
1258 4602 1499 4673 junctus,
1525 4604 1764 4660 auferret
1807 4605 2093 4672 imperium
2121 4622 2135 4667 ;

559 4690 657 4746 sed
688 4704 784 4758 per
813 4691 1064 4748 Faustam
1094 4693 1258 4747 tiliam
1302 4693 1544 4748 detectus
1589 4702 1641 4748 et
1683 4694 1946 4762 proditus,
1994 4694 2137 4762 quod

559 4781 749 4838 dolum
800 4781 1151 4840 Constantino
1208 4785 1422 4840 virom
1460 4801 1559 4841 suo
1608 4794 1843 4857 pararet,
1890 4782 2140 4839 Massilia:

553 4871 777 4941 fugiens
817 4875 1101 4931 occiditur.
1147 4876 1353 4948 (ιιιειι.)
1398 4876 1568 4932 Porro
1614 4876 1861 4933 Galerius
1889 4917 1905 4941 ,
1932 4876 2143 4932 occisso

551 4963 792 5023 SeveI’O,
822 4961 1090 5022 Licinium
1118 4969 1494 5039 imperatorem
1541 4967 1765 5021 creavit.
1796 4966 1979 5037 (Onos.
2007 4966 2047 5019 l.
2080 4964 2141 5033 l.)

548 5052 809 5117 Cumque
843 5057 1265 5122 persecutionem
1291 5074 1321 5111 a
1358 5058 1703 5111 Deocletiano
1727 5067 1779 5109 ct
1815 5056 2144 5110 Maximiano

545 5144 791 5199 missztm
845 5146 958 5215 ipse
1012 5148 1285 5200 atrocibus
1344 5146 1539 5199 edictis
1586 5144 2032 5221 accumulavissct
2080 5157 2144 5195 ac

542 5236 855 5302 postquam
890 5250 989 5304 per
1016 5248 1189 5290 annos
1224 5232 1289 5288 l0
1340 5232 1485 5287 omni
1517 5246 1711 5302 genere
1738 5232 2015 5287 hominum
2051 5245 2147 5285 ex-

2241 4431 2350 4525 que
2401 4431 2570 4508 Linus
2623 4448 2864 4521 episcopi
2914 4462 3036 4501 cum
3092 4444 3377 4498 innumera
3431 4431 3801 4525 multitudine;

2244 4520 2384 4614 apud
2402 4520 2674 4597 Sirmium
2703 4538 2958 4600 Sirenus;
2993 4532 3304 4605 Nicomedia
3334 4529 3534 4592 Petrus
3561 4535 3618 4581 et
3638 4520 3801 4614 Lucis-

2244 4611 2343 4690 nus
2365 4637 2433 4666 ’3’
2466 4633 2730 4703 presbiter
2761 4631 3113 4694 Antincenus,
3139 4624 3394 4678 Antimus
3430 4611 3805 4690 episcopus”.

2245 4726 2580 4791 Pantaleon,
2635 4722 2911 4778 Johannes
2966 4720 3237 4775 Adrianus
3274 4755 3290 4780 ,
3336 4713 3617 4767 Dortbeus
3652 4707 3716 4738 ”"
3763 4711 3808 4757 et

2247 4828 2547 4897 Gorgonius
2578 4865 2593 4890 ,
2624 4824 2970 4885 Eleulerius;
3025 4819 3241 4875 Smirue
3288 4816 3515 4870 civitate
3571 4810 3810 4865 llirenexts

2246 4930 2565 4997 episcopus;
2599 4927 2650 4979 in
2681 4924 2951 4979 Palestina
2978 4922 3197 4977 civitate
3215 4918 3365 4973 Gaza
3394 4915 3652 5007 Silvanus
3677 4926 3692 4974 ;
3719 4905 3812 4960 Me-

2248 5028 2568 5084 diolanis'"
2610 5025 2825 5088 Victor;
2871 5022 3011 5092 apud
3051 5020 3286 5074 lliricum
3330 5004 3614 5072 ciuitatem
3660 5004 3813 5063 Sisda

2248 5127 2505 5195 Quirinus
2550 5126 2870 5196 episcopus;
2931 5120 3069 5191 apud
3138 5118 3410 5173 Tharsum
3478 5108 3813 5166 Bonifatius.

2251 5228 2391 5298 apud
2442 5225 2749 5295 Aquileiam
2789 5222 2941 5278 Felix
2983 5230 3038 5277 et
3086 5219 3458 5279 Fortunatus;
3518 5210 3660 5281 apud
3707 5201 3816 5260 Cili-
