  <div class='ocr_page' id='page_1' title='image "/cluster/home/n/w/nwhite01/storage/ocr_20150623/147/hvd.32044010574002/355.png"; bbox 0 0 3926 5326; ppageno 0'>
   <div class='ocr_carea' id='block_1_1' title="bbox 506 223 612 281">
    <p class='ocr_par' dir='ltr' id='par_1_1' title="bbox 506 223 612 281">
     <span class='ocr_line' id='line_1_1' title="bbox 506 223 612 281; baseline 0.009 -1"><span class='ocrx_word' id='word_1_1' title='bbox 506 223 612 281; x_wconf 83' lang='lat'><strong>699</strong></span> 
     </span>
    </p>
   </div>
   <div class='ocr_carea' id='block_1_2' title="bbox 1852 230 2429 317">
    <p class='ocr_par' dir='ltr' id='par_1_2' title="bbox 1852 230 2429 317">
     <span class='ocr_line' id='line_1_2' title="bbox 1852 230 2429 317; baseline 0.002 -31"><span class='ocrx_word' id='word_1_2' title='bbox 1852 230 2141 287; x_wconf 72' lang='lat' dir='ltr'><strong>MARIANI</strong></span> <span class='ocrx_word' id='word_1_3' title='bbox 2183 230 2429 317; x_wconf 17' lang='lat' dir='ltr'><strong>s‘corrt</strong></span> 
     </span>
    </p>
   </div>
   <div class='ocr_carea' id='block_1_3' title="bbox 3679 240 3770 293">
    <p class='ocr_par' dir='ltr' id='par_1_3' title="bbox 3679 240 3770 293">
     <span class='ocr_line' id='line_1_3' title="bbox 3679 240 3770 293; baseline 0 -1"><span class='ocrx_word' id='word_1_4' title='bbox 3679 240 3770 293; x_wconf 70' lang='lat'><strong>700</strong></span> 
     </span>
    </p>
   </div>
   <div class='ocr_carea' id='block_1_4' title="bbox 504 339 3769 419">
    <p class='ocr_par' dir='ltr' id='par_1_4' title="bbox 504 339 3769 419">
     <span class='ocr_line' id='line_1_4' title="bbox 504 339 3769 419; baseline 0.003 -25"><span class='ocrx_word' id='word_1_5' title='bbox 504 339 768 397; x_wconf 73' lang='lat' dir='ltr'><strong>Martinus</strong></span> <span class='ocrx_word' id='word_1_6' title='bbox 825 341 1069 397; x_wconf 90' lang='lat' dir='ltr'><strong>nascitur</strong></span> <span class='ocrx_word' id='word_1_7' title='bbox 1113 341 1349 397; x_wconf 70' lang='lat' dir='ltr'><strong>Sabaria:</strong></span> <span class='ocrx_word' id='word_1_8' title='bbox 1400 343 1802 400; x_wconf 83' lang='lat' dir='ltr'><strong>Pannoniarum</strong></span> <span class='ocrx_word' id='word_1_9' title='bbox 1851 349 2083 418; x_wconf 89' lang='lat' dir='ltr'><strong>oppido,</strong></span> <span class='ocrx_word' id='word_1_10' title='bbox 2119 351 2160 410; x_wconf 79' lang='grc' dir='ltr'>Α</span> <span class='ocrx_word' id='word_1_11' title='bbox 2193 355 2410 401; x_wconf 86' lang='lat' dir='ltr'><strong>tremet</strong></span> <span class='ocrx_word' id='word_1_12' title='bbox 2444 345 2636 400; x_wconf 80' lang='lat' dir='ltr'><strong>Filium</strong></span> <span class='ocrx_word' id='word_1_13' title='bbox 2666 357 2720 402; x_wconf 90' lang='lat' dir='ltr'><strong>et</strong></span> <span class='ocrx_word' id='word_1_14' title='bbox 2773 347 3035 419; x_wconf 90' lang='lat' dir='ltr'><strong>Spiritum</strong></span> <span class='ocrx_word' id='word_1_15' title='bbox 3061 358 3330 415; x_wconf 85' lang='lat' dir='ltr'><strong>sanctum,</strong></span> <span class='ocrx_word' id='word_1_16' title='bbox 3364 351 3511 406; x_wconf 90' lang='lat' dir='ltr'><strong>sicut</strong></span> <span class='ocrx_word' id='word_1_17' title='bbox 3548 350 3769 406; x_wconf 73' lang='lat' dir='ltr'><strong>ecclesia</strong></span> 
     </span>
    </p>
   </div>
   <div class='ocr_carea' id='block_1_5' title="bbox 503 431 1532 508">
    <p class='ocr_par' dir='ltr' id='par_1_5' title="bbox 503 431 1532 508">
     <span class='ocr_line' id='line_1_5' title="bbox 503 431 1532 508; baseline 0.007 -24"><span class='ocrx_word' id='word_1_18' title='bbox 503 432 597 485; x_wconf 78' lang='lat' dir='ltr'><strong>sed</strong></span> <span class='ocrx_word' id='word_1_19' title='bbox 621 431 761 486; x_wconf 85' lang='lat' dir='ltr'><strong>intra</strong></span> <span class='ocrx_word' id='word_1_20' title='bbox 786 431 991 487; x_wconf 82' lang='lat' dir='ltr'><strong>Italiam</strong></span> <span class='ocrx_word' id='word_1_21' title='bbox 1020 432 1193 487; x_wconf 82' lang='lat' dir='ltr'><strong>&#39;l‘iciui</strong></span> <span class='ocrx_word' id='word_1_22' title='bbox 1224 435 1366 490; x_wconf 85' lang='lat' dir='ltr'><strong>altus</strong></span> <span class='ocrx_word' id='word_1_23' title='bbox 1400 436 1532 508; x_wconf 76' lang='lat' dir='ltr'><strong>est]</strong></span> 
     </span>
    </p>
   </div>
   <div class='ocr_carea' id='block_1_6' title="bbox 573 522 2085 599">
    <p class='ocr_par' dir='ltr' id='par_1_6' title="bbox 573 522 2085 599">
     <span class='ocr_line' id='line_1_6' title="bbox 573 522 2085 599; baseline 0.003 -19"><span class='ocrx_word' id='word_1_24' title='bbox 573 523 700 581; x_wconf 77' lang='grc'><strong>538.</strong></span> <span class='ocrx_word' id='word_1_25' title='bbox 745 527 831 579; x_wconf 81' lang='grc'><strong>17.</strong></span> <span class='ocrx_word' id='word_1_26' title='bbox 873 522 1108 599; x_wconf 74' lang='grc' dir='ltr'><strong>[ορεχνι]</strong></span> <span class='ocrx_word' id='word_1_27' title='bbox 1157 526 1371 598; x_wconf 65' lang='grc' dir='ltr'><strong>(Βιιθλ.)</strong></span> <span class='ocrx_word' id='word_1_28' title='bbox 1417 527 1673 583; x_wconf 77' lang='lat' dir='ltr'><strong>Paulinus</strong></span> <span class='ocrx_word' id='word_1_29' title='bbox 1720 541 1768 584; x_wconf 85' lang='lat' dir='ltr'><strong>et</strong></span> <span class='ocrx_word' id='word_1_30' title='bbox 1814 531 2085 586; x_wconf 77' lang='lat' dir='ltr'><strong>Julianus.</strong></span> 
     </span>
    </p>
   </div>
   <div class='ocr_carea' id='block_1_7' title="bbox 501 612 2088 692">
    <p class='ocr_par' dir='ltr' id='par_1_7' title="bbox 501 612 2088 692">
     <span class='ocr_line' id='line_1_7' title="bbox 501 612 2088 692; baseline 0.008 -26"><span class='ocrx_word' id='word_1_31' title='bbox 501 612 664 670; x_wconf 83' lang='lat' dir='ltr'><strong>Fides</strong></span> <span class='ocrx_word' id='word_1_32' title='bbox 688 614 953 671; x_wconf 87' lang='lat' dir='ltr'><strong>chatolica</strong></span> <span class='ocrx_word' id='word_1_33' title='bbox 989 625 1245 673; x_wconf 80' lang='lat' dir='ltr'><strong>tractatui</strong></span> <span class='ocrx_word' id='word_1_34' title='bbox 1281 620 1333 672; x_wconf 90' lang='lat' dir='ltr'><strong>in</strong></span> <span class='ocrx_word' id='word_1_35' title='bbox 1366 619 1559 676; x_wconf 89' lang='lat' dir='ltr'><strong>siuodo</strong></span> <span class='ocrx_word' id='word_1_36' title='bbox 1586 620 1690 676; x_wconf 86' lang='grc'><strong>518</strong></span> <span class='ocrx_word' id='word_1_37' title='bbox 1712 623 2088 692; x_wconf 89' lang='lat' dir='ltr'><strong>episcoporqu</strong></span> 
     </span>
    </p>
   </div>
   <div class='ocr_carea' id='block_1_8' title="bbox 505 703 2090 780">
    <p class='ocr_par' dir='ltr' id='par_1_8' title="bbox 505 703 2090 780">
     <span class='ocr_line' id='line_1_8' title="bbox 505 703 2090 780; baseline 0.007 -22"><span class='ocrx_word' id='word_1_38' title='bbox 505 704 556 758; x_wconf 91' lang='lat' dir='ltr'><strong>in</strong></span> <span class='ocrx_word' id='word_1_39' title='bbox 584 703 792 761; x_wconf 82' lang='lat' dir='ltr'><strong>Necbea</strong></span> <span class='ocrx_word' id='word_1_40' title='bbox 824 706 957 761; x_wconf 90' lang='lat' dir='ltr'><strong>urbe</strong></span> <span class='ocrx_word' id='word_1_41' title='bbox 988 706 1233 763; x_wconf 68' lang='lat' dir='ltr'><strong>Bithinia:</strong></span> <span class='ocrx_word' id='word_1_42' title='bbox 1263 721 1590 780; x_wconf 85' lang='lat' dir='ltr'><strong>congregata</strong></span> <span class='ocrx_word' id='word_1_43' title='bbox 1614 726 1801 767; x_wconf 85' lang='lat' dir='ltr'><strong>contra</strong></span> <span class='ocrx_word' id='word_1_44' title='bbox 1826 714 2090 770; x_wconf 86' lang='lat' dir='ltr'><strong>Arrieuos</strong></span> 
     </span>
    </p>
   </div>
   <div class='ocr_carea' id='block_1_9' title="bbox 500 794 2083 866">
    <p class='ocr_par' dir='ltr' id='par_1_9' title="bbox 500 794 2083 866">
     <span class='ocr_line' id='line_1_9' title="bbox 500 794 2083 866; baseline 0.008 -20"><span class='ocrx_word' id='word_1_45' title='bbox 500 794 586 849; x_wconf 88' lang='lat' dir='ltr'><strong>die</strong></span> <span class='ocrx_word' id='word_1_46' title='bbox 618 795 819 850; x_wconf 86' lang='lat' dir='ltr'><strong>mensis</strong></span> <span class='ocrx_word' id='word_1_47' title='bbox 839 798 1132 852; x_wconf 83' lang='lat' dir='ltr'><strong>secundum</strong></span> <span class='ocrx_word' id='word_1_48' title='bbox 1165 798 1369 855; x_wconf 82' lang='lat' dir='ltr'><strong>Crecos</strong></span> <span class='ocrx_word' id='word_1_49' title='bbox 1398 801 1541 856; x_wconf 86' lang='lat' dir='ltr'><strong>Desii</strong></span> <span class='ocrx_word' id='word_1_50' title='bbox 1569 802 1683 866; x_wconf 71' lang='lat'><strong>19°,</strong></span> <span class='ocrx_word' id='word_1_51' title='bbox 1715 803 1815 857; x_wconf 87' lang='lat' dir='ltr'><strong>hoc</strong></span> <span class='ocrx_word' id='word_1_52' title='bbox 1864 815 1947 858; x_wconf 84' lang='lat' dir='ltr'><strong>est</strong></span> <span class='ocrx_word' id='word_1_53' title='bbox 1996 805 2083 858; x_wconf 82' lang='lat' dir='ltr'><strong>l7.</strong></span> 
     </span>
    </p>
   </div>
   <div class='ocr_carea' id='block_1_10' title="bbox 496 883 2082 961">
    <p class='ocr_par' dir='ltr' id='par_1_10' title="bbox 496 883 2082 961">
     <span class='ocr_line' id='line_1_10' title="bbox 496 883 2082 961; baseline 0.007 -23"><span class='ocrx_word' id='word_1_54' title='bbox 496 883 861 940; x_wconf 78' lang='lat' dir='ltr'><strong>Kalendarum</strong></span> <span class='ocrx_word' id='word_1_55' title='bbox 900 885 1196 955; x_wconf 70' lang='lat' dir='ltr'><strong>Iuliarum,</strong></span> <span class='ocrx_word' id='word_1_56' title='bbox 1224 893 1508 947; x_wconf 91' lang='lat' dir='ltr'><strong>consulatu</strong></span> <span class='ocrx_word' id='word_1_57' title='bbox 1546 893 1754 948; x_wconf 86' lang='lat' dir='ltr'><strong>Paulini</strong></span> <span class='ocrx_word' id='word_1_58' title='bbox 1781 906 1838 950; x_wconf 90' lang='lat' dir='ltr'><strong>et</strong></span> <span class='ocrx_word' id='word_1_59' title='bbox 1865 894 2082 961; x_wconf 88' lang='lat' dir='ltr'><strong>Juliani,</strong></span> 
     </span>
    </p>
   </div>
   <div class='ocr_carea' id='block_1_11' title="bbox 498 975 2082 1050">
    <p class='ocr_par' dir='ltr' id='par_1_11' title="bbox 498 975 2082 1050">
     <span class='ocr_line' id='line_1_11' title="bbox 498 975 2082 1050; baseline 0.008 -23"><span class='ocrx_word' id='word_1_60' title='bbox 498 982 635 1029; x_wconf 80' lang='lat' dir='ltr'><strong>teste</strong></span> <span class='ocrx_word' id='word_1_61' title='bbox 692 975 853 1029; x_wconf 77' lang='lat' dir='ltr'><strong>Beda.</strong></span> <span class='ocrx_word' id='word_1_62' title='bbox 925 977 1222 1035; x_wconf 87' lang='lat' dir='ltr'><strong>Decretalis</strong></span> <span class='ocrx_word' id='word_1_63' title='bbox 1287 982 1517 1050; x_wconf 87' lang='lat' dir='ltr'><strong>epistola</strong></span> <span class='ocrx_word' id='word_1_64' title='bbox 1591 985 1761 1038; x_wconf 82' lang='lat' dir='ltr'><strong>sancti</strong></span> <span class='ocrx_word' id='word_1_65' title='bbox 1838 984 2082 1041; x_wconf 76' lang='lat' dir='ltr'><strong>Silvestri</strong></span> 
     </span>
    </p>
   </div>
   <div class='ocr_carea' id='block_1_12' title="bbox 494 1067 2087 1148">
    <p class='ocr_par' dir='ltr' id='par_1_12' title="bbox 494 1067 2087 1148">
     <span class='ocr_line' id='line_1_12' title="bbox 494 1067 2087 1148; baseline 0.01 -30"><span class='ocrx_word' id='word_1_66' title='bbox 494 1081 665 1137; x_wconf 66' lang='lat' dir='ltr'><strong>papae.</strong></span> <span class='ocrx_word' id='word_1_67' title='bbox 699 1069 792 1138; x_wconf 83' lang='lat' dir='ltr'><strong>(cl.</strong></span> <span class='ocrx_word' id='word_1_68' title='bbox 820 1067 929 1123; x_wconf 85' lang='lat' dir='ltr'><strong>Lib.</strong></span> <span class='ocrx_word' id='word_1_69' title='bbox 966 1074 1139 1141; x_wconf 82' lang='lat' dir='ltr'><strong>pont.)</strong></span> <span class='ocrx_word' id='word_1_70' title='bbox 1173 1072 1532 1144; x_wconf 83' lang='lat' dir='ltr'><strong>Temporibus</strong></span> <span class='ocrx_word' id='word_1_71' title='bbox 1574 1074 1822 1132; x_wconf 79' lang='lat' dir='ltr'><strong>Silvestri</strong></span> <span class='ocrx_word' id='word_1_72' title='bbox 1854 1094 2002 1148; x_wconf 73' lang='lat' dir='ltr'><strong>papae</strong></span> <span class='ocrx_word' id='word_1_73' title='bbox 2032 1089 2087 1134; x_wconf 90' lang='lat' dir='ltr'><strong>ct</strong></span> 
     </span>
    </p>
   </div>
   <div class='ocr_carea' id='block_1_13' title="bbox 492 1157 2081 1241">
    <p class='ocr_par' dir='ltr' id='par_1_13' title="bbox 492 1157 2081 1241">
     <span class='ocr_line' id='line_1_13' title="bbox 492 1157 2081 1241; baseline 0.008 -29"><span class='ocrx_word' id='word_1_74' title='bbox 492 1157 831 1213; x_wconf 76' lang='lat' dir='ltr'><strong>Constantini</strong></span> <span class='ocrx_word' id='word_1_75' title='bbox 897 1162 1124 1231; x_wconf 85' lang='lat' dir='ltr'><strong>piissimi</strong></span> <span class='ocrx_word' id='word_1_76' title='bbox 1180 1166 1389 1235; x_wconf 85' lang='lat' dir='ltr'><strong>augusti</strong></span> <span class='ocrx_word' id='word_1_77' title='bbox 1441 1166 1643 1223; x_wconf 80' lang='lat' dir='ltr'><strong>factum</strong></span> <span class='ocrx_word' id='word_1_78' title='bbox 1684 1180 1768 1224; x_wconf 89' lang='lat' dir='ltr'><strong>est</strong></span> <span class='ocrx_word' id='word_1_79' title='bbox 1828 1187 2081 1241; x_wconf 87' lang='lat' dir='ltr'><strong>maguum</strong></span> 
     </span>
    </p>
   </div>
   <div class='ocr_carea' id='block_1_14' title="bbox 493 1250 2082 1335">
    <p class='ocr_par' dir='ltr' id='par_1_14' title="bbox 493 1250 2082 1335">
     <span class='ocr_line' id='line_1_14' title="bbox 493 1250 2082 1335; baseline 0.013 -33"><span class='ocrx_word' id='word_1_80' title='bbox 493 1250 782 1306; x_wconf 86' lang='lat' dir='ltr'><strong>concilium</strong></span> <span class='ocrx_word' id='word_1_81' title='bbox 814 1253 867 1307; x_wconf 90' lang='lat' dir='ltr'><strong>in</strong></span> <span class='ocrx_word' id='word_1_82' title='bbox 894 1255 1028 1311; x_wconf 83' lang='lat' dir='ltr'><strong>urbe</strong></span> <span class='ocrx_word' id='word_1_83' title='bbox 1050 1255 1213 1312; x_wconf 81' lang='lat' dir='ltr'><strong>Nicen</strong></span> <span class='ocrx_word' id='word_1_84' title='bbox 1246 1259 1515 1326; x_wconf 66' lang='lat' dir='ltr'><strong>Bitltiniaa,</strong></span> <span class='ocrx_word' id='word_1_85' title='bbox 1542 1273 1596 1318; x_wconf 92' lang='lat' dir='ltr'><strong>et</strong></span> <span class='ocrx_word' id='word_1_86' title='bbox 1617 1267 1929 1335; x_wconf 76' lang='lat' dir='ltr'><strong>congregati</strong></span> <span class='ocrx_word' id='word_1_87' title='bbox 1957 1278 2082 1321; x_wconf 87' lang='lat' dir='ltr'><strong>sunt</strong></span> 
     </span>
    </p>
   </div>
   <div class='ocr_carea' id='block_1_15' title="bbox 494 1339 2080 1423">
    <p class='ocr_par' dir='ltr' id='par_1_15' title="bbox 494 1339 2080 1423">
     <span class='ocr_line' id='line_1_15' title="bbox 494 1339 2080 1423; baseline 0.014 -31"><span class='ocrx_word' id='word_1_88' title='bbox 494 1339 723 1411; x_wconf 73' lang='lat' dir='ltr'><strong>regulari</strong></span> <span class='ocrx_word' id='word_1_89' title='bbox 772 1341 1013 1411; x_wconf 84' lang='lat' dir='ltr'><strong>ejusdem</strong></span> <span class='ocrx_word' id='word_1_90' title='bbox 1074 1347 1321 1404; x_wconf 88' lang='lat' dir='ltr'><strong>Silvestri</strong></span> <span class='ocrx_word' id='word_1_91' title='bbox 1378 1368 1528 1423; x_wconf 79' lang='lat' dir='ltr'><strong>papa:</strong></span> <span class='ocrx_word' id='word_1_92' title='bbox 1589 1357 1873 1412; x_wconf 83' lang='lat' dir='ltr'><strong>vocatione</strong></span> <span class='ocrx_word' id='word_1_93' title='bbox 1928 1360 1981 1413; x_wconf 93' lang='lat' dir='ltr'><strong>iu</strong></span> <span class='ocrx_word' id='word_1_94' title='bbox 2030 1359 2080 1414; x_wconf 92' lang='lat' dir='ltr'><strong>id</strong></span> 
     </span>
    </p>
   </div>
   <div class='ocr_carea' id='block_1_16' title="bbox 490 1429 2081 1516">
    <p class='ocr_par' dir='ltr' id='par_1_16' title="bbox 490 1429 2081 1516">
     <span class='ocr_line' id='line_1_16' title="bbox 490 1429 2081 1516; baseline 0.013 -33"><span class='ocrx_word' id='word_1_95' title='bbox 490 1429 666 1498; x_wconf 83' lang='lat' dir='ltr'><strong>ipsum</strong></span> <span class='ocrx_word' id='word_1_96' title='bbox 695 1431 799 1487; x_wconf 86' lang='grc'><strong>518</strong></span> <span class='ocrx_word' id='word_1_97' title='bbox 840 1433 1076 1505; x_wconf 85' lang='lat' dir='ltr'><strong>episcopi</strong></span> <span class='ocrx_word' id='word_1_98' title='bbox 1128 1438 1438 1508; x_wconf 85' lang='lat' dir='ltr'><strong>cltatholici,</strong></span> <span class='ocrx_word' id='word_1_99' title='bbox 1470 1442 1560 1511; x_wconf 87' lang='lat' dir='ltr'><strong>qui</strong></span> <span class='ocrx_word' id='word_1_100' title='bbox 1588 1456 1984 1516; x_wconf 73' lang='lat' dir='ltr'><strong>expossuerunt</strong></span> <span class='ocrx_word' id='word_1_101' title='bbox 2013 1450 2081 1502; x_wconf 85' lang='lat' dir='ltr'><strong>li-</strong></span> 
     </span>
    </p>
   </div>
   <div class='ocr_carea' id='block_1_17' title="bbox 488 1520 2081 1603">
    <p class='ocr_par' dir='ltr' id='par_1_17' title="bbox 488 1520 2081 1603">
     <span class='ocr_line' id='line_1_17' title="bbox 488 1520 2081 1603; baseline 0.014 -30"><span class='ocrx_word' id='word_1_102' title='bbox 488 1520 612 1575; x_wconf 88' lang='lat' dir='ltr'><strong>dem</strong></span> <span class='ocrx_word' id='word_1_103' title='bbox 643 1522 1296 1595; x_wconf 87' lang='lat' dir='ltr'><strong>iutcgram,catholicam,</strong></span> <span class='ocrx_word' id='word_1_104' title='bbox 1328 1531 1824 1603; x_wconf 81' lang='lat' dir='ltr'><strong>immaculatam,et</strong></span> <span class='ocrx_word' id='word_1_105' title='bbox 1853 1538 2081 1595; x_wconf 86' lang='lat' dir='ltr'><strong>damna-</strong></span> 
     </span>
    </p>
   </div>
   <div class='ocr_carea' id='block_1_18' title="bbox 488 1612 2075 1698">
    <p class='ocr_par' dir='ltr' id='par_1_18' title="bbox 488 1612 2075 1698">
     <span class='ocr_line' id='line_1_18' title="bbox 488 1612 2075 1698; baseline 0.014 -36"><span class='ocrx_word' id='word_1_106' title='bbox 488 1620 686 1666; x_wconf 86' lang='lat' dir='ltr'><strong>verunt</strong></span> <span class='ocrx_word' id='word_1_107' title='bbox 708 1612 930 1668; x_wconf 82' lang='lat' dir='ltr'><strong>Arrium</strong></span> <span class='ocrx_word' id='word_1_108' title='bbox 960 1624 1013 1669; x_wconf 91' lang='lat' dir='ltr'><strong>et</strong></span> <span class='ocrx_word' id='word_1_109' title='bbox 1052 1615 1340 1673; x_wconf 85' lang='lat' dir='ltr'><strong>Photinum</strong></span> <span class='ocrx_word' id='word_1_110' title='bbox 1373 1617 1774 1695; x_wconf 88' lang='lat' dir='ltr'><strong>Sabelliumque</strong></span> <span class='ocrx_word' id='word_1_111' title='bbox 1801 1634 1856 1682; x_wconf 90' lang='lat' dir='ltr'><strong>et</strong></span> <span class='ocrx_word' id='word_1_112' title='bbox 1878 1642 2075 1698; x_wconf 86' lang='lat' dir='ltr'><strong>sequa-</strong></span> 
     </span>
    </p>
   </div>
   <div class='ocr_carea' id='block_1_19' title="bbox 2197 438 3770 511">
    <p class='ocr_par' dir='ltr' id='par_1_19' title="bbox 2197 438 3770 511">
     <span class='ocr_line' id='line_1_19' title="bbox 2197 438 3770 511; baseline 0.004 -19"><span class='ocrx_word' id='word_1_113' title='bbox 2197 438 2468 492; x_wconf 80' lang='lat' dir='ltr'><strong>catbolica</strong></span> <span class='ocrx_word' id='word_1_114' title='bbox 2496 438 2745 507; x_wconf 82' lang='lat' dir='ltr'><strong>credidit,</strong></span> <span class='ocrx_word' id='word_1_115' title='bbox 2770 440 2932 511; x_wconf 77' lang='lat' dir='ltr'><strong>judcx</strong></span> <span class='ocrx_word' id='word_1_116' title='bbox 2975 452 3161 498; x_wconf 84' lang='lat' dir='ltr'><strong>noster</strong></span> <span class='ocrx_word' id='word_1_117' title='bbox 3215 442 3288 498; x_wconf 83' lang='lat' dir='ltr'><strong>sit</strong></span> <span class='ocrx_word' id='word_1_118' title='bbox 3339 443 3485 498; x_wconf 85' lang='lat' dir='ltr'><strong>Deus</strong></span> <span class='ocrx_word' id='word_1_119' title='bbox 3529 443 3617 497; x_wconf 90' lang='lat' dir='ltr'><strong>hic</strong></span> <span class='ocrx_word' id='word_1_120' title='bbox 3645 445 3770 498; x_wconf 86' lang='lat' dir='ltr'><strong>etin</strong></span> 
     </span>
    </p>
   </div>
   <div class='ocr_carea' id='block_1_20' title="bbox 2197 526 3772 603">
    <p class='ocr_par' dir='ltr' id='par_1_20' title="bbox 2197 526 3772 603">
     <span class='ocr_line' id='line_1_20' title="bbox 2197 526 3772 603; baseline 0.004 -23"><span class='ocrx_word' id='word_1_121' title='bbox 2197 526 2400 582; x_wconf 86' lang='lat' dir='ltr'><strong>loturo.</strong></span> <span class='ocrx_word' id='word_1_122' title='bbox 2444 528 2871 587; x_wconf 66' lang='lat' dir='ltr'><strong>tCoustantiuus</strong></span> <span class='ocrx_word' id='word_1_123' title='bbox 2901 543 3085 587; x_wconf 90' lang='lat' dir='ltr'><strong>autem</strong></span> <span class='ocrx_word' id='word_1_124' title='bbox 3124 532 3231 588; x_wconf 80' lang='lat' dir='ltr'><strong>etsi</strong></span> <span class='ocrx_word' id='word_1_125' title='bbox 3256 532 3380 587; x_wconf 90' lang='lat' dir='ltr'><strong>inde</strong></span> <span class='ocrx_word' id='word_1_126' title='bbox 3410 533 3658 603; x_wconf 79' lang='lat' dir='ltr'><strong>gavissus</strong></span> <span class='ocrx_word' id='word_1_127' title='bbox 3688 533 3772 598; x_wconf 82' lang='lat' dir='ltr'><strong>sit,</strong></span> 
     </span>
    </p>
   </div>
   <div class='ocr_carea' id='block_1_21' title="bbox 2195 618 3770 691">
    <p class='ocr_par' dir='ltr' id='par_1_21' title="bbox 2195 618 3770 691">
     <span class='ocr_line' id='line_1_21' title="bbox 2195 618 3770 691; baseline 0.004 -21"><span class='ocrx_word' id='word_1_128' title='bbox 2195 625 2378 672; x_wconf 86' lang='lat' dir='ltr'><strong>tamen</strong></span> <span class='ocrx_word' id='word_1_129' title='bbox 2411 634 2535 674; x_wconf 89' lang='lat' dir='ltr'><strong>eum</strong></span> <span class='ocrx_word' id='word_1_130' title='bbox 2591 618 2833 691; x_wconf 86' lang='lat' dir='ltr'><strong>aliosque</strong></span> <span class='ocrx_word' id='word_1_131' title='bbox 2864 620 3136 679; x_wconf 85' lang='lat' dir='ltr'><strong>hereticos</strong></span> <span class='ocrx_word' id='word_1_132' title='bbox 3166 622 3236 654; x_wconf 61' lang='grc' dir='ltr'><strong>’δ’</strong></span> <span class='ocrx_word' id='word_1_133' title='bbox 3272 623 3677 681; x_wconf 86' lang='lat' dir='ltr'><strong>commonicare</strong></span> <span class='ocrx_word' id='word_1_134' title='bbox 3722 625 3770 677; x_wconf 89' lang='lat' dir='ltr'><strong>in</strong></span> 
     </span>
    </p>
   </div>
   <div class='ocr_carea' id='block_1_22' title="bbox 2191 705 3772 781">
    <p class='ocr_par' dir='ltr' id='par_1_22' title="bbox 2191 705 3772 781">
     <span class='ocr_line' id='line_1_22' title="bbox 2191 705 3772 781; baseline 0.003 -21"><span class='ocrx_word' id='word_1_135' title='bbox 2191 705 2403 761; x_wconf 69' lang='lat' dir='ltr'><strong>mclesia</strong></span> <span class='ocrx_word' id='word_1_136' title='bbox 2449 722 2556 761; x_wconf 90' lang='lat' dir='ltr'><strong>non</strong></span> <span class='ocrx_word' id='word_1_137' title='bbox 2579 708 2872 777; x_wconf 89' lang='lat' dir='ltr'><strong>permissit,</strong></span> <span class='ocrx_word' id='word_1_138' title='bbox 2900 709 3074 766; x_wconf 88' lang='lat' dir='ltr'><strong>donec</strong></span> <span class='ocrx_word' id='word_1_139' title='bbox 3120 710 3502 781; x_wconf 84' lang='lat' dir='ltr'><strong>episcoporum</strong></span> <span class='ocrx_word' id='word_1_140' title='bbox 3543 711 3611 766; x_wconf 87' lang='lat' dir='ltr'><strong>de</strong></span> <span class='ocrx_word' id='word_1_141' title='bbox 3650 711 3772 781; x_wconf 77' lang='lat' dir='ltr'><strong>ipsis</strong></span> 
     </span>
    </p>
   </div>
   <div class='ocr_carea' id='block_1_23' title="bbox 2183 793 3772 867">
    <p class='ocr_par' dir='ltr' id='par_1_23' title="bbox 2183 793 3772 867">
     <span class='ocr_line' id='line_1_23' title="bbox 2183 793 3772 867; baseline 0.004 -20"><span class='ocrx_word' id='word_1_142' title='bbox 2183 793 2447 864; x_wconf 82' lang='lat' dir='ltr'><strong>judicium</strong></span> <span class='ocrx_word' id='word_1_143' title='bbox 2497 796 2672 851; x_wconf 90' lang='lat' dir='ltr'><strong>tieret.</strong></span> <span class='ocrx_word' id='word_1_144' title='bbox 2702 797 2811 867; x_wconf 85' lang='lat' dir='ltr'><strong>(tu,</strong></span> <span class='ocrx_word' id='word_1_145' title='bbox 2850 800 2964 866; x_wconf 71' lang='lat'><strong>{0.)</strong></span> <span class='ocrx_word' id='word_1_146' title='bbox 3020 800 3413 856; x_wconf 84' lang='lat' dir='ltr'><strong>Constantinus</strong></span> <span class='ocrx_word' id='word_1_147' title='bbox 3461 810 3646 856; x_wconf 86' lang='lat' dir='ltr'><strong>autent</strong></span> <span class='ocrx_word' id='word_1_148' title='bbox 3698 801 3772 854; x_wconf 84' lang='lat' dir='ltr'><strong>in-</strong></span> 
     </span>
    </p>
   </div>
   <div class='ocr_carea' id='block_1_24' title="bbox 2191 885 3770 961">
    <p class='ocr_par' dir='ltr' id='par_1_24' title="bbox 2191 885 3770 961">
     <span class='ocr_line' id='line_1_24' title="bbox 2191 885 3770 961; baseline 0.003 -21"><span class='ocrx_word' id='word_1_149' title='bbox 2191 885 2338 940; x_wconf 89' lang='lat' dir='ltr'><strong>tirim</strong></span> <span class='ocrx_word' id='word_1_150' title='bbox 2395 886 2605 942; x_wconf 85' lang='lat' dir='ltr'><strong>malens</strong></span> <span class='ocrx_word' id='word_1_151' title='bbox 2658 888 2875 943; x_wconf 81' lang='lat' dir='ltr'><strong>Arrium</strong></span> <span class='ocrx_word' id='word_1_152' title='bbox 2920 891 3153 961; x_wconf 86' lang='lat' dir='ltr'><strong>probare</strong></span> <span class='ocrx_word' id='word_1_153' title='bbox 3178 930 3195 956; x_wconf 91' lang='lat'><strong>,</strong></span> <span class='ocrx_word' id='word_1_154' title='bbox 3239 890 3396 945; x_wconf 73' lang='lat' dir='ltr'><strong>duxit</strong></span> <span class='ocrx_word' id='word_1_155' title='bbox 3429 904 3561 944; x_wconf 92' lang='lat' dir='ltr'><strong>eum</strong></span> <span class='ocrx_word' id='word_1_156' title='bbox 3588 890 3655 944; x_wconf 88' lang='lat' dir='ltr'><strong>ad</strong></span> <span class='ocrx_word' id='word_1_157' title='bbox 3687 903 3770 959; x_wconf 78' lang='lat' dir='ltr'><strong>pa-</strong></span> 
     </span>
    </p>
   </div>
   <div class='ocr_carea' id='block_1_25' title="bbox 2189 965 3769 1052">
    <p class='ocr_par' dir='ltr' id='par_1_25' title="bbox 2189 965 3769 1052">
     <span class='ocr_line' id='line_1_25' title="bbox 2189 965 3769 1052; baseline 0.001 -22"><span class='ocrx_word' id='word_1_158' title='bbox 2189 965 2407 1043; x_wconf 83' lang='lat' dir='ltr'><strong>latium,</strong></span> <span class='ocrx_word' id='word_1_159' title='bbox 2438 976 2792 1049; x_wconf 75' lang='lat' dir='ltr'><strong>jurejurando</strong></span> <span class='ocrx_word' id='word_1_160' title='bbox 2827 980 3175 1052; x_wconf 80' lang='lat' dir='ltr'><strong>interrogans</strong></span> <span class='ocrx_word' id='word_1_161' title='bbox 3207 978 3277 1035; x_wconf 90' lang='lat' dir='ltr'><strong>de</strong></span> <span class='ocrx_word' id='word_1_162' title='bbox 3317 979 3526 1035; x_wconf 84' lang='lat' dir='ltr'><strong>Neceni</strong></span> <span class='ocrx_word' id='word_1_163' title='bbox 3567 979 3769 1034; x_wconf 86' lang='lat' dir='ltr'><strong>concilii</strong></span> 
     </span>
    </p>
   </div>
   <div class='ocr_carea' id='block_1_26' title="bbox 2183 1059 3772 1139">
    <p class='ocr_par' dir='ltr' id='par_1_26' title="bbox 2183 1059 3772 1139">
     <span class='ocr_line' id='line_1_26' title="bbox 2183 1059 3772 1139; baseline 0.001 -16"><span class='ocrx_word' id='word_1_164' title='bbox 2183 1059 2441 1123; x_wconf 81' lang='lat' dir='ltr'><strong>decretis.</strong></span> <span class='ocrx_word' id='word_1_165' title='bbox 2469 1070 2539 1122; x_wconf 83' lang='lat' dir='ltr'><strong>At</strong></span> <span class='ocrx_word' id='word_1_166' title='bbox 2566 1069 2680 1139; x_wconf 92' lang='lat' dir='ltr'><strong>ipse</strong></span> <span class='ocrx_word' id='word_1_167' title='bbox 2710 1071 2835 1127; x_wconf 84' lang='lat' dir='ltr'><strong>ﬁcte</strong></span> <span class='ocrx_word' id='word_1_168' title='bbox 2866 1086 3021 1126; x_wconf 90' lang='lat' dir='ltr'><strong>suam</strong></span> <span class='ocrx_word' id='word_1_169' title='bbox 3068 1080 3275 1127; x_wconf 87' lang='lat' dir='ltr'><strong>sectam</strong></span> <span class='ocrx_word' id='word_1_170' title='bbox 3304 1072 3406 1126; x_wconf 90' lang='lat' dir='ltr'><strong>sub</strong></span> <span class='ocrx_word' id='word_1_171' title='bbox 3435 1070 3528 1124; x_wconf 88' lang='lat' dir='ltr'><strong>ala</strong></span> <span class='ocrx_word' id='word_1_172' title='bbox 3576 1070 3772 1125; x_wconf 77' lang='lat' dir='ltr'><strong>habens</strong></span> 
     </span>
    </p>
   </div>
   <div class='ocr_carea' id='block_1_27' title="bbox 2185 1158 3766 1234">
    <p class='ocr_par' dir='ltr' id='par_1_27' title="bbox 2185 1158 3766 1234">
     <span class='ocr_line' id='line_1_27' title="bbox 2185 1158 3766 1234; baseline 0.001 -20"><span class='ocrx_word' id='word_1_173' title='bbox 2185 1167 2240 1214; x_wconf 89' lang='lat' dir='ltr'><strong>et</strong></span> <span class='ocrx_word' id='word_1_174' title='bbox 2268 1158 2349 1216; x_wconf 91' lang='lat' dir='ltr'><strong>sic</strong></span> <span class='ocrx_word' id='word_1_175' title='bbox 2396 1159 2620 1230; x_wconf 88' lang='lat' dir='ltr'><strong>juravit.</strong></span> <span class='ocrx_word' id='word_1_176' title='bbox 2655 1161 2920 1228; x_wconf 84' lang='lat' dir='ltr'><strong>Quoniam</strong></span> <span class='ocrx_word' id='word_1_177' title='bbox 2972 1178 3105 1219; x_wconf 89' lang='lat' dir='ltr'><strong>vero</strong></span> <span class='ocrx_word' id='word_1_178' title='bbox 3156 1163 3273 1234; x_wconf 87' lang='lat' dir='ltr'><strong>ipse</strong></span> <span class='ocrx_word' id='word_1_179' title='bbox 3321 1163 3439 1218; x_wconf 81' lang='lat' dir='ltr'><strong>dies</strong></span> <span class='ocrx_word' id='word_1_180' title='bbox 3487 1161 3766 1218; x_wconf 79' lang='lat' dir='ltr'><strong>sabbatum</strong></span> 
     </span>
    </p>
   </div>
   <div class='ocr_carea' id='block_1_28' title="bbox 2184 1249 3768 1318">
    <p class='ocr_par' dir='ltr' id='par_1_28' title="bbox 2184 1249 3768 1318">
     <span class='ocr_line' id='line_1_28' title="bbox 2184 1249 3768 1318; baseline 0.001 -15"><span class='ocrx_word' id='word_1_181' title='bbox 2184 1249 2595 1318; x_wconf 71' lang='lat' dir='ltr'><strong>erat,‘precepi‘t</strong></span> <span class='ocrx_word' id='word_1_182' title='bbox 2636 1250 3035 1307; x_wconf 83' lang='lat' dir='ltr'><strong>Constantinus</strong></span> <span class='ocrx_word' id='word_1_183' title='bbox 3079 1253 3329 1307; x_wconf 88' lang='lat' dir='ltr'><strong>crastino</strong></span> <span class='ocrx_word' id='word_1_184' title='bbox 3385 1251 3479 1306; x_wconf 90' lang='lat' dir='ltr'><strong>die</strong></span> <span class='ocrx_word' id='word_1_185' title='bbox 3510 1252 3768 1305; x_wconf 84' lang='lat' dir='ltr'><strong>dominico</strong></span> 
     </span>
    </p>
   </div>
   <div class='ocr_carea' id='block_1_29' title="bbox 2182 1338 3764 1413">
    <p class='ocr_par' dir='ltr' id='par_1_29' title="bbox 2182 1338 3764 1413">
     <span class='ocr_line' id='line_1_29' title="bbox 2182 1338 3764 1413; baseline 0.001 -22"><span class='ocrx_word' id='word_1_186' title='bbox 2182 1338 2402 1391; x_wconf 86' lang='lat' dir='ltr'><strong>Arrium</strong></span> <span class='ocrx_word' id='word_1_187' title='bbox 2437 1339 2501 1391; x_wconf 84' lang='lat' dir='ltr'><strong>ad</strong></span> <span class='ocrx_word' id='word_1_188' title='bbox 2531 1339 2964 1395; x_wconf 79' lang='lat' dir='ltr'><strong>communionem</strong></span> <span class='ocrx_word' id='word_1_189' title='bbox 3006 1341 3274 1413; x_wconf 89' lang='lat' dir='ltr'><strong>accipere.</strong></span> <span class='ocrx_word' id='word_1_190' title='bbox 3308 1338 3466 1395; x_wconf 85' lang='lat' dir='ltr'><strong>Tunc</strong></span> <span class='ocrx_word' id='word_1_191' title='bbox 3500 1339 3558 1394; x_wconf 83' lang='lat' dir='ltr'><strong>in</strong></span> <span class='ocrx_word' id='word_1_192' title='bbox 3607 1340 3718 1394; x_wconf 83' lang='lat' dir='ltr'><strong>auia</strong></span> <span class='ocrx_word' id='word_1_193' title='bbox 3740 1358 3764 1394; x_wconf 78' lang='lat' dir='ltr'><strong>a</strong></span> 
     </span>
    </p>
   </div>
   <div class='ocr_carea' id='block_1_30' title="bbox 2183 1425 3765 1500">
    <p class='ocr_par' dir='ltr' id='par_1_30' title="bbox 2183 1425 3765 1500">
     <span class='ocr_line' id='line_1_30' title="bbox 2183 1425 3765 1500; baseline 0.003 -21"><span class='ocrx_word' id='word_1_194' title='bbox 2183 1425 2448 1481; x_wconf 89' lang='lat' dir='ltr'><strong>militibus</strong></span> <span class='ocrx_word' id='word_1_195' title='bbox 2502 1427 2719 1484; x_wconf 86' lang='lat' dir='ltr'><strong>Eusebii</strong></span> <span class='ocrx_word' id='word_1_196' title='bbox 2742 1429 2984 1500; x_wconf 79' lang='lat' dir='ltr'><strong>episcopi</strong></span> <span class='ocrx_word' id='word_1_197' title='bbox 3021 1431 3187 1485; x_wconf 90' lang='lat' dir='ltr'><strong>etiam</strong></span> <span class='ocrx_word' id='word_1_198' title='bbox 3216 1429 3436 1485; x_wconf 82' lang='lat' dir='ltr'><strong>Arriani</strong></span> <span class='ocrx_word' id='word_1_199' title='bbox 3458 1430 3765 1495; x_wconf 81' lang='lat' dir='ltr'><strong>honoratus,</strong></span> 
     </span>
    </p>
   </div>
   <div class='ocr_carea' id='block_1_31' title="bbox 2172 1516 3764 1590">
    <p class='ocr_par' dir='ltr' id='par_1_31' title="bbox 2172 1516 3764 1590">
     <span class='ocr_line' id='line_1_31' title="bbox 2172 1516 3764 1590; baseline 0.003 -21"><span class='ocrx_word' id='word_1_200' title='bbox 2172 1516 2235 1570; x_wconf 76' lang='lat' dir='ltr'><strong>&#39;et</strong></span> <span class='ocrx_word' id='word_1_201' title='bbox 2263 1533 2359 1587; x_wconf 88' lang='lat' dir='ltr'><strong>per</strong></span> <span class='ocrx_word' id='word_1_202' title='bbox 2385 1517 2622 1572; x_wconf 86' lang='lat' dir='ltr'><strong>mediam</strong></span> <span class='ocrx_word' id='word_1_203' title='bbox 2652 1518 2927 1575; x_wconf 83' lang='lat' dir='ltr'><strong>civitatem</strong></span> <span class='ocrx_word' id='word_1_204' title='bbox 2958 1520 3351 1576; x_wconf 85' lang='lat' dir='ltr'><strong>honorabiliter</strong></span> <span class='ocrx_word' id='word_1_205' title='bbox 3377 1528 3435 1575; x_wconf 91' lang='lat' dir='ltr'><strong>et</strong></span> <span class='ocrx_word' id='word_1_206' title='bbox 3455 1520 3764 1590; x_wconf 85' lang='lat' dir='ltr'><strong>perspicuus</strong></span> 
     </span>
    </p>
   </div>
   <div class='ocr_carea' id='block_1_32' title="bbox 2180 1609 3762 1674">
    <p class='ocr_par' dir='ltr' id='par_1_32' title="bbox 2180 1609 3762 1674">
     <span class='ocr_line' id='line_1_32' title="bbox 2180 1609 3762 1674; baseline 0.002 -13"><span class='ocrx_word' id='word_1_207' title='bbox 2180 1609 2509 1674; x_wconf 89' lang='lat' dir='ltr'><strong>conductus;</strong></span> <span class='ocrx_word' id='word_1_208' title='bbox 2542 1623 2666 1663; x_wconf 86' lang='lat' dir='ltr'><strong>cum</strong></span> <span class='ocrx_word' id='word_1_209' title='bbox 2705 1625 2837 1666; x_wconf 82' lang='lat' dir='ltr'><strong>vero</strong></span> <span class='ocrx_word' id='word_1_210' title='bbox 2883 1612 3035 1666; x_wconf 87' lang='lat' dir='ltr'><strong>venit</strong></span> <span class='ocrx_word' id='word_1_211' title='bbox 3072 1612 3140 1667; x_wconf 86' lang='lat' dir='ltr'><strong>ad</strong></span> <span class='ocrx_word' id='word_1_212' title='bbox 3170 1610 3350 1666; x_wconf 80' lang='lat' dir='ltr'><strong>lorum</strong></span> <span class='ocrx_word' id='word_1_213' title='bbox 3398 1610 3762 1673; x_wconf 71' lang='lat' dir='ltr'><strong>Constantini,</strong></span> 
     </span>
    </p>
   </div>
   <div class='ocr_carea' id='block_1_33' title="bbox 488 1696 3763 1792">
    <p class='ocr_par' dir='ltr' id='par_1_33' title="bbox 488 1696 3763 1792">
     <span class='ocr_line' id='line_1_33' title="bbox 488 1696 3763 1792; baseline 0.006 -58"><span class='ocrx_word' id='word_1_214' title='bbox 488 1719 580 1761; x_wconf 51' lang='lat' dir='ltr'><strong>cas</strong></span> <span class='ocrx_word' id='word_1_215' title='bbox 605 1721 815 1763; x_wconf 49' lang='lat' dir='ltr'><strong>eorum.</strong></span> <span class='ocrx_word' id='word_1_216' title='bbox 845 1709 939 1780; x_wconf 49' lang='lat' dir='ltr'><strong>(cf.</strong></span> <span class='ocrx_word' id='word_1_217' title='bbox 968 1710 1070 1766; x_wconf 48' lang='lat' dir='ltr'><strong>AD.</strong></span> <span class='ocrx_word' id='word_1_218' title='bbox 1105 1710 1292 1785; x_wconf 47' lang='grc' dir='ltr'><strong>Μανι.)</strong></span> <span class='ocrx_word' id='word_1_219' title='bbox 1326 1713 1524 1771; x_wconf 66' lang='lat' dir='ltr'><strong>Eodem</strong></span> <span class='ocrx_word' id='word_1_220' title='bbox 1563 1732 1779 1788; x_wconf 67' lang='lat' dir='ltr'><strong>quoque</strong></span> <span class='ocrx_word' id='word_1_221' title='bbox 1808 1696 2072 1792; x_wconf 47' lang='grc' dir='ltr'><strong>Μηρὼθ,</strong></span> <span class='ocrx_word' id='word_1_222' title='bbox 2109 1696 2150 1754; x_wconf 83' lang='grc' dir='ltr'><strong>Β</strong></span> <span class='ocrx_word' id='word_1_223' title='bbox 2180 1698 2270 1753; x_wconf 76' lang='lat' dir='ltr'><strong>ubi</strong></span> <span class='ocrx_word' id='word_1_224' title='bbox 2296 1712 2421 1769; x_wconf 91' lang='lat' dir='ltr'><strong>pars</strong></span> <span class='ocrx_word' id='word_1_225' title='bbox 2453 1700 2538 1754; x_wconf 89' lang='lat' dir='ltr'><strong>illa</strong></span> <span class='ocrx_word' id='word_1_226' title='bbox 2571 1701 2754 1757; x_wconf 89' lang='lat' dir='ltr'><strong>crucis</strong></span> <span class='ocrx_word' id='word_1_227' title='bbox 2785 1710 2938 1768; x_wconf 90' lang='lat' dir='ltr'><strong>erat,</strong></span> <span class='ocrx_word' id='word_1_228' title='bbox 2972 1702 3326 1759; x_wconf 80' lang='lat' dir='ltr'><strong>tremefactus</strong></span> <span class='ocrx_word' id='word_1_229' title='bbox 3369 1712 3431 1759; x_wconf 87' lang='lat' dir='ltr'><strong>et</strong></span> <span class='ocrx_word' id='word_1_230' title='bbox 3483 1702 3763 1788; x_wconf 79' lang='lat' dir='ltr'><strong>confussus</strong></span> 
     </span>
    </p>
   </div>
   <div class='ocr_carea' id='block_1_34' title="bbox 487 1796 2071 1876">
    <p class='ocr_par' dir='ltr' id='par_1_34' title="bbox 487 1796 2071 1876">
     <span class='ocr_line' id='line_1_34' title="bbox 487 1796 2071 1876; baseline 0.011 -26"><span class='ocrx_word' id='word_1_231' title='bbox 487 1796 577 1852; x_wconf 80' lang='grc'><strong>15.</strong></span> <span class='ocrx_word' id='word_1_232' title='bbox 611 1796 972 1855; x_wconf 84' lang='lat' dir='ltr'><strong>Kalendarum</strong></span> <span class='ocrx_word' id='word_1_233' title='bbox 997 1800 1262 1858; x_wconf 83' lang='lat' dir='ltr'><strong>Juliarum</strong></span> <span class='ocrx_word' id='word_1_234' title='bbox 1291 1804 1410 1874; x_wconf 87' lang='lat' dir='ltr'><strong>die,</strong></span> <span class='ocrx_word' id='word_1_235' title='bbox 1454 1808 1670 1876; x_wconf 86' lang='lat' dir='ltr'><strong>quando</strong></span> <span class='ocrx_word' id='word_1_236' title='bbox 1714 1820 2071 1867; x_wconf 83' lang='lat' dir='ltr'><strong>memoratum</strong></span> 
     </span>
    </p>
   </div>
   <div class='ocr_carea' id='block_1_35' title="bbox 485 1890 2069 1973">
    <p class='ocr_par' dir='ltr' id='par_1_35' title="bbox 485 1890 2069 1973">
     <span class='ocr_line' id='line_1_35' title="bbox 485 1890 2069 1973; baseline 0.011 -34"><span class='ocrx_word' id='word_1_237' title='bbox 485 1900 740 1959; x_wconf 83' lang='lat' dir='ltr'><strong>maguum</strong></span> <span class='ocrx_word' id='word_1_238' title='bbox 789 1890 1075 1946; x_wconf 90' lang='lat' dir='ltr'><strong>concilium</strong></span> <span class='ocrx_word' id='word_1_239' title='bbox 1122 1893 1174 1947; x_wconf 92' lang='lat' dir='ltr'><strong>in</strong></span> <span class='ocrx_word' id='word_1_240' title='bbox 1228 1893 1391 1950; x_wconf 72' lang='lat' dir='ltr'><strong>Nicen</strong></span> <span class='ocrx_word' id='word_1_241' title='bbox 1446 1907 1831 1968; x_wconf 81' lang='lat' dir='ltr'><strong>congregatum</strong></span> <span class='ocrx_word' id='word_1_242' title='bbox 1862 1909 1944 1956; x_wconf 88' lang='lat' dir='ltr'><strong>est</strong></span> <span class='ocrx_word' id='word_1_243' title='bbox 1974 1901 2069 1973; x_wconf 81' lang='lat' dir='ltr'><strong>(cf.</strong></span> 
     </span>
    </p>
   </div>
   <div class='ocr_carea' id='block_1_36' title="bbox 480 1966 2068 2051">
    <p class='ocr_par' dir='ltr' id='par_1_36' title="bbox 480 1966 2068 2051">
     <span class='ocr_line' id='line_1_36' title="bbox 480 1966 2068 2051; baseline 0.014 -23"><span class='ocrx_word' id='word_1_244' title='bbox 480 1966 580 2030; x_wconf 58' lang='lat' dir='ltr'><strong>&#39;Iib.</strong></span> <span class='ocrx_word' id='word_1_245' title='bbox 611 1977 782 2051; x_wconf 81' lang='lat' dir='ltr'><strong>pom.)</strong></span> <span class='ocrx_word' id='word_1_246' title='bbox 820 1982 1075 2037; x_wconf 62' lang='lat' dir='ltr'><strong>canonica</strong></span> <span class='ocrx_word' id='word_1_247' title='bbox 1098 1981 1214 2049; x_wconf 88' lang='lat' dir='ltr'><strong>jam</strong></span> <span class='ocrx_word' id='word_1_248' title='bbox 1265 1966 1575 2044; x_wconf 71' lang='lat' dir='ltr'><strong>vocatione</strong></span> <span class='ocrx_word' id='word_1_249' title='bbox 1604 1966 1675 2044; x_wconf 26' lang='lat' dir='ltr'><strong>in“</strong></span> <span class='ocrx_word' id='word_1_250' title='bbox 1715 1993 1849 2048; x_wconf 92' lang='lat' dir='ltr'><strong>urbe</strong></span> <span class='ocrx_word' id='word_1_251' title='bbox 1896 1966 2068 2050; x_wconf 80' lang='lat' dir='ltr'><strong>Roma</strong></span> 
     </span>
    </p>
   </div>
   <div class='ocr_carea' id='block_1_37' title="bbox 481 2070 2070 2143">
    <p class='ocr_par' dir='ltr' id='par_1_37' title="bbox 481 2070 2070 2143">
     <span class='ocr_line' id='line_1_37' title="bbox 481 2070 2070 2143; baseline 0.014 -23"><span class='ocrx_word' id='word_1_252' title='bbox 481 2070 833 2138; x_wconf 77' lang='lat' dir='ltr'><strong>congregavit</strong></span> <span class='ocrx_word' id='word_1_253' title='bbox 854 2082 909 2126; x_wconf 92' lang='lat' dir='ltr'><strong>et</strong></span> <span class='ocrx_word' id='word_1_254' title='bbox 943 2073 1056 2143; x_wconf 89' lang='lat' dir='ltr'><strong>ipse</strong></span> <span class='ocrx_word' id='word_1_255' title='bbox 1098 2074 1361 2133; x_wconf 88' lang='lat' dir='ltr'><strong>Silvester</strong></span> <span class='ocrx_word' id='word_1_256' title='bbox 1388 2094 1511 2135; x_wconf 92' lang='lat' dir='ltr'><strong>cum</strong></span> <span class='ocrx_word' id='word_1_257' title='bbox 1549 2072 1777 2139; x_wconf 85' lang='lat' dir='ltr'><strong>consilio</strong></span> <span class='ocrx_word' id='word_1_258' title='bbox 1804 2083 2070 2142; x_wconf 86' lang='lat' dir='ltr'><strong>Constan-</strong></span> 
     </span>
    </p>
   </div>
   <div class='ocr_carea' id='block_1_38' title="bbox 470 2158 2064 2245">
    <p class='ocr_par' dir='ltr' id='par_1_38' title="bbox 470 2158 2064 2245">
     <span class='ocr_line' id='line_1_38' title="bbox 470 2158 2064 2245; baseline 0.016 -36"><span class='ocrx_word' id='word_1_259' title='bbox 470 2158 579 2245; x_wconf 77' lang='lat' dir='ltr'><strong>tini</strong></span> <span class='ocrx_word' id='word_1_260' title='bbox 604 2158 712 2211; x_wconf 87' lang='lat'><strong>277</strong></span> <span class='ocrx_word' id='word_1_261' title='bbox 738 2160 1021 2231; x_wconf 84' lang='lat' dir='ltr'><strong>episcopos</strong></span> <span class='ocrx_word' id='word_1_262' title='bbox 1048 2205 1062 2231; x_wconf 93' lang='lat'><strong>,</strong></span> <span class='ocrx_word' id='word_1_263' title='bbox 1087 2174 1143 2221; x_wconf 90' lang='lat' dir='ltr'><strong>et</strong></span> <span class='ocrx_word' id='word_1_264' title='bbox 1167 2167 1445 2224; x_wconf 89' lang='lat' dir='ltr'><strong>damnavit</strong></span> <span class='ocrx_word' id='word_1_265' title='bbox 1466 2172 1740 2241; x_wconf 90' lang='lat' dir='ltr'><strong>predictos</strong></span> <span class='ocrx_word' id='word_1_266' title='bbox 1766 2174 2064 2245; x_wconf 77' lang='lat' dir='ltr'><strong>hereticos;</strong></span> 
     </span>
    </p>
   </div>
   <div class='ocr_carea' id='block_1_39' title="bbox 481 2240 2067 2339">
    <p class='ocr_par' dir='ltr' id='par_1_39' title="bbox 481 2240 2067 2339">
     <span class='ocr_line' id='line_1_39' title="bbox 481 2240 2067 2339; baseline 0.012 -30"><span class='ocrx_word' id='word_1_267' title='bbox 481 2263 538 2309; x_wconf 90' lang='lat' dir='ltr'><strong>et</strong></span> <span class='ocrx_word' id='word_1_268' title='bbox 563 2240 994 2324; x_wconf 78' lang='lat' dir='ltr'><strong>constituerunt,</strong></span> <span class='ocrx_word' id='word_1_269' title='bbox 1028 2270 1086 2314; x_wconf 90' lang='lat' dir='ltr'><strong>ut</strong></span> <span class='ocrx_word' id='word_1_270' title='bbox 1116 2262 1391 2331; x_wconf 87' lang='lat' dir='ltr'><strong>presbiter</strong></span> <span class='ocrx_word' id='word_1_271' title='bbox 1418 2240 1686 2324; x_wconf 83' lang='lat' dir='ltr'><strong>Arrianus</strong></span> <span class='ocrx_word' id='word_1_272' title='bbox 1740 2269 2067 2339; x_wconf 88' lang='lat' dir='ltr'><strong>resipiscens</strong></span> 
     </span>
    </p>
   </div>
   <div class='ocr_carea' id='block_1_40' title="bbox 478 2345 2064 2426">
    <p class='ocr_par' dir='ltr' id='par_1_40' title="bbox 478 2345 2064 2426">
     <span class='ocr_line' id='line_1_40' title="bbox 478 2345 2064 2426; baseline 0.016 -33"><span class='ocrx_word' id='word_1_273' title='bbox 478 2355 588 2396; x_wconf 90' lang='lat' dir='ltr'><strong>non</strong></span> <span class='ocrx_word' id='word_1_274' title='bbox 618 2345 1003 2415; x_wconf 85' lang='lat' dir='ltr'><strong>susciperetur,</strong></span> <span class='ocrx_word' id='word_1_275' title='bbox 1036 2350 1139 2405; x_wconf 90' lang='lat' dir='ltr'><strong>nisi</strong></span> <span class='ocrx_word' id='word_1_276' title='bbox 1189 2352 1477 2426; x_wconf 90' lang='lat' dir='ltr'><strong>episcopus</strong></span> <span class='ocrx_word' id='word_1_277' title='bbox 1505 2355 1746 2426; x_wconf 88' lang='lat' dir='ltr'><strong>ejusdem</strong></span> <span class='ocrx_word' id='word_1_278' title='bbox 1797 2361 1899 2418; x_wconf 92' lang='lat' dir='ltr'><strong>loci</strong></span> <span class='ocrx_word' id='word_1_279' title='bbox 1939 2377 2064 2419; x_wconf 90' lang='lat' dir='ltr'><strong>eum</strong></span> 
     </span>
    </p>
   </div>
   <div class='ocr_carea' id='block_1_41' title="bbox 477 2428 2063 2524">
    <p class='ocr_par' dir='ltr' id='par_1_41' title="bbox 477 2428 2063 2524">
     <span class='ocr_line' id='line_1_41' title="bbox 477 2428 2063 2524; baseline 0.016 -39"><span class='ocrx_word' id='word_1_280' title='bbox 477 2428 891 2503; x_wconf 82' lang='lat' dir='ltr'><strong>recenciliaret,</strong></span> <span class='ocrx_word' id='word_1_281' title='bbox 924 2448 978 2494; x_wconf 91' lang='lat' dir='ltr'><strong>et</strong></span> <span class='ocrx_word' id='word_1_282' title='bbox 1023 2454 1371 2502; x_wconf 88' lang='lat' dir='ltr'><strong>sacrosancto</strong></span> <span class='ocrx_word' id='word_1_283' title='bbox 1413 2449 1670 2507; x_wconf 83' lang='lat' dir='ltr'><strong>crismate</strong></span> <span class='ocrx_word' id='word_1_284' title='bbox 1721 2468 1820 2523; x_wconf 88' lang='lat' dir='ltr'><strong>per</strong></span> <span class='ocrx_word' id='word_1_285' title='bbox 1848 2455 2063 2524; x_wconf 64' lang='lat' dir='ltr'><strong>episco~</strong></span> 
     </span>
    </p>
   </div>
   <div class='ocr_carea' id='block_1_42' title="bbox 467 2514 2057 2616">
    <p class='ocr_par' dir='ltr' id='par_1_42' title="bbox 467 2514 2057 2616">
     <span class='ocr_line' id='line_1_42' title="bbox 467 2514 2057 2616; baseline 0.017 -41"><span class='ocrx_word' id='word_1_286' title='bbox 467 2514 613 2592; x_wconf 34' lang='lat' dir='ltr'><strong>’palis</strong></span> <span class='ocrx_word' id='word_1_287' title='bbox 659 2541 853 2582; x_wconf 89' lang='lat' dir='ltr'><strong>manus</strong></span> <span class='ocrx_word' id='word_1_288' title='bbox 906 2529 1337 2602; x_wconf 88' lang='lat' dir='ltr'><strong>impossitionem</strong></span> <span class='ocrx_word' id='word_1_289' title='bbox 1369 2540 1542 2594; x_wconf 89' lang='lat' dir='ltr'><strong>sancti</strong></span> <span class='ocrx_word' id='word_1_290' title='bbox 1594 2514 1830 2612; x_wconf 83' lang='lat' dir='ltr'><strong>Spiritus</strong></span> <span class='ocrx_word' id='word_1_291' title='bbox 1864 2514 2057 2616; x_wconf 76' lang='lat' dir='ltr'><strong>gratia,</strong></span> 
     </span>
    </p>
   </div>
   <div class='ocr_carea' id='block_1_43' title="bbox 473 2616 2057 2705">
    <p class='ocr_par' dir='ltr' id='par_1_43' title="bbox 473 2616 2057 2705">
     <span class='ocr_line' id='line_1_43' title="bbox 473 2616 2057 2705; baseline 0.015 -36"><span class='ocrx_word' id='word_1_292' title='bbox 473 2629 595 2683; x_wconf 83' lang='lat' dir='ltr'><strong>quae</strong></span> <span class='ocrx_word' id='word_1_293' title='bbox 629 2616 699 2674; x_wconf 90' lang='lat' dir='ltr'><strong>ab</strong></span> <span class='ocrx_word' id='word_1_294' title='bbox 734 2617 989 2677; x_wconf 88' lang='lat' dir='ltr'><strong>hereticis</strong></span> <span class='ocrx_word' id='word_1_295' title='bbox 1030 2623 1149 2678; x_wconf 88' lang='lat' dir='ltr'><strong>dari</strong></span> <span class='ocrx_word' id='word_1_296' title='bbox 1192 2640 1301 2681; x_wconf 92' lang='lat' dir='ltr'><strong>non</strong></span> <span class='ocrx_word' id='word_1_297' title='bbox 1349 2638 1555 2698; x_wconf 89' lang='lat' dir='ltr'><strong>potest,</strong></span> <span class='ocrx_word' id='word_1_298' title='bbox 1605 2632 2057 2705; x_wconf 79' lang='lat' dir='ltr'><strong>continuaretur;</strong></span> 
     </span>
    </p>
   </div>
   <div class='ocr_carea' id='block_1_44' title="bbox 460 2702 2062 2791">
    <p class='ocr_par' dir='ltr' id='par_1_44' title="bbox 460 2702 2062 2791">
     <span class='ocr_line' id='line_1_44' title="bbox 460 2702 2062 2791; baseline 0.014 -33"><span class='ocrx_word' id='word_1_299' title='bbox 460 2702 528 2789; x_wconf 26' lang='lat' dir='ltr'><strong>lin</strong></span> <span class='ocrx_word' id='word_1_300' title='bbox 553 2722 657 2777; x_wconf 85' lang='lat' dir='ltr'><strong>qua</strong></span> <span class='ocrx_word' id='word_1_301' title='bbox 679 2708 844 2764; x_wconf 90' lang='lat' dir='ltr'><strong>etiam</strong></span> <span class='ocrx_word' id='word_1_302' title='bbox 873 2725 1142 2770; x_wconf 89' lang='lat' dir='ltr'><strong>consensu</strong></span> <span class='ocrx_word' id='word_1_303' title='bbox 1167 2725 1222 2771; x_wconf 89' lang='lat' dir='ltr'><strong>et</strong></span> <span class='ocrx_word' id='word_1_304' title='bbox 1249 2718 1645 2791; x_wconf 87' lang='lat' dir='ltr'><strong>subscriptione</strong></span> <span class='ocrx_word' id='word_1_305' title='bbox 1668 2724 1910 2779; x_wconf 90' lang='lat' dir='ltr'><strong>omnium</strong></span> <span class='ocrx_word' id='word_1_306' title='bbox 1932 2702 2062 2781; x_wconf 45' lang='lat' dir='ltr'><strong>con;</strong></span> 
     </span>
    </p>
   </div>
   <div class='ocr_carea' id='block_1_45' title="bbox 454 2790 2060 2879">
    <p class='ocr_par' dir='ltr' id='par_1_45' title="bbox 454 2790 2060 2879">
     <span class='ocr_line' id='line_1_45' title="bbox 454 2790 2060 2879; baseline 0.016 -30"><span class='ocrx_word' id='word_1_307' title='bbox 454 2790 726 2879; x_wconf 75' lang='lat' dir='ltr'><strong>stitutum</strong></span> <span class='ocrx_word' id='word_1_308' title='bbox 750 2800 850 2865; x_wconf 77' lang='lat' dir='ltr'><strong>est,</strong></span> <span class='ocrx_word' id='word_1_309' title='bbox 877 2811 934 2856; x_wconf 91' lang='lat' dir='ltr'><strong>ut</strong></span> <span class='ocrx_word' id='word_1_310' title='bbox 957 2803 1141 2861; x_wconf 87' lang='lat' dir='ltr'><strong>nullus</strong></span> <span class='ocrx_word' id='word_1_311' title='bbox 1169 2804 1337 2864; x_wconf 90' lang='lat' dir='ltr'><strong>laicus</strong></span> <span class='ocrx_word' id='word_1_312' title='bbox 1362 2790 1566 2868; x_wconf 89' lang='lat' dir='ltr'><strong>crimen</strong></span> <span class='ocrx_word' id='word_1_313' title='bbox 1606 2814 1804 2871; x_wconf 89' lang='lat' dir='ltr'><strong>clerico</strong></span> <span class='ocrx_word' id='word_1_314' title='bbox 1824 2831 1923 2872; x_wconf 91' lang='lat' dir='ltr'><strong>nec</strong></span> <span class='ocrx_word' id='word_1_315' title='bbox 1946 2818 2060 2874; x_wconf 83' lang='lat' dir='ltr'><strong>cle-</strong></span> 
     </span>
    </p>
   </div>
   <div class='ocr_carea' id='block_1_46' title="bbox 473 2884 2059 2980">
    <p class='ocr_par' dir='ltr' id='par_1_46' title="bbox 473 2884 2059 2980">
     <span class='ocr_line' id='line_1_46' title="bbox 473 2884 2059 2980; baseline 0.016 -37"><span class='ocrx_word' id='word_1_316' title='bbox 473 2884 619 2946; x_wconf 82' lang='lat' dir='ltr'><strong>ricus</strong></span> <span class='ocrx_word' id='word_1_317' title='bbox 649 2884 925 2951; x_wconf 79' lang='lat' dir='ltr'><strong>inferioris</strong></span> <span class='ocrx_word' id='word_1_318' title='bbox 951 2898 1153 2966; x_wconf 83' lang='lat' dir='ltr'><strong>gradus</strong></span> <span class='ocrx_word' id='word_1_319' title='bbox 1192 2900 1260 2955; x_wconf 87' lang='lat' dir='ltr'><strong>ad</strong></span> <span class='ocrx_word' id='word_1_320' title='bbox 1286 2905 1619 2973; x_wconf 89' lang='lat' dir='ltr'><strong>superiorem</strong></span> <span class='ocrx_word' id='word_1_321' title='bbox 1648 2908 1701 2963; x_wconf 90' lang='lat' dir='ltr'><strong>id</strong></span> <span class='ocrx_word' id='word_1_322' title='bbox 1724 2920 1806 2965; x_wconf 90' lang='lat' dir='ltr'><strong>est</strong></span> <span class='ocrx_word' id='word_1_323' title='bbox 1833 2913 2059 2980; x_wconf 89' lang='lat' dir='ltr'><strong>presbe-</strong></span> 
     </span>
    </p>
   </div>
   <div class='ocr_carea' id='block_1_47' title="bbox 473 2982 2128 3073">
    <p class='ocr_par' dir='ltr' id='par_1_47' title="bbox 473 2982 2128 3073">
     <span class='ocr_line' id='line_1_47' title="bbox 473 2982 2128 3073; baseline 0.017 -42"><span class='ocrx_word' id='word_1_324' title='bbox 473 2987 588 3035; x_wconf 85' lang='lat' dir='ltr'><strong>tero</strong></span> <span class='ocrx_word' id='word_1_325' title='bbox 610 2982 867 3053; x_wconf 89' lang='lat' dir='ltr'><strong>episcopo</strong></span> <span class='ocrx_word' id='word_1_326' title='bbox 898 2983 1163 3057; x_wconf 84' lang='lat' dir='ltr'><strong>inferret;</strong></span> <span class='ocrx_word' id='word_1_327' title='bbox 1206 2998 1261 3045; x_wconf 85' lang='lat' dir='ltr'><strong>et</strong></span> <span class='ocrx_word' id='word_1_328' title='bbox 1301 3000 1361 3046; x_wconf 89' lang='lat' dir='ltr'><strong>ut</strong></span> <span class='ocrx_word' id='word_1_329' title='bbox 1403 2994 1458 3048; x_wconf 93' lang='lat' dir='ltr'><strong>in</strong></span> <span class='ocrx_word' id='word_1_330' title='bbox 1507 3011 1642 3065; x_wconf 89' lang='lat' dir='ltr'><strong>puro</strong></span> <span class='ocrx_word' id='word_1_331' title='bbox 1697 2998 1808 3055; x_wconf 90' lang='lat' dir='ltr'><strong>liuo</strong></span> <span class='ocrx_word' id='word_1_332' title='bbox 1858 3016 2055 3073; x_wconf 88' lang='lat' dir='ltr'><strong>corpus</strong></span> <span class='ocrx_word' id='word_1_333' title='bbox 2085 3042 2128 3073; x_wconf 62' lang='grc' dir='ltr'><strong>,ς</strong></span> 
     </span>
    </p>
   </div>
   <div class='ocr_carea' id='block_1_48' title="bbox 2177 1784 3761 1863">
    <p class='ocr_par' dir='ltr' id='par_1_48' title="bbox 2177 1784 3761 1863">
     <span class='ocr_line' id='line_1_48' title="bbox 2177 1784 3761 1863; baseline 0.001 -18"><span class='ocrx_word' id='word_1_334' title='bbox 2177 1800 2257 1845; x_wconf 88' lang='lat' dir='ltr'><strong>est</strong></span> <span class='ocrx_word' id='word_1_335' title='bbox 2288 1791 2500 1848; x_wconf 87' lang='lat' dir='ltr'><strong>Arrius.</strong></span> <span class='ocrx_word' id='word_1_336' title='bbox 2534 1791 2600 1847; x_wconf 84' lang='lat' dir='ltr'><strong>Et</strong></span> <span class='ocrx_word' id='word_1_337' title='bbox 2629 1808 2753 1848; x_wconf 90' lang='lat' dir='ltr'><strong>cum</strong></span> <span class='ocrx_word' id='word_1_338' title='bbox 2797 1793 3164 1849; x_wconf 87' lang='lat' dir='ltr'><strong>necessarium</strong></span> <span class='ocrx_word' id='word_1_339' title='bbox 3193 1793 3469 1863; x_wconf 87' lang='lat' dir='ltr'><strong>quessiset</strong></span> <span class='ocrx_word' id='word_1_340' title='bbox 3506 1784 3761 1855; x_wconf 83' lang='lat' dir='ltr'><strong>meatum,</strong></span> 
     </span>
    </p>
   </div>
   <div class='ocr_carea' id='block_1_49' title="bbox 2164 1882 3757 1953">
    <p class='ocr_par' dir='ltr' id='par_1_49' title="bbox 2164 1882 3757 1953">
     <span class='ocr_line' id='line_1_49' title="bbox 2164 1882 3757 1953; baseline 0.001 -18"><span class='ocrx_word' id='word_1_341' title='bbox 2164 1896 2301 1935; x_wconf 73' lang='lat' dir='ltr'><strong>cum</strong></span> <span class='ocrx_word' id='word_1_342' title='bbox 2322 1882 2669 1953; x_wconf 86' lang='lat' dir='ltr'><strong>stercoribus</strong></span> <span class='ocrx_word' id='word_1_343' title='bbox 2712 1891 2768 1938; x_wconf 88' lang='lat' dir='ltr'><strong>et</strong></span> <span class='ocrx_word' id='word_1_344' title='bbox 2816 1883 3117 1940; x_wconf 87' lang='lat' dir='ltr'><strong>visceribus</strong></span> <span class='ocrx_word' id='word_1_345' title='bbox 3160 1882 3440 1949; x_wconf 72' lang='lat' dir='ltr'><strong>etfudens,</strong></span> <span class='ocrx_word' id='word_1_346' title='bbox 3474 1884 3595 1938; x_wconf 88' lang='lat' dir='ltr'><strong>cito</strong></span> <span class='ocrx_word' id='word_1_347' title='bbox 3620 1884 3757 1938; x_wconf 82' lang='lat' dir='ltr'><strong>obiit.</strong></span> 
     </span>
    </p>
   </div>
   <div class='ocr_carea' id='block_1_50' title="bbox 2244 1971 3758 2046">
    <p class='ocr_par' dir='ltr' id='par_1_50' title="bbox 2244 1971 3758 2046">
     <span class='ocr_line' id='line_1_50' title="bbox 2244 1971 3758 2046; baseline 0 -21"><span class='ocrx_word' id='word_1_348' title='bbox 2244 1971 2368 2026; x_wconf 71' lang='grc'><strong>542.</strong></span> <span class='ocrx_word' id='word_1_349' title='bbox 2408 1972 2499 2026; x_wconf 89' lang='grc'><strong>21.</strong></span> <span class='ocrx_word' id='word_1_350' title='bbox 2539 1972 2752 2046; x_wconf 79' lang='lat' dir='ltr'><strong>[cccxx]</strong></span> <span class='ocrx_word' id='word_1_351' title='bbox 2814 1973 3419 2046; x_wconf 73' lang='lat' dir='ltr'><strong>(Hisn.)Constantimts</strong></span> <span class='ocrx_word' id='word_1_352' title='bbox 3469 1975 3507 2030; x_wconf 86' lang='lat'><strong>8</strong></span> <span class='ocrx_word' id='word_1_353' title='bbox 3569 1986 3616 2029; x_wconf 84' lang='lat' dir='ltr'><strong>et</strong></span> <span class='ocrx_word' id='word_1_354' title='bbox 3639 1974 3758 2028; x_wconf 75' lang='lat' dir='ltr'><strong>Cat!-</strong></span> 
     </span>
    </p>
   </div>
   <div class='ocr_carea' id='block_1_51' title="bbox 2170 2063 3757 2123">
    <p class='ocr_par' dir='ltr' id='par_1_51' title="bbox 2170 2063 3757 2123">
     <span class='ocr_line' id='line_1_51' title="bbox 2170 2063 3757 2123; baseline 0.003 -9"><span class='ocrx_word' id='word_1_355' title='bbox 2170 2063 2397 2116; x_wconf 85' lang='lat' dir='ltr'><strong>stantius</strong></span> <span class='ocrx_word' id='word_1_356' title='bbox 2428 2063 2482 2117; x_wconf 86' lang='lat'><strong>6.</strong></span> <span class='ocrx_word' id='word_1_357' title='bbox 2529 2063 2803 2119; x_wconf 86' lang='lat' dir='ltr'><strong>Arbonius</strong></span> <span class='ocrx_word' id='word_1_358' title='bbox 2833 2064 3020 2123; x_wconf 87' lang='lat' dir='ltr'><strong>rethor</strong></span> <span class='ocrx_word' id='word_1_359' title='bbox 3056 2065 3109 2119; x_wconf 91' lang='lat' dir='ltr'><strong>in</strong></span> <span class='ocrx_word' id='word_1_360' title='bbox 3154 2063 3355 2120; x_wconf 80' lang='lat' dir='ltr'><strong>All&#39;rica</strong></span> <span class='ocrx_word' id='word_1_361' title='bbox 3381 2063 3577 2120; x_wconf 85' lang='lat' dir='ltr'><strong>clarus</strong></span> <span class='ocrx_word' id='word_1_362' title='bbox 3606 2064 3757 2119; x_wconf 82' lang='lat' dir='ltr'><strong>babe-</strong></span> 
     </span>
    </p>
   </div>
   <div class='ocr_carea' id='block_1_52' title="bbox 2173 2154 3756 2225">
    <p class='ocr_par' dir='ltr' id='par_1_52' title="bbox 2173 2154 3756 2225">
     <span class='ocr_line' id='line_1_52' title="bbox 2173 2154 3756 2225; baseline 0.001 -18"><span class='ocrx_word' id='word_1_363' title='bbox 2173 2160 2282 2219; x_wconf 84' lang='lat' dir='ltr'><strong>tttr;</strong></span> <span class='ocrx_word' id='word_1_364' title='bbox 2314 2154 2405 2225; x_wconf 87' lang='lat' dir='ltr'><strong>qui</strong></span> <span class='ocrx_word' id='word_1_365' title='bbox 2430 2169 2555 2209; x_wconf 89' lang='lat' dir='ltr'><strong>eum</strong></span> <span class='ocrx_word' id='word_1_366' title='bbox 2583 2154 2757 2211; x_wconf 74' lang='lat' dir='ltr'><strong>Sicca:</strong></span> <span class='ocrx_word' id='word_1_367' title='bbox 2778 2155 2845 2211; x_wconf 89' lang='lat' dir='ltr'><strong>ad</strong></span> <span class='ocrx_word' id='word_1_368' title='bbox 2873 2156 3285 2212; x_wconf 84' lang='lat' dir='ltr'><strong>declamandum</strong></span> <span class='ocrx_word' id='word_1_369' title='bbox 3309 2154 3557 2224; x_wconf 85' lang='lat' dir='ltr'><strong>juvenes</strong></span> <span class='ocrx_word' id='word_1_370' title='bbox 3589 2155 3756 2212; x_wconf 80' lang='lat' dir='ltr'><strong>erudi-</strong></span> 
     </span>
    </p>
   </div>
   <div class='ocr_carea' id='block_1_53' title="bbox 2156 2240 3757 2307">
    <p class='ocr_par' dir='ltr' id='par_1_53' title="bbox 2156 2240 3757 2307">
     <span class='ocr_line' id='line_1_53' title="bbox 2156 2240 3757 2307; baseline 0.005 -12"><span class='ocrx_word' id='word_1_371' title='bbox 2156 2252 2274 2307; x_wconf 77' lang='lat' dir='ltr'><strong>ret,</strong></span> <span class='ocrx_word' id='word_1_372' title='bbox 2307 2252 2362 2298; x_wconf 91' lang='lat' dir='ltr'><strong>et</strong></span> <span class='ocrx_word' id='word_1_373' title='bbox 2392 2240 2569 2301; x_wconf 84' lang='lat' dir='ltr'><strong>adhuc</strong></span> <span class='ocrx_word' id='word_1_374' title='bbox 2597 2246 2848 2301; x_wconf 90' lang='lat' dir='ltr'><strong>ethnicus</strong></span> <span class='ocrx_word' id='word_1_375' title='bbox 2879 2247 2948 2302; x_wconf 87' lang='lat' dir='ltr'><strong>ad</strong></span> <span class='ocrx_word' id='word_1_376' title='bbox 2982 2246 3359 2302; x_wconf 85' lang='lat' dir='ltr'><strong>credulitatem</strong></span> <span class='ocrx_word' id='word_1_377' title='bbox 3420 2247 3662 2303; x_wconf 89' lang='lat' dir='ltr'><strong>somniis</strong></span> <span class='ocrx_word' id='word_1_378' title='bbox 3694 2246 3757 2277; x_wconf 76' lang='lat'><strong>&#39;“</strong></span> 
     </span>
    </p>
   </div>
   <div class='ocr_carea' id='block_1_54' title="bbox 2170 2334 3754 2410">
    <p class='ocr_par' dir='ltr' id='par_1_54' title="bbox 2170 2334 3754 2410">
     <span class='ocr_line' id='line_1_54' title="bbox 2170 2334 3754 2410; baseline 0.005 -23"><span class='ocrx_word' id='word_1_379' title='bbox 2170 2334 2610 2405; x_wconf 83' lang='lat' dir='ltr'><strong>compelleretur,</strong></span> <span class='ocrx_word' id='word_1_380' title='bbox 2634 2353 2810 2408; x_wconf 87' lang='lat' dir='ltr'><strong>neque</strong></span> <span class='ocrx_word' id='word_1_381' title='bbox 2841 2339 2910 2395; x_wconf 86' lang='lat' dir='ltr'><strong>ab</strong></span> <span class='ocrx_word' id='word_1_382' title='bbox 2940 2339 3195 2410; x_wconf 90' lang='lat' dir='ltr'><strong>episcopo</strong></span> <span class='ocrx_word' id='word_1_383' title='bbox 3223 2339 3555 2410; x_wconf 85' lang='lat' dir='ltr'><strong>impetraret</strong></span> <span class='ocrx_word' id='word_1_384' title='bbox 3585 2340 3754 2404; x_wconf 80' lang='lat' dir='ltr'><strong>ﬁdem,</strong></span> 
     </span>
    </p>
   </div>
   <div class='ocr_carea' id='block_1_55' title="bbox 2166 2429 3751 2501">
    <p class='ocr_par' dir='ltr' id='par_1_55' title="bbox 2166 2429 3751 2501">
     <span class='ocr_line' id='line_1_55' title="bbox 2166 2429 3751 2501; baseline 0.006 -24"><span class='ocrx_word' id='word_1_385' title='bbox 2166 2440 2329 2493; x_wconf 84' lang='lat' dir='ltr'><strong>quam</strong></span> <span class='ocrx_word' id='word_1_386' title='bbox 2374 2440 2588 2497; x_wconf 86' lang='lat' dir='ltr'><strong>semper</strong></span> <span class='ocrx_word' id='word_1_387' title='bbox 2640 2429 3071 2501; x_wconf 80' lang='lat' dir='ltr'><strong>impugnaverat,</strong></span> <span class='ocrx_word' id='word_1_388' title='bbox 3102 2431 3445 2487; x_wconf 87' lang='lat' dir='ltr'><strong>elucubravit</strong></span> <span class='ocrx_word' id='word_1_389' title='bbox 3469 2433 3751 2491; x_wconf 81' lang='lat' dir='ltr'><strong>adversum</strong></span> 
     </span>
    </p>
   </div>
   <div class='ocr_carea' id='block_1_56' title="bbox 2165 2515 3755 2591">
    <p class='ocr_par' dir='ltr' id='par_1_56' title="bbox 2165 2515 3755 2591">
     <span class='ocr_line' id='line_1_56' title="bbox 2165 2515 3755 2591; baseline 0.004 -21"><span class='ocrx_word' id='word_1_390' title='bbox 2165 2515 2793 2591; x_wconf 65' lang='lat' dir='ltr'><strong>pristinam&#39;religiouem</strong></span> <span class='ocrx_word' id='word_1_391' title='bbox 2823 2520 3284 2577; x_wconf 87' lang='lat' dir='ltr'><strong>luculentissimos</strong></span> <span class='ocrx_word' id='word_1_392' title='bbox 3329 2521 3532 2590; x_wconf 87' lang='lat' dir='ltr'><strong>libros,</strong></span> <span class='ocrx_word' id='word_1_393' title='bbox 3565 2533 3621 2580; x_wconf 89' lang='lat' dir='ltr'><strong>et.</strong></span> <span class='ocrx_word' id='word_1_394' title='bbox 3648 2534 3755 2578; x_wconf 77' lang='lat' dir='ltr'><strong>tan-</strong></span> 
     </span>
    </p>
   </div>
   <div class='ocr_carea' id='block_1_57' title="bbox 2164 2607 3750 2683">
    <p class='ocr_par' dir='ltr' id='par_1_57' title="bbox 2164 2607 3750 2683">
     <span class='ocr_line' id='line_1_57' title="bbox 2164 2607 3750 2683; baseline 0.007 -24"><span class='ocrx_word' id='word_1_395' title='bbox 2164 2607 2302 2661; x_wconf 80' lang='lat' dir='ltr'><strong>dem</strong></span> <span class='ocrx_word' id='word_1_396' title='bbox 2333 2607 2497 2663; x_wconf 88' lang='lat' dir='ltr'><strong>veluti</strong></span> <span class='ocrx_word' id='word_1_397' title='bbox 2535 2609 2857 2679; x_wconf 89' lang='lat' dir='ltr'><strong>quibusdam</strong></span> <span class='ocrx_word' id='word_1_398' title='bbox 2885 2611 3164 2668; x_wconf 87' lang='lat' dir='ltr'><strong>obsidibus</strong></span> <span class='ocrx_word' id='word_1_399' title='bbox 3189 2612 3417 2683; x_wconf 88' lang='lat' dir='ltr'><strong>pietatis</strong></span> <span class='ocrx_word' id='word_1_400' title='bbox 3450 2612 3659 2670; x_wconf 74' lang='lat' dir='ltr'><strong>fmdum</strong></span> <span class='ocrx_word' id='word_1_401' title='bbox 3691 2615 3750 2647; x_wconf 73' lang='lat'><strong>&quot;&#39;</strong></span> 
     </span>
    </p>
   </div>
   <div class='ocr_carea' id='block_1_58' title="bbox 2164 2700 3751 2774">
    <p class='ocr_par' dir='ltr' id='par_1_58' title="bbox 2164 2700 3751 2774">
     <span class='ocr_line' id='line_1_58' title="bbox 2164 2700 3751 2774; baseline 0.007 -20"><span class='ocrx_word' id='word_1_402' title='bbox 2164 2700 2492 2771; x_wconf 87' lang='lat' dir='ltr'><strong>impetravit.</strong></span> <span class='ocrx_word' id='word_1_403' title='bbox 2520 2703 2824 2774; x_wconf 87' lang='lat' dir='ltr'><strong>Drepanam</strong></span> <span class='ocrx_word' id='word_1_404' title='bbox 2850 2704 3103 2761; x_wconf 68' lang='lat' dir='ltr'><strong>Bithiniae</strong></span> <span class='ocrx_word' id='word_1_405' title='bbox 3115 2705 3396 2762; x_wconf 89' lang='lat' dir='ltr'><strong>civitatem</strong></span> <span class='ocrx_word' id='word_1_406' title='bbox 3421 2707 3481 2762; x_wconf 91' lang='lat' dir='ltr'><strong>in</strong></span> <span class='ocrx_word' id='word_1_407' title='bbox 3500 2707 3751 2764; x_wconf 79' lang='lat' dir='ltr'><strong>honorem</strong></span> 
     </span>
    </p>
   </div>
   <div class='ocr_carea' id='block_1_59' title="bbox 2147 2793 3753 2856">
    <p class='ocr_par' dir='ltr' id='par_1_59' title="bbox 2147 2793 3753 2856">
     <span class='ocr_line' id='line_1_59' title="bbox 2147 2793 3753 2856; baseline 0.006 -9"><span class='ocrx_word' id='word_1_408' title='bbox 2147 2793 2408 2848; x_wconf 87' lang='lat' dir='ltr'><strong>-tnartiris</strong></span> <span class='ocrx_word' id='word_1_409' title='bbox 2435 2793 2657 2850; x_wconf 85' lang='lat' dir='ltr'><strong>Luciaui</strong></span> <span class='ocrx_word' id='word_1_410' title='bbox 2692 2795 2766 2851; x_wconf 91' lang='lat' dir='ltr'><strong>ibi</strong></span> <span class='ocrx_word' id='word_1_411' title='bbox 2796 2797 3044 2853; x_wconf 88' lang='lat' dir='ltr'><strong>condidit</strong></span> <span class='ocrx_word' id='word_1_412' title='bbox 3100 2796 3499 2856; x_wconf 84' lang='lat' dir='ltr'><strong>Constantinus</strong></span> <span class='ocrx_word' id='word_1_413' title='bbox 3560 2801 3753 2856; x_wconf 80' lang='lat' dir='ltr'><strong>instan-</strong></span> 
     </span>
    </p>
   </div>
   <div class='ocr_carea' id='block_1_60' title="bbox 2164 2885 3751 2962">
    <p class='ocr_par' dir='ltr' id='par_1_60' title="bbox 2164 2885 3751 2962">
     <span class='ocr_line' id='line_1_60' title="bbox 2164 2885 3751 2962; baseline 0.008 -25"><span class='ocrx_word' id='word_1_414' title='bbox 2164 2897 2313 2948; x_wconf 88' lang='lat' dir='ltr'><strong>rans,</strong></span> <span class='ocrx_word' id='word_1_415' title='bbox 2341 2899 2407 2939; x_wconf 78' lang='lat' dir='ltr'><strong>ex</strong></span> <span class='ocrx_word' id='word_1_416' title='bbox 2435 2885 2701 2941; x_wconf 89' lang='lat' dir='ltr'><strong>vocabulo</strong></span> <span class='ocrx_word' id='word_1_417' title='bbox 2730 2886 2924 2944; x_wconf 90' lang='lat' dir='ltr'><strong>matris</strong></span> <span class='ocrx_word' id='word_1_418' title='bbox 2945 2902 3057 2944; x_wconf 67' lang='lat' dir='ltr'><strong>sua:</strong></span> <span class='ocrx_word' id='word_1_419' title='bbox 3079 2887 3461 2960; x_wconf 81' lang='lat' dir='ltr'><strong>Helenopolim</strong></span> <span class='ocrx_word' id='word_1_420' title='bbox 3483 2908 3751 2962; x_wconf 74' lang='lat' dir='ltr'><strong>nuncupa-</strong></span> 
     </span>
    </p>
   </div>
   <div class='ocr_carea' id='block_1_61' title="bbox 2162 2972 3748 3051">
    <p class='ocr_par' dir='ltr' id='par_1_61' title="bbox 2162 2972 3748 3051">
     <span class='ocr_line' id='line_1_61' title="bbox 2162 2972 3748 3051; baseline 0.006 -26"><span class='ocrx_word' id='word_1_421' title='bbox 2162 2972 2259 3027; x_wconf 85' lang='lat' dir='ltr'><strong>vit.</strong></span> <span class='ocrx_word' id='word_1_422' title='bbox 2291 2973 2349 3028; x_wconf 91' lang='lat' dir='ltr'><strong>ln</strong></span> <span class='ocrx_word' id='word_1_423' title='bbox 2378 2972 2663 3031; x_wconf 85' lang='lat' dir='ltr'><strong>Antiochia</strong></span> <span class='ocrx_word' id='word_1_424' title='bbox 2698 2976 3031 3034; x_wconf 89' lang='lat' dir='ltr'><strong>dominicum</strong></span> <span class='ocrx_word' id='word_1_425' title='bbox 3060 2979 3205 3051; x_wconf 89' lang='lat' dir='ltr'><strong>quod</strong></span> <span class='ocrx_word' id='word_1_426' title='bbox 3230 2988 3466 3036; x_wconf 85' lang='lat' dir='ltr'><strong>vocatur</strong></span> <span class='ocrx_word' id='word_1_427' title='bbox 3514 2982 3748 3038; x_wconf 74' lang='lat' dir='ltr'><strong>Aureum</strong></span> 
     </span>
    </p>
   </div>
   <div class='ocr_carea' id='block_1_62' title="bbox 454 3047 2737 3161">
    <p class='ocr_par' dir='ltr' id='par_1_62' title="bbox 454 3047 2737 3161">
     <span class='ocr_line' id='line_1_62' title="bbox 454 3047 2737 3161; baseline 0.02 -41"><span class='ocrx_word' id='word_1_428' title='bbox 454 3047 676 3125; x_wconf 76' lang='lat' dir='ltr'><strong>&#39;Cbristi</strong></span> <span class='ocrx_word' id='word_1_429' title='bbox 726 3047 1018 3142; x_wconf 71' lang='lat' dir='ltr'><strong>offeratur,</strong></span> <span class='ocrx_word' id='word_1_430' title='bbox 1040 3053 1101 3133; x_wconf 18' lang='lat' dir='ltr'><strong>et.</strong></span> <span class='ocrx_word' id='word_1_431' title='bbox 1124 3047 1325 3136; x_wconf 38' lang='lat' dir='ltr'><strong>c&#39;risma</strong></span> <span class='ocrx_word' id='word_1_432' title='bbox 1358 3083 1428 3139; x_wconf 88' lang='lat' dir='ltr'><strong>ab</strong></span> <span class='ocrx_word' id='word_1_433' title='bbox 1473 3047 1727 3158; x_wconf 68' lang='lat' dir='ltr'><strong>episcopo</strong></span> <span class='ocrx_word' id='word_1_434' title='bbox 1757 3047 2058 3161; x_wconf 49' lang='lat' dir='ltr'><strong>coniicifet</strong></span> <span class='ocrx_word' id='word_1_435' title='bbox 2084 3047 2129 3101; x_wconf 56' lang='lat' dir='ltr'><strong>L</strong></span> <span class='ocrx_word' id='word_1_436' title='bbox 2163 3065 2737 3161; x_wconf 37' lang='lat' dir='ltr'><strong>mlmcargcgpmm&#39;</strong></span> 
     </span>
    </p>
   </div>
   <div class='ocr_carea' id='block_1_63' title="bbox 448 3159 2059 3242">
    <p class='ocr_par' dir='ltr' id='par_1_63' title="bbox 448 3159 2059 3242">
     <span class='ocr_line' id='line_1_63' title="bbox 448 3159 2059 3242; baseline 0.02 -33"><span class='ocrx_word' id='word_1_437' title='bbox 448 3166 531 3241; x_wconf 76' lang='lat' dir='ltr'><strong>_ut</strong></span> <span class='ocrx_word' id='word_1_438' title='bbox 565 3159 897 3232; x_wconf 86' lang='lat' dir='ltr'><strong>baptizatum</strong></span> <span class='ocrx_word' id='word_1_439' title='bbox 942 3166 1097 3223; x_wconf 87' lang='lat' dir='ltr'><strong>liniat</strong></span> <span class='ocrx_word' id='word_1_440' title='bbox 1140 3172 1428 3242; x_wconf 90' lang='lat' dir='ltr'><strong>presbiter,</strong></span> <span class='ocrx_word' id='word_1_441' title='bbox 1459 3186 1514 3232; x_wconf 89' lang='lat' dir='ltr'><strong>et</strong></span> <span class='ocrx_word' id='word_1_442' title='bbox 1543 3177 1846 3238; x_wconf 89' lang='lat' dir='ltr'><strong>dalmaticis</strong></span> <span class='ocrx_word' id='word_1_443' title='bbox 1876 3183 1928 3237; x_wconf 91' lang='lat' dir='ltr'><strong>iu</strong></span> <span class='ocrx_word' id='word_1_444' title='bbox 1958 3159 2059 3240; x_wconf 19' lang='lat' dir='ltr'><strong>Ite-</strong></span> 
     </span>
    </p>
   </div>
   <div class='ocr_carea' id='block_1_64' title="bbox 471 3249 2056 3332">
    <p class='ocr_par' dir='ltr' id='par_1_64' title="bbox 471 3249 2056 3332">
     <span class='ocr_line' id='line_1_64' title="bbox 471 3249 2056 3332; baseline 0.018 -30"><span class='ocrx_word' id='word_1_445' title='bbox 471 3249 632 3303; x_wconf 68' lang='lat' dir='ltr'><strong>ciesia</strong></span> <span class='ocrx_word' id='word_1_446' title='bbox 664 3253 765 3319; x_wconf 90' lang='lat' dir='ltr'><strong>uti,</strong></span> <span class='ocrx_word' id='word_1_447' title='bbox 796 3263 852 3310; x_wconf 90' lang='lat' dir='ltr'><strong>et</strong></span> <span class='ocrx_word' id='word_1_448' title='bbox 898 3264 956 3311; x_wconf 92' lang='lat' dir='ltr'><strong>ut</strong></span> <span class='ocrx_word' id='word_1_449' title='bbox 1009 3258 1170 3328; x_wconf 85' lang='lat' dir='ltr'><strong>pallio</strong></span> <span class='ocrx_word' id='word_1_450' title='bbox 1212 3260 1489 3323; x_wconf 91' lang='lat' dir='ltr'><strong>linostimo</strong></span> <span class='ocrx_word' id='word_1_451' title='bbox 1534 3268 1654 3326; x_wconf 87' lang='lat' dir='ltr'><strong>leva</strong></span> <span class='ocrx_word' id='word_1_452' title='bbox 1699 3271 2056 3332; x_wconf 87' lang='lat' dir='ltr'><strong>subdiacouo-</strong></span> 
     </span>
    </p>
   </div>
   <div class='ocr_carea' id='block_1_65' title="bbox 470 3350 1459 3433">
    <p class='ocr_par' dir='ltr' id='par_1_65' title="bbox 470 3350 1459 3433">
     <span class='ocr_line' id='line_1_65' title="bbox 470 3350 1459 3433; baseline 0.022 -42"><span class='ocrx_word' id='word_1_453' title='bbox 470 3353 590 3392; x_wconf 88' lang='lat' dir='ltr'><strong>rum</strong></span> <span class='ocrx_word' id='word_1_454' title='bbox 623 3350 898 3414; x_wconf 73' lang='lat' dir='ltr'><strong>tegeretur</strong></span> <span class='ocrx_word' id='word_1_455' title='bbox 927 3356 982 3403; x_wconf 90' lang='lat' dir='ltr'><strong>et</strong></span> <span class='ocrx_word' id='word_1_456' title='bbox 1028 3350 1237 3433; x_wconf 75' lang='lat' dir='ltr'><strong>reliqua</strong></span> <span class='ocrx_word' id='word_1_457' title='bbox 1267 3357 1459 3412; x_wconf 89' lang='lat' dir='ltr'><strong>multa.</strong></span> 
     </span>
    </p>
   </div>
   <div class='ocr_carea' id='block_1_66' title="bbox 440 3430 2052 3521">
    <p class='ocr_par' dir='ltr' id='par_1_66' title="bbox 440 3430 2052 3521">
     <span class='ocr_line' id='line_1_66' title="bbox 440 3430 2052 3521; baseline 0.02 -39"><span class='ocrx_word' id='word_1_458' title='bbox 440 3512 447 3521; x_wconf 25' lang='grc' dir='ltr'><strong><em>η</em></strong></span> <span class='ocrx_word' id='word_1_459' title='bbox 492 3519 507 3521; x_wconf 17' lang='grc' dir='ltr'>ξ</span> <span class='ocrx_word' id='word_1_460' title='bbox 540 3430 665 3487; x_wconf 86' lang='grc'><strong>559.</strong></span> <span class='ocrx_word' id='word_1_461' title='bbox 701 3434 791 3491; x_wconf 83' lang='grc'><strong>18.</strong></span> <span class='ocrx_word' id='word_1_462' title='bbox 833 3434 1091 3514; x_wconf 80' lang='lat' dir='ltr'><strong>[cccxvu]</strong></span> <span class='ocrx_word' id='word_1_463' title='bbox 1153 3430 1401 3521; x_wconf 63' lang='lat' dir='ltr'><strong>(illam)</strong></span> <span class='ocrx_word' id='word_1_464' title='bbox 1458 3448 1835 3510; x_wconf 85' lang='lat' dir='ltr'><strong>Constantinus</strong></span> <span class='ocrx_word' id='word_1_465' title='bbox 1907 3456 1940 3511; x_wconf 90' lang='lat'><strong>7</strong></span> <span class='ocrx_word' id='word_1_466' title='bbox 2003 3467 2052 3514; x_wconf 85' lang='lat' dir='ltr'><strong>et</strong></span> 
     </span>
    </p>
   </div>
   <div class='ocr_carea' id='block_1_67' title="bbox 470 3519 2053 3612">
    <p class='ocr_par' dir='ltr' id='par_1_67' title="bbox 470 3519 2053 3612">
     <span class='ocr_line' id='line_1_67' title="bbox 470 3519 2053 3612; baseline 0.021 -39"><span class='ocrx_word' id='word_1_467' title='bbox 470 3519 806 3612; x_wconf 73' lang='lat' dir='ltr'><strong>Constantius</strong></span> <span class='ocrx_word' id='word_1_468' title='bbox 826 3527 880 3583; x_wconf 75' lang='grc'><strong>4.</strong></span> <span class='ocrx_word' id='word_1_469' title='bbox 906 3529 1312 3603; x_wconf 89' lang='lat' dir='ltr'><strong>Constantinus,</strong></span> <span class='ocrx_word' id='word_1_470' title='bbox 1342 3519 1485 3597; x_wconf 86' lang='lat' dir='ltr'><strong>ﬁlius</strong></span> <span class='ocrx_word' id='word_1_471' title='bbox 1505 3543 1865 3612; x_wconf 89' lang='lat' dir='ltr'><strong>Constantini,</strong></span> <span class='ocrx_word' id='word_1_472' title='bbox 1892 3564 2053 3607; x_wconf 85' lang='lat' dir='ltr'><strong>cesar</strong></span> 
     </span>
    </p>
   </div>
   <div class='ocr_carea' id='block_1_68' title="bbox 439 3611 2047 3706">
    <p class='ocr_par' dir='ltr' id='par_1_68' title="bbox 439 3611 2047 3706">
     <span class='ocr_line' id='line_1_68' title="bbox 439 3611 2047 3706; baseline 0.021 -42"><span class='ocrx_word' id='word_1_473' title='bbox 439 3622 442 3627; x_wconf 91' lang='grc'><strong>·</strong></span> <span class='ocrx_word' id='word_1_474' title='bbox 468 3611 667 3671; x_wconf 79' lang='lat' dir='ltr'><strong>factus.</strong></span> <span class='ocrx_word' id='word_1_475' title='bbox 697 3614 938 3677; x_wconf 88' lang='lat' dir='ltr'><strong>Licinius</strong></span> <span class='ocrx_word' id='word_1_476' title='bbox 960 3621 1362 3687; x_wconf 79' lang='lat' dir='ltr'><strong>Thessalonica:</strong></span> <span class='ocrx_word' id='word_1_477' title='bbox 1386 3643 1573 3690; x_wconf 87' lang='lat' dir='ltr'><strong>contra</strong></span> <span class='ocrx_word' id='word_1_478' title='bbox 1602 3635 1692 3706; x_wconf 87' lang='lat' dir='ltr'><strong>jus</strong></span> <span class='ocrx_word' id='word_1_479' title='bbox 1715 3611 2047 3698; x_wconf 83' lang='lat' dir='ltr'><strong>sacramenti</strong></span> 
     </span>
    </p>
   </div>
   <div class='ocr_carea' id='block_1_69' title="bbox 464 3706 1018 3775">
    <p class='ocr_par' dir='ltr' id='par_1_69' title="bbox 464 3706 1018 3775">
     <span class='ocr_line' id='line_1_69' title="bbox 464 3706 1018 3775; baseline 0.022 -17"><span class='ocrx_word' id='word_1_480' title='bbox 464 3706 708 3775; x_wconf 88' lang='lat' dir='ltr'><strong>privatus</strong></span> <span class='ocrx_word' id='word_1_481' title='bbox 734 3712 1018 3770; x_wconf 90' lang='lat' dir='ltr'><strong>occiditur.</strong></span> 
     </span>
    </p>
   </div>
   <div class='ocr_carea' id='block_1_70' title="bbox 432 3799 2047 3890">
    <p class='ocr_par' dir='ltr' id='par_1_70' title="bbox 432 3799 2047 3890">
     <span class='ocr_line' id='line_1_70' title="bbox 432 3799 2047 3890; baseline 0.019 -36"><span class='ocrx_word' id='word_1_482' title='bbox 432 3812 442 3889; x_wconf 35' lang='grc' dir='ltr'><strong>ς</strong></span> <span class='ocrx_word' id='word_1_483' title='bbox 479 3799 661 3890; x_wconf 28' lang='grc' dir='ltr'><strong>Π540.</strong></span> <span class='ocrx_word' id='word_1_484' title='bbox 730 3805 838 3862; x_wconf 85' lang='grc'><strong>19.’</strong></span> <span class='ocrx_word' id='word_1_485' title='bbox 886 3806 1162 3885; x_wconf 71' lang='lat' dir='ltr'><strong>[cccxrmj</strong></span> <span class='ocrx_word' id='word_1_486' title='bbox 1216 3814 1440 3890; x_wconf 68' lang='lat' dir='ltr'><strong>(illam)</strong></span> <span class='ocrx_word' id='word_1_487' title='bbox 1496 3818 1837 3881; x_wconf 72' lang='lat' dir='ltr'><strong>Constantius</strong></span> <span class='ocrx_word' id='word_1_488' title='bbox 1896 3828 1931 3883; x_wconf 81' lang='lat'><strong>5</strong></span> <span class='ocrx_word' id='word_1_489' title='bbox 2000 3839 2047 3884; x_wconf 86' lang='lat' dir='ltr'><strong>et</strong></span> 
     </span>
    </p>
   </div>
   <div class='ocr_carea' id='block_1_71' title="bbox 465 3889 2044 3983">
    <p class='ocr_par' dir='ltr' id='par_1_71' title="bbox 465 3889 2044 3983">
     <span class='ocr_line' id='line_1_71' title="bbox 465 3889 2044 3983; baseline 0.022 -40"><span class='ocrx_word' id='word_1_490' title='bbox 465 3889 756 3951; x_wconf 68' lang='lat' dir='ltr'><strong>Masimus.</strong></span> <span class='ocrx_word' id='word_1_491' title='bbox 800 3897 1070 3958; x_wconf 85' lang='lat' dir='ltr'><strong>Nazarius</strong></span> <span class='ocrx_word' id='word_1_492' title='bbox 1110 3906 1296 3962; x_wconf 85' lang='lat' dir='ltr'><strong>rethor</strong></span> <span class='ocrx_word' id='word_1_493' title='bbox 1335 3911 1564 3983; x_wconf 80' lang='lat' dir='ltr'><strong>insignis</strong></span> <span class='ocrx_word' id='word_1_494' title='bbox 1619 3916 1870 3975; x_wconf 90' lang='lat' dir='ltr'><strong>habetur.</strong></span> <span class='ocrx_word' id='word_1_495' title='bbox 1921 3923 2044 3978; x_wconf 86' lang='lat' dir='ltr'><strong>Cri-</strong></span> 
     </span>
    </p>
   </div>
   <div class='ocr_carea' id='block_1_72' title="bbox 462 3983 2045 4074">
    <p class='ocr_par' dir='ltr' id='par_1_72' title="bbox 462 3983 2045 4074">
     <span class='ocr_line' id='line_1_72' title="bbox 462 3983 2045 4074; baseline 0.023 -41"><span class='ocrx_word' id='word_1_496' title='bbox 462 3995 611 4074; x_wconf 79' lang='lat' dir='ltr'><strong>spus,</strong></span> <span class='ocrx_word' id='word_1_497' title='bbox 644 3983 785 4057; x_wconf 77' lang='lat' dir='ltr'><strong>[ilius</strong></span> <span class='ocrx_word' id='word_1_498' title='bbox 816 3988 1187 4064; x_wconf 89' lang='lat' dir='ltr'><strong>Constantini,</strong></span> <span class='ocrx_word' id='word_1_499' title='bbox 1212 3996 1676 4074; x_wconf 84' lang='lat' dir='ltr'><strong>Liciniosjunior,</strong></span> <span class='ocrx_word' id='word_1_500' title='bbox 1707 4008 2045 4070; x_wconf 70' lang='lat' dir='ltr'><strong>Constantia:</strong></span> 
     </span>
    </p>
   </div>
   <div class='ocr_carea' id='block_1_73' title="bbox 428 4071 2046 4170">
    <p class='ocr_par' dir='ltr' id='par_1_73' title="bbox 428 4071 2046 4170">
     <span class='ocr_line' id='line_1_73' title="bbox 428 4071 2046 4170; baseline 0.026 -44"><span class='ocrx_word' id='word_1_501' title='bbox 428 4071 800 4170; x_wconf 72' lang='lat' dir='ltr'><strong>&#39;Constantini</strong></span> <span class='ocrx_word' id='word_1_502' title='bbox 854 4088 1064 4144; x_wconf 90' lang='lat' dir='ltr'><strong>sororis</strong></span> <span class='ocrx_word' id='word_1_503' title='bbox 1117 4098 1175 4146; x_wconf 86' lang='lat' dir='ltr'><strong>et</strong></span> <span class='ocrx_word' id='word_1_504' title='bbox 1226 4091 1397 4151; x_wconf 90' lang='lat' dir='ltr'><strong>Licini</strong></span> <span class='ocrx_word' id='word_1_505' title='bbox 1459 4098 1619 4170; x_wconf 88' lang='lat' dir='ltr'><strong>tilius,</strong></span> <span class='ocrx_word' id='word_1_506' title='bbox 1663 4071 2046 4168; x_wconf 85' lang='lat' dir='ltr'><strong>crudelissime</strong></span> 
     </span>
    </p>
   </div>
   <div class='ocr_carea' id='block_1_74' title="bbox 459 4164 879 4228">
    <p class='ocr_par' dir='ltr' id='par_1_74' title="bbox 459 4164 879 4228">
     <span class='ocr_line' id='line_1_74' title="bbox 459 4164 879 4228; baseline 0.021 -9"><span class='ocrx_word' id='word_1_507' title='bbox 459 4164 879 4228; x_wconf 84' lang='lat' dir='ltr'><strong>interﬁciuntur.</strong></span> 
     </span>
    </p>
   </div>
   <div class='ocr_carea' id='block_1_75' title="bbox 526 4278 2035 4372">
    <p class='ocr_par' dir='ltr' id='par_1_75' title="bbox 526 4278 2035 4372">
     <span class='ocr_line' id='line_1_75' title="bbox 526 4278 2035 4372; baseline 0.027 -39"><span class='ocrx_word' id='word_1_508' title='bbox 526 4278 650 4336; x_wconf 76' lang='grc'><strong>541.</strong></span> <span class='ocrx_word' id='word_1_509' title='bbox 688 4283 779 4339; x_wconf 87' lang='grc'><strong>20.</strong></span> <span class='ocrx_word' id='word_1_510' title='bbox 813 4285 1051 4363; x_wconf 74' lang='lat' dir='ltr'><strong>[coasts]</strong></span> <span class='ocrx_word' id='word_1_511' title='bbox 1113 4293 1343 4372; x_wconf 63' lang='lat' dir='ltr'><strong>(litem)</strong></span> <span class='ocrx_word' id='word_1_512' title='bbox 1397 4301 1711 4363; x_wconf 20' lang='lat' dir='ltr'><strong>Ianuarius.</strong></span> <span class='ocrx_word' id='word_1_513' title='bbox 1751 4322 1802 4368; x_wconf 84' lang='lat' dir='ltr'><strong>et</strong></span> <span class='ocrx_word' id='word_1_514' title='bbox 1828 4314 2035 4372; x_wconf 81' lang='lat' dir='ltr'><strong>Justus.</strong></span> 
     </span>
    </p>
   </div>
   <div class='ocr_carea' id='block_1_76' title="bbox 462 4371 2117 4478">
    <p class='ocr_par' dir='ltr' id='par_1_76' title="bbox 462 4371 2117 4478">
     <span class='ocr_line' id='line_1_76' title="bbox 462 4371 2117 4478; baseline 0.026 -52"><span class='ocrx_word' id='word_1_515' title='bbox 462 4371 774 4432; x_wconf 82' lang='lat' dir='ltr'><strong>Vicennalia</strong></span> <span class='ocrx_word' id='word_1_516' title='bbox 800 4379 1138 4441; x_wconf 78' lang='lat' dir='ltr'><strong>ConStantini</strong></span> <span class='ocrx_word' id='word_1_517' title='bbox 1161 4388 1474 4451; x_wconf 82' lang='lat' dir='ltr'><strong>Nicomedia</strong></span> <span class='ocrx_word' id='word_1_518' title='bbox 1523 4411 1642 4455; x_wconf 89' lang='lat' dir='ltr'><strong>acta</strong></span> <span class='ocrx_word' id='word_1_519' title='bbox 1693 4414 1749 4459; x_wconf 88' lang='lat' dir='ltr'><strong>et</strong></span> <span class='ocrx_word' id='word_1_520' title='bbox 1794 4413 2037 4478; x_wconf 69' lang='lat' dir='ltr'><strong>sequenti</strong></span> <span class='ocrx_word' id='word_1_521' title='bbox 2070 4388 2117 4447; x_wconf 77' lang='grc' dir='ltr'><strong>θ</strong></span> 
     </span>
    </p>
   </div>
   <div class='ocr_carea' id='block_1_77' title="bbox 418 4467 2038 4559">
    <p class='ocr_par' dir='ltr' id='par_1_77' title="bbox 418 4467 2038 4559">
     <span class='ocr_line' id='line_1_77' title="bbox 418 4467 2038 4559; baseline 0.028 -45"><span class='ocrx_word' id='word_1_522' title='bbox 418 4467 845 4559; x_wconf 32' lang='lat' dir='ltr'><strong>-a‘nnonﬂomm</strong></span> <span class='ocrx_word' id='word_1_523' title='bbox 914 4470 1081 4533; x_wconf 86' lang='lat' dir='ltr'><strong>edita.</strong></span> <span class='ocrx_word' id='word_1_524' title='bbox 1152 4480 1440 4558; x_wconf 85' lang='lat' dir='ltr'><strong>Hucusque</strong></span> <span class='ocrx_word' id='word_1_525' title='bbox 1517 4492 1792 4552; x_wconf 73' lang='lat' dir='ltr'><strong>historiam</strong></span> <span class='ocrx_word' id='word_1_526' title='bbox 1861 4467 2038 4559; x_wconf 51' lang='lat' dir='ltr'><strong>irribit</strong></span> 
     </span>
    </p>
   </div>
   <div class='ocr_carea' id='block_1_78' title="bbox 418 4550 2037 4657">
    <p class='ocr_par' dir='ltr' id='par_1_78' title="bbox 418 4550 2037 4657">
     <span class='ocr_line' id='line_1_78' title="bbox 418 4550 2037 4657; baseline 0.03 -53"><span class='ocrx_word' id='word_1_527' title='bbox 418 4632 423 4639; x_wconf 13' lang='grc' dir='ltr'><strong><em>ἦ</em></strong></span> <span class='ocrx_word' id='word_1_528' title='bbox 457 4550 752 4657; x_wconf 48' lang='grc' dir='ltr'><strong>ξυσεὺὶξιξ,</strong></span> <span class='ocrx_word' id='word_1_529' title='bbox 787 4559 1055 4636; x_wconf 79' lang='lat' dir='ltr'><strong>Pamphili</strong></span> <span class='ocrx_word' id='word_1_530' title='bbox 1104 4550 1363 4646; x_wconf 71' lang='lat' dir='ltr'><strong>martyris</strong></span> <span class='ocrx_word' id='word_1_531' title='bbox 1391 4585 1798 4657; x_wconf 83' lang='lat' dir='ltr'><strong>contubernalis;</strong></span> <span class='ocrx_word' id='word_1_532' title='bbox 1823 4595 1909 4647; x_wconf 83' lang='lat' dir='ltr'><strong>cui</strong></span> <span class='ocrx_word' id='word_1_533' title='bbox 1944 4613 2037 4652; x_wconf 90' lang='lat' dir='ltr'><strong>nos</strong></span> 
     </span>
    </p>
   </div>
   <div class='ocr_carea' id='block_1_79' title="bbox 455 4649 2036 4758">
    <p class='ocr_par' dir='ltr' id='par_1_79' title="bbox 455 4649 2036 4758">
     <span class='ocr_line' id='line_1_79' title="bbox 455 4649 2036 4758; baseline 0.03 -60"><span class='ocrx_word' id='word_1_534' title='bbox 455 4649 557 4758; x_wconf 60' lang='lat' dir='ltr'><strong>ista</strong></span> <span class='ocrx_word' id='word_1_535' title='bbox 585 4650 921 4758; x_wconf 50' lang='lat' dir='ltr'><strong>subjeciqu</strong></span> <span class='ocrx_word' id='word_1_536' title='bbox 954 4658 1051 4732; x_wconf 91' lang='lat' dir='ltr'><strong>[id.</strong></span> <span class='ocrx_word' id='word_1_537' title='bbox 1079 4678 1164 4722; x_wconf 89' lang='lat' dir='ltr'><strong>est</strong></span> <span class='ocrx_word' id='word_1_538' title='bbox 1203 4668 1574 4749; x_wconf 88' lang='lat' dir='ltr'><strong>Hieronimus]</strong></span> <span class='ocrx_word' id='word_1_539' title='bbox 1614 4680 1707 4736; x_wconf 64' lang='grc' dir='ltr'><strong>κε.</strong></span> <span class='ocrx_word' id='word_1_540' title='bbox 1740 4649 2036 4758; x_wconf 52' lang='lat'><strong>41......</strong></span> 
     </span>
    </p>
   </div>
   <div class='ocr_carea' id='block_1_80' title="bbox 454 4738 2031 4850">
    <p class='ocr_par' dir='ltr' id='par_1_80' title="bbox 454 4738 2031 4850">
     <span class='ocr_line' id='line_1_80' title="bbox 454 4738 2031 4850; baseline 0.03 -60"><span class='ocrx_word' id='word_1_541' title='bbox 454 4738 682 4850; x_wconf 40' lang='lat' dir='ltr'><strong>lt&#39;isitoria</strong></span> <span class='ocrx_word' id='word_1_542' title='bbox 710 4759 831 4816; x_wconf 68' lang='lat' dir='ltr'><strong>qua:</strong></span> <span class='ocrx_word' id='word_1_543' title='bbox 853 4749 1144 4850; x_wconf 75' lang='lat' dir='ltr'><strong>Tripertita</strong></span> <span class='ocrx_word' id='word_1_544' title='bbox 1166 4760 1367 4819; x_wconf 90' lang='lat' dir='ltr'><strong>dicitur</strong></span> <span class='ocrx_word' id='word_1_545' title='bbox 1391 4766 1464 4823; x_wconf 89' lang='lat' dir='ltr'><strong>ita</strong></span> <span class='ocrx_word' id='word_1_546' title='bbox 1498 4738 1732 4830; x_wconf 75' lang='lat' dir='ltr'><strong>habetur</strong></span> <span class='ocrx_word' id='word_1_547' title='bbox 1758 4738 2031 4850; x_wconf 31' lang='grc' dir='ltr'><strong>(ιι..ίεῖῐέ</strong></span> 
     </span>
    </p>
   </div>
   <div class='ocr_carea' id='block_1_81' title="bbox 414 4827 2034 4938">
    <p class='ocr_par' dir='ltr' id='par_1_81' title="bbox 414 4827 2034 4938">
     <span class='ocr_line' id='line_1_81' title="bbox 414 4827 2034 4938; baseline 0.032 -58"><span class='ocrx_word' id='word_1_548' title='bbox 414 4896 419 4901; x_wconf 10' lang='grc' dir='ltr'><strong><em>ἡ</em></strong></span> <span class='ocrx_word' id='word_1_549' title='bbox 454 4827 655 4937; x_wconf 69' lang='lat' dir='ltr'><strong>llelena</strong></span> <span class='ocrx_word' id='word_1_550' title='bbox 681 4851 895 4898; x_wconf 86' lang='lat' dir='ltr'><strong>crucem</strong></span> <span class='ocrx_word' id='word_1_551' title='bbox 918 4844 1121 4906; x_wconf 87' lang='lat' dir='ltr'><strong>invenit</strong></span> <span class='ocrx_word' id='word_1_552' title='bbox 1151 4852 1392 4927; x_wconf 63' lang='lat' dir='ltr'><strong>duasque</strong></span> <span class='ocrx_word' id='word_1_553' title='bbox 1421 4861 1538 4931; x_wconf 85' lang='lat' dir='ltr'><strong>ejus</strong></span> <span class='ocrx_word' id='word_1_554' title='bbox 1588 4827 1777 4938; x_wconf 69' lang='lat' dir='ltr'><strong>partes</strong></span> <span class='ocrx_word' id='word_1_555' title='bbox 1798 4827 1897 4929; x_wconf 64' lang='lat' dir='ltr'><strong>sito</strong></span> <span class='ocrx_word' id='word_1_556' title='bbox 1926 4827 2034 4932; x_wconf 72' lang='lat' dir='ltr'><strong>ﬁlio</strong></span> 
     </span>
    </p>
   </div>
   <div class='ocr_carea' id='block_1_82' title="bbox 452 4921 2029 5020">
    <p class='ocr_par' dir='ltr' id='par_1_82' title="bbox 452 4921 2029 5020">
     <span class='ocr_line' id='line_1_82' title="bbox 452 4921 2029 5020; baseline 0.029 -45"><span class='ocrx_word' id='word_1_557' title='bbox 452 4921 645 4982; x_wconf 89' lang='lat' dir='ltr'><strong>missit.</strong></span> <span class='ocrx_word' id='word_1_558' title='bbox 678 4927 917 4998; x_wconf 84' lang='lat' dir='ltr'><strong>Quarum</strong></span> <span class='ocrx_word' id='word_1_559' title='bbox 951 4954 1055 4995; x_wconf 91' lang='lat' dir='ltr'><strong>una</strong></span> <span class='ocrx_word' id='word_1_560' title='bbox 1104 4943 1156 4997; x_wconf 92' lang='lat' dir='ltr'><strong>iu</strong></span> <span class='ocrx_word' id='word_1_561' title='bbox 1212 4956 1388 5004; x_wconf 87' lang='lat' dir='ltr'><strong>statua</strong></span> <span class='ocrx_word' id='word_1_562' title='bbox 1415 4953 1467 5007; x_wconf 91' lang='lat' dir='ltr'><strong>iu</strong></span> <span class='ocrx_word' id='word_1_563' title='bbox 1523 4921 1642 5014; x_wconf 66' lang='lat' dir='ltr'><strong>l&#39;oi&#39;o</strong></span> <span class='ocrx_word' id='word_1_564' title='bbox 1691 4960 2029 5020; x_wconf 88' lang='lat' dir='ltr'><strong>Constantini</strong></span> 
     </span>
    </p>
   </div>
   <div class='ocr_carea' id='block_1_83' title="bbox 452 5020 2026 5118">
    <p class='ocr_par' dir='ltr' id='par_1_83' title="bbox 452 5020 2026 5118">
     <span class='ocr_line' id='line_1_83' title="bbox 452 5020 2026 5118; baseline 0.027 -51"><span class='ocrx_word' id='word_1_565' title='bbox 452 5028 614 5118; x_wconf 72' lang='lat' dir='ltr'><strong>super</strong></span> <span class='ocrx_word' id='word_1_566' title='bbox 634 5020 938 5081; x_wconf 90' lang='lat' dir='ltr'><strong>columnam</strong></span> <span class='ocrx_word' id='word_1_567' title='bbox 963 5032 1365 5102; x_wconf 87' lang='lat' dir='ltr'><strong>pirpbireticam</strong></span> <span class='ocrx_word' id='word_1_568' title='bbox 1388 5048 1595 5111; x_wconf 89' lang='lat' dir='ltr'><strong>possuit</strong></span> <span class='ocrx_word' id='word_1_569' title='bbox 1614 5049 2026 5118; x_wconf 80' lang='lat' dir='ltr'><strong>Constantinus,</strong></span> 
     </span>
    </p>
   </div>
   <div class='ocr_carea' id='block_1_84' title="bbox 406 5102 2029 5202">
    <p class='ocr_par' dir='ltr' id='par_1_84' title="bbox 406 5102 2029 5202">
     <span class='ocr_line' id='line_1_84' title="bbox 406 5102 2029 5202; baseline 0.03 -48"><span class='ocrx_word' id='word_1_570' title='bbox 406 5184 409 5187; x_wconf 17' lang='grc' dir='ltr'><em>Α</em></span> <span class='ocrx_word' id='word_1_571' title='bbox 453 5102 679 5202; x_wconf 82' lang='lat' dir='ltr'><strong>alteram</strong></span> <span class='ocrx_word' id='word_1_572' title='bbox 741 5127 869 5169; x_wconf 85' lang='lat' dir='ltr'><strong>vero</strong></span> <span class='ocrx_word' id='word_1_573' title='bbox 906 5121 1159 5202; x_wconf 79' lang='lat' dir='ltr'><strong>argentea</strong></span> <span class='ocrx_word' id='word_1_574' title='bbox 1219 5128 1373 5185; x_wconf 89' lang='lat' dir='ltr'><strong>theca</strong></span> <span class='ocrx_word' id='word_1_575' title='bbox 1421 5138 1660 5193; x_wconf 88' lang='lat' dir='ltr'><strong>clausam</strong></span> <span class='ocrx_word' id='word_1_576' title='bbox 1705 5142 1759 5195; x_wconf 92' lang='lat' dir='ltr'><strong>in</strong></span> <span class='ocrx_word' id='word_1_577' title='bbox 1809 5145 2029 5201; x_wconf 85' lang='lat' dir='ltr'><strong>civitate</strong></span> 
     </span>
    </p>
   </div>
   <div class='ocr_carea' id='block_1_85' title="bbox 453 5200 2032 5298">
    <p class='ocr_par' dir='ltr' id='par_1_85' title="bbox 453 5200 2032 5298">
     <span class='ocr_line' id='line_1_85' title="bbox 453 5200 2032 5298; baseline 0.028 -50"><span class='ocrx_word' id='word_1_578' title='bbox 453 5200 741 5298; x_wconf 73' lang='lat' dir='ltr'><strong>custodivit</strong></span> <span class='ocrx_word' id='word_1_579' title='bbox 768 5203 874 5275; x_wconf 84' lang='lat' dir='ltr'><strong>(tu,</strong></span> <span class='ocrx_word' id='word_1_580' title='bbox 898 5208 975 5281; x_wconf 88' lang='lat'><strong>6.)</strong></span> <span class='ocrx_word' id='word_1_581' title='bbox 1005 5200 1194 5272; x_wconf 86' lang='lat' dir='ltr'><strong>Arrius</strong></span> <span class='ocrx_word' id='word_1_582' title='bbox 1223 5234 1350 5278; x_wconf 85' lang='lat' dir='ltr'><strong>vero</strong></span> <span class='ocrx_word' id='word_1_583' title='bbox 1373 5222 1554 5281; x_wconf 74' lang='lat' dir='ltr'><strong>(ictam</strong></span> <span class='ocrx_word' id='word_1_584' title='bbox 1590 5228 1746 5285; x_wconf 75' lang='lat' dir='ltr'><strong>[idem</strong></span> <span class='ocrx_word' id='word_1_585' title='bbox 1766 5235 2032 5298; x_wconf 88' lang='lat' dir='ltr'><strong>scribens,</strong></span> 
     </span>
    </p>
   </div>
   <div class='ocr_carea' id='block_1_86' title="bbox 2231 3158 3746 3235">
    <p class='ocr_par' dir='ltr' id='par_1_86' title="bbox 2231 3158 3746 3235">
     <span class='ocr_line' id='line_1_86' title="bbox 2231 3158 3746 3235; baseline 0.002 -22"><span class='ocrx_word' id='word_1_586' title='bbox 2231 3158 2356 3214; x_wconf 72' lang='grc'><strong>545.</strong></span> <span class='ocrx_word' id='word_1_587' title='bbox 2397 3158 2748 3235; x_wconf 71' lang='grc' dir='ltr'><strong>22.[οοοκιι]</strong></span> <span class='ocrx_word' id='word_1_588' title='bbox 2800 3160 3010 3235; x_wconf 66' lang='lat' dir='ltr'><strong>(litem)</strong></span> <span class='ocrx_word' id='word_1_589' title='bbox 3040 3162 3385 3220; x_wconf 71' lang='lat' dir='ltr'><strong>Constantius</strong></span> <span class='ocrx_word' id='word_1_590' title='bbox 3441 3165 3476 3219; x_wconf 85' lang='lat'><strong>7</strong></span> <span class='ocrx_word' id='word_1_591' title='bbox 3528 3176 3580 3220; x_wconf 70' lang='lat' dir='ltr'><strong>at</strong></span> <span class='ocrx_word' id='word_1_592' title='bbox 3615 3164 3746 3221; x_wconf 64' lang='lat' dir='ltr'><strong>Siu-</strong></span> 
     </span>
    </p>
   </div>
   <div class='ocr_carea' id='block_1_87' title="bbox 2158 3250 3749 3313">
    <p class='ocr_par' dir='ltr' id='par_1_87' title="bbox 2158 3250 3749 3313">
     <span class='ocr_line' id='line_1_87' title="bbox 2158 3250 3749 3313; baseline 0.006 -10"><span class='ocrx_word' id='word_1_593' title='bbox 2158 3252 2393 3307; x_wconf 75' lang='lat' dir='ltr'><strong>machus.</strong></span> <span class='ocrx_word' id='word_1_594' title='bbox 2430 3250 2823 3310; x_wconf 85' lang='lat' dir='ltr'><strong>Constantinus</strong></span> <span class='ocrx_word' id='word_1_595' title='bbox 2882 3270 3139 3312; x_wconf 57' lang='lat' dir='ltr'><strong>uxorem;</strong></span> <span class='ocrx_word' id='word_1_596' title='bbox 3163 3271 3317 3313; x_wconf 89' lang='lat' dir='ltr'><strong>suam</strong></span> <span class='ocrx_word' id='word_1_597' title='bbox 3371 3257 3640 3313; x_wconf 80' lang='lat' dir='ltr'><strong>Pausiam</strong></span> <span class='ocrx_word' id='word_1_598' title='bbox 3687 3255 3749 3288; x_wconf 73' lang='lat'><strong>&quot;‘</strong></span> 
     </span>
    </p>
   </div>
   <div class='ocr_carea' id='block_1_88' title="bbox 2159 3346 3744 3421">
    <p class='ocr_par' dir='ltr' id='par_1_88' title="bbox 2159 3346 3744 3421">
     <span class='ocr_line' id='line_1_88' title="bbox 2159 3346 3744 3421; baseline 0.003 -21"><span class='ocrx_word' id='word_1_599' title='bbox 2159 3346 2433 3402; x_wconf 77' lang='lat' dir='ltr'><strong>interficit.</strong></span> <span class='ocrx_word' id='word_1_600' title='bbox 2466 3346 2726 3404; x_wconf 63' lang='lat' dir='ltr'><strong>Donatus</strong></span> <span class='ocrx_word' id='word_1_601' title='bbox 2768 3349 3101 3421; x_wconf 76' lang='lat' dir='ltr'><strong>agnoscitur,</strong></span> <span class='ocrx_word' id='word_1_602' title='bbox 3146 3365 3177 3404; x_wconf 90' lang='lat' dir='ltr'><strong>a</strong></span> <span class='ocrx_word' id='word_1_603' title='bbox 3208 3365 3320 3421; x_wconf 90' lang='lat' dir='ltr'><strong>quo</strong></span> <span class='ocrx_word' id='word_1_604' title='bbox 3367 3365 3472 3421; x_wconf 88' lang='lat' dir='ltr'><strong>per</strong></span> <span class='ocrx_word' id='word_1_605' title='bbox 3495 3350 3744 3406; x_wconf 69' lang='lat' dir='ltr'><strong>Amicam</strong></span> 
     </span>
    </p>
   </div>
   <div class='ocr_carea' id='block_1_89' title="bbox 2156 3428 3732 3509">
    <p class='ocr_par' dir='ltr' id='par_1_89' title="bbox 2156 3428 3732 3509">
     <span class='ocr_line' id='line_1_89' title="bbox 2156 3428 3732 3509; baseline 0.001 -18"><span class='ocrx_word' id='word_1_606' title='bbox 2156 3428 2468 3491; x_wconf 83' lang='lat' dir='ltr'><strong>Donatiani.</strong></span> <span class='ocrx_word' id='word_1_607' title='bbox 2504 3438 2806 3494; x_wconf 70' lang='lat' dir='ltr'><strong>Antiochia:</strong></span> <span class='ocrx_word' id='word_1_608' title='bbox 2843 3447 2967 3509; x_wconf 88' lang='lat' dir='ltr'><strong>post</strong></span> <span class='ocrx_word' id='word_1_609' title='bbox 3006 3434 3345 3494; x_wconf 85' lang='lat' dir='ltr'><strong>Thirannum</strong></span> <span class='ocrx_word' id='word_1_610' title='bbox 3396 3439 3493 3494; x_wconf 87' lang='lat'><strong>20.</strong></span> <span class='ocrx_word' id='word_1_611' title='bbox 3524 3440 3732 3496; x_wconf 78' lang='lat' dir='ltr'><strong>ordina-</strong></span> 
     </span>
    </p>
   </div>
   <div class='ocr_carea' id='block_1_90' title="bbox 2128 3530 3735 3607">
    <p class='ocr_par' dir='ltr' id='par_1_90' title="bbox 2128 3530 3735 3607">
     <span class='ocr_line' id='line_1_90' title="bbox 2128 3530 3735 3607; baseline 0.006 -24"><span class='ocrx_word' id='word_1_612' title='bbox 2128 3539 2246 3584; x_wconf 88' lang='lat' dir='ltr'><strong>-tur</strong></span> <span class='ocrx_word' id='word_1_613' title='bbox 2295 3530 2585 3602; x_wconf 84' lang='lat' dir='ltr'><strong>episcOpus</strong></span> <span class='ocrx_word' id='word_1_614' title='bbox 2625 3532 2851 3600; x_wconf 79' lang='lat' dir='ltr'><strong>Vitalis;</strong></span> <span class='ocrx_word' id='word_1_615' title='bbox 2898 3542 3020 3604; x_wconf 91' lang='lat' dir='ltr'><strong>post</strong></span> <span class='ocrx_word' id='word_1_616' title='bbox 3057 3547 3218 3603; x_wconf 88' lang='lat' dir='ltr'><strong>quem</strong></span> <span class='ocrx_word' id='word_1_617' title='bbox 3262 3534 3353 3589; x_wconf 91' lang='grc'><strong>21.</strong></span> <span class='ocrx_word' id='word_1_618' title='bbox 3396 3534 3735 3607; x_wconf 85' lang='lat' dir='ltr'><strong>Filogonins;</strong></span> 
     </span>
    </p>
   </div>
   <div class='ocr_carea' id='block_1_91' title="bbox 2153 3621 3740 3695">
    <p class='ocr_par' dir='ltr' id='par_1_91' title="bbox 2153 3621 3740 3695">
     <span class='ocr_line' id='line_1_91' title="bbox 2153 3621 3740 3695; baseline 0.004 -20"><span class='ocrx_word' id='word_1_619' title='bbox 2153 3621 2238 3676; x_wconf 89' lang='lat' dir='ltr'><strong>cui</strong></span> <span class='ocrx_word' id='word_1_620' title='bbox 2269 3622 2533 3679; x_wconf 87' lang='lat' dir='ltr'><strong>successit</strong></span> <span class='ocrx_word' id='word_1_621' title='bbox 2576 3623 2669 3678; x_wconf 88' lang='lat'><strong>22.</strong></span> <span class='ocrx_word' id='word_1_622' title='bbox 2691 3622 2990 3689; x_wconf 89' lang='lat' dir='ltr'><strong>Paulinus;</strong></span> <span class='ocrx_word' id='word_1_623' title='bbox 3024 3633 3147 3695; x_wconf 90' lang='lat' dir='ltr'><strong>post</strong></span> <span class='ocrx_word' id='word_1_624' title='bbox 3186 3640 3349 3695; x_wconf 88' lang='lat' dir='ltr'><strong>quem</strong></span> <span class='ocrx_word' id='word_1_625' title='bbox 3384 3626 3484 3681; x_wconf 81' lang='grc'><strong>25.</strong></span> <span class='ocrx_word' id='word_1_626' title='bbox 3520 3627 3740 3683; x_wconf 76' lang='lat' dir='ltr'><strong>Eustha-</strong></span> 
     </span>
    </p>
   </div>
   <div class='ocr_carea' id='block_1_92' title="bbox 2153 3712 3739 3789">
    <p class='ocr_par' dir='ltr' id='par_1_92' title="bbox 2153 3712 3739 3789">
     <span class='ocr_line' id='line_1_92' title="bbox 2153 3712 3739 3789; baseline 0.004 -24"><span class='ocrx_word' id='word_1_627' title='bbox 2153 3712 2320 3768; x_wconf 85' lang='lat' dir='ltr'><strong>tbius.</strong></span> <span class='ocrx_word' id='word_1_628' title='bbox 2352 3713 2472 3781; x_wconf 85' lang='lat' dir='ltr'><strong>Quo</strong></span> <span class='ocrx_word' id='word_1_629' title='bbox 2502 3714 2554 3769; x_wconf 91' lang='lat' dir='ltr'><strong>in</strong></span> <span class='ocrx_word' id='word_1_630' title='bbox 2581 3712 2803 3771; x_wconf 77' lang='lat' dir='ltr'><strong>exilium</strong></span> <span class='ocrx_word' id='word_1_631' title='bbox 2833 3714 2903 3771; x_wconf 87' lang='lat' dir='ltr'><strong>ob</strong></span> <span class='ocrx_word' id='word_1_632' title='bbox 2928 3714 3093 3771; x_wconf 81' lang='lat' dir='ltr'><strong>ﬁdem</strong></span> <span class='ocrx_word' id='word_1_633' title='bbox 3124 3723 3275 3772; x_wconf 87' lang='lat' dir='ltr'><strong>truso</strong></span> <span class='ocrx_word' id='word_1_634' title='bbox 3295 3757 3313 3783; x_wconf 91' lang='lat'><strong>,</strong></span> <span class='ocrx_word' id='word_1_635' title='bbox 3344 3733 3529 3789; x_wconf 86' lang='lat' dir='ltr'><strong>usque</strong></span> <span class='ocrx_word' id='word_1_636' title='bbox 3555 3720 3609 3773; x_wconf 88' lang='lat' dir='ltr'><strong>in</strong></span> <span class='ocrx_word' id='word_1_637' title='bbox 3636 3732 3739 3789; x_wconf 82' lang='lat' dir='ltr'><strong>pre—</strong></span> 
     </span>
    </p>
   </div>
   <div class='ocr_carea' id='block_1_93' title="bbox 2150 3806 2564 3865">
    <p class='ocr_par' dir='ltr' id='par_1_93' title="bbox 2150 3806 2564 3865">
     <span class='ocr_line' id='line_1_93' title="bbox 2150 3806 2564 3865; baseline 0.002 -6"><span class='ocrx_word' id='word_1_638' title='bbox 2150 3813 2361 3859; x_wconf 85' lang='lat' dir='ltr'><strong>sentem</strong></span> <span class='ocrx_word' id='word_1_639' title='bbox 2395 3806 2564 3865; x_wconf 86' lang='lat' dir='ltr'><strong>diem.</strong></span> 
     </span>
    </p>
   </div>
   <div class='ocr_carea' id='block_1_94' title="bbox 2221 3893 3737 3970">
    <p class='ocr_par' dir='ltr' id='par_1_94' title="bbox 2221 3893 3737 3970">
     <span class='ocr_line' id='line_1_94' title="bbox 2221 3893 3737 3970; baseline 0.005 -23"><span class='ocrx_word' id='word_1_640' title='bbox 2221 3893 2345 3949; x_wconf 71' lang='grc'><strong>544.</strong></span> <span class='ocrx_word' id='word_1_641' title='bbox 2389 3895 2478 3950; x_wconf 87' lang='grc'><strong>25.</strong></span> <span class='ocrx_word' id='word_1_642' title='bbox 2510 3895 2788 3970; x_wconf 81' lang='lat' dir='ltr'><strong>[cccsxn]</strong></span> <span class='ocrx_word' id='word_1_643' title='bbox 2813 3895 3013 3954; x_wconf 86' lang='lat' dir='ltr'><strong>Bassus</strong></span> <span class='ocrx_word' id='word_1_644' title='bbox 3047 3908 3094 3953; x_wconf 87' lang='lat' dir='ltr'><strong>et</strong></span> <span class='ocrx_word' id='word_1_645' title='bbox 3108 3898 3653 3957; x_wconf 53' lang='lat' dir='ltr'><strong>&#39;AblabiusuArt-iani</strong></span> <span class='ocrx_word' id='word_1_646' title='bbox 3676 3903 3737 3937; x_wconf 65' lang='lat'><strong>&quot;*’</strong></span> 
     </span>
    </p>
   </div>
   <div class='ocr_carea' id='block_1_95' title="bbox 2146 3984 3735 4057">
    <p class='ocr_par' dir='ltr' id='par_1_95' title="bbox 2146 3984 3735 4057">
     <span class='ocr_line' id='line_1_95' title="bbox 2146 3984 3735 4057; baseline 0.004 -18"><span class='ocrx_word' id='word_1_647' title='bbox 2146 3984 2415 4040; x_wconf 59' lang='lat' dir='ltr'><strong>ecclesiam</strong></span> <span class='ocrx_word' id='word_1_648' title='bbox 2456 3987 2844 4057; x_wconf 82' lang='lat' dir='ltr'><strong>Optinuerunt,</strong></span> <span class='ocrx_word' id='word_1_649' title='bbox 2900 3990 2953 4045; x_wconf 91' lang='lat' dir='ltr'><strong>id</strong></span> <span class='ocrx_word' id='word_1_650' title='bbox 2984 3997 3068 4045; x_wconf 84' lang='lat' dir='ltr'><strong>est</strong></span> <span class='ocrx_word' id='word_1_651' title='bbox 3123 3990 3400 4056; x_wconf 80' lang='lat' dir='ltr'><strong>Eulalius,</strong></span> <span class='ocrx_word' id='word_1_652' title='bbox 3443 3991 3735 4052; x_wconf 81' lang='lat' dir='ltr'><strong>Eusebius,</strong></span> 
     </span>
    </p>
   </div>
   <div class='ocr_carea' id='block_1_96' title="bbox 2146 4076 3734 4150">
    <p class='ocr_par' dir='ltr' id='par_1_96' title="bbox 2146 4076 3734 4150">
     <span class='ocr_line' id='line_1_96' title="bbox 2146 4076 3734 4150; baseline 0.009 -20"><span class='ocrx_word' id='word_1_653' title='bbox 2146 4076 2462 4145; x_wconf 84' lang='lat' dir='ltr'><strong>Eol&#39;ronius,</strong></span> <span class='ocrx_word' id='word_1_654' title='bbox 2511 4078 2787 4145; x_wconf 84' lang='lat' dir='ltr'><strong>Placillus,</strong></span> <span class='ocrx_word' id='word_1_655' title='bbox 2821 4080 3103 4150; x_wconf 76' lang='lat' dir='ltr'><strong>Stel‘anus,</strong></span> <span class='ocrx_word' id='word_1_656' title='bbox 3134 4082 3381 4149; x_wconf 84' lang='lat' dir='ltr'><strong>Lentius,</strong></span> <span class='ocrx_word' id='word_1_657' title='bbox 3426 4084 3734 4145; x_wconf 71' lang='lat' dir='ltr'><strong>Eudosius.</strong></span> 
     </span>
    </p>
   </div>
   <div class='ocr_carea' id='block_1_97' title="bbox 2146 4167 3733 4239">
    <p class='ocr_par' dir='ltr' id='par_1_97' title="bbox 2146 4167 3733 4239">
     <span class='ocr_line' id='line_1_97' title="bbox 2146 4167 3733 4239; baseline 0.009 -18"><span class='ocrx_word' id='word_1_658' title='bbox 2146 4167 2414 4235; x_wconf 83' lang='lat' dir='ltr'><strong>Melitius,</strong></span> <span class='ocrx_word' id='word_1_659' title='bbox 2471 4170 2755 4239; x_wconf 83' lang='lat' dir='ltr'><strong>Euzotus,</strong></span> <span class='ocrx_word' id='word_1_660' title='bbox 2811 4171 3155 4237; x_wconf 85' lang='lat' dir='ltr'><strong>Dorotheus.</strong></span> <span class='ocrx_word' id='word_1_661' title='bbox 3224 4190 3419 4231; x_wconf 85' lang='lat' dir='ltr'><strong>rursus</strong></span> <span class='ocrx_word' id='word_1_662' title='bbox 3477 4175 3733 4235; x_wconf 75' lang='lat' dir='ltr'><strong>Melitius;</strong></span> 
     </span>
    </p>
   </div>
   <div class='ocr_carea' id='block_1_98' title="bbox 2143 4259 3735 4336">
    <p class='ocr_par' dir='ltr' id='par_1_98' title="bbox 2143 4259 3735 4336">
     <span class='ocr_line' id='line_1_98' title="bbox 2143 4259 3735 4336; baseline 0.007 -26"><span class='ocrx_word' id='word_1_663' title='bbox 2143 4272 2372 4327; x_wconf 87' lang='lat' dir='ltr'><strong>quorum</strong></span> <span class='ocrx_word' id='word_1_664' title='bbox 2397 4259 2600 4317; x_wconf 86' lang='lat' dir='ltr'><strong>idcirco</strong></span> <span class='ocrx_word' id='word_1_665' title='bbox 2629 4270 2873 4332; x_wconf 85' lang='lat' dir='ltr'><strong>tempora</strong></span> <span class='ocrx_word' id='word_1_666' title='bbox 2905 4279 3011 4318; x_wconf 90' lang='lat' dir='ltr'><strong>non</strong></span> <span class='ocrx_word' id='word_1_667' title='bbox 3038 4264 3237 4335; x_wconf 80' lang='lat' dir='ltr'><strong>digessi</strong></span> <span class='ocrx_word' id='word_1_668' title='bbox 3268 4266 3417 4336; x_wconf 88' lang='lat' dir='ltr'><strong>quod</strong></span> <span class='ocrx_word' id='word_1_669' title='bbox 3439 4282 3542 4324; x_wconf 87' lang='lat' dir='ltr'><strong>eos</strong></span> <span class='ocrx_word' id='word_1_670' title='bbox 3569 4269 3735 4323; x_wconf 75' lang='lat' dir='ltr'><strong>hostes</strong></span> 
     </span>
    </p>
   </div>
   <div class='ocr_carea' id='block_1_99' title="bbox 2146 4349 3335 4424">
    <p class='ocr_par' dir='ltr' id='par_1_99' title="bbox 2146 4349 3335 4424">
     <span class='ocr_line' id='line_1_99' title="bbox 2146 4349 3335 4424; baseline 0.007 -22"><span class='ocrx_word' id='word_1_671' title='bbox 2146 4349 2323 4419; x_wconf 81' lang='lat' dir='ltr'><strong>potius</strong></span> <span class='ocrx_word' id='word_1_672' title='bbox 2357 4349 2557 4407; x_wconf 88' lang='lat' dir='ltr'><strong>Christi</strong></span> <span class='ocrx_word' id='word_1_673' title='bbox 2584 4366 2747 4421; x_wconf 86' lang='lat' dir='ltr'><strong>quam</strong></span> <span class='ocrx_word' id='word_1_674' title='bbox 2773 4353 3054 4424; x_wconf 87' lang='lat' dir='ltr'><strong>episcopos</strong></span> <span class='ocrx_word' id='word_1_675' title='bbox 3072 4355 3335 4424; x_wconf 75' lang='lat' dir='ltr'><strong>iudicem.</strong></span> 
     </span>
    </p>
   </div>
   <div class='ocr_carea' id='block_1_100' title="bbox 2215 4440 3679 4521">
    <p class='ocr_par' dir='ltr' id='par_1_100' title="bbox 2215 4440 3679 4521">
     <span class='ocr_line' id='line_1_100' title="bbox 2215 4440 3679 4521; baseline 0.005 -26"><span class='ocrx_word' id='word_1_676' title='bbox 2215 4440 2372 4515; x_wconf 73' lang='grc' dir='ltr'><strong>[ϐοά.</strong></span> <span class='ocrx_word' id='word_1_677' title='bbox 2402 4443 2456 4497; x_wconf 88' lang='lat' dir='ltr'><strong>in</strong></span> <span class='ocrx_word' id='word_1_678' title='bbox 2485 4459 2680 4515; x_wconf 64' lang='lat' dir='ltr'><strong>marg:</strong></span> <span class='ocrx_word' id='word_1_679' title='bbox 2706 4443 2889 4502; x_wconf 88' lang='lat' dir='ltr'><strong>Ciclus</strong></span> <span class='ocrx_word' id='word_1_680' title='bbox 2918 4447 3146 4505; x_wconf 75' lang='lat' dir='ltr'><strong>decenti.</strong></span> <span class='ocrx_word' id='word_1_681' title='bbox 3174 4448 3368 4518; x_wconf 89' lang='lat' dir='ltr'><strong>incipit</strong></span> <span class='ocrx_word' id='word_1_682' title='bbox 3404 4450 3524 4507; x_wconf 89' lang='lat' dir='ltr'><strong>ind.</strong></span> <span class='ocrx_word' id='word_1_683' title='bbox 3561 4447 3679 4521; x_wconf 77' lang='lat' dir='ltr'><strong>IL]</strong></span> 
     </span>
    </p>
   </div>
   <div class='ocr_carea' id='block_1_101' title="bbox 2211 4530 3731 4608">
    <p class='ocr_par' dir='ltr' id='par_1_101' title="bbox 2211 4530 3731 4608">
     <span class='ocr_line' id='line_1_101' title="bbox 2211 4530 3731 4608; baseline 0.006 -23"><span class='ocrx_word' id='word_1_684' title='bbox 2211 4530 2335 4587; x_wconf 81' lang='grc'><strong>515.</strong></span> <span class='ocrx_word' id='word_1_685' title='bbox 2376 4530 2471 4587; x_wconf 66' lang='grc'><strong>24.»</strong></span> <span class='ocrx_word' id='word_1_686' title='bbox 2509 4531 2799 4608; x_wconf 79' lang='lat' dir='ltr'><strong>[cccxxm]</strong></span> <span class='ocrx_word' id='word_1_687' title='bbox 2864 4535 3070 4608; x_wconf 73' lang='grc' dir='ltr'><strong>(Ηιὲιι.)</strong></span> <span class='ocrx_word' id='word_1_688' title='bbox 3129 4537 3461 4595; x_wconf 83' lang='lat' dir='ltr'><strong>Pocatianus</strong></span> <span class='ocrx_word' id='word_1_689' title='bbox 3534 4552 3584 4597; x_wconf 78' lang='lat' dir='ltr'><strong>et</strong></span> <span class='ocrx_word' id='word_1_690' title='bbox 3638 4539 3731 4596; x_wconf 76' lang='lat' dir='ltr'><strong>Hi-</strong></span> 
     </span>
    </p>
   </div>
   <div class='ocr_carea' id='block_1_102' title="bbox 2104 4621 3729 4703">
    <p class='ocr_par' dir='ltr' id='par_1_102' title="bbox 2104 4621 3729 4703">
     <span class='ocr_line' id='line_1_102' title="bbox 2104 4621 3729 4703; baseline 0.006 -27"><span class='ocrx_word' id='word_1_691' title='bbox 2104 4621 2400 4683; x_wconf 32' lang='lat' dir='ltr'><strong>,larianus.</strong></span> <span class='ocrx_word' id='word_1_692' title='bbox 2448 4622 2722 4684; x_wconf 71' lang='lat' dir='ltr'><strong>Iuvencus</strong></span> <span class='ocrx_word' id='word_1_693' title='bbox 2786 4628 3092 4698; x_wconf 87' lang='lat' dir='ltr'><strong>presbiter,</strong></span> <span class='ocrx_word' id='word_1_694' title='bbox 3144 4631 3368 4685; x_wconf 90' lang='lat' dir='ltr'><strong>natione</strong></span> <span class='ocrx_word' id='word_1_695' title='bbox 3439 4630 3729 4703; x_wconf 76' lang='lat' dir='ltr'><strong>Hispanus,</strong></span> 
     </span>
    </p>
   </div>
   <div class='ocr_carea' id='block_1_103' title="bbox 2138 4712 3727 4793">
    <p class='ocr_par' dir='ltr' id='par_1_103' title="bbox 2138 4712 3727 4793">
     <span class='ocr_line' id='line_1_103' title="bbox 2138 4712 3727 4793; baseline 0.004 -25"><span class='ocrx_word' id='word_1_696' title='bbox 2138 4712 2415 4782; x_wconf 89' lang='lat' dir='ltr'><strong>evangelia</strong></span> <span class='ocrx_word' id='word_1_697' title='bbox 2442 4713 2675 4770; x_wconf 90' lang='lat' dir='ltr'><strong>heroicis</strong></span> <span class='ocrx_word' id='word_1_698' title='bbox 2701 4717 2949 4772; x_wconf 87' lang='lat' dir='ltr'><strong>versibus</strong></span> <span class='ocrx_word' id='word_1_699' title='bbox 2970 4718 3231 4789; x_wconf 79' lang='lat' dir='ltr'><strong>explicat.</strong></span> <span class='ocrx_word' id='word_1_700' title='bbox 3268 4720 3477 4792; x_wconf 62' lang='lat' dir='ltr'><strong>(Cass)</strong></span> <span class='ocrx_word' id='word_1_701' title='bbox 3509 4720 3727 4793; x_wconf 70' lang='lat' dir='ltr'><strong>Porplii-</strong></span> 
     </span>
    </p>
   </div>
   <div class='ocr_carea' id='block_1_104' title="bbox 2142 4801 3730 4878">
    <p class='ocr_par' dir='ltr' id='par_1_104' title="bbox 2142 4801 3730 4878">
     <span class='ocr_line' id='line_1_104' title="bbox 2142 4801 3730 4878; baseline 0.006 -22"><span class='ocrx_word' id='word_1_702' title='bbox 2142 4801 2275 4865; x_wconf 90' lang='lat' dir='ltr'><strong>rius,</strong></span> <span class='ocrx_word' id='word_1_703' title='bbox 2302 4802 2467 4857; x_wconf 90' lang='lat' dir='ltr'><strong>misso</strong></span> <span class='ocrx_word' id='word_1_704' title='bbox 2495 4803 2563 4857; x_wconf 89' lang='lat' dir='ltr'><strong>ad</strong></span> <span class='ocrx_word' id='word_1_705' title='bbox 2581 4802 2996 4861; x_wconf 88' lang='lat' dir='ltr'><strong>Constantinum</strong></span> <span class='ocrx_word' id='word_1_706' title='bbox 3016 4808 3216 4878; x_wconf 81' lang='lat' dir='ltr'><strong>insigni</strong></span> <span class='ocrx_word' id='word_1_707' title='bbox 3244 4810 3546 4875; x_wconf 79' lang='lat' dir='ltr'><strong>volumine,</strong></span> <span class='ocrx_word' id='word_1_708' title='bbox 3574 4812 3730 4867; x_wconf 70' lang='lat' dir='ltr'><strong>exilio</strong></span> 
     </span>
    </p>
   </div>
   <div class='ocr_carea' id='block_1_105' title="bbox 2141 4890 3723 4975">
    <p class='ocr_par' dir='ltr' id='par_1_105' title="bbox 2141 4890 3723 4975">
     <span class='ocr_line' id='line_1_105' title="bbox 2141 4890 3723 4975; baseline 0.006 -31"><span class='ocrx_word' id='word_1_709' title='bbox 2141 4891 2421 4947; x_wconf 87' lang='lat' dir='ltr'><strong>liberatur.</strong></span> <span class='ocrx_word' id='word_1_710' title='bbox 2451 4890 2571 4965; x_wconf 84' lang='lat' dir='ltr'><strong>[His</strong></span> <span class='ocrx_word' id='word_1_711' title='bbox 2595 4894 2913 4953; x_wconf 86' lang='lat' dir='ltr'><strong>consulibus</strong></span> <span class='ocrx_word' id='word_1_712' title='bbox 2955 4898 3150 4954; x_wconf 85' lang='lat' dir='ltr'><strong>civitas</strong></span> <span class='ocrx_word' id='word_1_713' title='bbox 3174 4914 3297 4969; x_wconf 71' lang='lat' dir='ltr'><strong>quae</strong></span> <span class='ocrx_word' id='word_1_714' title='bbox 3341 4902 3499 4972; x_wconf 87' lang='lat' dir='ltr'><strong>prius</strong></span> <span class='ocrx_word' id='word_1_715' title='bbox 3521 4902 3723 4975; x_wconf 74' lang='lat' dir='ltr'><strong>Bysan~</strong></span> 
     </span>
    </p>
   </div>
   <div class='ocr_carea' id='block_1_106' title="bbox 2143 4984 3720 5057">
    <p class='ocr_par' dir='ltr' id='par_1_106' title="bbox 2143 4984 3720 5057">
     <span class='ocr_line' id='line_1_106' title="bbox 2143 4984 3720 5057; baseline 0.009 -19"><span class='ocrx_word' id='word_1_716' title='bbox 2143 4984 2275 5038; x_wconf 87' lang='lat' dir='ltr'><strong>tium</strong></span> <span class='ocrx_word' id='word_1_717' title='bbox 2297 4984 2440 5039; x_wconf 88' lang='lat' dir='ltr'><strong>dicta</strong></span> <span class='ocrx_word' id='word_1_718' title='bbox 2465 4995 2570 5051; x_wconf 90' lang='lat' dir='ltr'><strong>est,</strong></span> <span class='ocrx_word' id='word_1_719' title='bbox 2604 4997 2816 5043; x_wconf 86' lang='lat' dir='ltr'><strong>mutato</strong></span> <span class='ocrx_word' id='word_1_720' title='bbox 2843 4990 3086 5057; x_wconf 87' lang='lat' dir='ltr'><strong>nomine,</strong></span> <span class='ocrx_word' id='word_1_721' title='bbox 3116 5006 3145 5045; x_wconf 93' lang='lat' dir='ltr'><strong>a</strong></span> <span class='ocrx_word' id='word_1_722' title='bbox 3176 4992 3539 5052; x_wconf 88' lang='lat' dir='ltr'><strong>Constantino</strong></span> <span class='ocrx_word' id='word_1_723' title='bbox 3588 4994 3720 5051; x_wconf 69' lang='lat' dir='ltr'><strong>Clut-</strong></span> 
     </span>
    </p>
   </div>
   <div class='ocr_carea' id='block_1_107' title="bbox 2136 5074 2901 5151">
    <p class='ocr_par' dir='ltr' id='par_1_107' title="bbox 2136 5074 2901 5151">
     <span class='ocr_line' id='line_1_107' title="bbox 2136 5074 2901 5151; baseline 0.007 -23"><span class='ocrx_word' id='word_1_724' title='bbox 2136 5074 2514 5144; x_wconf 75' lang='lat' dir='ltr'><strong>Stantiuopolis</strong></span> <span class='ocrx_word' id='word_1_725' title='bbox 2546 5079 2901 5151; x_wconf 88' lang='lat' dir='ltr'><strong>nominatur.]</strong></span> 
     </span>
    </p>
   </div>
   <div class='ocr_carea' id='block_1_108' title="bbox 2120 5162 3718 5241">
    <p class='ocr_par' dir='ltr' id='par_1_108' title="bbox 2120 5162 3718 5241">
     <span class='ocr_line' id='line_1_108' title="bbox 2120 5162 3718 5241; baseline 0.007 -26"><span class='ocrx_word' id='word_1_726' title='bbox 2120 5190 2123 5193; x_wconf 57' lang='grc' dir='ltr'><strong><em>ν</em></strong></span> <span class='ocrx_word' id='word_1_727' title='bbox 2205 5162 2335 5216; x_wconf 72' lang='grc'><strong>546.</strong></span> <span class='ocrx_word' id='word_1_728' title='bbox 2371 5165 2461 5220; x_wconf 80' lang='lat'><strong>25.</strong></span> <span class='ocrx_word' id='word_1_729' title='bbox 2502 5166 2773 5241; x_wconf 77' lang='lat' dir='ltr'><strong>[cccxxtvj</strong></span> <span class='ocrx_word' id='word_1_730' title='bbox 2835 5167 3040 5241; x_wconf 66' lang='lat' dir='ltr'><strong>(litem)</strong></span> <span class='ocrx_word' id='word_1_731' title='bbox 3103 5170 3404 5227; x_wconf 81' lang='lat' dir='ltr'><strong>Dalmatius</strong></span> <span class='ocrx_word' id='word_1_732' title='bbox 3458 5186 3508 5228; x_wconf 82' lang='lat' dir='ltr'><strong>es</strong></span> <span class='ocrx_word' id='word_1_733' title='bbox 3556 5173 3718 5228; x_wconf 73' lang='lat' dir='ltr'><strong>Zeu-</strong></span> 
     </span>
    </p>
   </div>
   <div class='ocr_carea' id='block_1_109' title="bbox 2136 5250 3715 5298">
    <p class='ocr_par' dir='ltr' id='par_1_109' title="bbox 2136 5250 3715 5298">
     <span class='ocr_line' id='line_1_109' title="bbox 2136 5250 3715 5298; baseline 0 0"><span class='ocrx_word' id='word_1_734' title='bbox 2136 5250 2330 5298; x_wconf 79' lang='lat' dir='ltr'><strong>nhilus-</strong></span> <span class='ocrx_word' id='word_1_735' title='bbox 2364 5251 2703 5298; x_wconf 62' lang='lat' dir='ltr'><strong>Aletamlrim</strong></span> <span class='ocrx_word' id='word_1_736' title='bbox 2728 5257 2809 5298; x_wconf 60' lang='lat'><strong>19,</strong></span> <span class='ocrx_word' id='word_1_737' title='bbox 2841 5258 3125 5298; x_wconf 71' lang='lat' dir='ltr'><strong>nnlinnlnl-</strong></span> <span class='ocrx_word' id='word_1_738' title='bbox 3152 5260 3442 5298; x_wconf 68' lang='lat' dir='ltr'><strong>anicnnnnc</strong></span> <span class='ocrx_word' id='word_1_739' title='bbox 3492 5263 3715 5298; x_wconf 69' lang='grc' dir='ltr'><strong>ΔιΙιειιιι.</strong></span> 
     </span>
    </p>
   </div>
  </div>
