3926 5326
95 321 177 375 iiii
1291 315 1705 373 CllRONICON.
1741 343 1815 357 —-
1846 314 1975 370 LIB.
2014 313 2100 369 Ill.

3221 304 3322 362 702

154 433 264 489 3l7.
316 431 403 486 26.
443 427 694 503 [cccrsv]
741 430 948 502 (Ηιειι.)
1028 430 1251 499 aptatus
1295 440 1345 483 et
1391 427 1633 484 Palinus.
1668 436 1712 494 Α
1740 442 1932 484 omnes
1950 425 2385 482 subsacerdotali
2411 424 2790 480 etcliristiano
2813 421 3033 478 nomine
3064 420 3321 492 degentes

96 526 258 581 Edicto
281 522 609 577 Constantini
636 520 913 593 gentilium
931 522 1123 590 templa
1150 521 1432 593 [sithversa
1465 521 1633 594 sunt].

98 615 173 685 (γ.
196 612 250 668 S.
279 614 462 683 Mart.)
497 612 753 693 [Sanctus
781 613 1041 667 Martinus
1084 626 1205 665 cum
1248 620 1395 667 esset
1451 612 1636 666 decem

97 719 351 769 annorum,
404 703 583 759 invitis
633 704 979 773 parentibus,
1007 711 1191 772 utpote
1219 702 1526 773 gentilibus,
1572 703 1638 756 ad

97 796 318 936 ῗεῖεςξῗῐῖ
355 793 597 865 confugit
633 807 799 864 seque
830 793 1225 849 catecuntinum
1257 793 1328 824 m
1359 792 1476 847 ﬁeri
1515 807 1639 861 pos-

117 884 141 919 ιι
162 881 238 919 avt
264 903 279 918 .

117 881 279 919 ιιητιι.

151 953 260 1009 548.
292 953 380 1007 27.
411 951 680 1025 [cccxxvr]
742 950 954 1022 (nam)
1005 951 1344 1005 Constantius
1406 960 1455 1003 et
1498 948 1640 1003 Albi-

96 1061 195 1098 nus.
229 1043 507 1103 Constans.
542 1042 683 1097 Illius
709 1042 1077 1105 Constantini,
1104 1041 1425 1110 provehitur
1456 1040 1523 1093 ad
1553 1055 1640 1094 re—

95 1149 251 1205 gnum.
280 1132 589 1188 Pestilentia
617 1143 673 1187 et
710 1132 857 1187 [ante
900 1131 1307 1187 innumerabilis
1353 1129 1641 1185 multitudo

96 1226 137 1278 in
156 1222 281 1277 Siria
301 1220 599 1292 Ciliciaque
622 1223 693 1255 ιιι
710 1222 892 1291 periit.
998 1256 1003 1261 -

150 1314 259 1368 διε).
296 1313 386 1368 28.
418 1312 714 1384 [cccxxvn]
743 1314 867 1384 (An.
900 1312 1089 1381 Hart.)
1114 1310 1440 1382 Nepotianus
1467 1323 1514 1367 et
1539 1310 1641 1367 Fe-

94 1405 281 1461 cnulus.
302 1404 358 1458 In
377 1404 776 1475 martirologio:
802 1404 982 1458 Pridie
997 1404 1265 1459 Kalendas
1281 1403 1521 1457 Januarii
1541 1420 1639 1456 na-

96 1496 197 1549 talis
220 1494 457 1550 Silvestri
479 1510 646 1566 papae,
678 1496 770 1565 qui
797 1496 937 1549 sedit
958 1494 1029 1548 25
1049 1496 1228 1557 annis,
1253 1494 1528 1549 mensibus
1552 1493 1637 1558 ll),

95 1588 250 1643 diebus
269 1588 351 1643 ll.
376 1588 533 1643 Sedit
550 1597 730 1643 autem
752 1602 815 1643 es
841 1587 928 1641 die
952 1586 1066 1640 Kal.
1086 1587 1363 1641 Februarii
1394 1600 1563 1654 usque
1582 1586 1638 1640 2.

94 1679 172 1733 Kal
188 1677 434 1745 Januarii;
465 1687 520 1734 et
566 1678 805 1749 sepultus
860 1687 944 1732 est
982 1679 1032 1731 in
1058 1678 1330 1731 cimiterio
1362 1675 1639 1738 Priscillae,

1739 534 1845 573 una
1900 517 2033 572 lides
2072 526 2129 573 et
2162 533 2265 571 una
2312 515 2667 571 sacerdotalis
2713 523 2877 583 atque
2918 511 3185 568 clericalis
3230 526 3322 565 re-

1740 614 1892 677 geret
1916 621 2131 670 norma,
2162 621 2261 660 nec
2278 605 2569 674 quicquam
2587 619 2617 658 a
2639 618 2739 658 suo
2763 600 3100 657 discordaret
3122 600 3318 669 rapite.

1740 696 1893 753 Nunc
1920 711 2069 766 ergo,
2098 698 2223 765 qui,
2257 705 2316 748 ut
2343 696 2644 765 predictum
2695 701 2811 758 est,
2865 690 3069 745 inimici
3123 699 3324 743 sanctae

1742 786 1834 841 Dei
1871 784 2114 841 ecclesia:
2140 824 2155 848 ,
2201 784 2436 838 maxime
2480 783 2751 844 Arrianis,
2784 797 2815 835 a
2862 780 3061 851 quibus
3111 778 3323 834 codidie

1742 874 1970 928 terimur
2010 876 2071 927 et
2093 886 2471 942 expugnantur
2498 880 2551 926 ct
2577 870 2958 941 opprimimur,
2989 867 3198 938 preiata
3254 866 3326 920 70

1743 965 1935 1022 Nieeni
1969 965 2191 1022 concilii
2216 964 2472 1035 capitula,
2507 979 2629 1033 qua:
2658 964 2726 1018 de
2754 961 2961 1033 prefata
3011 960 3221 1025 sinodo,
3242 956 3328 1028 jn-

1741 1056 1905 1112 bente
1947 1057 2061 1125 jam
2091 1054 2207 1111 lato
2254 1054 2474 1110 domino
2527 1068 2650 1108 meo
2682 1052 2993 1107 Alexandro
3025 1091 3040 1115 ,
3102 1050 3327 1105 decreto

1741 1147 1987 1202 omnium
2017 1146 2396 1216 episcoporum
2425 1143 2603 1206 attuli,
2630 1130 2760 1211 quae
2787 1142 2949 1194 etiam
2975 1153 3162 1194 coram
3206 1151 3328 1192 om-

1743 1235 2137 1292 nibusrecitavi
2154 1243 2317 1304 atque
2338 1231 2687 1300 transcripsi,
2702 1239 2829 1285 sunt
2851 1231 2975 1300 igne
2997 1227 3278 1283 combusta
3307 1243 3321 1277 :

1742 1328 2013 1391 obtamus,
2043 1335 2103 1382 ut
2130 1343 2159 1381 a
2189 1335 2382 1381 vestrm
2414 1331 2621 1379 sancta:
2648 1323 2792 1377 sedis
2817 1318 3051 1375 asclesitc'
3089 1317 3327 1372 auctori-

1745 1423 1855 1470 tate
1877 1415 2155 1484 percipere
2192 1426 2289 1482 per
2331 1420 2610 1482 presentes
2647 1409 2837 1479 ligatos
2883 1421 3242 1469 mereamur,»
3272 1413 3331 1459 et

1752 1505 1967 1574 reliqua
2000 1503 2186 1575 (Cone.
2235 1503 2277 1568 l,
2308 1517 2362 1572 p.
2402 1501 2548 1572 555).
2574 1519 2678 1551 -οι
2712 1497 2957 1553 Onnibus
3006 1494 3327 1550 venerabili-

1743 1594 1843 1650 bus
1893 1594 2149 1649 fratribus
2182 1593 2480 1648 Athanasio
2537 1599 2595 1645 et
2648 1588 2917 1644 universis
2962 1585 3327 1657 Egiptiorum

1743 1685 2034 1755 episcopis,
2063 1684 2276 1740 Marcus
2299 1692 2505 1738 sanctze
2532 1680 2793 1736 Romanae
2825 1677 3134 1750 apostolicae
3186 1676 3331 1732 sedis

94 1773 161 1825 via
192 1771 408 1835 Salaria,
462 1769 699 1825 miliario
725 1770 780 1825 5.
812 1770 881 1823 ab
927 1770 1063 1823 urbe
1097 1768 1290 1831 Roma,
1316 1767 1373 1822 2.
1404 1767 1522 1822 Kal.
1548 1766 1639 1821 ιιι-
1670 1771 1715 1829 Β
1742 1784 1798 1831 et
1858 1776 2182 1831 universalis
2222 1774 2451 1831 adesim
2501 1774 2789 1843 episcopus
2836 1770 3083 1825 salutem.
3144 1768 3331 1831 Doleo,

100 1863 266 1928 nuarii,
293 1862 633 1936 [Constantio
658 1870 713 1915 et
742 1861 1034 1915 Volusiano
1056 1858 1398 1931 consilibus],
1428 1870 1484 1913 et
1514 1873 1634 1913 ces-

97 1956 209 2009 savit
234 1955 571 2025 episcopatus
597 1954 786 2009 diebus
824 1952 909 2006 l5.
958 1951 1091 2007 Nota
1124 1955 1258 2007 duos
1298 1967 1511 2006 menses
1541 1967 1634 2005 va»

95 2047 285 2101 cationis
309 2048 649 2117 episcopatus
680 2062 708 2100 a
737 2044 792 2099 ι.
826 2045 948 2099 ldus
983 2046 1311 2109 Decembris,
1360 2060 1467 2114 quo
1495 2043 1635 2098 Mili-

96 2138 245 2193 ciades
294 2152 427 2208 papa
491 2136 664 2202 obiit,
731 2151 904 2206 usque
971 2136 1090 2190 Kal.
1153 2136 1462 2201 Februarii,
1531 2151 1638 2206 quo

95 2227 319 2284 Silvester
333 2229 492 2292 sedit,
532 2236 590 2282 et
619 2227 686 2281 15
708 2228 822 2283 dies
851 2236 1062 2297 postea,
1088 2227 1232 2297 quod
1266 2237 1482 2296 tempus
1508 2243 1638 2297 pon-

95 2320 289 2376 tiﬁcibus
327 2336 432 2376 non
462 2321 784 2390 imputatur.
814 2318 873 2373 Si
902 2334 1033 2390 ergo
1064 2320 1136 2373 ita
1169 2321 1429 2389 temporis
1459 2320 1639 2389 ponti-

96 2413 223 2469 ficum
245 2414 438 2485 aliquid
483 2412 692 2478 dilecit,
723 2428 954 2481 quorum
985 2412 1164 2467 natale
1189 2413 1467 2467 annuatim
1499 2411 1638 2466 cele-

94 2504 266 2568 bratur,
291 2519 464 2559 nonne
490 2504 663 2559 multo
696 2504 868 2571 magis
890 2500 1104 2571 temptts
1133 2503 1521 2572 imperatorum
1545 2502 1569 2555 ’ἔ

148 2595 332 2650 Marcus
377 2595 447 2651 52
471 2610 610 2666 papa
632 2606 746 2665 post
778 2591 995 2648 Petrum
1039 2594 1351 2654 ordinatur,
1381 2594 1473 2664 qui
1502 2593 1634 2647 sedit

95 2687 312 2740 mensibus
331 2686 394 2749 8,
426 2685 713 2757 [predictis
743 2684 1056 2739 consulibus
1082 2683 1255 2746 sedit,
1280 2682 1333 2737 id
1353 2691 1435 2737 est
1467 2680 1639 2752 Nepo—

97 2776 215 2829 tiano
238 2785 288 2831 et
311 2776 567 2833 Fecunda
586 2817 602 2841 ,
630 2775 896 2831 successit
923 2774 1037 2828 Kal.
1056 2772 1265 2844 Febr.].
1297 2773 1352 2826 In
1378 2773 1584 2827 decret.
1620 2791 1632 2825 :

100 2865 344 2924 «Domino
389 2876 586 2922 sancto
631 2876 684 2921 et
733 2864 1018 2937 apostolici
1063 2863 1317 2919 culminis
1371 2863 1637 2933 dignitate

97 2959 360 3012 venerando
393 2956 581 3012 Marco
605 2965 809 3012 sanctae
837 2955 1095 3011 Romana:
1137 2963 1193 3011 et
1230 2954 1539 3025 apostolica:
1558 2969 1641 3009 se-

99 3046 162 3102 dis
184 3046 488 3104 universalis
514 3047 728 3104 eclesise
753 3061 925 3117 papae,
949 3045 1283 3101 Athanasius
1309 3052 1364 3100 et
1398 3044 1638 3116 universi

97 3134 381 3205 Egiptiorum
404 3136 679 3211 episcopi.
705 3135 788 3190 Ad
812 3149 907 3190 vos
923 3133 1235 3205 pervenisse
1277 3147 1385 3189 non
1421 3133 1638 3189 dubita-
1666 3119 1710 3181 C

98 3241 207 3293 nius,
252 3238 442 3299 quanta
492 3235 554 3281 et
601 3226 780 3296 qualia
831 3225 902 3281 ab
938 3225 1198 3281 hereticis
1222 3232 1280 3279 et
1313 3225 1550 3281 maxime
1572 3224 1641 3279 ab

97 3317 299 3374 Arrianis
324 3320 525 3376 cotidie
565 3318 823 3389 patimur,
874 3325 932 3371 ut
961 3316 1125 3371 etiam
1178 3315 1361 3370 vivere
1401 3313 1516 3383 jam
1544 3329 1641 3370 nos

100 3411 226 3465 tedet.
274 3410 326 3467 In
352 3420 567 3467 tantum
612 3412 774 3467 etiam
815 3418 1003 3466 nostra
1032 3415 1407 3473 vastaverunt,
1456 3418 1641 3463 utnec

98 3497 179 3553 ulla
217 3502 483 3557 ustensilia
544 3501 702 3556 nobis
756 3499 1147 3563 dimisserunt,
1197 3497 1370 3553 libros
1420 3506 1641 3553 nostros

98 3601 236 3658 usque
255 3591 317 3645 ad
346 3592 632 3648 minimum
682 3590 1061 3645 incenderunt.
1088 3576 1429 3657 Quapropter
1452 3599 1641 3657 preca-

102 3694 218 3747 mur,
246 3692 392 3753 pater
419 3681 757 3746 beatissime,
806 3680 931 3749 quia
975 3693 1083 3734 non
1132 3678 1445 3733 dubitamus
1498 3677 1643 3746 apud

99 3782 174 3823 vos
196 3770 415 3840 plenaria
446 3786 571 3828 esse
617 3769 806 3825 Niceui
846 3769 1045 3827 concili
1074 3767 1429 3839 exemplaria,
1459 3776 1521 3822 ut
1553 3767 1639 3821 illa

100 3860 243 3930 nobis,
294 3878 411 3932 quae
493 3869 701 3918 sanctae
762 3862 1155 3917 recordationis
1237 3860 1641 3930 predecessoris

100 3954 230 4007 vestri
242 3953 475 4011 deestri
502 3956 741 4019 luerunt,
766 3954 868 4010 sub
883 3944 1001 4008 tuta
1015 3953 1248 4009 mittatis
1266 3951 1635 4022 stipulatione.

100 4038 205 4094 Nam
226 4046 449 4111 quando'
476 4045 736 4116 predictm
761 4042 953 4098 sinodo
982 4058 1105 4098 cum
1133 4044 1309 4099 beata:
1340 4042 1410 4074 "’
1439 4056 1642 4097 memo—

100 4134 173 4185 riae
199 4134 509 4201 Alexandro,
539 4136 703 4205 digno
747 4135 860 4189 Deo
910 4133 1166 4205 pontiﬁce
1202 4141 1392 4189 nostro
1418 4172 1433 4198 ,
1463 4133 1517 4188 id
1559 4142 1642 4187 est

99 4222 428 4282 Alexandrina:
452 4227 694 4283 civitatis
745 4226 1031 4295 episcopo,
1066 4226 1120 4279 in
1171 4225 1498 4280 diaconatus
1558 4222 1643 4277 in-

103 4312 339 4372 terfuimus
366 4317 562 4381 ollicio,
593 4319 695 4372 sub
728 4326 927 4372 nostrae
963 4315 1253 4387 presentiae
1305 4314 1638 4377 testimonio,

1739 1866 1959 1932 fratres,
1992 1875 2050 1923 et
2104 1866 2332 1921 nimium
2406 1863 2705 1920 contristor
2757 1875 2922 1930 super
2980 1855 3331 1913 alﬂictionent

1739 1963 1977 2011 vestram
2015 1972 2034 2007 ι
2068 1964 2125 2009 et
2148 1954 2356 2024 reliqua
2394 1949 2579 2024 (Cone.
2615 1952 2655 2017 I,
2696 1965 2750 2020 p.
2779 1948 2930 2018 555).
2969 1964 2989 1998 ι
3023 1949 3096 2005 De
3122 1944 3333 2015 capitu-

1742 2051 1916 2106 lorum
1959 2059 2270 2105 vestrorum
2318 2047 2390 2080 ³⁸⁸
2454 2045 2641 2101 Niceni
2698 2042 2939 2108 concilii,
2990 2041 3188 2111 quibus
3234 2051 3334 2093 vos

1741 2141 2057 2197 interfuisse
2075 2140 2272 2196 litteris
2302 2126 2500 2192 vestrae
2541 2133 2907 2191 fraternitatis
2960 2115 3327 2203 sighillcastis,

1739 2251 1769 2289 a
1795 2235 2021 2300 nostris,
2046 2234 2138 2304 qui
2172 2247 2278 2286 una
2319 2230 2604 2286 vobiscum
2653 2226 3047 2290 interfuerunt,
3101 2220 3332 2292 diligen-

1742 2326 1971 2381 tioribus
1995 2322 2405 2395 requissivimus
2419 2318 2890 2383 collucationibus,
2920 2315 3011 2387 qui
3035 2315 3131 2378 ita,
3160 2323 3221 2367 ut
3246 2326 3335 2367 ve-

1738 2424 1867 2470 strae
1886 2423 2095 2469 testatae
2109 2421 2237 2469 sunt
2261 2413 2474 2477 litterae,
2500 2410 2715 2465 omnem
2732 2406 2886 2462 nobis
2901 2404 3146 2460 ordinem
3170 2415 3336 2471 espo-

1740 2514 1963 2561 suerunt
1988 2514 2044 2560 et
2072 2512 2306 2559 vestram
2333 2501 2618 2571 epistolam
2650 2513 2745 2569 per
2789 2496 2973 2554 omnia
3000 2509 3186 2549 veram
3215 2506 3336 2547 csse

1742 2599 2015 2656 testificati
2041 2582 2197 2674 sunt;
2253 2611 2359 2651 non
2387 2602 2557 2648 utnos
2598 2590 2806 2661 aliquid
2846 2590 3125 2645 sinistrum
3153 2592 3336 2638 vestra

1724 2706 1810 2746 ex
1845 2699 2000 2760 parte
2023 2684 2570 2750 arbitraremur,'sed
2598 2699 2696 2759 nos
2719 2691 2776 2738 et
2801 2696 2898 2736 vos
2931 2679 3159 2748 illosque
3199 2677 3327 2731 abs-

1741 2802 1845 2856 que
1899 2784 2107 2855 ulla‘in
2164 2792 2439 2853 posterum
2500 2776 2825 2833 titubatione
2888 2787 3052 2828 unum
3104 2768 3335 2825 sentire

1739 2878 2052 2933 obtaremus
2079 2915 2095 2939 ,
2121 2883 2177 2928 et
2204 2880 2394 2929 sancta
2446 2869 2691 2925 Romana
2728 2866 2979 2929 ecclesia,
3032 2877 3153 2932 qua:
3182 2874 3328 2916 sem-

1722 2970 1838 3037 ‘per
1863 2964 2243 3020 immacculata
2277 2960 2482 3017 mansit
2536 2968 2594 3015 et
2639 2956 2870 3012 Domino
2911 2952 3138 3023 iubente
3164 2948 3237 2981 ’“
3275 2956 3332 3001 et

1744 3057 1911 3113 beato
1943 3054 2108 3110 Petro
2138 3067 2297 3125 opem
2325 3051 2536 3107 ferente
2579 3048 2632 3104 in
2678 3046 2861 3103 futuro
2903 3040 3164 3108 manebit,
3217 3038 3336 3094 sine

1745 3145 1852 3200 ulla
1905 3141 2274 3199 hereticorum
2334 3138 2687 3194 insultatione
2733 3136 2889 3190 iirma
2932 3140 2987 3187 et
3038 3127 3335 3185 immobilis

1741 3235 1890 3291 omni
1939 3242 2179 3303 tempore
2210 3231 2484 3301 persistet.
2519 3228 2614 3284 His
2660 3227 2731 3281 ita
2780 3222 3015 3297 peractis
3045 3219 3336 3291 diligenter

1742 3327 2114 3397 requirentes,
2161 3324 2213 3378 in
2240 3331 2431 3379 sancto
2458 3331 2658 3376 nostrae
2703 3325 2758 3373 et
2779 3312 3089 3387 apostolicm
3134 3306 3337 3365 scrinio

1745 3419 1939 3472 eadem
1967 3431 2087 3487 quae
2117 3423 2321 3470 sanctae
2360 3408 2749 3468 recordationis
2776 3400 3171 3477 predecessorii
3207 3413 3330 3454 meo

1744 3506 2006 3563 Silvesti‘o
2064 3516 2192 3563 sunt
2256 3490 2481 3567 directa,
2514 3500 2878 3573 septuaginta,
2934 3495 3076 3551 sicut
3124 3490 3332 3561 signiﬁ-

1741 3600 1936 3667 Castisf,
1974 3597 2207 3669 capitula
2235 3596 2405 3651 inlesa
2448 3592 2772 3649 invenimus.
2832 3589 2951 3658 ipsa
2977 3585 3121 3641 enim
3177 3582 3337 3640 vobis

1720 3698 1964 3760 propter
2015 3687 2396 3741 auctoritatem
2440 3693 2496 3737 et
2535 3679 2888 3749 scriptionem
2929 3676 3002 3707 ⁸⁸⁸
3062 3681 3334 3729 tantorum

1740 3786 1956 3847 patrum
1996 3784 2051 3830 et
2094 3775 2216 3845 ejus
2283 3772 2463 3842 magni
2517 3767 2731 3826 concilii
2778 3765 3004 3821 minime
3035 3762 3331 3821 missimus;

1741 3866 1834 3921 sed
1891 3880 1989 3934 per
2049 3863 2240 3918 eadem
2295 3874 2480 3916 coram
2552 3854 2900 3928 apocrisiaris
2971 3850 3171 3905 vestris
3228 3847 3335 3903 alia

1742 3956 1977 4021 similia,
2033 3953 2268 4008 eundem
2336 3964 2623 4005 numerum
2692 3946 2993 4012 eademque
3039 3940 3112 3972 "‘
3143 3947 3199 3994 et
3253 3938 3336 4007 ip—

1742 4062 1857 4103 sam
1923 4042 2376 4112 subscriptionem
2451 4034 2828 4099 continentia,
2893 4031 3051 4086 vobis
3090 4028 3335 4083 scribere

1740 4144 1797 4191 et
1839 4136 1941 4190 sub
1981 4142 2127 4189 certa
2173 4128 2526 4200 stipulatione
2572 4125 2809 4180 mittere
2862 4119 3176 4175 curavimus
3229 4136 3249 4169 ι
3279 4126 3335 4169 et

1742 4216 1970 4294 reliqua.
2005 4221 2135 4275 Data
2164 4228 2247 4275 est
2286 4218 2340 4273 9.
2374 4216 2493 4273 Kal.
2550 4210 2890 4275 Novembris,
2943 4207 3246 4277 Nepotiane
3278 4215 3337 4260 et

1742 4314 1998 4371 Fecundo
2019 4313 2153 4367 viris
2193 4308 2591 4366 venerabilibus
2618 4296 2939 4361 clarissimis
2983 4298 3324 4353 consulibus.

99 4416 176 4468 per
197 4404 364 4463 beatos
394 4410 539 4464 viros
589 4408 860 4464 Victorem
891 4415 948 4461 et
991 4406 1335 4462 Vincentium
1367 4405 1636 4476 presbite-
1670 4466 1709 4476 λ
1738 4434 1813 4446 -
1848 4403 2063 4459 Marcus
2096 4402 2233 4458 obiit
2275 4399 2414 4455 Non.
2456 4395 2774 4461 Octimbris,
2804 4401 2863 4449 et
2881 4392 3126 4462 sepultus
3165 4390 3219 4444 in
3250 4387 3331 4443 ci-

101 4497 491 4564 m<,apostolic:e
538 4496 952 4567 apocrisiarios,
989 4494 1156 4550 missa
1207 4502 1341 4549 sunt
1367 4466 1636 4563 .predicto
1670 4466 1717 4525 ι)
1743 4498 1963 4552 miterio
1991 4495 2248 4559 Balbinie,
2280 4492 2366 4546 via
2391 4489 2664 4545 Adriatiea
2685 4528 2701 4554 ,
2746 4485 2892 4557 quod
2920 4484 3038 4556 ipse
3066 4481 3333 4538 insistens

101 4596 221 4653 Papa
241 4587 516 4653 Siévestro,
554 4604 676 4644 cum
703 4587 1088 4658 astipulatione
1128 4586 1376 4650 subnixa,
1405 4582 1639 4653 capitula

104 4673 171 4729 70.
200 4676 326 4734 Sane
354 4682 693 4752 presentibus
721 4680 881 4736 nobis
901 4679 971 4735 80
988 4680 1042 4735 in
1074 4687 1372 4735 memorata
1403 4675 1638 4747 capitula

107 4770 294 4823 tractata
331 4780 453 4826 sunt
492 4772 716 4837 sinodo,
759 4770 971 4827 scilicet
1016 4771 1088 4825 40
1127 4784 1157 4823 a
1213 4767 1434 4834 Grecis,
1464 4767 1639 4822 Greca

106 4859 221 4914 edita
245 4861 400 4933 linga,
421 4873 481 4919 et
507 4863 580 4919 40
611 4880 641 4918 a
669 4863 881 4918 Latinis
907 4904 923 4929 ,
972 4862 1119 4917 edita
1163 4859 1373 4913 Latine.
1406 4858 1510 4913 Sed
1543 4857 1636 4910 Vi-

108 4961 201 5002 sum
238 4964 313 5008 est
352 4955 454 5011 518
507 4955 753 5024 patribus
784 4955 843 5009 in
868 4948 1116 5023 pi'edicto
1168 4950 1376 5019 Spiritu
1448 4959 1640 5003 sancto

110 5038 288 5105 repletis
317 5045 545 5101 concilio
586 5043 950 5116 congregatis,
979 5052 1037 5098 et
1065 5041 1304 5096 maxime
1348 5040 1463 5110 jam
1498 5038 1643 5092 dicto

110 5128 371 5193 Alexandro
417 5146 472 5193 et
524 5138 838 5209 apostolica}
902 5134 1284 5209 apocrisiaris,
1342 5141 1404 5189 ut

111 5224 314 5254 ινηιιῖιι-ιαι
365 5232 569 5254 -.λιι-...-

1452 5131 1643 5188 decem

998 5244 1097 5256 ..ι-Α
1133 5226 1387 5256 annnam-:5
1425 5223 1477 5256 ἶιι
1510 5221 1642 5256 lania

1744 4589 1894 4645 fecit.
1937 4588 2132 4660 (Anon.
2159 4585 2352 4655 Mart.)

1812 4679 1992 4734 Julius
2016 4693 2152 4748 papa
2178 4676 2271 4732 55.
2311 4683 2425 4744 post
2454 4671 2670 4726 Petrum
2712 4667 2996 4723 ordinatur
3016 4704 3030 4731 ,
3057 4664 3149 4735 qui
3194 4661 3330 4718 sedit

1742 4762 1895 4827 anuis
1920 4769 2009 4833 l6,
2047 4768 2308 4823 mensibus
2345 4766 2380 4820 9
2404 4762 2703 4836 [Feliciano
2733 4757 3021 4829 consule].'

1812 4857 1936 4912 550.
1978 4857 2069 4910 29.
2098 4850 2411 4926 [cccxrvm]
2453 4843 2978 4919 (llten.)l~‘elicianus
3002 4851 3050 4896 et
3070 4840 3332 4895 Titianus.

1746 4948 2063 5004 Callocerus
2092 4945 2146 5000 in
2174 4942 2354 5014 Cypro
2384 4953 2474 4992 res
2514 4944 2683 4991 novas
2712 4933 2952 4996 molitus,
2978 4931 3334 5000 opprimitur.

1746 5040 2142 5095 Constantinus
2162 5049 2282 5087 cum
2314 5028 2499 5084 liberis
2547 5027 2661 5082 suis
2696 5022 3025 5079 honoriﬁcas
3050 5021 3123 5076 ad
3162 5021 3340 5075 Anto-

1749 5132 1899 5188 nium
1928 5129 2141 5184 litteras
2163 5124 2346 5180 mittit.

1819 5220 1913 5256 aut
1980 5219 2050 5258 an
2109 5212 2383 5258 tri-cuni
2460 5207 2671 5258 (limini
2710 5203 2877 5258 Ursus
2952 5209 3000 5254 et
3044 5197 3338 5255 Polemius.
