3926 5326
554 284 661 340 703

1897 292 2181 348 MARIANI
2224 292 2464 349 SCOTTI

3721 298 3817 353 ’ἴω

538 390 680 460 ἠυε.
712 397 797 452 vir
822 398 1090 461 disertus,
1142 389 1414 468 prefeetus
1435 402 1702 475 preten'o,
1743 403 1943 458 Callias
1975 405 2130 474 regit.
2164 414 2208 466 Λ
2238 414 2354 456 laus
2375 403 2431 456 2.
2458 402 2847 461 Constantinus
2898 378 3095 459 bellum
3137 403 3291 459 fratri
3345 403 3612 468 inferens,
3661 405 3815 475 juxta

555 486 873 544 Eustathius
899 487 1553 560 Constantinopolitanus.
1575 494 1918 565 agnoscitur;
1984 494 2140 565 cujus

558 578 829 645 industria
850 578 1239 647 .llicrusolimis
1273 581 1578 637 martirium
1629 591 2007 640 constructum
2031 596 2131 639 est.

627 665 753 720 552.
793 664 880 721 51.
923 665 1174 741 [cccxxx]
1216 667 1399 739 (Socr.
1446 669 1972 741 Ssv.),Coustamius
2013 674 2049 729 2
2089 682 2137 729 et

558 756 838 811 Constans.
865 754 1013 825 (.Vita
1037 753 1094 810 S.
1122 755 1312 829 Mart.)
1366 756 1629 831 [Sanctus
1686 759 1954 818 Martinus
2010 778 2138 818 cum

557 854 704 907 esset
728 861 996 902 annorum
1020 847 1108 913 15,
1142 858 1330 920 raptus
1359 862 1414 906 et
1438 858 1740 916 catenatus.
1774 855 2139 911 sacramentis

560 936 893 999 militaribus
915 939 1222 1009 implicatus
1248 949 1354 1008 est,
1379 959 1488 999 uno
1503 951 1712 999 tantum
1729 960 1890 1001 servo
1920 947 2136 1004 comite.

558 1027 634 1098 (c.
655 1028 735 1100 2.)
768 1028 905 1084 Cum
923 1031 1071 1097 enim
1092 1044 1238 1090 esset
1264 1034 1501 1091 edictum
1543 1052 1575 1093 a
1601 1038 1843 1108 regibus,
1892 1048 1951 1093 ut
1986 1050 2133 1095 vete.

500 1124 505 1131 ‘
559 1134 821 1183 ranarum
848 1119 942 1175 lilii
978 1123 1047 1178 ad
1094 1124 1343 1181 militiam
1391 1127 1853 1195 describerentur,
1892 1130 2142 1202 prodidit

558 1206 853 1263 Martinam
912 1220 1069 1280 pater
1120 1229 1275 1279 suus,
1326 1216 1420 1283 qui
1475 1215 1727 1274 felicibus
1787 1219 1881 1274 lilii
1929 1220 2142 1276 actibus

559 1297 858 1355 invidebat.
917 1298 1235 1359 Triennium
1280 1304 1397 1365 fet'e
1446 1316 1577 1364 ante
1611 1308 1941 1377 baptismum
1972 1310 2027 1365 in
2060 1327 2146 1367 ar-

562 1386 667 1441 mis
698 1387 820 1453 fuit,
848 1390 947 1454 sed
976 1390 1235 1448 innocens
1279 1410 1310 1448 a
1360 1397 1530 1452 vitiis.
1585 1399 1658 1469 (c.
1681 1397 1761 1468 5.)
1813 1400 1959 1456 Intra
2005 1417 2144 1471 quos

565 1485 676 1531 tres
700 1492 874 1534 annos
900 1478 1138 1536 dimedio
1166 1481 1397 1540 clamide
1419 1486 1592 1543 induit
1638 1488 1937 1547 Christum.
1966 1493 2037 1563 (c.
2061 1492 2140 1563 2.)

560 1564 681 1635 Ipse
706 1576 974 1623 armatam
1006 1571 1253 1629 militiam
1292 1574 1363 1629 ab
1399 1575 1760 1634 adolescentia
1799 1581 1941 1636 inter
1964 1582 2143 1637 scola-

564 1668 654 1709 res
679 1654 795 1710 alas
815 1656 915 1713 sub
943 1673 1067 1729 rege
1090 1660 1424 1731 Constantio,
1443 1666 1564 1722 dein
1590 1667 1691 1723 sub
1711 1667 1928 1726 Juliano
1952 1685 2145 1727 cesare

2240 490 2583 560 Aquilegiam
2602 492 2887 558 occiditur.
2917 490 3079 549 Vario
3102 502 3299 553 eventu
3333 493 3628 549 adversum
3651 491 3821 549 Prae-

2240 593 2334 634 cos
2361 593 2391 633 a
2421 579 2718 636 Constante
2759 591 3068 652 pugnantur
3102 582 3189 634 ³⁸⁸.
3218 581 3403 653 (Socr.
3436 581 3599 652 Ser.)
3643 581 3820 639 Multa:

2241 668 2468 724 orientis
2515 668 2679 723 urbes
2728 679 2873 725 terre
2929 681 3078 725 motu
3145 672 3394 727 horribili
3439 672 3819 727 conciderunt.

2242 758 2504 831 [Sanctus
2525 761 2590 792 ¹⁶¹
2608 758 2873 816 Martinus
2899 800 2914 826 ,
2962 776 3086 817 cum
3114 769 3258 817 esset
3301 775 3578 815 annorum
3620 760 3818 816 duode-

2203 866 2206 869 λ
2244 851 2455 921 viginti,
2481 852 2788 921 baptizatus
2813 861 2919 917 est,
2968 861 3025 908 et
3053 861 3328 908 transacto
3379 851 3707 909 tribunatus
3741 852 3817 909 sui

2242 947 2504 1008 tempore,
2534 938 2970 995 renuntiaturum
2991 950 3053 999 se
3070 940 3263 996 secqu
3276 939 3563 1009 promisit;
3590 948 3649 995 et
3690 954 3821 1010 pene

2241 1029 2517 1085 biennium
2532 1028 2836 1099 baptizatus
2850 1030 3070 1085 nomine
3097 1038 3308 1089 tantum
3328 1026 3621 1100 militavit]
3644 1027 3726 1098 (c.
3746 1028 3818 1097 5.)

2240 1119 2299 1175 In
2325 1119 2583 1176 decretali
2624 1119 2852 1191 epistola
2883 1120 3028 1183 beati
3057 1119 3367 1190 Juliipapze
3413 1120 3496 1182 ita
3545 1120 3817 1183 habent:

2248 1210 2361 1265 t.ln
2407 1212 2628 1267 nomine
2673 1212 2880 1267 domini
2933 1210 3029 1268 Dei
3084 1210 3378 1268 salvatoris
3429 1209 3649 1267 nostris
3697 1208 3817 1265 Iesu

2242 1301 2471 1368 Christi,
2520 1304 2913 1374 imperantibus
2936 1319 3154 1374 quoque
3179 1303 3549 1361 Constantino
3562 1309 3628 1359 .et
3655 1301 3819 1359 Cous-

2247 1396 2396 1445 tante
2415 1390 2660 1459 angustis
2680 1405 2825 1445 anno
2850 1388 2906 1455 4,
2930 1389 3033 1445 sub
3055 1389 3145 1446 die
3168 1388 3224 1444 8.
3260 1387 3637 1451 Kalendarum
3659 1386 3817 1442 Octo-

2246 1479 2445 1545 brium,
2471 1480 2763 1539 indictione
2780 1488 2957 1544 sexta,
2987 1477 3301 1550 presidente
3320 1486 3525 1535 saneto
3545 1492 3615 1532 ac
3634 1476 3820 1532 beatis-

2247 1570 2389 1626 simo
2413 1568 2558 1626 Julio
2580 1585 2722 1642 papa
2745 1571 2894 1629 sedis
2919 1569 3229 1641 apostolicae
3277 1569 3435 1625 urbis
3458 1567 3683 1641 Rom.
3700 1581 3817 1636 ps'o-

2248 1660 2471 1730 possitis
2491 1663 2853 1719 sacrosanctis
2877 1672 2935 1718 et
2958 1661 3359 1721 venerabilibus
3398 1658 3731 1730 evangeliis,
3772 1659 3817 1711 is

567 1743 864 1818 militavit.)
917 1748 1123 1822 (11.33,)
1173 1752 1561 1815 consmninus
1610 1759 1702 1826 εστ,
1747 1771 1996 1818 “nemo
2019 1765 2145 1823 νίιω
2177 1753 2219 1805 Β
2246 1749 2460 1807 atelesia
2489 1751 2698 1809 domini
2746 1752 2842 1806 Dei
2896 1751 3186 1819 salvatoris
3236 1749 3414 1807 nostri
3450 1747 3591 1804 Iesu
3634 1747 3818 1802 Christi

488 1866 500 1877 ο
570 1848 685 1928 stne
713 1844 959 1928 tempore
985 1841 1052 1895 ab
1079 1842 1694 1910 EusebioNicomidensi
1719 1852 1977 1925 episeopo
2011 1855 2147 1928 bap-

574 1923 817 1992 tistatus,
860 1926 915 1981 in
956 1929 1251 1995 Arrianum
1285 1935 1480 2006 dogma
1521 1939 1774 1995 declinat.
1809 1923 2033 2013 Quoque
2060 1923 2152 2001 us-

567 2028 676 2081 que
703 2013 758 2069 in
785 2029 1011 2085 presens
1045 2029 1256 2093 tempus
1289 2027 1625 2084 teclesiarum
1664 2032 1869 2100 rapina:
1907 2043 1964 2089 et
1989 2035 2151 2092 totius

568 2103 719 2159 orbis
740 2112 826 2161 est
848 2118 1035 2165 secuta
1063 2112 1355 2171 discordia.
1376 2116 1769 2177 Constantinus
1798 2138 1922 2178 cum
1955 2124 2151 2182 bellum

568 2204 788 2285 pareret
835 2197 890 2256 in
937 2200 1158 2274 Persas,
1188 2206 1242 2269 in
1286 2209 1542 2277 Acirone,
1577 2212 1705 2266 villa
1758 2214 2149 2285 publicajuxta

567 2282 956 2359 Nicomediam,
1007 2295 1256 2350 moritur.
1285 2297 1602 2357 Theodorus
1638 2282 1927 2375 episcopus
1970 2282 2024 2361 in
2055 2308 2153 2363 tri-

567 2374 763 2445 pertita
809 2378 1037 2437 bistoria
1071 2384 1181 2439 sic‘
1221 2402 1237 2441 :
1269 2386 1659 2449 Constantinus
1680 2392 2152 2462 Nicomediam,in

570 2464 847 2524 Acltirone
873 2471 1027 2537 villa,
1065 2483 1356 2547 postquam
1390 2479 1700 2539 babtizatus
1728 2485 1799 2539 sit
1826 2485 1894 2541 ab
1916 2486 2154 2549 Eusebio

539 2552 966 2650 ‘Nicomedense
1027 2565 1278 2640 episcopo
1330 2568 1605 2641 Arriano,
1651 2573 1816 2630 etiam
1859 2576 2015 2633 obiit.
2055 2578 2151 2650 (cf.

570 2659 654 2738 tu,
682 2646 795 2738 i5.)
819 2647 940 2707 Obit
965 2653 1036 2686 ³⁵⁸
1059 2664 1239 2712 autem
1270 2674 1415 2714 anno
1455 2660 1543 2716 66.
1581 2664 1782 2732 aetatis,
1814 2665 2029 2738 imperii
2059 2646 2149 2736 51,

570 2735 656 2791 die
683 2737 771 2793 25.
801 2743 1005 2798 mensis
1035 2744 1180 2814 Maii,
1213 2748 1299 2805 bis
1326 2751 1657 2808 consulibus.

644 2827 900 2902 [answs
921 2835 1048 2909 sic.]
1069 2836 1422 2895 Romanorum
1448 2841 1538 2897 45.
1568 2842 1908 2900 Constantius
1924 2845 2152 2918 impera-

572 2927 653 2970 lar
671 2936 811 2974 anno
843 2922 909 2976 ab
961 2922 1100 2980 Urbe
1126 2926 1285 2982 1091.
1328 2945 1450 2985 cum
1487 2931 1845 2991 Constantino
1891 2945 1946 2992 et
1981 2935 2154 2993 Cous-

574 3016 723 3087 tante
754 3010 1012 3071 fratribus
1034 3019 1149 3073 suis
1177 3020 1404 3092 adeptus
1451 3033 1535 3078 est
1568 3024 1878 3095 imperium,
1910 3028 2053 3097 quod
2080 3026 2150 3081 27

573 3099 730 3155 annis
763 3103 955 3170 tenuit,
980 3106 1082 3162 hoc
1110 3116 1196 3163 est
1217 3124 1387 3178 usque
1414 3111 1466 3165 in
1500 3128 1740 3168 mensem
1766 3113 2149 3182 Novembrem,

575 3189 629 3244 in
659 3205 804 3248 anno
824 3193 950 3249 545.
997 3206 1121 3268 post
1169 3202 1496 3269 passionem,
1527 3203 1613 3259 bis
1642 3203 1975 3271 consulibus,
2018 3206 2152 3262 Cas-

575 3280 793 3337 SlOtiOI‘O
823 3293 979 3341 teste.

650 3372 777 3428 555.
818 3376 868 3429 1.
899 3374 1173 3452 [cecxxxr]
1233 3381 1438 3454 (HIER.)
1467 3385 1766 3455 Aryndinus
1792 3397 1839 3440 et
1869 3387 2149 3445 Proculus.

576 3462 837 3519 Ablabius
852 3468 1127 3537 prefectus
1148 3472 1383 3542 pretorio
1404 3484 1460 3530 et
1475 3474 1625 3530 multi
1659 3475 1921 3531 nobilium
1937 3479 2156 3537 occissi.

486 3566 493 3577 '
542 3616 543 3623 γ
581 3556 757 3625 Sapor
788 3573 883 3615 rex
907 3558 1228 3630 Persarum,
1265 3566 1648 3641 Mesopotamia
1680 3580 1913 3641 vastata,
1943 3572 2157 3629 duobus

579 3646 751 3703 ferme
777 3651 1053 3717 mensibus
1078 3653 1286 3715 Nisibin
1331 3659 1567 3715 obsedit.
1601 3660 1898 3731 Dalmatius
1949 3678 2153 3731 cessar,

578 3753 737 3807 quem
787 3750 1012 3811 patruus
1060 3744 1445 3806 Constantinus
1504 3762 1808 3811 consortem
1860 3755 2012 3826 regni
2051 3752 2157 3809 filis

544 3887 549 3893 _
579 3830 959 3902 dereliquerat,
990 3835 1227 3895 factione
1250 3840 1554 3909 Constantii
1572 3845 1833 3913 patruelis
1856 3857 1910 3902 et
1926 3846 2155 3903 tumultu

578 3920 799 3979 militari
847 3925 1194 3984 interimitur.
1249 3930 1486 3995 Iacobus
1529 3934 1820 3992 Nisibenus
1870 3919 2157 4007 episcopus

576 4015 894 4082 agnoscitur
920 4032 938 4084 ;
964 4018 1031 4073 ad
1073 4018 1227 4090 cujus
1262 4037 1453 4093 preces
1501 4040 1632 4097 sepe
1679 4028 1809 4083 urbs
1837 4028 2156 4084 discrimine

576 4100 804 4161 liberata
823 4116 929 4163 est.

604 4226 618 4237 ε
649 4195 775 4253 554.
809 4198 865 4255 2.
894 4198 1189 4273 [cccxxxul
1239 4204 1446 4276 (litata)
1486 4207 1831 4266 Marcellinus
1868 4221 1918 4265 ct
1968 4208 2158 4273 Probi-

577 4302 698 4341 mts.
730 4288 810 4344 Ex
839 4290 945 4348 boc
970 4291 1088 4351 loco
1110 4295 1359 4365 impietas
1399 4299 1637 4365 Arriani,
1660 4299 1963 4361 Constantii
2014 4302 2159 4380 regis

2250 1854 2373 1909 quae
2400 1851 2625 1896 vocatur
2651 1839 3028 1908 Constantina,
3079 1838 3461 1897 resedentibus
3505 1836 3819 1899 etiam_riris

2251 1928 2646 1987 uenerabilibus
2665 1931 2976 2001 pariterque
2996 1946 3120 1989 cum
3140 1944 3208 1986 eo
3235 1929 3618 1994 audientibus,
3667 1926 3820 1982 Bene-

2251 2020 2396 2076 dicto
2438 2020 2736 2090 Aquiliensi
2787 2021 3058 2093 episcopo,
3092 2020 3231 2077 Rufo
3275 2017 3603 2079 sanctisimo
3650 2015 3822 2071 Farn-

2251 2111 2416 2166 niano
2457 2112 2742 2183 episcopo,
2784 2111 3015 2184 Agapito
3062 2106 3393 2167 Ravennatis
3440 2107 3682 2167 adesim
3722 2107 3819 2177 epi-

2252 2203 2598 2277 scopo,Julio
2623 2204 3012 2262 ﬂedola‘nensis
3033 2204 3259 2261 aeclesire
3282 2204 3574 2274 episeopo,
3600 2201 3819 2258 Lucina

2253 2295 2632 2351 Maurianensc
2657 2295 2913 2367 episcopo
2934 2303 2987 2351 et
3010 2295 3233 2365 reliquis
3262 2294 3496 2373 cumeis
3527 2302 3818 2350 centunsc

2255 2389 2440 2443 decem
2479 2396 2534 2441 et
2574 2401 2667 2441 sex
2698 2386 2994 2456 episcopis,
3020 2383 3196 2441 Julius
3221 2384 3505 2455 predictus
3557 2381 3818 2439 sanctissi-

2255 2493 2377 2532 mus
2427 2478 2576 2532 urbis
2634 2477 2822 2533 Romae
2894 2477 3183 2548 episcopus
3238 2476 3395 2539 dixit,
3424 2493 3445 2527 ι
3501 2481 3565 2529 et
3633 2473 3813 2541 reliqua

2254 2568 2442 2640 (Cane.
2470 2567 2513 2635 l,
2543 2584 2596 2638 p.
2627 2567 2776 2637 567).
2798 2566 2989 2623 Annus
3019 2567 3201 2637 itaque
3226 2573 3460 2635 quartus
3486 2563 3813 2621 Constantini

2256 2661 2596 2731 imperatoris
2621 2670 2774 2716 sexta
2816 2667 2934 2716 erat
2957 2658 3275 2725 indictione,
3303 2657 3397 2727 qui
3425 2665 3518 2711 est
3545 2670 3723 2711 annus
3741 2653 3811 2709 98.

2256 2752 2433 2824 Magni
2474 2753 2835 2818 Constantini,
2877 2752 3032 2823 juxta
3073 2751 3346 2808 cronicam
3386 2750 3615 2805 Eusebii
3634 2749 3715 2803 vel
3734 2747 3812 2800 Be-

2255 2846 2357 2908 dte,
2400 2846 2786 2901 incarnationis
2808 2853 2987 2900 autem
3019 2843 3315 2901 secundum
3349 2842 3689 2898 Dionissinm
3710 2840 3811 2893 555.

2306 2935 2450 3001 556.
2489 2935 2544 2991 ι.
2569 2934 2874 3007 [cccxxxrv]
2899 2933 3103 3006 (litem)
3122 2930 3461 2987 Placidus’“
3483 2940 3537 2984 et
3560 2928 3811 2984 Romuli.

2255 3026 2475 3082 Audeus
2499 3026 2553 3080 in
2582 3022 2744 3097 Syria
2764 3023 2903 3080 cmle
2948 3024 3127 3079 clarus
3153 3022 3402 3088 habetur;
3432 3035 3466 3076 a
3493 3035 3609 3090 quo
3638 3018 3815 3075 heresis

2254 3117 2547 3264 Augé;?a5..
2576 3204 2863 3279 [cccxuv]
2917 3203 3122 3277 (illam)
3170 3202 3418 3259 Leontius
3459 3213 3509 3258 et
3547 3200 3810 3260 Salustius.

2256 3296 2449 3351 Franci
2477 3311 2506 3349 a
2537 3295 2832 3350 Constante
2867 3302 2994 3349 sunt
3029 3292 3352 3363 perdomiti,
3391 3300 3445 3346 et
3476 3306 3584 3362 pax
3611 3305 3729 3345 cum
3752 3290 3813 3343 eis

2254 3387 2417 3444 facta.
2446 3388 2809 3455 Hermogenes
2832 3386 3089 3458 magister
3117 3384 3320 3438 militiae
3368 3378 3811 3450 Constantinopoli

2259 3485 2464 3535 tractus
2491 3493 2525 3531 a
2544 3477 2742 3551 populo
2758 3517 2772 3543 ,
2792 3477 2863 3532 ob
2896 3476 3206 3547 episcopum
3230 3472 3483 3539 Paulum,
3514 3487 3679 3544 quem
3698 3469 3811 3539 regis

2258 3570 2486 3640 imperio
2505 3577 2560 3624 et
2579 3568 2934 3624 Arrianorum
2965 3566 3200 3623 factione
3225 3564 3483 3637 pellebat.
3535 3561 3811 3627 Antiodux

2258 3662 2591 3720 dominicum
2617 3662 2857 3719 Aureum
2887 3660 3191 3729 dedicatur.

2506 3753 2661 3826 [ϐοά.
2693 3754 2748 3808 in
2775 3767 2970 3829 marg;
2990 3750 3168 3807 Ciclus
3193 3749 3324 3804 solis
3352 3745 3599 3819 incipit.[

2330 3844 2455 3901 558.
2494 3845 2547 3901 6.
2590 3843 2899 3918 [cccxxxvn]
2939 3842 3143 3916 (Ηιειι.)
3174 3839 3521 3899 Constantius
3555 3838 3594 3893 ι
3625 3845 3671 3890 et
3700 3832 3810 3889 Caro
3868 3844 3877 3849 ‘

2259 3950 2405 3997 stans
2425 3942 2477 3998 5.
2503 3939 2852 3998 Macedonius
2873 3941 3011 3996 artis
3034 3938 3279 4010 plurima:
3306 3938 3362 3992 in
3392 3937 3578 3993 locum
3602 3932 3740 3990 Pauli
3756 3930 3811 3984 ab

2258 4033 2507 4091 Arrianis
2535 4033 2819 4103 episcopus
2842 4030 3185 4102 subrogatur;
3212 4044 3245 4084 a
3267 4043 3376 4098 quo
3401 4026 3644 4083 beressis
3662 4023 3811 4079 lace

2259 4124 2511 4180 doniana.
2543 4123 2745 4180 Paulus
2771 4119 3331 4192 crudelitateprefecti
3353 4119 3433 4151 m
3452 4117 3684 4189 Philippi
3706 4116 3807 4170 nam

2260 4215 2441 4270 fautor
2492 4214 2789 4271 Macedonii
2837 4216 3070 4287 partium
3114 4222 3235 4269 erat
3278 4242 3353 4253 —
3392 4221 3454 4267 et
3486 4212 3808 4269 Arrianorlm

2261 4306 2473 4363 insidiis
2489 4307 2880 4376 strangulatur.

579 4378 712 4432 Ῑ¹¹¹ιτ¹
756 4383 1029 4481 Wes-idin,
1049 4388 1249 4455 exiliis,
1279 4392 1590 4481 carceribus
1614 4402 1669 4449 et
1699 4394 1866 4449 rariis
1912 4378 2157 4451 amictio-
2190 4423 2237 4481 υ
2332 4400 2458 4457 559.
2497 4401 2551 4455 7.
2584 4395 2915 4472 [cccxxxvn]
2957 4395 3164 4467 (Ηικιι.)
3187 4394 3470 4449 Amantius
3506 4403 3557 4448 et
3599 4388 3805 4445 Albim.

580 4484 712 4525 num
749 4473 945 4531 modiis
963 4476 1032 4507 '"
1057 4478 1290 4546 primum
1322 4479 1705 4551 Athanasium,
1732 4485 1932 4542 deinde
1958 4500 2151 4541 omnes

581 4574 687 4612 non
712 4576 823 4615 sum
843 4564 1013 4631 partis
1033 4566 1315 4638 episcopos
1364 4585 1640 4639 persecuta
1695 4584 1801 4631 est.
1849 4573 2153 4647 [Iuliusque

582 4663 717 4717 papa
750 4649 851 4707 fuit
876 4652 928 4707 in
948 4654 1353 4717 exilio'menses
1378 4660 1599 4729 decem;
1632 4665 1726 4720 sed
1754 4675 1879 4735 post
1926 4674 2156 4721 mortem

582 4739 889 4803 Constantii,
937 4748 1005 4802 ad
1049 4750 1232 4805 sedem
1284 4768 1408 4808 cum
1453 4754 1622 4825 gloria
1682 4756 2013 4830 revertitur].
2041 4758 2154 4829 (lib.

583 4840 724 4893 potu.
732 4841 752 4899 )

655 4929 775 4985 555.
814 4933 867 4988 5.
902 4935 1215 5010 [cccxxxttt]
1266 4940 1475 5012 (Ηιειι.)
1507 4944 1891 5001 (.‘onstantiusﬁ
1919 4957 1966 5001 et
1995 4946 2159 5000 Cous-

2262 4490 2586 4546 Maximinus
2608 4491 2894 4559 episcopus
2915 4487 3261 4543 Triverorum
3274 4484 3461 4541 clarus
3480 4483 3706 4540 habetur
3726 4482 3768 4541 ⁹;
3784 4492 3808 4527 ³

2262 4595 2370 4651 quo
2384 4580 2716 4637 Athanasius
2726 4579 3068 4635 Alexandriae
3079 4576 3388 4647 episcopus,
3401 4591 3531 4630 cum
3544 4589 3579 4629 a
3590 4573 3810 4629 Constan-

2264 4672 2339 4727 tio
2367 4679 2687 4742 quereretur
2713 4669 2783 4726 ad
2811 4682 3035 4740 penam,
3062 4666 3364 4722 honoriﬁce
3400 4673 3688 4733 susceptus
3727 4668 3806 4713 est.

2265 4764 2437 4833 Sapor
2463 4762 2751 4818 Persarum
2798 4775 2892 4816 rex
2945 4756 3273 4813 christianos
3324 4756 3690 4826 persequitur.
3725 4748 3805 4803 Ne-

2263 4853 2497 4909 cessaria
2522 4852 2594 4885 ¹⁸δ
2622 4853 2675 4907 in
2708 4850 2877 4907 Ponto
2920 4850 3199 4914 subversa,
3239 4854 3471 4916 excepta
3520 4842 3725 4899 aeclesia
3768 4844 3809 4889 el

2264 4946 2521 5015 episcopo
2538 4945 2841 5013 ceterisque
2872 4943 2966 5012 qui
3002 4942 3199 4999 ibidem
3226 4939 3431 5011 reperti
3456 4947 3601 4994 sunt.

1860 5146 2091 5201 VAlilA'l
2135 5144 2539 5202 LlCCTIONES.
