3926 5326
1339 145 1755 206 CIIRO‘NICON.
1790 164 1838 189 ιιι
1893 144 2022 199 LIB.
2062 144 2148 198 Ill.

3269 141 3380 197 706

339 278 431 328 ‘et
455 269 716 324 Martinus
746 264 1090 336 Moguntinus
1118 261 1422 336 episcopus,
1451 271 1680 336 quorum
1715 264 1758 322 Α
1791 253 1898 308 lilio
1925 253 2288 320 Constantini,
2321 251 2596 309 mensibus
2628 251 2692 306 10
2714 251 2990 322 proiectus
3019 252 3108 319 sit,
3128 255 3222 310 sed
3240 265 3365 325 post

333 353 570 409 tempore
607 331 1223 409 lﬂufratu'Colonelu]sis
1257 331 1494 385 creticus
1533 331 1686 409 dam-

325 398 528 482 pnaiur
584 410 713 482 add.
763 406 870 482 alia
897 398 1080 468 manu;
1109 398 1290 458 cadent
1316 415 1433 468 qua:
1463 398 1691 467 primam

332 475 535 547 scripsit
563 475 1022 531 continuationem.

180 595 313 650 360.
353 594 407 648 8.
449 586 798 663 [cccxuvnt]
839 585 1044 656 (Ιίιειι.)
1079 577 1691 637 Postconsul.Amantii

109 700 156 743 et
181 687 385 740 Albini.
423 684 670 738 Titianus
700 681 785 733 vir
809 680 1067 747 eloquens
1087 675 1452 746 prefecturam
1477 673 1546 704 ’⁸⁸
1578 687 1706 740 pre--

111 779 262 833 torio
291 776 435 846 apud
458 773 660 829 Gallias
689 771 1050 826 administrat.
1080 767 1414 823 Athanasius
1457 764 1525 818 ad
1559 763 1700 818 Con-

109 871 319 925 stantis
340 868 526 922 literas
554 862 935 918 Alexandriam
962 861 1241 930 redigitur.

184 959 317 1014 361.
358 957 411 1011 9.
441 951 754 1026 [cecxxxu]
806 951 1011 1016 illisu.)
1057 948 1281 1015 Ruﬁnus
1321 955 1369 1000 et
1419 943 1699 998 Eusebius.

109 1047 470 1104 Dirraebium
514 1051 657 1098 terre
684 1049 830 1095 tnotu
857 1039 1082 1100 corruit,
1109 1046 1174 1092 'et
1219 1036 1392 1090 tribus
1423 1034 1614 1088 diebus
1637 1047 1701 1086 ac

111 1140 376 1195 noctibus
398 1136 569 1190 Roma
611 1132 824 1187 nutavit
866 1131 960 1183 ηδ.
1009 1129 1368 1196 Ριυτίιιιωίιυθ
1398 1123 1704 1193 Campania:

115 1231 287 1286 urbes
309 1237 535 1282 vexata).

192 1321 324 1376 368.
370 1319 458 1374 10.
502 1313 711 1388 [που]
750 1310 955 1384 (ﬂiam)
989 1307 1264 1379 Philippus
1289 1315 1338 1362 et
1369 1305 1564 1362 Sallia.
1591 1303 1707 1358 Ma-

117 1411 251 1481 gnis
274 1409 354 1464 rei
386 1407 610 1478 puplica:
661 1401 916 1472 expensis
949 1400 1004 1453 in
1051 1397 1300 1452 Seleucia
1339 1394 1496 1450 Sirim
1518 1403 1706 1464 portus

117 1503 382 1558 emcitur.
409 1499 620 1553 Rursus
642 1496 817 1564 Sapor
836 1492 1010 1548 tribus
1033 1489 1312 1545 mensibus
1331 1487 1544 1544 obsidet
1573 1483 1707 1540 Nisi-

122 1595 243 1648 bin.
274 1590 539 1645 Eusebius
566 1587 897 1647 Emissenus,
916 1581 1160 1637 Arriana
1178 1576 1405 1647 signifer
1429 1574 1702 1638 factionis,
1738 1598 1781 1656 ις

123 1682 296 1738 multa
333 1677 648 1735 conscribit.
1334 1737 1346 1749 .

197 1774 328 1828 565.
366 1771 452 1825 tl.
495 1765 727 1841 [cccxu]
757 1763 963 1837 (illam)
995 1760 1262 1816 Lintenius
1306 1767 1356 1813 et
1408 1755 1706 1810 Calatinus.

125 1869 276 1924 Solis
289 1865 434 1920 facta
447 1872 532 1918 est
554 1860 808 1917 defectio.
839 1858 1047 1912 Bellum
1071 1853 1356 1909 Persicum
1384 1857 1708 1904 nocturnum

121 1959 272 2029 apud
292 1957 599 2026 Singaram,
629 1953 683 2005 in
705 1965 816 2020 quo
842 1949 975 2004 baut
995 1947 1214 2000 dubiam
1270 1941 1553 1997 victoriam
1579 1939 1713 1992 mili-

128 2061 246 2104 tum
273 2047 569 2104 stoliditate
595 2042 944 2114 perdidimus.
959 2037 1142 2107 Neque
1167 2049 1293 2090 vero
1318 2033 1462 2087 illum
1493 2032 1559 2065 ⁸⁵⁷
1577 2030 1713 2086 Con-

127 2140 336 2193 stantio
361 2152 428 2192 ex
455 2148 647 2190 novem
671 2130 849 2201 gravis
871 2127 1058 2198 prelis
1086 2134 1270 2180 contra
1295 2123 1490 2178 Persas
1515 2120 1712 2175 bellum

130 2230 259 2284 fuit.
284 2228 420 2282 Nam
451 2234 510 2279 ut
534 2223 638 2277 alia
668 2220 975 2281 obmittam,
992 2216 1190 2271 Nisibis
1209 2215 1454 2275 obsessa,
1480 2210 1714 2264 Bizabde

132 2333 190 2378 et
209 2321 406 2377 Amida
429 2329 602 2387 captaa
623 2324 768 2371 sunt.
783 2313 871 2368 40.
889 2311 1225 2366 Maxaminus
1235 2317 1358 2379 post
1379 2305 1712 2361 Macharium

137 2410 628 2468 llicrosolimarum
650 2405 937 2475 episcopus
952 2401 1200 2456 moritur.
1220 2398 1350 2452 Post
1375 2413 1535 2466 quem
1559 2395 1717 2451 aacle-

134 2505 280 2558 siam
299 2498 519 2554 Arriani
552 2496 836 2559 invadunt,
859 2493 913 2548 id
934 2490 1251 2547 estCirillus
1277 2486 1578 2552 Eutichius,
1598 2502 1716 2540 rur-

137 2608 232 2646 sus
253 2589 474 2644 Cirillus
499 2586 784 2645 Hireneus,
801 2583 964 2638 tertio
985 2580 1205 2637 Cirillus
1236 2579 1496 2641 Hilarius,
1521 2585 1716 2646 quarto

135 2680 387 2745 Cirillus;
431 2691 658 2746 quorum
708 2673 952 2736 Cirillus,
994 2686 1116 2727 eum
1167 2687 1200 2724 a
1247 2669 1480 2723 Maximo
1527 2667 1719 2722 fuisset

141 2771 414 2838 presbiter
442 2766 745 2824 ordinatus.
780 2772 836 2818 et
867 2771 990 2831 post
1019 2771 1250 2814 mortem
1294 2758 1411 2827 ejus
1463 2759 1513 2812 ei
1543 2757 1612 2787 ’⁸⁸
1648 2758 1716 2811 ab

141 2861 344 2917 Acacio
395 2859 650 2929 episcopo
677 2851 980 2910 Cesariensi
1011 2860 1066 2907 et
1093 2849 1292 2905 ceteris
1334 2849 1586 2904 Arrianis
1607 2849 1721 2918 epi-

1797 341 1918 412 ejus
1948 350 2180 396 mortem
2206 343 2272 396 ad
2301 357 2453 396 suam
2472 343 2656 396 sedem
2688 355 2960 396 reversus.

1869 434 2106 489 Liberius
2133 435 2222 489 51.
2255 452 2390 505 papa
2415 445 2528 505 post
2555 433 2770 487 Petrum
2796 434 3096 500 ordinatur,
3125 434 3214 505 qui
3242 434 3375 489 sedit

1798 526 1951 579 annis
1983 525 2067 579 18.

1868 615 1994 671 567.
2039 614 2126 669 15.
2170 588 2417 686 [ΩΕΟΧΙΝ]
2447 613 2653 684 (Ηιειι.)
2683 611 3018 668 Constantius
3046 613 3099 667 6.
3147 625 3193 668 et
3241 613 3382 669 Con-

1800 717 1946 761 stans
1972 707 2030 760 Q.
2061 705 2247 761 Gallus
2273 705 2506 767 Judzeos.
2541 705 2632 775 qui
2683 704 2982 759 interfectis
3029 719 3126 774 per
3173 714 3384 759 noctem

1804 797 2064 852 militibus
2095 811 2247 850 arma
2283 796 2348 848 ad
2379 795 2684 850 bellandum
2717 796 3079 858 iuvasscrant,
3123 796 3382 864 opressit,

1803 890 1959 944 cresis
2003 889 2074 925 ἠ
2114 887 2297 941 multis
2347 886 2624 939 hominum
2656 885 2873 939 milibus
2898 885 2972 915 ""
3003 898 3171 954 usque
3201 885 3266 938 ad
3298 883 3381 938 in-

1803 979 2025 1032 noxiam
2083 986 2318 1041 mtatem,
2360 983 2413 1030 et
2456 975 2702 1029 civitates
2751 989 2940 1028 eorum
2995 975 3386 1037 Diocesariam,

1808 1071 2154 1125 Tiberiadem
2205 1077 2260 1122 et
2312 1067 2605 1135 Diospolim
2653 1075 2708 1120 et
2758 1066 2990 1136 plurima
3035 1068 3228 1136 oppida
3282 1066 3388 1136 igni

1808 1162 2048 1216 tradidit.
2079 1159 2328 1215 Nonnulli
2367 1157 2625 1214 nobilium
2653 1157 2949 1212 Antiochiae
2979 1173 3008 1212 a
3035 1158 3189 1214 Gallo
3221 1158 3388 1213 inter-

1809 1251 1956 1307 fecti.

1877 1342 2000 1398 568.
2065 1339 2151 1395 16.
2222 1337 2490 1412 [θεοκινι]
2551 1338 2761 1408 (luem)
2825 1337 3162 1392 Constantius
3227 1341 3280 1394 7.
3342 1349 3390 1392 et

1807 1429 2068 1484 Constans
2097 1432 2149 1484 5.
2187 1429 2530 1498 Magnentius
2571 1428 2812 1495 Lugdoni
2859 1427 2913 1481 in
2954 1427 3153 1496 palatio
3179 1429 3392 1498 propria

1810 1535 1869 1576 se
1894 1537 2054 1574 manu
2087 1520 2361 1583 interﬁcit,
2395 1528 2450 1572 et
2483 1519 2796 1584 Decentius,
2834 1517 3004 1573 frater
3053 1518 3188 1587 ejus,
3232 1533 3392 1588 quem

1813 1618 1880 1671 ad
1908 1618 2133 1671 tuendas
2160 1617 2232 1647 ’⁷⁸
2253 1614 2460 1670 Gallias
2483 1629 2725 1668 cesarcm
2755 1613 3033 1676 misserat,
3062 1612 3199 1682 apud
3228 1611 3396 1665 Seno-

1814 1723 1912 1762 nas
1943 1707 2134 1777 laqueo
2165 1707 2330 1762 vitam
2361 1705 2559 1776 explet.
2585 1705 2899 1760 Gennadius
2951 1703 3184 1758 forensis
3210 1712 3396 1759 orator

1812 1797 2040 1868 insignis
2084 1795 2338 1850 habetur.
2394 1795 2692 1849 Minervius
2741 1793 3168 1866 Burdigallensis
3210 1792 3396 1848 rethor

1812 1882 2191 1940 florentissime
2221 1885 2394 1940 docet.

1883 1975 2006 2030 569.
2049 1977 2137 2030 17.
2196 1974 2488 2046 [cccxuu]
2523 1973 2730 2045 (Hii-3n.)
2768 1974 2997 2028 Arbitrio
3027 1985 3074 2028 ct
3105 1973 3398 2029 Lotlianus.

1812 2063 2001 2121 Gallus
2025 2080 2201 2130 cesar,
2229 2065 2558 2120 sollicitatus
2579 2081 2608 2120 a
2638 2065 2995 2120 Constantino
3033 2066 3284 2135 patrueli,
3312 2067 3402 2120 cui

1818 2158 1870 2211 in
1887 2158 2251 2227 suspicionem
2282 2147 2350 2211 ob
2366 2157 2636 2227 egregiam
2662 2156 2895 2210 indolem
2919 2165 3166 2220 venerat,
3188 2156 3404 2211 Histria:

1820 2249 2102 2303 occiditur.
2139 2248 2390 2303 Silvanus
2417 2247 2619 2302 Gallias
2651 2263 2736 2302 res
2768 2262 2936 2302 novas
2963 2248 3210 2314 molitus,
3226 2247 3294 2301 28
3317 2248 3404 2303 die

1817 2344 2089 2397 extinctus
2119 2351 2222 2396 est.
2254 2341 2564 2396 Victorinus
2594 2342 2777 2395 rethor
2826 2351 2881 2395 et
2926 2342 3169 2394 Donatus
3213 2355 3396 2407 gram-

1815 2433 2071 2495 maticus,
2112 2441 2398 2502 preceptor
2452 2446 2604 2485 meus
2658 2429 2720 2500 [i.
2753 2446 2799 2482 ε.
2830 2429 3175 2499 Hieronimi],
3210 2428 3395 2484 Roma:

1819 2523 2062 2593 insignes
2118 2523 2422 2586 bal‘cntur;
2460 2536 2492 2575 e
2540 2519 2736 2590 quibus
2784 2517 3092 2572 Victorinus
3139 2517 3300 2570 etiam
3351 2515 3403 2570 in

1821 2615 1937 2668 foro
1967 2610 2202 2676 Traiano
2233 2607 2727 2666 meruit.Pauliuus
2749 2617 2802 2661 et
2831 2606 3086 2661 Rodanus
3107 2604 3403 2660 Galliarum

1821 2704 2054 2772 episcopi
2094 2703 2145 2756 in
2175 2702 2397 2755 exilium
2423 2703 2489 2754 ob
2513 2699 2670 2754 fidem
2696 2698 2856 2753 trusi.

1891 2795 2015 2850 370.
2079 2794 2163 2847 18.
2226 2791 2541 2864 [caesum]
2598 2789 2805 2862 (illam)
2855 2788 3192 2843 Constantius
3247 2787 3300 2842 8.
3357 2797 3407 2841 et

1822 2883 2091 2938 Julianus.
2124 2880 2421 2934 Alcbimius
2447 2888 2501 2933 et
2534 2879 2788 2934 Delfiilius
2816 2880 3060 2932 rethores
3090 2878 3142 2931 in
3173 2879 3404 2947 Aquita-

140 2960 397 3032 ςωιηπῐε
439 2949 841 3031 Ιποωίῖίεΐείυῐ
873 2984 889 3020 t
936 2943 992 3009 si
1045 2940 1446 3036 ordinationem
1499 2937 1714 3036 imm“
1748 2931 1792 2993 Ο
1823 2931 2948 3031 111⁷65⁷-1ὶτενι1-Ἶε1ι1ἰέέ1111ξν(1065111.θοηθιιιεῃθ
2981 2981 3086 3036 quo
3117 2931 3275 3035 supra
3299 2967 3405 3019 Do.

143 3030 479 3124 repudiaret,
497 3051 758 3106 diaconus
779 3048 832 3103 in
857 3045 1072 3102 melesia
1100 3031 1460 3106 ministravit;
1477 3030 1546 3083 0b
1563 3045 1721 3097 (ιιιίιιη

142 3121 482 3216 impietatem
506 3139 798 3197 sacerdotii
827 3135 1079 3192 mercede
1095 3143 1375 3205 pensatus.
1392 3121 1723 3187 Heracliti").

143 3252 302 3304 quem
329 3234 572 3289 moriens
599 3230 868 3285 Maximus
890 3229 943 3283 in
969 3243 1124 3282 suum
1155 3225 1328 3280 locum
1349 3225 1725 3287 substituerat,
1773 3272 1780 3280 .

143 3327 295 3380 varia
325 3323 522 3379 fraude
545 3321 870 3386 sollicitans,
898 3319 966 3374 de
995 3318 1250 3388 episeopo
1274 3317 1327 3371 in
1364 3317 1723 3385 presbitetum

145 3414 472 3482 regradavit.

215 3507 374 3578 [ϐοά.
401 3506 455 3558 in
478 3520 673 3573 marg.:
697 3501 877 3558 Ciclus
898 3501 1125 3557 deeenn.
1154 3499 1242 3554 19.
1265 3499 1371 3553 itte.
1401 3496 1509 3550 ind.
1543 3495 1655 3566 15.]

213 3596 342 3651 564.
384 3595 476 3649 12.
519 3592 774 3666 [eccam]
803 3593 1006 3662 (Ibam)
1038 3590 1250 3660 Sergius
1271 3599 1317 3642 et
1358 3586 1726 3656 Nigridianus.

147 3686 460 3757 Magnentio
482 3684 624 3755 apud
651 3681 1113 3753 Augustodurium
1136 3679 1400 3748 aripiente
1422 3676 1728 3746 imperium,

147 3779 424 3831 Constans
453 3776 584 3828 haut
611 3773 768 3843 longe
806 3773 874 3826 ab
905 3769 1186 3839 Hispania,
1215 3770 1269 3821 in
1303 3778 1482 3824 castro
1505 3767 1593 3822 cui
1619 3765 1728 3820 He-

150 3852 285 3920 lena:
311 3879 510 3919 nomen
532 3871 637 3929 est,
670 3861 1016 3923 interficitur,
1041 3873 1184 3913 anno
1212 3858 1388 3912 aetatis
1411 3859 1500 3911 50.
1528 3857 1732 3923 Quam-

149 3957 334 4011 obrem
358 3955 574 4009 turbata
598 3969 655 4007 re
673 3951 908 4021 puplica,
935 3949 1188 4004 Vetranio
1215 3949 1284 3979 ¹⁶⁹
1313 3948 1526 4014 Mursze,
1555 3945 1733 4016 Nepo-

147 4049 332 4102 tianus
364 4045 552 4098 Romae
599 4043 955 4112 imperatores
991 4038 1115 4093 facti
1155 4040 1250 4093 "°.
1298 4039 1479 4093 Roma:
1505 4038 1733 4107 populus

147 4142 415 4195 adversus
467 4134 873 4206 Magnentiacos
926 4130 1214 4195 rebellans,
1288 4129 1357 4184 ab
1413 4128 1730 4182 Heracliada

146 4241 409 4288 senatore
437 4228 704 4300 proditur.
728 4224 1016 4295 Nepotiani
1051 4233 1214 4294 caput
1242 4223 1391 4293 philo
1421 4223 1488 4254 ²⁷¹
1513 4237 1612 4292 per
1639 4238 1733 4276 ur-

147 4325 270 4378 hem
296 4320 705 4383 circumlatum,
721 4318 1012 4388 multmque
1026 4316 1454 4388 proscriptiones
1476 4314 1734 4369 nobilium

149 4427 201 4470 et
226 4414 391 4469 cedes
423 4411 599 4466 factze.
1558 4454 1560 4456 τ

219 4504 349 4559 565.
392 4504 480 4557 15.
511 4499 790 4573 [eccum]
839 4499 1041 4573 (HIER.)
1093 4499 1216 4554 Post
1266 4497 1468 4553 consul.
1501 4495 1653 4567 Sergi
1690 4505 1740 4550 et

157 4596 489 4668 Nigridiani.
521 4593 841 4648 Vetranioni
890 4595 1029 4664 apud
1067 4593 1332 4647 Naussum
1360 4609 1390 4648 a
1418 4589 1738 4646 Constantio

157 4702 347 4757 regum
381 4686 592 4755 insigne
614 4685 917 4739 decretum.
946 4682 1286 4754 Magnentius
1315 4683 1510 4737 Mursae
1543 4683 1736 4746 victus;

161 4778 211 4830 in
251 4791 359 4847 quo
406 4775 581 4846 prelio
628 4773 891 4830 Romana:
935 4773 1074 4828 vires
1124 4774 1501 4830 conciderunt.
1531 4769 1738 4836 Gallus,

164 4867 461 4923 Constantii
489 4865 773 4937 patruelis,
804 4879 958 4920 cesar
988 4863 1184 4920 factus.

229 4959 352 5014 566.
399 4959 484 5012 li.
514 4956 786 5031 [cccxuv]
835 4955 954 5026 (Ae.
1009 4956 1196 5027 Mart.)
1246 4956 1582 5014 Constantius
1610 4956 1663 5011 5.
1692 4969 1737 5011 et

166 5049 419 5106 Constans
440 5069 565 5105 σιω.
589 5048 770 5104 Julius
794 5063 925 5118 papa
941 5050 1079 5104 obiit
1100 5049 1272 5119 pridie
1297 5052 1423 5107 ldus
1448 5047 1743 5114 Aprilis,et

166 5143 398 5213 scpultus
426 5151 508 5197 est
537 5141 625 5194 via
654 5137 893 5201 Aurelia,
943 5138 1172 5194 miliario
1199 5141 1266 5171 ’7'
1318 5143 1385 5196 ab
1429 5136 1570 5193 Urbe
1601 5137 1657 5193 5.
1691 5142 1741 5194 in

164 5233 424 5288 cimiterio
449 5227 752 5300 Calepodii.
782 5227 882 5293 Qui
934 5231 1031 5285 sub
1071 5227 1428 5286 Constantino
1481 5226 1742 5294 Arriano,

1828 3065 2081 3118 natianos
2113 3061 2164 3114 in
2207 3061 2406 3114 Alfrica
2463 3059 2571 3113 dici
2622 3053 3065 3122 memoravimus,
3123 3053 3410 3127 Cartagine

1825 3152 2060 3233 μςιίιωε,
2093 3150 2323 3225 Quidam
2346 3158 2646 3203 sectatores
2672 3146 2791 3216 ejus
2808 3144 3115 3200 Montenses
3126 3146 3409 3213 vocantur,

1830 3268 1895 3307 eo
1916 3252 2058 3321 quod
2082 3249 2349 3304 :eclesiam
2386 3247 2570 3300 Romae
2615 3237 2846 3314 primam
2896 3243 2948 3296 in
2998 3249 3182 3294 monte
3215 3239 3414 3292 habere

1829 3340 2118 3409 emperint.
2150 3333 2790 3393 EusebiusVercellensis
2817 3333 3103 3401 episcopus
3125 3329 3414 3384 etLucifer

1833 3447 1898 3486 ac
1950 3431 2225 3485 Dionisius
2280 3428 2605 3483 Caralitauze
2658 3434 2714 3480 et
2744 3424 3161 3479 Mediolauensis
3186 3423 3413 3476 reclesim

1832 3520 2092 3589 episcopi,
2146 3517 2471 3572 Pancratius
2507 3530 2721 3585 quoque
2751 3513 3032 3568 Romanus
3058 3512 3334 3581 presbiter
3360 3520 3417 3564 et

1833 3609 2073 3665 Hilarius
2101 3609 2385 3672 diaconus,
2413 3605 2742 3662 distantibus
2774 3603 2962 3676 iu[tcr]
2994 3619 3051 3658 se
3082 3606 3149 3658 ab
3170 3603 3418 3658 Arrianis

1834 3710 1888 3757 et
1914 3699 2231 3756 Constantio
2274 3698 2600 3752 damnantur
2646 3693 3193 3754 exiliis.——Julianus,
3243 3693 3416 3746 frater

1837 3788 1998 3852 Galli,
2023 3786 2305 3841 Mediolani
2339 3800 2495 3840 cesar
2519 3785 2844 3855 appellatur.

1905 3878 2030 3931 571.
2073 3875 2156 3930 19.
2192 3872 2463 3946 [cccsux]
2500 3873 2708 3945 (Hii-1n.)
2746 3871 3082 3926 Constantius
3119 3870 3171 3924 9.
3226 3871 3290 3923 et"
3319 3867 3417 3922 Ju-

1838 3970 2012 4023 lianus
2048 3967 2102 4020 2.
2143 3966 2407 4021 Antonius
2459 3965 2755 4020 monachus
2803 3962 2922 4017 105.
2968 3963 3144 4016 (etatis
3181 3974 3322 4013 anno
3362 3958 3415 4012 in

1839 4060 2048 4114 her-imo
2077 4057 2329 4123 moritur,
2361 4055 2552 4110 solitus
2578 4054 2764 4109 multis
2788 4055 2854 4108 ad
2883 4068 2941 4108 se
2981 4049 3325 4105 venientibus
3355 4051 3422 4104 de
3517 4083 3528 4092 ι

1839 4147 2007 4204 Paulo
2061 4147 2297 4218 quodam
2350 4145 2589 4210 Theheo,
2653 4145 2808 4199 mirae
2868 4141 3222 4198 beatitudinis
3275 4139 3417 4204 viro,

1842 4240 2048 4295 referre
2065 4257 2080 4305 ;
2097 4239 2251 4309 cujus
2281 4254 2378 4293 nos
2402 4239 2606 4292 exitum
2631 4238 2784 4292 brevi
2809 4237 2992 4291 libello
3009 4234 3420 4305 explicavimus.

1850 4330 2088 4384 Hilarius
2123 4329 2411 4399 episcopus
2451 4329 2803 4384 Pcetavcnsis
2860 4327 3094 4381 factione
3139 4324 3420 4380 Saturnini

1787 4453 1789 4455 ι
1848 4420 2431 4489 Arelatensis'episcopi
2454 4419 2889 4489 reliquorumque
2917 4419 3004 4489 qui
3031 4433 3151 4472 cum
3177 4433 3242 4472 eo
3266 4426 3424 4470 erant

1851 4511 2206 4565 Arrianorum
2237 4519 2363 4564 ante
2392 4509 2684 4564 triennium
2703 4509 2755 4561 in
2771 4507 3008 4575 Frigiam
3033 4504 3427 4576 pulsus,libros

1853 4603 1919 4658 de
1962 4610 2147 4656 nostra
2190 4601 2452 4672 religione
2480 4601 2772 4670 componit.
2803 4599 3062 4667 Reliquiae
3091 4597 3170 4629 ’⁷⁸
3199 4596 3430 4668 apostoli

1851 4691 2116 4746 Timothei
2169 4691 2670 4761 Constantinopolin
2717 4690 2961 4744 invecue.
3020 4687 3298 4752 Sarmata,
3327 4686 3430 4741 Ar-

1850 4790 1996 4838 mato
2022 4791 2076 4836 et
2122 4781 2448 4849 Macltarius,
2507 4781 2753 4852 discipuli
2808 4782 3026 4847 Antoni,
3060 4782 3304 4852 insignes
3331 4781 3434 4834 ha-

1851 4875 2070 4929 bentur.

1928 4967 2175 5021 Liberius
2204 4982 2340 5036 papa
2375 4965 2628 5021 Romana:
2653 4966 2894 5022 ecclesia:
2934 4966 2986 5020 in
3014 4963 3242 5019 exilium
3266 4957 3436 5016 mitti-

1855 5069 1965 5114 tur.
2003 5056 2144 5127 [Quo
2171 5058 2224 5112 in
2256 5056 2479 5112 exilium
2510 5058 2578 5112 ob
2609 5057 2765 5111 fidem
2798 5066 2964 5118 truso,
3013 5070 3205 5110 omnes
3249 5044 3439 5107 clerici

1849 5154 2194 5223 jnraverunt,
2243 5157 2306 5201 ut
2360 5148 2564 5202 nullum
2611 5148 2774 5202 alium
2826 5147 3183 5214 susciperent.
3237 5141 3442 5194 Verum

1855 5251 1984 5294 eum
2020 5235 2172 5290 Felix
2204 5237 2272 5291 ab
2296 5237 2541 5292 Arrianis
2564 5237 2753 5293 fuisset
2777 5237 2829 5290 in
2854 5231 3218 5290 sacerdotium
3235 5223 3442 5285 substi-
