3926 5326
517 243 620 299 707

517 360 681 416 tutus,
715 347 926 422 plurimi
983 343 1411 417 perjuraverunt,
1453 348 1508 393 et
1551 346 1672 409 post
1715 351 1913 391 annum
1946 350 2069 391 cum
2099 333 2148 392 Α

512 443 692 500 Felice
713 441 869 513 ejecti
893 448 1048 502 sunt;
1075 437 1195 505 quia
1220 435 1470 489 Liberius
1493 433 1637 487 tedio
1665 432 1839 486 victus
1861 430 2007 486 exilii
2033 439 2090 486 et

514 536 569 593 in
616 535 854 590 heretica
907 530 1177 602 pravitate
1222 524 1599 591 subscribens,
1649 523 1877 594 Romam
1933 521 2087 593 quasi

511 625 690 680 victor
715 623 1028 677 intraverat.
1054 617 1179 687 (An.
1204 614 1392 685 Mart.)
1428 613 1579 668 Felix
1603 621 1784 668 autem
1810 611 2090 682 depositus

514 714 583 770 de
608 715 921 785 episcopatu
952 725 1092 774 suo,
1135 706 1404 762 habitavit
1448 705 1501 759 in
1558 703 1800 773 prediolo
1848 717 1966 766 suo,
2002 702 2089 755 via

513 803 820 868 Portueusi,
844 802 936 855 ubi
965 800 1102 855 obiit
1124 800 1179 853 4.
1214 797 1332 871 Kal.
1366 794 1603 867 Agusti.]
1654 792 1858 864 (HIER.)
1886 792 2092 863 Magum

513 895 937 949 Alamannorum
966 890 1133 960 copiae
1173 888 1313 958 apud
1362 887 1786 957 Argentoratum
1834 884 2089 953 oppidum

512 984 704 1041 Galliae
727 998 755 1036 a
783 996 1003 1038 cessare
1028 979 1246 1035 Juliano
1272 992 1568 1048 oppressae.

582 1074 708 1130 572.
743 1073 832 1128 20.
871 1070 1046 1145 [CCCL]
1088 1069 1291 1141 (litem)
1335 1067 1573 1121 Titianus
1627 1076 1673 1119 et
1707 1064 1954 1118 Cerealis.
1996 1062 2095 1116 Sa-

512 1163 697 1218 raceni
731 1162 783 1217 in
806 1160 1196 1217 monasterium
1228 1157 1371 1213 beati
1415 1154 1616 1210 Antoni
1647 1154 1941 1218 irruentes,
1965 1151 2096 1208 Sar-

515 1260 716 1305 matam
743 1250 811 1281 ²⁷⁷
841 1245 1193 1303 interﬁciunt.
1243 1245 1561 1301 Constantio
1611 1244 1839 1299 Romam
1879 1244 2090 1314 ingres-

516 1342 599 1396 sio
629 1341 721 1407 ⁸⁷⁸,
750 1354 873 1395 ossa
906 1338 1135 1393 Andreae
1166 1337 1394 1406 apostoli
1427 1346 1480 1390 et
1519 1336 1679 1389 Lucan
1715 1334 2045 1404 evangelizae
2068 1350 2097 1388 a

517 1429 1128 1498 Constantinopolitanis
1157 1428 1296 1482 miro
1329 1426 1514 1480 favore
1538 1434 1819 1494 suscepta.
2011 1486 2017 1490 I

587 1518 745 1573 Felix
790 1535 926 1589 papa
956 1518 1046 1573 55.
1078 1529 1191 1587 post
1234 1515 1447 1570 Petrum
1482 1516 1786 1575 ordinatur.
1826 1513 1915 1584 qui
1965 1513 2098 1568 sedit

516 1624 656 1662 anno
688 1625 811 1663 uno.

1736 293 1742 300 ,
1809 295 1813 299 θ
1845 217 2138 299 uantAnt
2173 214 2417 274 SCOTTi

3686 193 3784 250 708

2244 327 2600 383 Romanorum
2633 299 2976 376 “Julianus
3002 316 3287 373 secundum
3321 329 3503 368 omnes
3533 315 3775 381 regnavit

2190 418 2344 471 annis
2365 415 2422 480 2,
2447 414 2706 468 mensibus
2744 411 2800 475 8,
2831 412 2926 463 hoc
2957 418 3032 462 est
3060 423 3219 476 usque
3241 404 3537 470 Kaleii,
3562 404 3617 456 in
3648 415 3786 457 sum

2195 510 2324 566 548.
2355 517 2477 579 post
2501 507 2830 577 passionem.
2873 503 2987 558 Sub
3015 516 3123 572 quo
3154 501 3207 556 hi
3236 499 3499 556 consules
3536 496 3779 558 fuerunt,

2199 608 2337 655 teste
2361 597 2705 652 Cassiodoro.
3558 608 3563 609 ί

2202 684 2205 687 ’
2261 689 2385 744 580.
2429 684 2771 758 l.[ccc1.vm]
2799 683 3003 755 (Ηιειι.)
3031 682 3283 736 Julianus
3302 682 3361 735 4.
3386 677 3782 733 V.C.consul.

2191 782 2405 837 Juliano
2426 782 2492 835 ad
2517 780 2782 835 idolorum
2827 778 2976 833 cultu
2998 792 3267 832 converso
3301 775 3503 831 blanda
3538 787 3787 843 persecu-

2194 874 2270 928 tio
2293 872 2413 937 fuit,
2443 872 2670 927 illiciens
2703 869 2873 940 magis
2893 884 3056 939 quam
3104 869 3336 938 impleas
3362 868 3437 901 ²⁸¹
3468 868 3542 921 ad
3570 866 3781 921 sacriﬁ-

2195 962 2458 1025 candum;
2492 961 2546 1014 in
2592 975 2697 1029 qua
2737 959 2892 1013 multi
2923 975 2989 1013 ex
3019 958 3222 1013 nostris
3251 957 3546 1010 voluntate
3568 954 3785 1025 propria

2196 1059 2538 1105 corruerunt.
2563 1049 2797 1120 Georgio
2823 1064 2920 1118 per
2949 1048 3271 1102 seditionem
3319 1045 3507 1116 populi
3538 1046 3783 1105 incenso.

2197 1143 2288 1213 qui
2322 1142 2579 1213 in;locum
2602 1140 2892 1195 Athanassi
2914 1137 3241 1194 abArrtanis
3271 1137 3457 1191 fuerat
3477 1137 3782 1199 ordinatus,

2196 1231 2525 1285 Athanasius
2575 1229 2955 1284 Alexandriam
3032 1229 3342 1282 revertitur.
3412 1226 3693 1281 Eusebius
3735 1234 3785 1280 et

2199 1321 2414 1377 Lucifer
2455 1323 2519 1377 de
2560 1322 2724 1376 exilio
2768 1321 3168 1392 regrediuntur.
3207 1320 3247 1373 E
3294 1319 3500 1388 quibus
3550 1317 3784 1380 Lua'fer,

2195 1407 2648 1468 adscitiSduobus
2663 1412 2785 1467 aliis
2811 1411 3234 1473 coufessoribus,
3261 1409 3576 1472 Paulinum,
3602 1409 3787 1464 Emta-

2201 1504 2286 1556 chi
2311 1497 2548 1573 episeopi
2578 1499 2961 1572 presbiterum,
2993 1502 3083 1572 qui
3110 1518 3169 1558 se
3189 1517 3473 1572 nunquan
3521 1502 3787 1555 heretico-

2204 1590 2322 1648 rum
2344 1593 2725 1649 communione
2756 1593 3041 1662 polluerat,
3070 1594 3134 1664 in
3164 1605 3318 1664 parte
3359 1593 3638 1648 chatolica
3688 1594 3786 1647 An-

882 1644 1077 1768 [ccccr]
1117 1693 1321 1765 illisa.)
1348 1654 1604 1747 Eusebius
1631 1705 1677 1747 et
1711 1691 1981 1762 Ilipatius.
2009 1645 2097 1745 Ni-
2127 1675 2171 1734 Β
2202 1684 2415 1738 liochite
2440 1644 2932 1754 episcopumrfacit.

517 1789 764 1844 comedia
800 1797 958 1843 terrae
990 1795 1136 1841 motu
1166 1785 1404 1849 funditus
1426 1799 1635 1848 eversa,
1653 1783 1847 1838 vicinis
1871 1782 2095 1837 urbibus

521 1893 583 1932 ex
617 1887 768 1948 parte
790 1877 1018 1932 vexatis.
1052 1875 1310 1929 Paulinus
1333 1875 1402 1907 ’⁷⁷
1429 1873 1776 1929 Triverorum
1809 1873 2097 1942 epiSCOpuS

519 1966 574 2021 in
605 1966 786 2036 Frigia
827 1966 1053 2021 exulans
1102 1965 1352 2019 moritur.
1403 1962 1505 2034 (cf.
1553 1978 1712 2033 supra
1752 1961 1770 2031 )
1804 1961 2099 2015 Evantbius

518 2056 921 2113 eruditissimus
938 2056 1422 2127 grammaticorum
1440 2052 2098 2133 Constautinopolindiem

520 2148 674 2216 obiit,
699 2148 751 2202 in
780 2146 935 2216 cujus
963 2148 1140 2203 locum
1171 2162 1237 2202 es
1268 2146 1452 2200 Africa
1502 2145 1764 2200 Chrestns
1792 2143 2098 2200 adducitur.

520 2270 588 2278 —
614 2237 866 2293 Liberius
892 2252 1030 2309 papa
1055 2239 1120 2292 de
1142 2236 1305 2291 exilio
1327 2237 1640 2291 revertitur.
1846 2286 1853 2287 κ
1881 2269 1887 2274 -
2062 2282 2065 2291 .

588 2329 712 2384 574.
751 2329 841 2384 22.
881 2329 1100 2401 [ςοεωι]
1152 2328 1363 2400 (“ll-SR.)
1414 2327 1753 2385 Constantius
1813 2329 1898 2384 10.
1943 2327 2002 2382 l’.
2038 2325 2099 2382 C.

518 2437 689 2475 conss.
723 2420 955 2476 Sinodus
983 2422 1123 2490 apud
1142 2420 1448 2475 Ariminum
1471 2429 1527 2475 et
1558 2420 1870 2476 Seleuciam
1898 2420 2103 2475 Isauria

523 2512 689 2579 facta,
716 2513 768 2568 in
797 2528 903 2582 qua
935 2512 1156 2582 antiqua
1189 2521 1407 2582 patrum
1450 2511 1583 2567 ﬁdes
1635 2512 1822 2568 decem
1870 2513 2103 2582 primum

522 2604 851 2675 legatorum,
883 2604 1106 2679 [dehinc
1138 2606 1383 2661 omnium
1408 2606 1647 2676 proditio
1684 2606 1939 2681 damnata
1973 2604 2101 2679 est].

522 2696 833 2753 Honoratus
872 2712 939 2752 ex
989 2696 1233 2768 prefecto
1285 2696 1526 2767 pretorio
1577 2695 1873 2752 Galliarum
1899 2697 2106 2765 primus

523 2785 990 2856 Constantinopoli
1017 2785 1297 2855 prefectus
1319 2786 1438 2840 urbi
1469 2784 1666 2840 factus.
1682 2784 2105 2855 Gratianus,qu

523 2892 669 2933 nunc
720 2877 1054 2948 imperator,
1108 2878 1374 2932 nascitur.
1436 2876 1677 2932 Hilarius
1733 2876 2107 2948 [Pictaviensis

523 2968 834 3040 episcopus]
879 2983 1000 3024 cum
1047 2954 1187 3037 apud
1217 2954 1748 3038 ConstantinOpolim
1782 2967 1981 3022 librum
2010 2983 2108 3038 pro

526 3074 585 3115 se
614 3058 936 3115 Constantio
967 3058 1326 3128 porrexisset,
1351 3058 1421 3113 ad
1442 3057 1648 3113 Gallias
1669 3058 1830 3113 redit.
1855 3056 2105 3114 Macedo-

524 3149 648 3205 nius
676 3149 1143 3230 Constantinopoli
1168 3148 1409 3218 pellitur.
1439 3147 1645 3204 Omnes
1672 3164 1810 3217 pene
1838 3158 1951 3204 toto
1972 3153 2106 3208 orbe

525 3240 752 3296 teclesia:
781 3241 882 3296 sub
905 3241 1123 3296 nomine
1149 3240 1301 3310 pacis
1325 3251 1380 3297 et
1424 3242 1567 3312 regis
1602 3243 1962 3298 Arrianorum
1983 3258 2108 3315 con—

525 3331 700 3386 sortio
722 3331 1022 3401 poliuntur.
1090 3382 1091 3385 η
1236 3356 1239 3361 ‹
1529 3362 1536 3371 .
1674 3362 1678 3367 .
1754 3362 1758 3367 .

597 3420 725 3474 575.
758 3420 850 3474 25.
893 3418 1133 3492 [cccuu]
1190 3421 1394 3494 ([llER.)
1446 3422 1695 3481 Julianus
1736 3424 1798 3480 V.
1833 3426 1893 3481 ϐ.
1937 3445 2105 3483 conss.

527 3512 996 3591 Constantinopoli
1029 3513 1365 3591 :eclesiarutn
1406 3517 1646 3570 maxima
1672 3517 1969 3574 dedicatur.
2003 3519 2112 3574 Me-

529 3599 690 3656 l‘etius
721 3601 984 3658 Sebastize
1009 3603 1385 3660 Armeniorum
1418 3606 1488 3637 "°
1517 3608 1584 3661 ab
1613 3607 1808 3679 Acatio
1837 3620 1891 3679 et
1924 3610 2102 3667 Geor-

527 3695 618 3763 gio
647 3695 914 3765 episcopis
957 3696 1206 3752 Arriani's
1253 3698 1601 3754 Antiochiam
1665 3701 2012 3759 transfertur.
2045 3704 2113 3759 Et

528 3793 652 3853 post
678 3797 787 3838 non
819 3785 1022 3855 grande
1049 3786 1307 3857 temporis
1354 3788 1725 3857 intervallum,
1750 3807 1873 3847 cum
1902 3794 2111 3862 presbi-

532 3879 681 3928 teros
708 3873 801 3942 qui
831 3874 899 3929 ab
923 3873 1165 3932 Eudoxio
1188 3885 1532 3935 antecessore
1562 3895 1663 3935 suo
1708 3881 1965 3952 depossiti
1997 3883 2113 3938 fue-

530 3972 655 4018 rant
684 3964 1033 4047 suscepisset,
1085 3967 1232 4022 exilii
1278 3967 1644 4036 justissimam
1685 3987 1904 4029 causam
1934 3973 2113 4029 subita

531 4051 660 4108 ﬁdei
686 4055 987 4110 mutatione
1002 4055 1233 4111 delusit.

601 4104 1415 4220 dit—5:vi.“lccci..lviuflllsn.)
1472 4148 1686 4207 Faurus
1740 4153 1805 4208 V.
1858 4152 1922 4211 C.
1965 4171 2111 4210 cons.

529 4235 727 4378 LGallia
782 4253 887 4395 ]per
942 4239 1202 4295 Hilarium
1259 4244 1599 4303 Arntinensis
1661 4249 1905 4318 perﬁdiae
1964 4250 2114 4307 dolos

570 4334 776 4378 amnat.
1122 4362 1125 4363 ν
1200 4374 1203 4379 λ
1302 4357 1306 4361 -
1866 4369 1870 4373 ε

570 4334 776 4378 amnat.

526 4458 527 4461 η
604 4415 731 4468 577.
770 4415 860 4469 25.
903 4416 1112 4489 [δοσιν]
1153 4417 1325 4490 (Ιειο.)
1375 4420 1675 4479 Florentius
1732 4425 1790 4479 ν.
1845 4425 1906 4482 C.
1963 4445 2108 4483 cons.

534 4503 783 4576 [Heresis
797 4504 1433 4577 Antropomorphitarum
1459 4512 1511 4566 in
1538 4512 1693 4584 Syria
1717 4524 1773 4571 et
1794 4515 2113 4575 Macedonia

537 4600 594 4643 et
614 4590 1081 4664 Constantinopoli
1110 4597 1332 4671 oritur.]

608 4683 735 4740 578.
770 4684 861 4740 26.
899 4684 1154 4761 [CCCLVI].
1182 4688 1532 4751 Mamertinus
1578 4695 1644 4752 V.
1674 4698 1735 4753 C.
1972 4730 1978 4759 ε
2080 4749 2087 4755 .

609 4776 733 4832 579.
768 4778 857 4833 27.
885 4778 1158 4855 [cccevu].
1191 4782 1402 4858 Nevitta
1455 4784 1514 4841 V.
1549 4787 1609 4843 C.
1640 4788 1983 4862 [Theodorus
2003 4792 2117 4861 epi-

541 4884 736 4940 scopus
760 4870 813 4925 in
838 4872 1109 4942 tripartita
1135 4875 1489 4934 ecclesiastica
1504 4881 1743 4951 historia
1770 4884 1868 4953 (tv,
1890 4883 1983 4953 50)
2002 4884 2116 4939 sic:

541 4959 926 5018 Constantinus
947 4965 1017 4996 ’⁸⁷
1040 4964 1371 5034 Mopscrenis
1399 4971 1540 5025 inter
1571 4972 1819 5029 Ciliciam
1846 4974 2124 5034 Catinado-

2269 1775 2396 1831 581.
2439 1778 2499 1829 2.
2538 1773 2773 1847 [cccux]
2832 1774 3038 1845 (HIER.)
3094 1775 3363 1851 Salustius
3400 1774 3465 1829 V.
3516 1775 3582 1829 (ἰ.
3618 1791 3783 1829 conss.

2200 1866 2585 1925 Proheressius
2605 1867 2789 1922 soﬂsta
2817 1868 3185 1928 Atheniensis.
3216 1866 3333 1938 lege
3385 1867 3517 1923 data
3550 1883 3620 1922 ne
3640 1867 3784 1921 ειη-ἱ-

2200 1960 2362 2015 stiani
2415 1959 2719 2014 liberalium
2773 1959 2972 2014 artium
3004 1959 3257 2014 doctores
3304 1968 3513 2021 essent,
3545 1956 3783 2013 cumsihi

2200 2046 2512 2116 specialiter
2534 2046 2785 2102 Julianus
2817 2047 3146 2103 concederet
3173 2056 3233 2100 ut
3260 2048 3609 2102 christianus
3634 2046 3786 2100 doce-

2199 2146 2305 2202 ret,
2363 2136 2583 2193 scolam
2621 2148 2817 2209 sponte
2853 2140 3110 2195 deseruit.
3164 2138 3506 2194 1Emilianus
3562 2138 3637 2192 ob
3677 2152 3789 2191 ara-

2205 2229 2343 2282 rium
2368 2228 2438 2260 ’⁸⁸
2467 2229 2875 2285 subversionem
2906 2228 3226 2286 Dorostbori
3271 2244 3302 2283 a
3349 2227 3566 2283 vicario
3620 2226 3788 2281 incen-

2202 2314 2368 2373 ditur.
2430 2316 2682 2373 Eclesia:
2736 2316 3038 2375 Antiochia:
3089 2320 3306 2387 clausae,
3362 2329 3423 2376 et
3469 2319 3785 2391 gravissima

2204 2408 2539 2463 imminentis
2595 2410 2992 2479 persecutionis
3049 2411 3285 2481 procella
3348 2411 3448 2469 Dei
3517 2415 3785 2470 voluntate

2206 2500 2379 2568 sopita
2407 2508 2510 2554 est.

2277 2608 2401 2665 582.
2436 2607 2490 2662 5.
2535 2607 2744 2681 [cccu]
2787 2609 2961 2680 (lsw.)
3009 2611 3259 2668 Julianus
3290 2612 3344 2669 5.
3389 2613 3457 2670 V.
3511 2616 3577 2671 C.
3626 2636 3783 2675 conss.

2206 2697 2455 2753 Julianus
2485 2699 2539 2752 in
2570 2697 2753 2753 odium
2780 2700 2984 2755 Christi
3018 2702 3276 2774 templum
3304 2704 3691 2764 Hierosolimis
3708 2710 3787 2766 Ju-

2209 2784 2325 2846 deis
2356 2805 2611 2861 reparare
2633 2793 2933 2860 permissit,
2957 2802 3119 2864 atque
3145 2811 3211 2850 ex
3235 2797 3493 2853 omnibus
3523 2803 3785 2871 provincis

2208 2881 2361 2937 Jndei
2386 2882 2599 2937 collecti
2628 2898 2768 2938 nova
2799 2884 2983 2954 templi
3016 2885 3368 2942 fundamenta
3389 2890 3677 2960 jecerent;
3706 2895 3786 2949 sed

2211 2974 2393 3029 subito
2447 2984 2609 3030 nocte
2648 2976 2841 3031 aborto
2869 2978 3177 3044 terrimotu,
3225 2996 3358 3036 saxa
3415 2984 3487 3038 ab
3520 2972 3646 3039 ima
3691 2986 3788 3040 fun-

2211 3063 2590 3118 damentorum
2639 3079 2893 3132 excussa,
2947 3068 3105 3139 longe
3159 3070 3375 3140 lateque
3420 3088 3615 3142 sparsa
3647 3084 3782 3140 sunt,

2210 3157 2505 3228 igueusque
2536 3157 2727 3227 globus
2755 3144 2825 3213 ab
2854 3159 3116 3215 interiore
3156 3165 3256 3219 ede
3307 3166 3495 3235 templi
3528 3167 3780 3237 plurimos

2208 3264 2394 3304 eorum
2419 3264 2517 3304 suo
2543 3252 2833 3318 prostravit
2857 3253 3125 3309 incendio.
3168 3254 3286 3322 Quo
3336 3265 3557 3313 terrore
3592 3261 3780 3330 reliqui

2210 3338 2500 3409 pavefacti,
2532 3339 2809 3395 Christum
2836 3341 3240 3398 conﬁtebantur
3265 3345 3445 3401 inviti.
3492 3344 3560 3403 Et
3593 3367 3660 3406 ne
3699 3353 3786 3407 hoc

2211 3445 2373 3485 cassu
2404 3430 2690 3485 crederent
2719 3429 2946 3497 factum,
2970 3434 3217 3503 sequenti
3239 3444 3398 3491 nocte
3428 3437 3483 3491 in
3509 3444 3788 3496 vestimen-

2216 3523 2282 3577 tis
2309 3532 2631 3578 cunctorum
2656 3524 2909 3593 apparuit
2935 3525 3119 3580 crucis
3141 3529 3379 3596 signum.
3412 3528 3789 3603 (Rec.)Rom:e

2220 3612 2367 3684 passi
2397 3612 2584 3668 Piscus
2601 3614 2895 3682 presbiter,
2923 3615 3300 3684 Priscilianus,
3325 3618 3627 3679 Benedicta
3648 3625 3789 3682 femi.

2216 3719 2306 3768 na,
2335 3703 2608 3758 Pitnenius
2638 3705 2928 3773 presbiter,
2959 3704 3284 3772 Gordianus,
3319 3708 3600 3769 Deiuetria
3631 3717 3786 3785 virgo,

2212 3792 2490 3849 Johannes
2508 3794 2797 3862 presbiter,
2816 3795 2943 3849 item
2960 3794 3237 3853 Johannes
3254 3811 3309 3854 et
3328 3799 3554 3868 Paulus,
3570 3803 3787 3861 Faustus

2214 3891 2266 3935 et
2300 3881 2557 3947 Dafrusa;
2609 3883 2662 3936 in
2705 3881 2892 3938 Hostia
2942 3884 3257 3943 Hilarianus
3310 3890 3787 3950 llierosolimorum

2215 3970 2525 4040 episcopus,
2551 3970 2840 4038 Quiriacus
2862 3981 2918 4027 et
2937 3971 3136 4041 Judas;
3186 3977 3541 4037 Alexandria:
3569 3982 3787 4040 Gallica-

2215 4076 2356 4128 nus;
2392 4061 2655 4118 Vercellis
2677 4063 2944 4120 Eusebius
2985 4066 3302 4137 episcopus;
3350 4070 3545 4128 Aretia
3582 4077 3788 4133 civitate

2217 4151 2457 4208 Donatus
2471 4153 2789 4224 episcopus;
2807 4156 3097 4212 Antiochia
3117 4158 3492 4221 Theodericus
3507 4170 3782 4238 presbiter.

2218 4242 2427 4315 (HIEB.)
2454 4242 2702 4300 Julianus
2745 4245 2798 4299 in
2827 4245 3022 4303 Persas
3049 4250 3346 4320 profectus,
3390 4268 3645 4316 nostrum
3683 4272 3787 4333 post

2146 4334 2502 4413 Dvictoriam
2553 4334 2660 4389 diis
2706 4336 2986 4404 sanginem
3042 4352 3293 4408 voverat;
3349 4346 3441 4402 ubi
3488 4365 3521 4405 a
3572 4360 3785 4423 quodam

2223 4429 2479 4485 simulato
2499 4430 2724 4502 perfuga
2751 4431 2819 4485 ad
2848 4433 3058 4487 deserta
3090 4439 3404 4510 perductus,
3435 4462 3566 4503 cum
3592 4450 3727 4507 tame
3743 4463 3790 4508 et

2222 4521 2311 4575 siti
2337 4531 2639 4591 apostatam
2670 4527 2995 4595 perdidisset
3014 4535 3313 4587 exercitum
3359 4544 3411 4590 et
3445 4539 3789 4599 inconsultius

2228 4627 2257 4665 a
2314 4628 2537 4669 suorum
2592 4628 2803 4673 erraret
2850 4622 3173 4690 agminibus,
3232 4627 3301 4681 ab
3354 4631 3481 4685 ovio
3541 4633 3615 4668 ’⁸⁸
3670 4636 3789 4689 fore

2224 4703 2468 4758 hostium
2517 4707 2703 4776 equite
2745 4700 2907 4765 conto
2951 4712 3037 4767 ilia
3085 4715 3363 4785 perfossus
3406 4720 3639 4790 interiit,
3667 4742 3788 4780 anno

2222 4794 2401 4848 aetatis
2428 4795 2517 4849 52.
2548 4796 2640 4867 (cf.
2676 4798 2739 4853 ﬂ.
2778 4799 2954 4873 Trip.)
2985 4804 3047 4859 Et
3068 4820 3191 4861 cum
3218 4809 3461 4866 missiset
3502 4831 3717 4872 manum
3742 4820 3786 4874 in

2226 4879 2470 4947 vulnere,
2497 4895 2553 4939 et
2580 4885 2950 4965 [sanguinem]
2976 4906 3287 4967 aspergeret
3313 4900 3367 4955 in
3395 4917 3605 4971 aerem,
3636 4909 3782 4962 dixit:

2230 4990 2248 5022 ε
2288 4972 2781 5034 Vicisti.Galilee.t
2815 4983 2866 5034 id
2900 4995 2982 5034 est
3013 4985 3243 5034 Christe-
3271 4992 3345 5034 (vr
3395 4993 3469 5034 Γ]
3501 4997 3516 5034 \
3548 4998 3638 5034 κς..
3659 5000 3783 5034 aut...
