3926 5326
154 275 238 329 709

1317 256 1730 317 CllllONlGON.
1771 288 1840 298 —
1878 257 2006 313 LII}.
2043 258 2132 313 Ill.

3274 262 3383 317 710

152 391 309 443 vianus
334 399 396 439 ex
421 380 1684 454 primicerioduntesticorumimperatoriaetus
1719 386 1760 443 Α
1792 377 2033 448 Frigiam
2089 380 2393 434 Salutarem
2444 378 2739 447 extinctus,
2798 393 2851 436 ct
2903 381 3125 454 plurimi
3180 383 3378 441 Prneo.

156 488 221 534 est
258 474 405 547 [teste
435 471 721 527 Theodoro
749 472 1006 541 episcopo
1047 475 1166 539 (vn,
1212 471 1269 541 ι)
1320 480 1378 526 et
1428 471 1689 542 Eutropio

155 580 259 622 tunc
286 559 535 633 vivente].
566 559 717 631 (Vita
749 558 808 615 S.
841 559 995 630 Elii.)
1027 558 1283 632 [Sanctus
1307 562 1378 593 ⁸⁸⁸
1401 560 1550 632 (127)
1574 560 1685 615 Eli-

154 658 259 724 βας.
284 661 558 724 postquam
601 658 852 720 presente
896 649 1112 706 Juliano
1138 666 1344 709 caesare
1392 651 1689 707 decollatus

151 719 234 811 est,
257 719 370 814 quia
402 719 532 797 deos
557 719 787 795 adorare
816 741 1008 804 noluit,
1049 740 1309 807 surrexit,
1342 750 1399 795 et
1424 741 1691 797 ambabus

152 836 364 893 manibus
387 847 486 903 per
511 846 678 886 unum
706 830 921 886 miliare
967 832 1205 902 portavit
1258 839 1419 901 caput
1448 846 1604 886 suum
1636 829 1689 884 in

149 936 352 984 montem
377 924 656 980 excelsum
674 940 689 988 ;
707 923 868 994 eique
889 924 1041 994 rupis
1064 923 1218 978 albus
1247 923 1514 996 gremium
1534 938 1689 978 suum

151 1018 379 1089 aperiens,
412 1014 710 1071 concavum
735 1024 1029 1085 aptumque
1054 1015 1231 1070 locum
1264 1016 1414 1071 dedit
1442 1031 1607 1085 super
1634 1029 1692 1070 se

149 1108 342 1166 sedenti.
372 1107 528 1162 Mons
557 1113 740 1161 autem
772 1106 970 1161 dicitur
1019 1122 1173 1163 mons
1220 1107 1395 1163 sancti
1445 1106 1606 1172 Eliﬁi,
1637 1108 1690 1163 in

149 1214 235 1270 quo
254 1199 397 1270 juxta
424 1195 733 1269 predictum
756 1195 992 1267 lapidem
1016 1212 1179 1268 super
1207 1198 1551 1268 sepulchrum
1575 1196 1692 1266 ejus

148 1291 407 1347 oratorium
438 1298 809 1346 εοηειτυοιιιηι
832 1298 936 1354 εει,
988 1291 1129 1346 inter
1173 1292 1586 1348 Frumentosam
1639 1303 1694 1350 οι

147 1379 367 1435 Grandim
399 1380 633 1444 medius,
665 1383 733 1436 ab
764 1393 995 1453 utraque
1044 1381 1348 1437 mili'aribus
1399 1382 1569 1447 senis,
1624 1382 1693 1437 ab

149 1468 369 1540 aquilOne
418 1469 732 1527 Tullensem
789 1473 975 1527 urbem
1002 1472 1224 1539 habens,
1258 1473 1327 1528 ab
1352 1483 1537 1527 austro
1566 1489 1694 1528 vero

147 1559 371 1613 Grandim
400 1569 614 1616 tenens.
643 1560 844 1618 Passus
876 1570 957 1617 est
988 1573 1170 1616 autem
1219 1563 1271 1617 in
1308 1574 1469 1634 prato
1498 1578 1693 1619 ameno

149 1650 193 1703 in
218 1652 318 1722 ripa
339 1647 577 1706 ﬂuminis
609 1654 827 1709 nomine
852 1654 989 1709 Vera
1021 1656 1102 1709 l7.
1131 1654 1250 1708 Kal.
1283 1653 1443 1727 Nov.]
1668 1642 1673 1647 ‘

1792 469 1968 540 pinnae
2002 469 2172 538 partis
2216 469 2326 524 cesi
2377 479 2539 539 atque
2587 472 2899 543 proscripti.
2947 472 3198 530 Liberius
3238 491 3377 546 papa

1790 558 1922 613 obiit
1950 560 2004 614 8.
2030 558 2255 614 Kalend.
2288 559 2408 616 Maii
2437 562 2529 631 (cf.
2557 560 2669 616 Lib.
2686 563 2879 636 pont.).

1863 649 2124 703 Damasus
2173 648 2261 705 56.
2291 667 2427 720 papa
2452 661 2568 721 post
2612 649 2827 706 Petrum
2862 671 2987 708 ann.
3026 654 3113 710 l9.
3157 653 3372 724 (litem)

1791 739 1859 795 Et
1883 751 1999 811 post
2050 758 2153 796 non
2195 740 2418 795 multum
2449 752 2649 812 tempus
2695 740 2919 798 Ursinus
2972 762 3005 798 a
3056 745 3374 814 quibusdam

1790 833 2061 901 episcOpus
2106 833 2444 897 constitutus,
2497 832 2785 904 [Sicinium
2819 850 2944 889 cum
2993 836 3108 890 suis
3146 837 3372 901 invadit,

1791 936 1899 992 quo
1925 921 2262 978 Damasianze
2282 924 2453 993 partis
2483 924 2683 995 populo
2730 924 3053 990 conﬂuente,
3099 927 3368 981 crudelis-

1792 1013 1943 1067 sima:
1962 1011 2367 1068 interfectiones
2389 1014 2587 1069 diversi
2616 1030 2781 1071 sexus
2807 1026 3153 1088 perpetratae.
3175 1016 3371 1073 Valens

1792 1103 1860 1158 ab
1885 1102 2130 1158 Eudoxio
2149 1104 2507 1159 Arrianorum
2533 1106 2788 1176 episeopo
2813 1107 3370 1178 haptizatus,nostros

1792 1190 2187 1265 persequitur].
2217 1191 2354 1263 (Lib.
2382 1193 2555 1263 pont.)
2585 1192 2663 1266 [In
2697 1197 2864 1265 grstis
2910 1195 3223 1266 pontiﬁcum
3248 1197 3327 1252 sic
3352 1213 3366 1249 :

1792 1280 1966 1347 Felix,
1988 1281 2207 1337 natione
2239 1281 2535 1347 Romanus,
2574 1296 2638 1336 ex
2694 1290 2848 1354 patre
2889 1283 3202 1350 Anastasio,
3231 1285 3371 1339 sedit

1793 1388 1935 1429 anno
1963 1374 2013 1440 i,
2047 1373 2324 1428 mensibus
2349 1375 2403 1437 5,
2428 1382 2481 1429 et
2510 1373 2744 1444 reliqua.
2780 1374 2878 1430 Hie
2898 1375 3195 1431 declaravit
3223 1376 3370 1432 (Σου-

1793 1463 2115 1528 stantinum,
2138 1462 2307 1517 lilium
2329 1463 2700 1530 Constantini,
2722 1466 3111 1532 ltereticum,et
3128 1468 3371 1524 secundo

1794 1553 2189 1623 rebaptizatum
2249 1553 2318 1608 ab
2370 1553 2600 1609 Eusebio
2648 1554 3062 1613 Nicomediense
3094 1544 3369 1629 episcolto,

1790 1645 1945 1715 juxta
1969 1643 2336 1699 Nicomediam
2363 1645 2416 1699 in
2446 1645 2711 1716 Aquilone
2737 1646 2893 1714 villa;
2939 1656 2995 1701 et
3027 1663 3125 1717 pro
3155 1650 3257 1703 hoc
3283 1650 3374 1702 de-

204 1741 541 1797 Rontanorum
564 1743 975 1799 45.Jorinianus
998 1746 1284 1799 secundant
1305 1762 1481 1799 omnes
1511 1762 1692 1817 regna-

1812 1734 2005 1790 :larato
2034 1734 2103 1789 ab
2134 1735 2324 1789 eodem
2350 1734 2705 1791 Constantino
2728 1747 2943 1807 agnsto,
2971 1737 3080 1792 filio
3100 1738 3371 1793 Constan-

152 1835 212 1886 rit
229 1833 483 1887 mensibus
509 1833 563 1898 8,
601 1834 699 1889 hoc
724 1846 797 1889 est
825 1850 998 1904 nsque
1026 1836 1091 1888 ad
1124 1833 1242 1888 Kal.
1262 1833 1456 1898 Martii,
1474 1834 1527 1887 itt
1551 1850 1694 1889 anno

147 1922 250 1977 M9.
278 1931 387 1992 post
414 1925 750 1994 passionem.
785 1924 899 1980 Sub
941 1939 1050 1995 quo
1081 1925 1132 1979 lti
1163 1923 1414 1980 consules
1450 1924 1691 1992 fuerunt,

148 2022 262 2067 teste
286 2013 627 2070 Cassiodoro.

148 2099 279 2169 [ϐοά.
302 2102 355 2154 in
381 2119 579 2172 παρτεμ
600 2101 780 2157 Ciclus
807 2101 897 2157 20.
923 2102 1155 2157 decenn.
1186 2100 1296 2156 inc.
1322 2101 1434 2156 ind.
1454 2102 1693 2176 quarta.]

202 2191 311 2246 585.
342 2194 394 2247 1.
426 2191 663 2266 [εσθαι]
696 2191 904 2264 (Ηιειι.)
934 2192 1191 2247 Jovianus
1219 2203 1267 2246 et
1303 2190 1694 2249 Varronianus.

147 2279 435 2338 lavinianus
461 2299 646 2338 rerum
678 2286 1004 2339 necessitate
1035 2282 1364 2354 compulsus,
1399 2282 1608 2340 Nisibin
1641 2294 1697 2340 et

150 2384 372 2440 magnam
424 2372 835 2444 Mesopotamia:
895 2383 1107 2444 partem
1162 2373 1352 2445 Sapori
1403 2373 1695 2431 Persarum

148 2458 242 2527 regi
263 2459 495 2515 tradidit.
523 2460 763 2518 Sinodus
779 2461 1080 2517 Antiochia:
1096 2460 1307 2518 Melitus
1324 2472 1379 2518 et
1401 2464 1514 2519 suis
1531 2463 1670 2519 facta
1682 2506 1697 2529 ,

146 2544 308 2615 inqua
365 2549 688 2606 homousion
740 2566 1028 2622 ommoque
1075 2552 1147 2584 ’“
1188 2552 1429 2621 rejectis,
1462 2554 1699 2611 medium

146 2635 265 2691 inter
309 2638 409 2693 hoc
443 2641 819 2697 ommoeusion
862 2642 1311 2698 Macedonianum
1357 2643 1550 2716 dogma
1582 2646 1704 2701 vin-

145 2721 451 2782 dicaverunt.
513 2728 874 2800 [llomousion
923 2730 1073 2786 Patri
1117 2732 1318 2788 dicitur
1365 2733 1612 2809 Christus
1634 2737 1703 2793 ob

144 2910 306 2959 sancto
330 2904 351 2977 ]
377 2905 477 2976 (Η.
496 2906 933 2979 R.)Jovinianus
945 2910 1276 2968 crudelitate
1295 2914 1364 2950 "’
1395 2915 1510 2970 sive
1537 2916 1705 2973 odore

1797 1826 2115 1895 tini~agusti,
2165 1827 2339 1896 capite
2386 1835 2669 1882 truncatur
2696 1829 2752 1883 5.
2781 1828 2903 1884 ldus
2933 1829 3155 1885 Novem'
3180 1830 3280 1896 ris,
3316 1829 3375 1886 in

1797 1917 2015 1971 civitate
2066 1917 2310 1983 Corana;
2345 1928 2399 1973 et
2427 1920 2625 1977 exinde
2666 1920 2852 1977 clerici
2905 1936 3030 1976 eum
3083 1923 3375 1993 rapientes,

1797 2007 2128 2077 sepelierunt
2180 2008 2234 2063 in
2290 2009 2513 2064 basilica
2545 2025 2669 2077 sua,
2718 2026 2882 2082 quam
2919 2012 3050 2068 fecit
3081 2029 3205 2068 cum
3232 2025 3380 2069 esset

1796 2100 2089 2167 presbiter,
2124 2098 2212 2153 l2.
2261 2098 2488 2155 Kalend.
2531 2102 2866 2169 Decembris,
2913 2104 3002 2158 via
3044 2104 3286 2171 Aurelia,
3327 2106 3378 2159 iu

1799 2190 2035 2245 miliario
2063 2191 2330 2257 secundo;
2357 2201 2412 2247 et
2437 2192 2643 2248 eesavit
2691 2193 3036 2264 episcopatus
3064 2194 3261 2248 diebus
3282 2194 3377 2248 38.

1799 2278 1901 2336 llic
1926 2282 2063 2337 emit
2115 2297 2305 2352 agrum
2347 2283 2492 2337 circa
2523 2282 2750 2339 eandem
2796 2282 3097 2350 basilicam,
3148 2294 3204 2339 et
3234 2285 3383 2337 dedit

1800 2372 1976 2426 eidem
2002 2371 2250 2437 aeclcsize,
2274 2388 2435 2442 quam
2468 2373 2597 2427 fecit
2621 2373 2674 2426 in
2705 2373 2790 2427 via
2824 2373 3065 2428 Aurelia.
3104 2372 3259 2430 Fecit
3286 2390 3379 2429 or-

1801 2459 2108 2515 dinationes
2146 2460 2199 2514 in
2224 2460 2357 2515 urbe
2388 2460 2579 2527 Roma,
2604 2476 2701 2531 per
2731 2476 2973 2517 mensem
3001 2462 3372 2535 Decembrem.

1802 2550 2134 2620 presbiteros
2178 2550 2272 2617 2|,
2322 2550 2581 2608 diaconos
2615 2551 2669 2620 5,
2700 2552 2986 2623 episcopos
3023 2566 3123 2622 per
3161 2553 3379 2609 diversa

1805 2639 1922 2696 loca
1951 2638 2065 2713 49.]

209 2737 451 2782 :averunt.
513 2731 874 2800 [llomousion
923 2731 1073 2786 Patri
1117 2732 1318 2788 dicitur
1365 2733 1612 2809 Christus
1634 2737 1703 2793 ob
2041 2731 2196 2806 [ϐοά.
2223 2734 2277 2789 in
2306 2749 2504 2806 marg.:
2537 2734 2718 2793 Ciclus
2749 2737 2877 2794 solis
2903 2737 3141 2811 ineipit.]

209 2814 373 2846 “suum
425 2818 748 2846 οιιιιιιΙΑ-ιιῗρι
799 2820 993 2846 ,Ιὲηζκκ
1043 2836 1160 2846 ιη...
1210 2820 1373 2846 “-ι--
1415 2832 1461 2846 -n
1496 2823 1700 2846 0-2-2.--
1874 2824 1980 2846 uno
2038 2827 2069 2846 Ir
2154 2824 2292 2846 l-_-_
2312 2824 2422 2846 _-___1
2465 2824 2613 2846 In-_-
2650 2827 2666 2846 ι
2724 2826 2745 2846 1
2801 2829 2846 2846 ιο
2884 2830 2909 2846 9,
3074 2839 3088 2846 -

146 2818 374 2869 unitatem
425 2818 749 2874 substantia:
797 2820 994 2876 divinae
1040 2836 1161 2876 cum
1210 2820 1375 2878 Patre
1410 2832 1467 2879 et
1496 2823 1702 2895 Spiritu
1753 2818 1783 2859 τῖ

1874 2824 2000 2880 586.
2038 2827 2093 2881 5.
2154 2824 2423 2898 [θηριων]
2461 2824 2667 2898 (Ηιεκ.)
2714 2826 2998 2883 Lubicinus
3039 2839 3089 2883 et
3136 2829 3379 2884 Iovinus.

1806 2914 2120 2981 Gratianus,
2150 2916 2510 2971 Valentiniani
2560 2917 2719 2980 ﬁlius,
2762 2918 3041 2974 Ambianis
3091 2922 3384 2991 imperatur

143 3009 436 3066 prunarum,
460 3015 605 3070 quas
629 3001 827 3057 nimias
870 3003 1075 3059 adoleri
1120 3003 1381 3074 iusserat,
1429 3015 1487 3063 et
1529 3009 1704 3065 nitore
1729 3057 1774 3085 η
1809 3006 2008 3071 factus,
2049 3005 2161 3079 [his
2204 3005 2540 3073 consulibus,
2591 3016 2727 3065 teste
2773 3008 3145 3085 Cassiodoro].
3208 3011 3384 3067 Tanta

141 3088 376 3153 parietum
409 3057 625 3147 recenti
658 3099 895 3158 textura,
926 3094 1072 3163 quod
1102 3057 1266 3165 grave
1296 3096 1704 3166 quiescentibus
1729 3057 1775 3119 ϐ
1809 3057 2338 3166 Οοηειεδηῖῑηοροιίιη
2387 3104 2470 3150 est
2518 3105 2636 3150 orta
2668 3105 2980 3166 tempestas,
3007 3109 3064 3154 ut
3092 3057 3243 3156 mira:
3276 3118 3387 3156 tua-

143 3174 242 3243 iuit,
266 3179 498 3239 Dedaste
531 3184 699 3252 obiit,
731 3202 881 3243 anno
906 3187 1086 3243 aetatis
1116 3188 1207 3244 54.
1235 3189 1381 3247 Obiit
1406 3201 1588 3249 autem
1615 3194 1703 3252 Η.

142 3265 241 3322 Kal.
271 3270 465 3341 Martii,
492 3277 637 3331 utin
664 3278 908 3348 predicta
941 3278 1300 3338 melesiastica
1325 3282 1550 3340 historia
1575 3285 1707 3359 legi-

144 3359 345 3428 ter(vn,
392 3364 475 3434 6).
510 3364 655 3421 Post
687 3382 872 3436 quem,
905 3382 1030 3423 eum
1074 3370 1351 3427 exercitus
1380 3375 1620 3430 venisset
1650 3377 1705 3431 in

143 3442 344 3503 Neeeam
367 3450 652 3520 Bithinite,
678 3454 767 3509 25.
797 3455 886 3511 die
921 3458 1126 3514 mensis
1166 3457 1474 3527 Februarii,
1512 3462 1708 3519 Valen-

144 3537 344 3606 tiatmm,
375 3544 667 3600 tribunum
725 3546 1113 3612 scutariorum,
1142 3563 1174 3604 e
1204 3547 1506 3616 Pannonia,
1546 3552 1708 3608 Ciba-

148 3623 312 3695 lensis,
343 3633 645 3702 appellavit
689 3644 999 3704 augustum,
1041 3639 1132 3707 qui
1179 3638 1400 3696 fratrem
1426 3642 1707 3699 Valentem

152 3712 715 3797 [Constantinopolim]
744 3741 931 3782 secum
962 3741 1152 3798 regere
1178 3728 1307 3785 fecit
1331 3730 1561 3801 (litt-2m).

203 3806 556 3869 Romanorum
606 3814 700 3869 46.
749 3814 1203 3890 Valenti[ni]anus
1245 3836 1362 3875 cum
1402 3823 1570 3891 fratre
1604 3823 1710 3879 Va-

143 3894 259 3952 lente
304 3907 545 3973 regnavit
593 3906 751 3960 annis
805 3907 895 3972 H,
923 3908 1187 3963 mensibus
1208 3908 1264 3976 5,
1300 3910 1401 3967 hoc
1427 3923 1511 3968 est
1542 3929 1711 3983 usque

144 3986 241 4044 Kal.
273 3990 616 4063 Octimltres,
652 3997 704 4052 in
746 4013 890 4054 anno
936 3999 1063 4055 560.
1110 4009 1232 4071 post
1257 4004 1563 4071 passionem
1608 4007 1712 4081 Dos

142 4082 275 4223 :luini.
328 4086 442 4144 Sub
492 4104 609 4160 quo
660 4090 713 4145 lti
757 4094 1011 4148 consules
1054 4090 1297 4161 fuerunt,
1331 4103 1467 4152 teste
1497 4097 1712 4153 Cassio-

169 4187 274 4223 om.

169 4187 274 4229 01⁸οο

199 4262 309 4319 584.
353 4268 400 4322 ι.
432 4267 701 4341 [occuli]
742 4268 950 4343 (Ηιειι.)
987 4269 1393 4329 Valentinianus
1414 4282 1462 4329 et
1495 4274 1707 4331 Valens.

1809 3182 2111 3255 gnitudinis
2140 3184 2397 3239 decidens
2428 3185 2633 3255 grando
2658 3186 2946 3242 nonnullos
2991 3188 3274 3244 hominum
3302 3192 3389 3245 in-

1806 3275 2101 3332 terfecerit.
2120 3276 2275 3347 Apud
2294 3276 2580 3331 Atrebatas
2603 3275 2724 3332 lana
2770 3292 2802 3334 e
2832 3277 2972 3334 ctelo
3000 3278 3193 3349 pluviae
3219 3270 3410 3335 mixta

1807 3365 2048 3421 defluxit.

1816 3460 1819 3465 '
1880 3455 2006 3511 587.
2045 3454 2101 3509 4.
2141 3453 2389 3528 [εοςιιν]
2427 3453 2634 3526 (Ηιειι.)
2680 3454 3086 3513 Valentinianus
3122 3459 3175 3514 2.
3206 3471 3253 3515 et
3286 3460 3390 3516 Va-

1809 3545 1919 3599 lens
1947 3546 2003 3599 2.
2037 3545 2278 3601 Hilarius
2305 3546 2593 3616 episcopus
2636 3546 2887 3602 Pectavis
2914 3551 3170 3605 moritur.
3202 3551 3389 3618 Nicea,

1810 3650 1929 3705 qua:
1972 3649 2117 3705 sape
2165 3644 2320 3690 antea
2375 3642 2683 3699 corruerat,
2736 3644 2897 3689 terra:
2941 3646 3092 3694 motu
3148 3638 3392 3695 funditus

1810 3740 2020 3781 eversa.
2063 3723 2323 3779 Libanius
2368 3724 2740 3779 Antiochenus
2796 3725 2983 3780 rethor
3031 3727 3258 3798 insignis
3297 3730 3393 3783 ha-

1809 3817 1987 3872 betur.
3105 3867 3109 3875 .

1883 3904 2006 3961 588.
2037 3905 2091 3959 5.
2127 3904 2392 3978 [εεειινι]
2427 3904 2649 3976 (litem)
2682 3905 3086 3961 Valentinianus
3120 3904 3198 3960 N.
3234 3904 3304 3959 Ρ.
3342 3917 3393 3961 et

1820 3996 2021 4053 Victor.
2052 3998 2097 4051 A
2128 3997 2559 4068 Costantinopoli
2586 3998 2656 4032 ’⁸⁸
2683 4013 2714 4053 a
2739 3998 2966 4052 Valente
3000 3996 3224 4051 reditur.
3262 3996 3394 4063 Bai:-

1816 4091 2096 4147 tanaricus
2136 4106 2229 4147 rex
2269 4090 2569 4147 Gothorum
2610 4093 2939 4147 christianos
2964 4133 2978 4157 ,
3019 4093 3396 4163 persecutione

1813 4192 2116 4247 commota,
2148 4181 2410 4253 plurimos
2449 4181 2758 4248 interfecit,
2796 4192 2849 4237 et
2885 4183 2951 4237 de
2990 4183 3221 4253 propriis
3255 4184 3395 4238 sedi-

1814 4271 1916 4327 bus
1956 4273 2010 4326 in
2045 4271 2352 4327 Romanum
2391 4271 2612 4341 expellit
2648 4272 2841 4329 solum.
2883 4272 3148 4328 Eusebius
3180 4271 3395 4329 Vercel-

143 4346 542 4413 Valentinianus
565 4358 821 4429 egregius
852 4360 988 4416 alias
1023 4360 1320 4432 imperator
1340 4372 1394 4419 et
1417 4365 1711 4421 Aureliano
1743 4390 1791 4450 υ
1818 4363 1982 4419 lensis
2012 4366 2298 4435 episcopus
2325 4365 2555 4419 moritur

145 4441 363 4501 moribus
390 4446 620 4514 similis,
653 4448 758 4505 nisi
783 4450 928 4518 quod
970 4450 1317 4506 severitatem
1351 4451 1468 4522 ejus
1488 4456 1710 4511 nimiam

147 4527 582 4599 interpretantur.
652 4534 984 4606 Apollinaris
1039 4537 1380 4596 Laodicenus
1429 4544 1714 4617 episcopus

149 4617 432 4678 multimoda
460 4633 677 4680 nostrae
700 4625 976 4695 religionis
991 4628 1193 4697 scripta
1224 4631 1517 4700 componit.

204 4707 317 4766 585.
375 4713 431 4770 2.
491 4713 786 4787 [CCCLXIII]
833 4715 1044 4789 (Ηιειι.)
1094 4715 1383 4774 Gratianus
1439 4731 1487 4775 et
1536 4720 1716 4794 Daga-

150 4797 306 4870 laifus.
335 4805 522 4863 Terra:
583 4816 738 4862 motu
767 4823 864 4879 per
905 4818 1074 4866 totam
1116 4811 1303 4866 orbem
1339 4810 1503 4877 facto,
1562 4830 1713 4872 mare

152 4886 255 4946 litus
282 4898 582 4967 egreditur.
612 4898 687 4953 Et
732 4898 933 4955 Sicilia:
978 4901 1379 4971 multarumque
1411 4903 1714 4961 insularum

154 4985 291 5042 urbes
336 4990 776 5047 innumerabiles
827 5007 1169 5062 oppressere.
1237 4992 1553 5065 Procopius,
1623 4998 1716 5068 qui

155 5078 273 5143 apud
294 5080 834 5152 Constantinopolim
880 5084 1209 5142 tirannidem
1248 5084 1545 5150 invaserat,
1570 5088 1716 5157 apud

1888 4456 2013 4512 589.
2044 4456 2097 4511 6.
2133 4454 2424 4529 [οοοιινη]
2457 4454 2665 4529 (Ηιειι.)
2701 4455 3100 4513 Valentinianus
3126 4456 3180 4511 5.
3210 4468 3258 4512 et
3295 4455 3385 4526 Va:

1819 4549 1929 4605 lens
1965 4550 2019 4604 5.
2056 4547 2525 4618 Constantinopoli
2564 4548 2934 4619 apostolorum
2968 4549 3278 4604 martirium
3308 4540 3400 4603 de-

1819 4641 2051 4696 dicatur.
2092 4636 2283 4709 Magna
2322 4636 2493 4693 fames
2526 4637 2580 4691 in
2621 4637 2833 4708 Frigia,
2873 4634 3399 4708 Lueifer,Caralita-

1821 4746 1925 4785 nus
1952 4728 2243 4800 episcopus
2274 4727 2529 4791 moritur,
2563 4726 2655 4797 qui
2688 4741 2810 4781 eum
2843 4724 3106 4795 Gregorio
3142 4726 3404 4794 episc0po

1820 4817 2206 4889 Hispaniarum
2252 4826 2308 4873 et
2344 4816 2585 4871 Philone;
2634 4815 2819 4887 Libya:
2857 4829 3133 4885 nunquam
3185 4829 3248 4870 se
3295 4814 3401 4869 Ar-

1824 4910 1993 4964 rianae
2025 4908 2243 4962 miscuit
2269 4905 2543 4977 pravitati.
2692 4926 2697 4933 -
3160 4922 3163 4925 -

1894 4994 2019 5053 590.
2050 4996 2104 5049 ’1.
2132 4993 2441 5067 [οοειινιιι]
2466 4992 2674 5065 (litem)
2697 4990 2985 5072 Gratianus
3008 4990 3064 5044 2.
3093 4999 3141 5043 et
3168 4988 3403 5072 Probus.

1825 5085 2150 5145 Maximinus
2188 5084 2462 5155 prefectus
2482 5078 2733 5139 annonae
2763 5070 3040 5137 maleﬁcos
3068 5079 3137 5133 ab
3170 5070 3407 5175 impera:

1418 5194 1652 5253 νΑΒιΑς
1691 5196 2093 5256 ιΕοΤιοΝΕδ.
