3926 5326
501 291 596 346 ’ῖ11

1814 277 1856 330 Μ
1870 277 2096 330 ARIANI
2146 275 2387 330 SCOTTI

3647 275 3750 327 "ill

506 415 625 457 tore
665 401 990 472 investigare
1019 399 1203 468 jussus
1233 436 1246 459 ,
1285 394 1548 464 plurimos
1585 391 1768 445 Roma:
1810 390 2072 444 nobilium
2106 395 2152 452 Λ
2182 404 2342 457 scopo
2389 386 2718 449 Athanasio,
2762 396 2819 439 ut
2869 389 2936 442 ab
2967 389 3177 445 hertmo
3215 402 3398 443 secum
3439 389 3651 442 veniret
3691 395 3752 444 ad

503 492 690 546 ocidit.
730 490 1050 545 Valentinus
1081 489 1134 542 in
1166 486 1451 540 Britannia
1473 524 1488 546 ,
1520 491 1809 550 antequam
1845 480 2073 552 [tyran«

497 583 675 637 nidem
699 581 718 653 ]
747 580 1045 644 invaderet,
1075 593 1386 651 oppressus.
1412 575 1686 632 Presbiter
1729 573 2071 643 iniquissime

498 671 822 736 deeollatur,
849 664 989 740 quod
1019 669 1376 724 Octavianum
1405 681 1471 720 ex
1497 662 1819 736 proconsule
1847 661 1985 732 apud
2015 676 2075 715 se

497 762 799 816 latitantem
832 761 1058 830 perdere
1091 758 1375 813 noluisset.
1459 828 1474 840 τ

569 850 691 904 591.
722 849 776 903 8.
807 847 1079 920 [occurs]
1125 846 1334 918 ("II-3R.)
1377 844 1649 898 Modestus
1687 852 1733 896 et
1766 841 2071 894 Arintheus.

498 937 742 991 Didimus
772 937 1179 990 Alexandrinus
1212 935 1378 988 multa
1407 933 1474 985 de
1497 940 1684 984 nostro
1707 931 1956 998 dogmate
1979 941 2076 996 per

501 1028 747 1081 notarios
773 1034 1192 1089 commentatur,
1225 1024 1314 1093 qui
1347 1030 1467 1092 post
1493 1021 1742 1090 quintum
1777 1017 2076 1071 nativitatis

494 1129 607 1169 sua)
648 1131 854 1169 annum
892 1115 1184 1168 luminibus
1217 1114 1474 1176 orbatur,
1514 1109 1904 1164 elementorum
1943 1120 2076 1174 quo-

494 1220 600 1274 que
627 1206 844 1276 ignarus
874 1206 994 1260 fuit.
1022 1205 1248 1260 llliricus
1270 1205 1339 1237 ³⁸9
1365 1203 1610 1272 Equitius
1635 1213 1818 1256 comes
1847 1198 2073 1267 iniquis-

499 1298 673 1352 simus
732 1299 802 1330 ”°
867 1298 1196 1353 tributorum
1251 1293 1628 1351 exactionibus
1678 1300 1803 1345 ante
1855 1288 2074 1360 provin-

498 1386 613 1442 cias
635 1428 650 1452 ,
679 1403 817 1457 quas
854 1390 1108 1459 regebat,
1146 1401 1308 1458 quam
1343 1402 1373 1440 a
1413 1383 1660 1439 barbaris
1697 1389 2066 1445 vastarentur,

505 1476 673 1530 erasit
701 1476 796 1528 ¹⁹¹.

563 1566 690 1621 592.
730 1567 782 1621 9.
811 1565 1060 1641 [ccccxx]
1100 1565 1305 1638 (ῐιῐειι.)
1345 1563 1745 1619 Valentinianus
1783 1559 1836 1614 4.
1874 1571 1922 1614 et
1967 1559 2073 1613 ινα.

493 1657 603 1710 lens
632 1656 685 1710 4.
717 1657 1046 1724 Eunomius,
1079 1657 1361 1726 discipulis
1391 1655 1565 1721 Aetii,
1595 1649 2068 1721 ConstantinOpoli

2179 478 2599 540 Alexandriam,
2639 475 2787 530 ﬂevit
2824 477 2841 548 [
2869 483 2933 535 de
2960 492 3154 535 ornatu
3181 483 3196 552 ]
3229 485 3499 538 mulieris.
3536 485 3753 538 Macha-

2178 567 2292 619 rius
2347 564 2666 634 Egiptius,
2727 568 3032 622 Macbarius
3087 569 3274 642 {que}
3330 571 3627 626 Alexandri
3672 589 3750 628 us.

2175 654 2464 710 Emonius
2493 673 2614 710 eum
2656 659 2956 715 Athanasio
2994 664 3208 717 veniret
3243 663 3511 728 Romam,
3552 667 3753 720 nullum

2178 746 2248 801 ibi
2304 749 2468 811 vidit,
2523 749 2624 804 nisi
2678 751 2957 805 basilicam
3008 752 3152 807 Petri
3201 765 3254 807 et
3299 753 3497 820 Pauli;
3549 756 3640 825 qui
3691 757 3752 810 ad

2175 839 2544 910 episcopatum
2601 851 2848 907 tractus,
2905 859 2972 898 ne
3025 845 3311 914 episcopus
3365 857 3553 910 esset.
3601 862 3753 901 suam

2178 929 2406 985 abscidit
2442 947 2651 987 aurem.
2691 932 2968 990 Iohannes
3007 945 3165 1005 pater
3195 938 3360 991 trium
3391 937 3608 992 milium
3638 954 3753 992 tuo—

2176 1019 2499 1075 nachorum.
2530 1022 2794 1092 Serapion
2825 1033 2980 1092 pater
3008 1025 3075 1079 10
3104 1027 3312 1081 milium
3343 1029 3754 1084 monachorum.

2176 1108 2464 1164 Dioscoros
2503 1121 2658 1180 pater
2696 1113 2795 1167 100
2835 1116 3268 1182 monachorum,
3306 1119 3400 1188 qui
3441 1129 3574 1173 ante
3613 1135 3757 1175 eom-

2176 1202 2488 1256 munionem
2524 1204 2868 1260 conscentias
2903 1206 3235 1276 singulorum
3277 1207 3511 1263 fratrum
3554 1213 3761 1279 pende-

2175 1289 2286 1346 bat.
2328 1291 2550 1346 Theona
2581 1293 2652 1347 55
2681 1297 2840 1350 annis
2877 1299 3063 1351 tacuit.
3104 1297 3278 1354 Hellin
3319 1303 3504 1371 ignem
3547 1303 3604 1356 in
3641 1306 3756 1358 sinu

2174 1384 2449 1451 portabat.
2486 1385 2665 1440 llelias
2692 1386 2791 1441 110
2818 1390 3114 1444 monachus
3141 1391 3410 1460 presbiter
3437 1391 3495 1445 in
3525 1394 3755 1455 heritno.

2175 1471 2324 1526 solus
2373 1475 2532 1528 annis
2578 1474 2664 1528 70.
2713 1475 2917 1544 Apellis
2966 1475 3119 1532 faber
3167 1478 3373 1534 ferrum
3419 1495 3490 1535 ex
3540 1481 3758 1536 formes

2175 1563 2400 1616 crudem
2457 1564 2681 1618 trahens
2730 1581 2932 1630 manu,
2993 1576 3152 1621 nocte
3202 1567 3401 1622 faciem
3468 1569 3758 1636 demouis,

2187 1650 2439 1718 (ingentis
2483 1668 2543 1707 se
2593 1654 2645 1707 in
2691 1653 2864 1709 forma
2905 1656 3149 1711 mulieris
3191 1656 3416 1726 pulcre,
3463 1663 3756 1730 percussit.

496 1749 832 1817 agnoscitur,
861 1764 891 1803 a
917 1765 1023 1818 quo
1043 1748 1251 1803 heresis
1276 1749 1630 1802 Eunomiana.
1659 1745 1902 1798 Saxones
1921 1741 2063 1797 cessi
2105 1761 2144 1820 ις
2175 1739 2414 1794 Isidorus
2464 1757 2620 1796 suum
2669 1741 2862 1798 clausit
2910 1747 3330 1807 monasterium,
3371 1748 3522 1802 intus
3559 1750 3760 1804 habens

497 1836 782 1890 Debusone
803 1839 876 1868 ’θ’
910 1840 960 1891 in
997 1838 1214 1908 regione
1247 1837 1605 1890 Francorum.
1634 1832 2070 1900 Burgundiorum

493 1925 564 1978 80
599 1925 767 1981 ferme
814 1927 994 1992 milia,
1035 1928 1178 1998 quod
1213 1943 1486 1996 nunquam
1525 1935 1717 1986 antea,
1755 1923 1821 1976 ad
1859 1923 2071 1980 Renum

497 2014 915 2070 descenderunt.
958 2016 1260 2070 Clearchus
1297 2015 1574 2086 prefectus
1601 2013 1718 2068 urbi
1752 2013 2065 2068 Constanti-

493 2106 672 2174 tmpoli
703 2106 1037 2175 agnoscitur,
1065 2123 1090 2160 a
1122 2123 1230 2176 quo
1259 2107 1536 2162 neccsaria
1560 2114 1616 2160 et
1641 2107 1730 2161 diu
1758 2115 2070 2175 exspectata

491 2197 639 2250 votis
669 2211 808 2266 aqua
849 2197 1058 2252 civitati
1097 2198 1393 2252 inducitur.
1430 2197 1779 2253 Alexandria:
1814 2198 1884 2252 20
1923 2199 2069 2253 ordi-

495 2298 655 2344 natus
684 2290 971 2359 episcopus
999 2291 1219 2355 Petrus,
1246 2290 1336 2359 qui
1367 2299 1490 2360 post
1515 2288 1759 2345 Valentis
1789 2291 2066 2346 interitum

496 2392 604 2436 tam
636 2384 706 2414 "'
736 2383 911 2438 facilis
952 2385 1004 2438 in
1039 2384 1359 2454 recipiendis
1401 2383 1654 2438 hereticis
1685 2381 1813 2444 fuit.
1849 2392 1908 2436 ut
1936 2397 2069 2438 non-

494 2471 636 2527 nulls
667 2474 1026 2543 suspicionem
1065 2484 1299 2544 acceptae
1329 2473 1574 2544 pecunia}
1615 2473 1858 2528 intulerit
1889 2472 1907 2545 [
1933 2473 2072 2527 San-

495 2573 617 2618 etus
649 2563 914 2619 Martinus
947 2579 1090 2618 anno
1130 2564 1200 2618 56
1238 2579 1348 2618 suae
1383 2563 1595 2624 aetatis,
1637 2563 1912 2618 dominico
1951 2564 2067 2627 die,

499 2663 696 2722 quarto
725 2651 908 2709 Nonas
944 2653 1100 2717 Julii,
1131 2654 1195 2708 'in
1231 2653 1758 2724 archiepiscopatum
1791 2652 2068 2709 Turonum

493 2746 684 2802 Gallia:
718 2746 958 2802 civitatis
987 2753 1360 2808 consecratur,
1406 2744 1457 2798 in
1489 2759 1598 2813 quo
1634 2744 1706 2798 26
1745 2743 1903 2797 annis
1944 2759 2070 2797 sau-

493 2839 738 2896 ctissime
774 2840 928 2893 vixit.
962 2839 1056 2908 (S.
1089 2837 1215 2894 Ssv.
1248 2836 1380 2891 dial.
1412 2852 1470 2890 ιι.
1507 2852 1557 2892 e.
1591 2835 1676 2905 5.)
1708 2835 1974 2905 Tempore
2002 2837 2072 2868 ³⁵⁷⁵

497 2947 604 3000 quo
648 2931 857 3002 primus
899 2932 1184 3000 cpiscopus
1228 2929 1389 2983 datus
1425 2938 1509 2982 est
1548 2935 1767 2981 sanctus
1804 2926 2071 2981 Martinus

501 3021 914 3076 Valentinianus
955 3030 1065 3073 tum
1108 3019 1279 3086 major
1316 3034 1494 3072 rermn
1530 3018 1856 3087 potiebatur.
1890 3016 2071 3070 Noluit

2179 1832 2512 1885 necessaria.
2566 1831 2757 1902 Apollo
2804 1835 2964 1890 annis
3014 1836 3082 1890 10
3142 1837 3196 1890 in
3255 1837 3560 1896 solitudine
3617 1852 3761 1899 exte-

2178 1920 2343 1975 riore.
2401 1921 2699 1986 Dortheus.
2757 1924 2910 1995 cujus
2961 1927 3114 1982 cibus
3169 1937 3289 1983 erat
3346 1929 3512 1999 panis
3575 1930 3610 1985 6
3665 1947 3760 1984 uu-

2178 2010 2391 2063 ciarmn
2422 2020 2478 2065 et
2507 2028 2646 2068 unus
2679 2014 2970 2069 fasciculus
3001 2015 3204 2071 holeris
3231 2025 3286 2070 et
3319 2032 3484 2086 aqua.
3536 2018 3757 2074 Piamon

2175 2101 2463 2170 presbiter,
2519 2102 2604 2156 cui
2663 2103 2953 2173 aliquando
3001 2103 3246 2160 offerenti
3288 2121 3494 2177 corpus
3535 2124 3754 2166 sacrum

2175 2191 2402 2260 angelus
2449 2194 2593 2247 circa
2636 2193 2808 2248 altare
2853 2196 3138 2264 apparuit,
3186 2197 3409 2252 nomina
3450 2201 3756 2256 absentium

2175 2283 2364 2339 deleas
2396 2283 2736 2356 fratrumque
2759 2291 3091 2358 presentium
3117 2292 3383 2348 scribens.
3413 2292 3660 2360 Marcus,
3675 2296 3756 2349 cui

2181 2375 2408 2445 angelus
2434 2376 2568 2430 hora
2605 2379 3004 2435 communionis
3032 2378 3235 2437 Christi
3271 2396 3474 2451 corpus
3523 2385 3754 2452 uetuit.

2177 2466 2378 2523 llloises
2405 2485 2590 2524 vassas
2617 2469 2848 2525 fratrum
2875 2480 3031 2528 nocte
3060 2488 3200 2540 aqua
3248 2475 3514 2543 implebat
3561 2489 3659 2544 per
3689 2475 3753 2529 10

2179 2559 2386 2617 statlios
2418 2560 2502 2615 vel
2540 2562 2608 2616 20
2634 2571 2728 2617 aut
2755 2562 2824 2617 50
2851 2564 3106 2629 trahens,
3133 2568 3224 2634 qui
3251 2572 3496 2634 quatuor
3521 2565 3756 2620 latrones

2177 2667 2342 2706 suum
2375 2651 2674 2724 hospitium
2707 2655 3043 2712 invastantes
3071 2655 3294 2725 ligavit,
3321 2656 3580 2710 crastino
3605 2659 3757 2711 dorso

2178 2759 2274 2798 eos
2306 2747 2358 2799 in
2389 2761 2679 2800 commune
2709 2745 2937 2802 fratrum
2983 2757 3322 2818 portaturus.
3363 2748 3577 2802 Paulus
3615 2759 3755 2817 pater

2175 2832 2244 2886 50
2277 2834 2683 2890 monachorum.
2717 2835 3026 2905 Stephanus
3059 2851 3154 2907 per
3191 2852 3363 2894 annos
3397 2836 3470 2890 40
3503 2837 3756 2906 probatus

2176 2934 2234 2978 et
2261 2941 2457 2995 magno
2479 2927 2715 2982 Antonio
2744 2929 3089 2993 notissimus,
3115 2929 3310 2984 deinde
3341 2929 3415 2985 ita
3447 2930 3755 2992 tribulams.

2177 3027 2233 3069 ut
2264 3017 2502 3072 metnbra
2526 3018 2641 3088 ejus
2671 3019 3100 3076 absciderentur.
3125 3017 3373 3073 Julianus
3395 3018 3756 3088 Accepsemas

494 3125 715 3182 surgere
736 3119 866 3164 ante
898 3108 1207 3172 Martinam,
1240 3108 1407 3161 donec
1441 3105 1625 3160 sellam
1655 3104 1856 3174 regiam
1890 3114 1943 3158 et
1977 3121 2070 3158 na-
2102 3096 2144 3154 C
2179 3123 2277 3176 per
2309 3107 2375 3161 70
2406 3123 2578 3162 annos
2612 3109 2664 3162 in
2709 3108 2846 3162 cella
2891 3107 3138 3163 reclusus
3178 3124 3279 3162 nec
3321 3108 3508 3162 vissus
3549 3123 3650 3164 nec
3689 3109 3759 3162 lo-

497 3209 577 3254 tcs
608 3202 751 3269 regis
775 3199 911 3269 ignis
937 3197 1266 3252 incendisset
1288 3237 1302 3258 ,
1331 3204 1383 3249 et
1411 3197 1493 3248 sic
1519 3193 1654 3248 solio
1682 3208 1779 3248 suo
1807 3193 2072 3264 superbus

499 3303 595 3343 rex
623 3289 918 3349 excutitur,
950 3298 1006 3340 et
1035 3285 1266 3338 Martino
1296 3285 1495 3338 invitus
1528 3281 1811 3353 assurgit.]

569 3379 694 3434 595.
730 3379 816 3433 10.
851 3376 1124 3450 [eccum]
1155 3377 1360 3449 (ῐῐιειι.)
1400 3376 1684 3431 Gratianus
1723 3375 1776 3430 5.
1815 3388 1860 3430 et
1905 3375 2072 3447 Equi-

501 3472 630 3524 tius.
663 3468 979 3534 Melantius,
1013 3468 1352 3523 nobilissima
1383 3469 1670 3528 mulierum
1705 3474 2071 3527 Romanorum

499 3569 554 3612 et
584 3557 884 3612 Marcellini
915 3558 1188 3627 quondam
1219 3558 1455 3614 consulis
1486 3557 1627 3626 lilia,
1661 3561 1818 3616 unito
1849 3561 1916 3591 ⁸⁸⁵
1948 3575 2072 3629 prec

501 3659 623 3706 tore
655 3659 783 3704 tunc
815 3651 1020 3705 urbano
1049 3649 1160 3705 tilio
1187 3649 1898 3718 derelicto,llierosolimam
1925 3654 2074 3708 navi-

500 3742 690 3809 gavit;
734 3741 820 3796 ubi
864 3749 1014 3798 tanto
1053 3745 1312 3798 virtutum
1352 3745 1714 3816 precipueque
1751 3747 2072 3803 humilitatis

498 3833 762 3887 miracqu
796 3831 926 3900 luit,
960 3842 1018 3888 ut
1045 3831 1222 3889 Teclze
1253 3849 1445 3889 nomen
1475 3838 1764 3906 acceperit.

567 3925 692 3980 394.
729 3927 814 3981 11.
849 3925 1142 4001 [eccum]
1180 3928 1392 3999 (""an
1431 3930 1536 3984 Pro
1577 3948 1626 3985 ε.
1668 3929 1908 3985 Gratiani
1937 3931 1992 3986 4.
2026 3941 2075 3986 et

500 4017 724 4090 Equitii.
784 4020 914 4076 Post
965 4023 1216 4078 Auxentii
1270 4037 1449 4078 seram
1503 4031 1734 4077 mortem
1789 4021 2074 4078 Mediolani

497 4114 791 4169 Ambrosio
829 4116 1086 4185 episcopo
1113 4115 1454 4179 constituto,
1482 4115 1658 4169 omnis
1686 4114 1754 4170 ad
1789 4115 1949 4169 [idem
1983 4130 2072 4171 re-

494 4214 647 4259 ctam
689 4205 842 4260 Italia
889 4207 1248 4261 convertitur.
1299 4206 1641 4276 Aquilienses
1687 4205 1871 4260 clerici
1917 4205 2072 4276 quasi

496 4293 706 4352 chorus
755 4293 1038 4348 beatorum
1090 4293 1381 4349 habentur.
1432 4293 1569 4359 Quia
1618 4293 1882 4362 superiori
1933 4310 2075 4349 anno

501 4384 769 4440 Sarmata:
788 4385 1093 4440 Pannonias
1115 4393 1462 4439 vastaverunt
1479 4425 1494 4451 ,
1520 4384 1658 4438 idem
1683 4385 1929 4440 consules
1950 4401 2073 4456 pero

502 4487 774 4527 mansere.
807 4473 1120 4527 Theodorus
1152 4473 1232 4527 sic
1274 4474 1427 4543 (vui,
1457 4472 1509 4541 1)
1551 4487 1564 4525 :
1605 4473 1729 4526 Pior
1771 4478 2073 4532 monachus

507 4560 832 4616 ambulando
861 4561 1083 4630 edebat,
1115 4578 1182 4616 ne
1213 4579 1311 4618 sua
1351 4563 1501 4617 carni
1538 4563 1796 4632 placeret.
1840 4565 2074 4624 Panibus

507 4649 682 4704 noluit
713 4650 830 4720 plus
859 4667 964 4706 uno
992 4667 1180 4716 versu,
1215 4653 1266 4708 id
1307 4661 1390 4706 est
1423 4672 1440 4705 ι
1474 4653 1582 4706 dixi
1620 4657 1924 4711 custodiam
1963 4658 2077 4713 vias

507 4755 658 4802 meas
691 4760 709 4791 ι
738 4743 942 4796 discere
965 4783 978 4807 ,
1009 4743 1132 4798 dum
1165 4745 1338 4814 ipsum
1368 4745 1684 4814 compleret.
1719 4747 1818 4812 Qui
1852 4747 2084 4802 interro-

509 4831 664 4906 ganti
705 4847 762 4887 se
811 4834 875 4888 de
923 4836 1111 4910 eodem
1161 4849 1320 4889 versu
1353 4835 1428 4889 sic
1469 4836 1786 4904 respondit:
1825 4856 1842 4887 ι
1878 4838 1973 4892 Vix
2015 4839 2083 4895 49

511 4923 667 4979 annis
715 4925 884 4992 ipsum
933 4925 1154 4996 implere
1196 4941 1431 4995 possunt.
1465 4946 1482 4977 ι
1541 4927 1641 4993 Qui
1693 4941 1918 5000 rogante
1966 4933 2082 4999 cpi-

2182 3211 2339 3256 cutus
2372 3201 2574 3255 tandiu.
2610 3200 2880 3272 [Sanctus
2911 3200 3058 3268 (128)
3099 3198 3374 3257 Patricius
3423 3202 3673 3255 nascitur
3708 3201 3755 3260 in

2173 3288 2412 3342 Britania
2445 3287 2618 3342 insula
2646 3305 2712 3344 ex
2741 3297 2894 3358 patre
2921 3290 3139 3344 nomine
3168 3289 3451 3360 Calpuirn,
3487 3290 3754 3358 presbiter

2176 3379 2277 3433 fuit
2307 3381 2420 3450 ipse
2458 3379 2710 3448 Calpuim
2749 3380 2821 3418 ’9⁸
2863 3379 3003 3433 filius
3041 3380 3251 3434 diaconi
3296 3380 3521 3434 nomine
3577 3378 3747 3434 Fotid.

2177 3479 2354 3523 Mater
2383 3479 2564 3528 autem
2594 3479 2714 3524 erat
2762 3469 2983 3523 Patricii
3031 3470 3345 3534 Conchcss,
3379 3486 3543 3527 soror
3585 3473 3752 3528 sancti

2178 3556 2398 3612 Martini
2429 3561 2494 3612 de
2525 3557 2717 3612 Callia.
2755 3557 2923 3613 Sucat
2953 3574 3147 3613 nomen
3179 3561 3232 3616 in
3277 3561 3633 3631 baptismate.
3663 3564 3755 3618 Co-

2177 3652 2379 3719 thra'ge
2402 3648 2418 3718 (
2441 3649 2565 3718 129)
2598 3649 2826 3704 ἀὶιιιιιιιω
2863 3649 3076 3722 ἰςΐοειιὸ.
3115 3651 3271 3705 docet
3297 3652 3548 3708 hartreb.
3578 3654 3752 3724 Mago-

2177 3744 2297 3793 nius
2335 3756 2362 3791 ιι
2403 3740 2700 3801 Germano,
2747 3739 3035 3806 Patricius,
3088 3743 3138 3797 id
3177 3754 3261 3799 est
3297 3756 3458 3814 pater
3491 3747 3693 3804 civium
3724 3761 3752 3800 a

2175 3846 2313 3900 papa
2347 3829 2522 3885 CeleSI
2537 3833 2647 3886 ino.
2675 3831 2692 3905 ]

2245 3919 2372 3974 595.
2407 3921 2490 3974 12.
2523 3920 2835 3994 [εοεωικιιι]
2867 3920 2946 3992 (ll
2977 3921 3127 3993 Trip.
3159 3939 3288 3989 vm,
3323 3924 3450 3994 11.)
3485 3925 3678 3981 Valens
3703 3926 3755 3980 5.

2178 4027 2224 4066 et
2272 4013 2692 4066 Valentinianus.
2725 4011 2932 4088 (ΙΙιιῖιι.)
2965 4012 3058 4066 llis
3088 4013 3408 4069 consulibus
3433 4013 3757 4072 Valentinia-

2179 4121 2280 4158 nus
2314 4114 2505 4159 contra
2543 4104 2737 4173 ligatos
2764 4103 3213 4176 Sauromatarum
3255 4105 3568 4166 vehementi
3610 4122 3757 4161 eom-

2179 4205 2359 4250 motus
2413 4195 2626 4260 furore,
2680 4199 2972 4267 eruptione
3025 4215 3328 4262 venarum,
3379 4201 3527 4268 quod
3585 4198 3758 4252 Grece

2180 4286 2498 4355 appOplexis
2555 4297 2801 4351 vocatur,
2841 4287 2984 4343 llum
3032 4288 3275 4356 sanginis
3305 4288 3393 4342 l7.
3423 4289 3512 4342 die
3562 4289 3760 4344 mensis

2182 4375 2544 4443 Septembris.
2594 4377 2790 4446 :rtatis;
2812 4392 2953 4431 anno
3003 4377 3104 4442 54,
3156 4376 3364 4445 imperii
3421 4385 3605 4430 autem
3653 4375 3756 4438 11,

2189 4481 2370 4520 mense
2398 4465 2463 4530 5,
2499 4466 2792 4534 Bt'igitione
2821 4467 2975 4521 obiit.

2262 4554 2614 4607 Romanorum
2653 4556 2741 4609 47.
2787 4555 2976 4609 Valens
3012 4573 3128 4609 cum
3168 4554 3427 4618 Gratiano
3473 4566 3524 4609 et
3575 4553 3756 4606 Valen-

2185 4648 2362 4708 tiano,
2393 4646 2504 4713 ﬁlio
2553 4646 2735 4714 fratris
2781 4649 2894 4711 sui,
2941 4649 3240 4702 secundum
3279 4662 3472 4703 omnes
3512 4648 3667 4701 anuis
3694 4647 3757 4708 4,

2191 4737 2288 4791 hoc
2329 4745 2413 4789 est
2450 4752 2620 4804 usque
2660 4737 2777 4791 Kal.
2821 4737 3070 4792 Octobris
3097 4779 3113 4802 ,
3155 4741 3206 4793 in
3246 4754 3393 4817 anno
3446 4740 3578 4796 56-5.
3639 4748 3755 4808 post

2189 4829 2520 4896 passionem.
2581 4826 2693 4882 Sub
2743 4844 2850 4900 quo
2899 4829 2950 4884 hi
3001 4829 3256 4884 consules
3304 4829 3558 4893 fuerunt,
3620 4839 3756 4884 teste

2187 4921 2530 4978 Cassiodoro.

1767 5039 2026 5107 (VARle
2067 5035 2465 5096 LECTIONES.
2579 5126 2584 5127 ν
