3926 5326
136 301 241 355 713

130 506 351 561 besides.
389 507 614 574 Valens,
643 508 760 581 lege
793 512 919 566 data
960 521 1020 567 ιιι
1066 514 1317 569 monachi
1368 514 1671 570 militarent
1696 556 1710 578 ,

127 601 374 656 nolentes
413 600 645 657 fustibus
674 603 840 673 jussit
879 604 1133 661 interﬁci.
1176 607 1483 664 Tltedosius
1520 607 1709 663 Theo-

129 690 269 745 dossi
300 701 493 761 postea
533 692 877 761 imperatoris
904 705 1079 766 pater,
1109 707 1164 753 et
1194 698 1416 771 plurimi
1447 698 1712 757 nobilium

124 781 341 836 occissi.
386 782 595 853 (ΙΙιειι.)
630 784 856 841 Fotinus
893 787 947 842 in
988 786 1198 843 Galatia
1230 790 1478 856 moritur,
1527 806 1557 845 a
1603 807 1711 861 quo

125 862 574 929 Footinianorum
591 874 783 947 dogma
806 875 1087 945 judaicum
1104 880 1196 933 "7.
1239 879 1500 936 Bassilius
1521 880 1713 937 Cessa-

123 961 317 1019 ricnsis
373 968 662 1039 episcopus
700 969 1021 1040 Capadocia:
1070 971 1251 1029 clarus
1308 974 1562 1040 habetur,
1616 975 1710 1045 qui

125 1058 288 1110 multa
351 1060 708 1117 continentia:
759 1070 813 1119 et
858 1063 1061 1134 ingenii
1108 1065 1249 1119 bona
1293 1082 1402 1123 uno
1441 1067 1712 1137 superbia:

124 1150 264 1205 malo
291 1153 558 1221 perdidit.

193 1246 320 1302 397.
362 1248 420 1301 9.
451 1248 759 1325 [εεςωιιν.]
791 1252 997 1323 (litem)
1037 1252 1224 1311 Valens
1254 1257 1306 1310 6.
1355 1255 1411 1310 V.
1446 1256 1507 1310 C.
1537 1274 1707 1311 conss.

126 1336 536 1394 Alamoinorum
580 1342 648 1397 30
692 1344 914 1400 circiter
952 1345 1098 1399 milia
1144 1347 1285 1415 apud
1329 1345 1709 1416 Argentarium

136 1429 390 1497 Oppidqu
441 1430 739 1487 Galliarum
800 1436 869 1490 ab
918 1436 1160 1491 exercitu
1212 1435 1459 1491 Gratiani
1513 1446 1708 1503 strata,

131 1522 507 1590 Florentinus,
537 1524 785 1581 Bonosus
818 1537 874 1582 et
908 1527 1138 1581 Rufinus
1180 1528 1419 1597 insignes
1455 1528 1708 1584 monachi

130 1613 416 1669 habentur.
450 1616 496 1670 Ε
526 1616 724 1687 quibus
755 1615 1104 1673 Florentinus
1139 1628 1247 1673 tam
1278 1618 1622 1673 missericors
1654 1620 1705 1672 in

124 1704 349 1777 egentes
374 1708 511 1775 fuit,
552 1718 611 1765 ut
648 1710 816 1782 vulgo
855 1721 1017 1781 pater
1056 1727 1355 1781 pauperum
1395 1711 1707 1767 nominatus

1357 306 1776 363 cunosrcox.
1822 337 1889 344 _
1930 306 2054 360 Lm.
2080 278 2190 361 in.

200 413 333 471 396.
380 414 431 469 l.
471 414 776 490 [cccuxrv]
810 418 1024 491 meus.)
1057 416 1342 475 Gratianus
1374 421 1425 475 4.
1455 432 1503 477 et
1538 421 1713 477 Mero-
1743 428 1791 486 Α

3299 314 3403 371 7H

1890 421 2015 475 401.
2041 422 2094 477 3.
2125 421 2439 495 {cccaxstx}
2467 421 2708 499 (PROSP.)
2736 425 2979 497 Siagrius
3005 440 3053 483 et
3083 428 3401 489 Eucherius.

1820 509 2086 566 Martinus
2114 512 2404 583 episcopus
2434 513 2795 571 Turriuorutn
2829 518 2894 549 ³⁰¹
2924 522 3067 590 apud
3096 521 3403 580 Constanti-

1820 600 2058 671 nopolim
2091 601 2493 670 quintadecima
2526 606 2613 660 die
2644 621 2749 674 qua
2783 606 2961 664 fuerat
2996 624 3282 682 susceptus
3306 630 3402 671 oc-

1818 690 2041 746 ciditur.
2074 691 2280 762 (Cass)
2310 692 2328 764 [
2353 692 2447 749 llis
2477 696 2791 752 consulibus
2811 740 2823 763 ,
2864 709 3000 755 teste
3031 701 3399 772 Gassiodoro,

1817 790 2041 837 sanctus
2085 782 2351 839 Martinus
2388 784 2677 842 Turonicae
2720 789 2958 847 civitatis
3008 791 3296 865 episcopus
3348 797 3403 851 in

1816 870 1992 927 Gallia
2022 872 2203 929 clarus
2231 874 2478 931 habetur.
2502 876 2522 949 ]

1818 962 1959 1035 [cod.
1987 966 2041 1018 in
2064 981 2257 1035 marg.,
2278 966 2485 1021 Cit-lum
2508 969 2598 1022 9.1.
2622 970 2847 1026 decenn.
2878 973 2981 1028 inc.
3012 973 3123 1029 ind.
3148 977 3396 1049 octava;

1886 1054 2011 1108 402.
2050 1053 2105 1107 4.
2139 1054 2431 1129 [cccuxx]
2462 1057 2742 1115 Antoricus
2772 1072 2819 1115 et
2874 1061 3136 1132 Siagrius.
3166 1065 3401 1123 Sanctus

1816 1142 2107 1215 Teophilus
2144 1147 2489 1205 Alexandria:
2517 1149 2804 1222 episcopus
2832 1165 3144 1224 computum
3174 1168 3399 1216 centum

1815 1252 2082 1291 annorum
2115 1254 2278 1294 cursu
2309 1240 2636 1310 Theodosio,
2677 1242 2832 1317 [ﬁlio]
2872 1246 3151 1314 Gratiani,
3179 1249 3401 1305 dedica-

1812 1328 1922 1393 vit,
1955 1327 2263 1399 [consulatn
2292 1332 2492 1387 Antoni
2520 1343 2575 1389 ct
2606 1334 2781 1405 Siagri
2816 1337 3148 1411 incipiente].
3183 1339 3402 1411 (Βευιι.)

1814 1416 2051 1475 Sinodus
2085 1432 2301 1477 centum
2340 1424 2736 1497 quinquaginta
2786 1437 3001 1496 patrum
3054 1430 3107 1485 in
3157 1432 3401 1503 Augusta

1813 1507 1949 1562 urbe
2000 1519 2192 1565 contra
2245 1510 2641 1580 Macedonum,
2693 1516 2794 1571 sub
2844 1517 3105 1573 Datnasso
3156 1536 3294 1591 papa
3346 1530 3403 1578 ct

1811 1595 2095 1653 Gratiano.
2139 1599 2243 1671 (cf.
2276 1606 2376 1655 Λι).
2408 1602 2597 1675 Mart.)
2636 1603 2808 1660 Roma
2847 1606 3045 1663 natalis
3084 1610 3254 1665 sancti
3298 1612 3401 1667 Da-

1812 1688 1975 1743 tnassi
2010 1706 2159 1760 papte
2188 1692 2240 1747 '5.
2274 1692 2396 1748 ldus
2425 1692 2735 1760 Deccmbr.,
2763 1695 2849 1750 via
2877 1695 3192 1763 Ardiatina,
3224 1700 3277 1755 in
3306 1700 3401 1755 ba-

121 1775 203 1853 si‘L
234 1799 382 1856 Gens
419 1798 697 1858 Hmwrum
733 1775 941 1859 (ξοηλοε
984 1775 1202 1870 vagat";
1240 1804 1331 1875 qui
1374 1820 1406 1860 λ
1436 1802 1704 1860 Romanis
1740 1775 1782 1835 Β
1808 1779 2122 1875 silicasua,
2172 1784 2265 1853 qni
2314 1786 2455 1840 sedit
2496 1786 2654 1842 annis
2694 1787 2779 1841 18.
2822 1788 2928 1858 (cf.
2964 1788 3059 1844 lib.
3088 1790 3261 1863 poni.)
3298 1792 3398 1849 llic

124 1892 230 1947 sine
260 1908 548 1948 armorum
586 1895 951 1965 depossitione
986 1896 1224 1966 suscepti
1245 1936 1261 1962 ,
1290 1912 1386 1967 per
1414 1896 1702 1952 avaritiam

124 1977 324 2036 Maximi
354 1984 513 2039 ducis
537 1983 677 2041 fame
704 1985 770 2040 ad
803 1985 1171 2042 rebellandum
1204 1987 1378 2042 coacti
1409 1996 1554 2043 sunt.
1591 1986 1701 2041 Su-

122 2074 314 2140 peratis
351 2077 411 2131 in
446 2080 835 2147 coitgressione
874 2080 1165 2145 Romanis,
1200 2079 1362 2137 Gothi
1400 2079 1701 2136 funduntur

123 2166 171 2220 iu
200 2167 416 2225 Tracia.

192 2258 311 2315 398.
340 2261 401 2317 3.
431 2261 736 2337 [eccum]
767 2262 971 2335 (Πιειι.)
1006 2265 1402 2319 Valentinianus
1428 2263 1513 2319 ll.
1546 2262 1613 2320 Υ.
1638 2264 1697 2319 C.

142 2351 328 2409 Valens
367 2355 439 2409 de
492 2355 779 2411 Antiochia
815 2356 966 2410 exire
1004 2354 1312 2426 compulsus
1336 2395 1349 2420 ,
1387 2368 1509 2409 sera
1545 2354 1701 2425 peni-

124 2444 281 2499 tentia
314 2456 537 2501 nostros
568 2446 635 2501 de
661 2446 819 2501 exilis
854 2457 1069 2502 revocat
1101 2446 1196 2501 ¹⁹⁸.

191 2533 398 2606 (Ηιειι.)
434 2534 801 2592 Lacrimabile
836 2537 1041 2593 bellum
1075 2539 1128 2592 in
1165 2536 1399 2594 Trachia
1423 2577 1437 2603 ,
1471 2537 1525 2592 in
1556 2552 1699 2607 quo,

124 2624 401 2682 deserente
453 2629 698 2700 equitum
738 2630 1015 2699 presidio,
1056 2630 1322 2686 Romanae
1373 2630 1616 2703 legiones
1666 2647 1698 2688 a

121 2714 256 2771 Getis
285 2719 513 2783 cinctae,
546 2734 718 2789 usque
745 2720 815 2774 ad
865 2720 1282 2777 internicionem
1332 2736 1501 2777 cessa:
1551 2730 1697 2777 sunt.

125 2802 225 2871 Ipse
248 2806 549 2877 imperator
584 2807 803 2876 Valens,
829 2825 954 2864 cum
991 2810 1188 2881 sagitta
1226 2812 1447 2867 saucius
1486 2811 1701 2883 fugeret

122 2904 170 2950 et
199 2897 263 2951 ob
290 2898 541 2953 dolorem
580 2914 710 2972 sepe
746 2915 887 2972 equo
937 2901 1237 2970 laberetur,
1291 2903 1361 2958 ad
1413 2904 1697 2974 cujusdam

126 2988 303 3045 villula:
341 3006 559 3047 cassam
595 2992 919 3063 deportatus
951 3004 1072 3062 est;
1112 2994 1329 3068 (illam)
1369 3012 1479 3068 quo
1508 3013 1697 3069 perse-

125 3085 402 3159 quentibus
440 3101 567 3141 eum
608 3086 887 3154 barbaris,
926 3098 982 3143 et
1018 3089 1235 3145 incensa
1275 3090 1471 3157 domo,
1509 3091 1693 3161 sepul-

1808 1872 2093 1928 constituit
2123 1875 2360 1945 psalmos
2388 1877 2478 1933 die
2521 1887 2793 1949 noctuque
2854 1895 2953 1950 per
3002 1896 3195 1943 omnes
3242 1884 3399 1939 mclc~

1811 1965 1925 2020 sias
1954 1966 2258 2022 decantari.

1880 2057 2004 2112 405.
2041 2057 2093 2111 5.
2128 2057 2440 2133 [cccuxxrj
2472 2060 2715 2133 (Pnosr.)
2752 2062 3102 2131 Merobaudes
3128 2067 3183 2121 2.
3213 2050 3261 2121 et
3290 2065 3394 2123 Sa-

1805 2153 2071 2208 turninus.
2104 2153 2307 2227 (Cass)
2348 2155 2648 2223 Arcadius,
2692 2156 3009 2214 Theodossii
3053 2159 3399 2229 imperatoris

1806 2242 1986 2312 ﬁlius,
2028 2246 2339 2317 appellatur
2378 2258 2659 2319 angustus.
2702 2249 2939 2306 Sanctus
2976 2250 3239 2335 Martinus
3276 2255 3399 2324 epi-

1804 2353 2003 2409 scopus
2034 2342 2313 2397 Turonum
2343 2342 2530 2400 Gallia:
2561 2346 2802 2402 civitatis
2832 2347 3033 2403 clarus.

1875 2431 2001 2486 404.
2044 2432 2096 2487 6.
2142 2434 2477 2523 [cccuxxul
2515 2436 2759 2507 (Paose.)
2814 2438 3061 2495 Ricomer
3106 2450 3154 2495 et
3204 2441 3394 2499 Clear-

1802 2521 1953 2575 chus.
1986 2520 2288 2590 Honorius,
2322 2520 2618 2581 Theodo>si
2646 2526 2822 2594 ﬁlius,
2858 2529 3117 2584 nascitur.

1876 2611 2117 2685 (Pnosr.)
2168 2613 2420 2683 Ursinus,
2450 2618 2539 2687 qui
2589 2626 2637 2671 et
2678 2618 2937 2685 Siricius,
2980 2619 3069 2675 37.
3111 2638 3249 2693 papa
3294 2638 3392 2678 an-

1804 2706 1885 2760 nis
1922 2706 1985 2762 l5
2015 2707 2105 2761 ⁸⁶¹.
2758 2756 2761 2759 μ

1874 2797 1971 2853 His
2002 2800 2312 2855 consulibus
2359 2802 2412 2856 in
2446 2801 2690 2857 Britania
2730 2805 2999 2862 seditione
3048 2807 3119 2840 ³⁸³
3160 2808 3393 2866 militum

1801 2886 2081 2943 Maximus
2110 2890 2405 2960 imperator
2432 2900 2518 2947 est
2549 2892 2728 2947 factus
2755 2909 2770 2959 ;
2805 2894 2897 2965 qui
2939 2910 3063 2949 mox
3094 2897 3162 2951 ad
3190 2895 3395 2954 Gallias

1805 2979 2235 3047 transfretante,
2276 2981 2571 3039 Gratianus
2606 2982 2809 3041 Parisis
2854 2985 3180 3044 Merobaude
3222 2992 3392 3059 magi-

1800 3082 1917 3127 stro
1947 3073 2179 3129 militum
2209 3076 2516 3145 proditione
2545 3088 2865 3149 superatus,
2896 3080 3108 3152 fugiens
3137 3078 3389 3153 Lugduni

127 3138 228 3230 tura
265 3138 493 3250 ..'..‘.;,..‘.’
521 3138 1690 3252 ἐξινῖίεῖῙίιῖἐιιζιᾷαἷὶὶὲῖἶοηὲηιιιεῖ(υλέε.)

1826 3176 1993 3236 aptus
2025 3176 2187 3238 atque
2209 3138 2460 3225 occissus
2490 3179 2592 3227 est.
2612 3138 2854 3243 ’(Βεωι.)
2894 3138 3162 3231 Maximus
3192 3138 3381 3233 {icto-

126 3264 486 3335 [Cassiodorns
525 3269 643 3323 sic:
676 3269 775 3325 Cui
813 3270 1075 3326 successit
1104 3271 1160 3325 in
1191 3270 1415 3327 Oriente
1443 3271 1695 3329 Theodo-

130 3357 256 3423 sius,
284 3358 579 3416 Theodosii
612 3359 785 3427 ﬁlius,
817 3376 979 3432 quem
1007 3361 1112 3417 sibi
1141 3362 1196 3416 in
1228 3362 1570 3417 consortium
1606 3378 1691 3419 re-

125 3448 201 3515 gni
220 3449 512 3507 Gratianus
534 3452 747 3507 ascivit.
766 3451 1061 3507 Gratianus
1084 3453 1266 3521 itaque
1288 3468 1411 3508 cum
1436 3462 1694 3524 quatuor-

130 3537 296 3596 decem
323 3550 580 3613 regnaret
604 3544 792 3610 annis,
824 3559 945 3599 cum
978 3542 1287 3600 Theodosio
1316 3555 1507 3615 regnat
1537 3546 1694 3601 annis

128 3630 175 3686 6.
204 3634 313 3690 Sub
342 3651 455 3707 quo
490 3637 546 3691 bi
586 3636 835 3693 consules
865 3636 1039 3692 fuere.
1077 3636 1219 3691 Anni
1258 3652 1389 3709 ergo
1427 3646 1692 3706 quatuor-

130 3723 295 3780 decem
326 3736 492 3793 sunt,
524 3735 665 3784 teste
702 3726 1060 3793 Cassiodoro,
1101 3728 1170 3783 ab
1210 3742 1353 3782 anno
1389 3728 1550 3783 tertio
1590 3728 1693 3782 Va-

127 3812 423 3879 lentiniani.
464 3821 517 3875 in
554 3835 663 3891 quo
699 3820 996 3877 Gratianus
1037 3821 1335 3891 imperator
1372 3819 1552 3875 factus
1574 3830 1690 3887 est,

126 3904 391 3966 Lubiciaio
410 3910 479 3943 ¹⁹⁹
502 3918 559 3967 et
581 3911 777 3968 Jovino
797 3910 1111 3968 consulibus
1127 3952 1143 3979 ,
1168 3928 1341 3983 usque
1371 3912 1424 3966 iu
1458 3922 1691 3967 mortem

129 3994 344 4056 Valentis
378 4013 431 4058 σι
465 4018 637 4073 usque
668 4002 956 4075 imperium
987 4004 1289 4058 secundum
1316 4000 1618 4074 Gratiani.]

184 4090 415 4164 (Ρίιοερ.)
438 4092 799 4149 Romanorum
819 4096 908 4152 48.
932 4092 1223 4150 Gratianus
1251 4112 1369 4149 cum
1394 4095 1564 4165 fratre
1595 4096 1695 4151 Va-

126 4180 395 4241 lentiniano
426 4185 657 4255 regnavit
687 4202 839 4241 omne
878 4198 1078 4257 tempus
1113 4187 1273 4241 annis
1308 4201 1399 4242 sex
1424 4227 1440 4253 ,
1478 4188 1580 4243 hoc
1608 4196 1695 4244 est.

128 4287 277 4343 usque
305 4276 426 4331 Kal.
458 4275 714 4333 Octobris
735 4317 749 4341 ,
783 4276 836 4331 in
875 4293 1020 4333 antro
1060 4277 1165 4331 3‘70
1203 4286 1325 4349 post
1362 4277 1690 4349 passionem.

132 4362 229 4420 Sub
257 4384 360 4438 quo
386 4370 441 4424 hi
474 4368 727 4424 consules
759 4368 1007 4435 fuerunt,
1038 4378 1174 4425 teste
1200 4369 1547 4426 Cassiodoro.

1800 3271 1914 3313 rem
1949 3256 2115 3312 ﬁlium
2143 3274 2299 3314 suum
2329 3272 2637 3319 consortem
2671 3267 2820 3337 regni
2851 3265 3001 3323 facit.

1872 3347 2232 3403 Romanorum
2260 3350 2349 3406 49.
2382 3351 2736 3425 Theodosius,
2774 3358 2920 3427 filius
2952 3358 3230 3431 Gratiani,
3259 3380 3379 3418 cunt

1806 3437 2181 3494 Valentiniano
2225 3453 2421 3511 patruo
2456 3459 2554 3500 suo
2593 3449 3028 3517 rcgnavit'annis
3061 3452 3156 3519 ll,
3190 3456 3395 3510 mensi-

1803 3532 1904 3586 bus
1931 3533 1997 3599 4,
2033 3534 2136 3590 hoc
2167 3545 2252 3590 ext
2285 3552 2459 3608 usque
2490 3538 2606 3612 [ad]
2647 3542 2769 3596 Kal.
2810 3544 3124 3613 Februarii,
3158 3548 3212 3603 in
3247 3566 3393 3604 anno

1799 3624 1927 3681 382.
1960 3637 2084 3694 post
2114 3626 2445 3695 passionem.
2481 3630 2594 3685 Sub
2626 3645 2733 3699 quo
2764 3634 2817 3687 lii
2852 3635 3103 3691 consules
3135 3635 3352 3695 fuerunt
3374 3682 3388 3704 ,

1800 3727 1940 3774 teste
1968 3718 2314 3774 Cassiodoro.

1867 3810 1994 3866 405.
2041 3813 2093 3866 l.
2137 3795 2494 3886 [Eccexsxttt]
2542 3814 2786 3889 (Ριιοερ.)
2831 3816 3093 3873 Arcadius
3123 3830 3174 3874 et
3212 3821 3386 3874 Bauto

1809 3903 1873 3959 V.
1906 3902 1968 3960 C.
2018 3903 2369 3961 liieronimus
2409 3907 2681 3976 presbiter
2722 3909 2826 3965 hoc
2856 3918 3100 3980 tempore
3130 3911 3183 3965 in
3211 3910 3389 3965 Betlc-

1798 3999 1923 4055 hem
1949 4007 2061 4055 toto
2082 3998 2195 4071 jam
2227 4001 2430 4055 mundo
2458 4000 2638 4057 clarus
2667 4001 2960 4067 habitavit,
2988 4004 3208 4075 egregio
3237 4006 3387 4073 inge—

1797 4092 1887 4145 nio
1916 4099 1973 4147 et
2001 4091 2181 4145 studio
2210 4091 2477 4161 universze
2503 4092 2729 4149 aeclesia:
2761 4096 3027 4150 serviens.

1869 4181 1994 4237 406.
2030 4184 2085 4237 2.
2131 4182 2471 4257 [cccuxxnv]
2504 4183 2712 4257 (Ηιειι.)
2743 4184 3015 4241 Honorius
3045 4196 3093 4242 et
3120 4184 3387 4241 Euodius.

1800 4275 2158 4330 Priscilianns
2202 4275 2258 4329 in
2292 4274 2489 4331 sinodo
2516 4268 2895 4346 Burdigaleiisi
2926 4278 3288 4335 damnandum
3320 4293 3381 4333 se

1800 4366 2151 4441 intelligens,
2186 4367 2251 4420 ad
2302 4366 2687 4436 imperatorem
2720 4367 3015 4423 Maximum
3046 4369 3383 4440 pervolavit,

189 4456 302 4514 399.
337 4461 389 4514 l.
421 4459 751 4532 [cccexxvu]
783 4459 1025 4530 (Ριιοερ.)
1060 4461 1323 4515 Ausonius
1352 4473 1401 4516 et
1433 4461 1687 4517 Olibrins.
1723 4484 1772 4542 υ
1801 4459 2134 4528 auditusque
2180 4459 2422 4514 Triveris
2467 4459 2535 4513 ab
2580 4460 2785 4515 Ebodio
2823 4460 3067 4529 prefecto
3104 4464 3343 4533 pretorio
3366 4504 3383 4527 ,

132 4541 397 4605 Gratianus
424 4560 545 4620 post
574 4562 801 4605 mortem
830 4552 1005 4621 patrui
1036 4550 1455 4608 Theothossium
1478 4594 1492 4618 ,
1517 4552 1695 4607 Theo-

133 4636 257 4694 dossi
330 4642 537 4708 ﬁlium,
595 4642 651 4697 in
704 4644 1036 4698 consortium
1091 4644 1386 4714 adscripsit
1440 4643 1693 4712 imperii;

137 4726 277 4799 eique
313 4748 538 4805 regnum
576 4735 742 4790 tradit
782 4734 1042 4791 Orientis.
1081 4735 1157 4790 Ea
1212 4744 1534 4806 tempestate
1578 4732 1693 4791 Pri-

136 4821 392 4880 scillianns
425 4825 713 4899 episcopus
752 4826 819 4880 de
857 4825 1027 4881 Gallis
1071 4842 1137 4881 es
1191 4825 1598 4881 Manicheorum
1642 4835 1697 4882 et

135 4910 486 4973 Gnosticorum
534 4918 787 4988 dogmate
836 4917 1106 4973 heressim
1150 4917 1390 4971 nominis
1435 4918 1516 4970 sui
1565 4933 1696 4972 con—

138 5003 272 5061 tlidit.
1320 5052 1323 5053 ν

194 5081 309 5154 400.
339 5102 390 5155 9..
421 5100 770 5176 [cccexxvnt]
797 5101 1038 5172 (Paose)
1066 5098 1355 5155 Gratianus
1384 5097 1436 5152 5.
1463 5101 1695 5157 etTheo-

1598 5194 1624 5208 Λ

1801 4548 1982 4617 gladio
2006 4549 2256 4604 addictus
2284 4558 2401 4609 est.
2427 4563 2552 4604 cum
2580 4549 2829 4604 Eutrotia
2849 4590 2864 4614 ,
2894 4549 3025 4605 Delli
3055 4550 3129 4583 ³⁸⁸
3156 4554 3385 4607 rectoris

1804 4639 2032 4711 conjuge
2051 4681 2064 4701 .
2103 4650 2159 4696 et
2194 4640 2497 4696 Latretano
2523 4639 2755 4709 aliisque
2782 4642 2991 4697 erroris
3018 4642 3389 4699 consortibus.

1874 4730 1997 4784 407.
2041 4732 2094 4785 '5.
2134 4730 2459 4801 [cccuxxv]
2513 4730 2722 4800 (Ηιειι.)
2788 4730 3198 4790 Valentinianus
3242 4732 3296 4786 3.
3344 4740 3395 4783 et

1803 4823 2115 4894 Eutrapius.
2160 4820 2506 4891 Bnrtligalem
2559 4822 2807 4890 quaedam
2854 4822 3201 4883 Priscilliani
3235 4820 3405 4874 disci-

1802 4915 1959 4987 pula,
2016 4913 2237 4969 nomine
2286 4911 2512 4976 Urhita,
2565 4914 2635 4967 ob
2692 4913 2988 4982 impietatis
3035 4908 3413 4984 pertiti-niam

1803 5022 1905 5080 per
1940 5007 2260 5064 seditionem
2290 5002 2431 5073 vulgi
2465 5002 2739 5073 lapidibus
2771 5006 3010 5060 extincta
3043 5024 3188 5073 ess,

1876 5100 2002 5158 408.
2033 5102 2085 5155 4.
2116 5094 2459 5172 [CCCLXXXVI]
2488 5094 2696 5171 (Ηιειι.)
2719 5097 3043 5152 Theodosius
3073 5104 3172 5168 ξ,
3206 5102 3255 5154 et
3281 5083 3444 5172 Cyne-

3238 5200 3245 5201 κ
3266 5194 3283 5200 -
3299 5167 3447 5200 ,ιΑεῖΛ
