3926 5326
497 348 606 401 ’ἱιὸ
665 353 670 358 ’

1754 413 1758 416 _
1821 343 2104 398 MARIANJ
2147 340 2388 428 SCOTTI

3637 347 3733 420 τιὸ

495 464 635 518 ﬁlius
669 461 1078 530 Victoreodem
1121 474 1262 514 anno
1303 459 1368 514 ab
1396 457 1576 528 Arbog
1595 464 1698 512 iste
1727 466 1812 512 est
1838 457 2066 514 interfe-
2097 458 2143 515 Α
2167 455 2315 511 frica:
2333 456 2618 526 episcopus
2637 452 2938 510 ordinatur.
2965 453 3299 512 Claudianus
3323 466 3486 528 poeta
3514 458 3738 530 insignis

497 565 618 610 ctus
652 556 703 608 in
734 553 909 609 Gallia
945 559 980 604 ‘.

688 645 807 698 Alia
857 661 1014 696 manu
1061 644 1114 695 in
1165 657 1331 710 marg.
1386 640 1512 693 add.
1547 659 1560 694 :
1595 639 1690 694 His
1738 638 2071 709 temporibus

568 747 788 793 sanctus
818 736 1056 790 Albanus
1089 734 1480 788 martirizatur.

566 827 692 882 409.
725 825 778 880 5.
823 823 1192 896 [cccnxxvn]
1233 821 1435 892 (lilER.)
1470 820 1731 874 Timasius
1765 829 1814 873 et
1858 818 2072 872 Promo-

491 927 597 972 tus.
641 913 840 969 ltacius
879 921 931 964 (ι
971 910 1222 966 Ursatius
1259 911 1494 980 episcopi
1527 911 1594 967 ob
1633 927 1818 964 necem
1851 910 2071 964 Priscil-

489 1006 656 1069 liani,
691 1001 844 1070 cujus
874 1011 1220 1057 accusatores
1262 1001 1512 1067 fuerunt,
1555 991 1782 1057 aedes-ite
1831 1017 2075 1056 commu~

489 1095 654 1152 nione
687 1092 993 1164 privan'tur.
1657 1083 1661 1086 ⁴

561 1184 687 1239 410.
721 1183 774 1238 6.
810 1179 1197 1255 [ccccxxxvm]
1241 1180 1456 1253 (Βεολ.)
1505 1179 1903 1236 Valentinianus
1935 1180 1990 1236 4.
2025 1189 2075 1236 et

495 1274 801 1329 Neoterius.
860 1273 1209 1329 [lieronimus
1259 1273 1458 1328 librum
1501 1273 1566 1328 de
1603 1273 1901 1329 illustribus
1939 1262 2074 1332 viris

489 1367 717 1423 ecclesia:
757 1366 1070 1426 adannum
1115 1374 1363 1422 octavum
1396 1357 1682 1422 Theodosii
1715 1368 2070 1435 conscripsit.

495 1461 779 1536 [Sanctus
821 1459 1086 1517 Patricius
1123 1476 1246 1515 cum
1285 1458 1490 1514 duabus
1530 1459 1812 1515 sororibus
1839 1460 1985 1525 suis,
2019 1459 2073 1516 id

490 1563 576 1610 est
603 1553 800 1623 Lupuit
831 1560 886 1608 et
918 1551 1131 1620 Tigris,
1163 1551 1418 1607 venditur
1456 1551 1508 1606 in
1545 1550 1884 1606 Hiberniam.
1931 1549 2074 1607 San-

489 1656 612 1705 ctus
651 1646 870 1717 quidem
910 1643 1181 1700 Patricius
1221 1644 1474 1722 venditur
1522 1643 1589 1698 ad
1630 1659 1814 1715 regem
1858 1645 2076 1699 nomine

491 1738 654 1794 Miluc
680 1735 866 1808 (l50),
909 1735 1051 1791 ﬁlius
1091 1735 1304 1806 nepotis
1344 1732 1552 1799 Buain,
1590 1734 1644 1788 in
1682 1734 1935 1803 aquilone
1973 1733 2072 1788 111-

503 725 528 738 '

2198 545 2450 600 habetur.

2246 636 2495 692 41,6.12.
2565 633 2833 708 [cccxcrv]
2886 633 3222 692 Theodosius
3304 638 3606 707 imperator
3677 643 3752 696 die

2181 725 2265 780 17.
2291 727 2493 781 mensis
2513 725 2780 793 Januarii,
2811 741 2950 780 anno
2972 727 3251 780 aetati-sbi).
3281 723 3574 784 Mediolani
3608 731 3752 795 oLiEt,

2177 819 2391 873 sicutiu
2445 818 2712 888 tripertita
2759 818 2984 872 historia
3046 818 3354 873 eclcsiatica
3410 811 3618 890 legitur
3673 821 3750 873 π’.

2178 907 2252 980 (ι.
2280 908 2391 978 50).
2449 908 2606 982 [Cum
2647 916 2889 962 Sanctum
2940 908 3234 964 Patricium
3292 906 3466 964 noluit
3516 910 3756 967 dominis

2177 1016 2307 1056 suns
2333 1001 2626 1066 dimittere,
2660 1001 2761 1054 nisi
2789 1017 2886 1072 pro
2914 1018 3091 1055 massa
3140 1018 3326 1069 aurea,
3368 1004 3612 1059 servavit
3638 1021 3755 1059 san-

2177 1092 2294 1149 ctus
2323 1092 2587 1148 Patricius
2625 1103 2877 1162 prccepto
2909 1091 3142 1148 Victoris
3173 1095 3348 1164 angeli
3381 1096 3607 1166 quidam
3635 1090 3704 1167 po
3733 1127 3756 1138 -

2178 1198 2386 1247 eorum,
2417 1198 2646 1252 quorum
2681 1193 2866 1236 custos
2901 1180 3002 1236 fuit
3029 1180 3298 1236 Patricius
3321 1191 3376 1238 et
3423 1195 3643 1254 pastor;
3676 1185 3756 1251 qui

2179 1271 2566 1328 foditmassam
2618 1286 2860 1336 auream,
2902 1287 3064 1341 quam
3116 1280 3336 1328 sanctus
3365 1270 3641 1328 Patricius
3670 1273 3734 1327 do

2179 1371 2326 1425 mino
2354 1373 2452 1426 suo
2480 1386 2578 1440 pro
2602 1361 2706 1441 se.]

2250 1460 2610 1515 Romanorum
2641 1459 2730 1515 50.
2761 1460 3043 1527 Arcadius,
3096 1461 3241 1530 filius
3281 1461 3590 1527 Theodosii,
3651 1481 3757 1517 eum

2179 1552 2346 1622 fratre
2398 1551 2638 1607 Honorio
2675 1554 2960 1607 secundum
2993 1568 3169 1609 omnes
3225 1558 3463 1625 regnavit
3495 1558 3651 1610 annis
3685 1556 3759 1620 l4,

2177 1644 2440 1698 mensibus
2470 1643 2523 1709 ὅ,
2552 1644 2649 1697 hoc
2677 1654 2752 1698 est
2791 1660 2952 1714 usque
2981 1639 3111 1697 Kal.
3174 1643 3326 1708 Maii,
3360 1646 3416 1698 in
3456 1663 3602 1700 anno
3644 1647 3759 1701 596.

2177 1727 2298 1806 post
2324 1734 2652 1806 passionem.
2681 1734 2794 1790 Sub
2821 1750 2930 1805 quo
2961 1735 3015 1790 hi
3047 1735 3296 1791 consules
3329 1736 3574 1792 fuerunt.

487 1800 733 1894 berniui,
776 1800 932 1898 cujus
969 1800 1258 1900 porcorum
1295 1836 1482 1898 pastor
1519 1837 1636 1883 erat
1675 1800 1944 1884 Patricius
1967 1869 1982 1892 ,
2019 1836 2076 1884 et
2105 1800 2151 1858 Β
2178 1800 2193 1806 ψ
2247 1800 2372 1882 411.
2433 1828 2480 1880 1.
2519 1825 2762 1898 [cccxcvj
2823 1800 3068 1899 (lsmou.)
3113 1826 3373 1882 Arcadius
3401 1828 3456 1880 4.
3506 1841 3553 1881 et
3585 1826 3763 1881 Hono-

493 1922 682 1978 Victor
714 1920 937 1992 angelus
964 1919 1286 1991 loquebatur
1324 1935 1450 1989 sepe
1489 1936 1615 1976 cum
1651 1935 1736 1974 eo.
1780 1922 1907 1975 Duae
1947 1935 2076 1974 vero

491 2028 707 2070 sorores
736 2014 853 2084 ejus
886 2008 1116 2069 venditat
1137 2023 1263 2069 sunt
1291 2013 1344 2068 in
1373 2013 1608 2068 Coruelle
1640 2013 1962 2069 Muirtemue
1986 2013 2026 2066 °.
2052 2012 2070 2084 ]

638 2105 658 2126 ⁹
698 2102 822 2159 Fel.
854 2101 978 2158 141.
1011 2103 1065 2157 in
1093 2120 1262 2173 marg.
1306 2103 1403 2172 inf.
1439 2103 1625 2157 iterum
1659 2120 1817 2157 manu
1843 2103 2073 2158 secunda

561 2196 814 2267 scriptum
845 2206 962 2250 est:
1011 2186 1248 2250 Sanctus
1298 2193 1566 2248 Patricius
1621 2209 1818 2263 genere
1867 2193 2073 2249 Bri'tas

559 2301 684 2357 cum
717 2294 863 2342 esset
896 2284 958 2340 16
990 2300 1255 2340 annorum
1280 2323 1296 2349 ,
1325 2285 1582 2340 venditur
1611 2284 1664 2339 in
1705 2278 1966 2339 llilternia
2006 2286 2072 2341 ad

558 2376 786 2444 Milcon,
814 2393 993 2448 regem
1019 2375 1352 2432 Dalnaraede.
1379 2375 1474 2430 Cui
1507 2390 1597 2430 sex
1630 2375 1786 2430 annis
1815 2362 2067 2441 servivit,

517 2543 523 2547 _
561 2476 618 2527 et
665 2469 734 2535 ab
781 2467 975 2538 angelo
1027 2464 1249 2524 Victore
1297 2482 1515 2536 semper
1555 2467 1961 2535 consolabatur,
2005 2469 2072 2524 de

556 2563 735 2635 lapide
759 2559 1142 2632 quodanLcum
1175 2574 1241 2616 eo
1286 2557 1545 2630 loquens,
1589 2560 1680 2628 qui
1726 2559 1798 2615 ibi
1845 2569 2065 2627 manet;

518 2724 522 2727 _
555 2658 730 2728 ibique
759 2646 1017 2710 additur:
1064 2651 1178 2708 lloc
1208 2661 1335 2708 ante
1365 2667 1459 2708 sex
1491 2651 1616 2705 folia
1644 2652 1829 2707 debuit
1857 2639 2021 2707 scribi
2049 2692 2066 2718 ,

560 2749 616 2802 id
646 2755 721 2802 est
751 2749 848 2801 hoc
881 2734 1017 2800 loco.
1050 2770 1116 2785 -ο
1149 2742 1367 2798 Necnon
1397 2743 1438 2812 Ῑ.
1481 2742 1642 2797 144’..
1671 2743 1870 2812 scripta
1910 2753 2064 2809 sunt,

553 2860 670 2914 quae
713 2842 944 2912 primum
992 2838 1063 2892 ad
1100 2855 1132 2891 a
1173 2837 1299 2892 475.
1345 2835 1514 2891 relata
1557 2844 1708 2890 erant
1737 2875 1752 2901 ,
1785 2837 1907 2906 jam
1947 2850 2064 2890 vero

553 2936 716 3006 signis
743 2932 909 2988 erasis
949 2930 1082 2985 nulli
1117 2947 1256 2984 anno
1292 2939 1432 2984 certo
1468 2929 1882 2983 adscribuntur:
1923 2927 2061 2982 San-

513 3005 678 3094 ictus
726 3026 1000 3082 Patricius
1045 3025 1224 3080 reddit
1273 3040 1514 3079 massam
1569 3039 1790 3078 auream
1843 3023 2063 3078 domino

2178 1921 2287 1975 rius
2316 1921 2369 1974 5.
2400 1921 2640 1974 Donatus
2667 1919 2815 1988 Epiri
2850 1914 2921 1950 ³⁰⁸
2945 1918 3233 1990 cpiscopus
3264 1921 3564 1974 draconem
3584 1921 3765 1988 ingen-

2177 2024 2285 2069 tem
2318 2014 2820 2082 necavit,expuens
2847 2013 2900 2066 in
2942 2029 3036 2067 ore
3066 2013 3205 2082 ejus,
3259 2027 3422 2082 quem
3466 2023 3595 2068 octo
3643 2014 3763 2083 juga

2175 2106 2336 2160 boum
2373 2105 2439 2159 ad
2478 2104 2650 2159 locum
2677 2105 2890 2160 incendi
2923 2105 3008 2158 vix
3035 2105 3251 2159 trahere
3292 2114 3618 2175 potuerunt.
3651 2107 3763 2160 Ideo

2175 2199 2428 2253 incensus
2469 2208 2571 2263 est,
2627 2213 2694 2252 ne
2726 2199 2954 2269 putredo
3003 2201 3120 2268 ejus
3149 2213 3334 2254 aerem
3365 2212 3762 2268 corrumperet.

2244 2291 2368 2346 418.
2410 2291 2464 2346 2.
2510 2289 2779 2364 {censeri}
2831 2289 3084 2361 (Puose.)
3140 2288 3387 2343 Cesorius
3440 2301 3488 2344 et
3549 2290 3762 2344 Atticus.

2175 2369 2480 2439 Concilium
2509 2383 2838 2453 Cartaginis,
2858 2383 2945 2437 ubi
2973 2382 3286 2452 lpponeusis
3319 2382 3545 2437 concilii
3572 2393 3764 2438 statuta

2173 2475 2460 2532 ﬁrmantur
2489 2485 2543 2530 et
2592 2468 2924 2530 inseruntur.
2979 2473 3247 2548 [Sanctus
3290 2474 3566 2530 Martinus
3615 2489 3761 2530 nocte

2173 2567 2443 2624 dominica
2461 2568 2616 2634 obiit,
2641 2567 2864 2623 Cesario
2884 2576 2938 2622 et
2957 2567 3136 2622 Attico
3154 2565 3362 2639 censs.]
3379 2567 3581 2636 (Gusc.
3616 2566 3760 2635 Tur.)

2172 2653 2432 2733 (Sanetus
2457 2656 2526 2693 ‘°’
2560 2660 2828 2716 Martinus
2859 2660 3137 2715 Turonum
3190 2659 3482 2729 cpiscopus
3519 2666 3763 2728 οαοεςρο

2171 2746 2311 2811 simo
2346 2755 2522 2826 primo
2565 2754 2739 2808 aetatis
2763 2769 2871 2808 sua:
2894 2767 3056 2817 anno,
3093 2752 3443 2822 episcopatus
3471 2768 3607 2808 vero
3630 2753 3764 2822 rige-

2167 2850 2306 2905 simo
2337 2861 2514 2912 sexto,
2555 2848 2690 2902 obiit
2729 2847 2902 2902 media
2951 2856 3111 2902 nocte
3137 2846 3433 2912 dominica,
3465 2846 3762 2903 Cesarioct

2163 2940 2342 2996 Attico
2365 2941 2472 2996 νγ.
2498 2939 2703 3012 ροηδε.)

2234 3031 2360 3087 419.
2398 3033 2451 3086 5.
2495 3027 2786 3104 [εεολογιι]
2828 3027 2950 3101 (ei.
3008 3017 3047 3084 ι.
3103 3023 3265 3099 pont)
3308 3027 3591 3082 Honorius
3642 3026 3761 3080 4.:1

553 3135 654 3175 suo
684 3134 779 3189 per
804 3133 883 3172 se.
917 3115 1053 3171 Cum
1079 3113 1224 3171 enim
1267 3115 1520 3170 dominus
1565 3114 1682 3184 ejus
1723 3114 1893 3170 noluit
1935 3130 2060 3170 eum

2186 3121 2548 3178 Etttichiarttts.
2575 3121 2804 3176 Siricius
2833 3134 2970 3191 papa
2994 3116 3129 3174 obiit
3157 3119 3209 3175 9.
3235 3119 3354 3174 Kal.
3389 3117 3598 3172 Martii.
3631 3120 3762 3171 AM!-

553 3213 828 3268 dimittere
866 3210 966 3264 nisi
1009 3193 1108 3277 pro
1138 3223 1316 3263 massa
1358 3223 1557 3273 aurea,
1601 3207 1846 3264 servavit
1886 3205 2064 3262 Patri-

555 3302 675 3358 cius
717 3307 975 3371 precepto
1020 3297 1256 3353 Victoris
1301 3297 1478 3368 angeli
1524 3297 1745 3366 quidam
1775 3301 2066 3366 porcorqu

563 3409 795 3464 quorum
823 3400 940 3447 erat
969 3400 1174 3461 pastor,
1204 3390 1295 3460 qui
1328 3389 1462 3445 fodit
1493 3405 1719 3446 masam.
1745 3388 1831 3460 Cf.
1859 3408 1912 3446 a.
1940 3389 2066 3446 4l6.

554 3486 681 3541 4ll.
711 3487 764 3539 7.
797 3480 1143 3556 [CCCLXXXII]
1179 3481 1284 3551 (cf.
1313 3479 1474 3549 lsm.)
1508 3480 1727 3535 Titanas
1754 3491 1803 3535 et
1836 3481 2091 3537 Simian--

493 3578 643 3633 chus.
675 3563 950 3630 Johannes
980 3587 1240 3627 rnonacus
1269 3569 1545 3626 anchorila
1572 3570 1717 3626 clara
1746 3570 1997 3627 habetur.
2056 3574 2066 3607 τ

557 3669 684 3724 412.
731 3665 786 3720 8.
834 3662 1044 3738 [cccxc]
1085 3662 1326 3734 (Pnosr.)
1367 3661 1626 3716 Arcadius
1653 3673 1698 3716 et
1736 3661 1936 3734 Rufus.
1965 3662 2067 3717 Va-

484 3759 756 3816 lculianus
790 3769 857 3810 au
887 3755 1011 3810 vitze
1061 3752 1338 3809 fastidium
1388 3751 1553 3807 nimia
1603 3751 1926 3823 Arbogastis
1955 3767 2070 3808 ma-

481 3849 640 3922 gistri
686 3847 917 3904 militum
964 3844 1284 3900 austeritate
1327 3841 1648 3912 perductus,
1693 3841 1887 3911 laqueo
1926 3841 2068 3910 apud

486 3939 692 3997 Vienne
721 3938 906 4010 periit.
937 3936 1266 4005 Arbogastes
1293 3932 1551 4002 magister
1578 3931 1889 3998 exercitus,
1922 3947 2086 3987 mor-.

481 4043 576 4089 tuo
601 4029 1008 4096 Valentiniano,
1036 4026 1189 4097 cujus
1217 4025 1362 4080 exitu
1392 4025 1739 4098 gravabatur,
1766 4023 2068 4095 Eugenium

482 4125 537 4180 in
564 4123 737 4179 Gallia
766 4120 900 4176 facit
930 4120 1336 4189 imperatorem.

551 4215 677 4269 4l5.
712 4214 767 4269 9.
798 4210 1032 4284 [eccum]
1062 4209 1276 4282 (Βεω.)
1321 4201 1644 4264 Theodosius
1673 4207 1729 4262 3.
1781 4215 1830 4260 et
1882 4206 2067 4260 Abun-

481 4305 696 4363 dantius
724 4303 778 4358 2.
813 4302 899 4375 [A
925 4301 1091 4357 circio
1121 4311 1177 4356 et
1212 4298 1278 4354 ab
1323 4291 1576 4368 aquilone
1615 4296 1792 4353 Scotti
1835 4303 1890 4351 et
1927 4293 2066 4352 Picti

479 4406 702 4457 vastant
731 4394 967 4451 insulam
993 4391 1352 4447 Britanniam.
1376 4389 1398 4463 ]
1437 4381 1440 4384 ’

521 4499 662 4514 ..ρ--ο
773 4505 947 4580 [ϐοά.
971 4505 1025 4559 ίη
1053 4519 1249 4575 ,παι-9,,
1271 4501 1451 4574 Ciclus
1479 4500 1610 4557 solis
1637 4501 1743 4557 inc.
1769 4497 1790 4573 ]

553 4622 681 4678 414.
725 4619 810 4676 10.
834 4619 836 4621 ’
856 4615 1108 4690 [eccscn]
1154 4614 1396 4686 (Paosp.)
1430 4614 1690 4669 Arcadius
1717 4614 1770 4668 5.
1802 4621 1850 4667 et
1882 4609 2066 4666 Hono-

483 4715 594 4770 rius
623 4712 678 4766 2.
713 4708 917 4781 (Cass)
942 4706 1219 4763 Iohannes
1246 4721 1539 4768 menaeus,
1579 4714 1807 4759 ornatus
1837 4701 1962 4772 prof
1966 4703 2060 4781 he-

485 4808 576 4864 tite
605 4805 812 4878 gratia,
847 4799 1154 4857 Theodosio
1195 4798 1509 4852 consulente
1552 4797 1619 4850 de
1663 4802 1858 4849 eventu
1899 4780 2060 4858 belli,

485 4893 964 4971 quod‘adversum
1012 4891 1309 4962 Eugeniun
1343 4886 1629 4952 movebat,
1667 4887 1931 4941 victorem
1978 4883 2064 4937 fu-

485 5000 662 5045 turum
693 4984 943 5057 predixit.
1323 5014 1326 5018 .

554 5079 677 5134 415.
727 5078 810 5131 11.
857 5070 1130 5147 [cccxcm]
1161 5071 1398 5141 (Pnosn.)
1429 5069 1663 5123 Olibrins
1693 5076 1741 5122 et
1779 5063 2084 5143 Proriuus.‘

483 5168 853 5220 Thmitnssius
896 5163 1196 5220 Eugenium
1231 5163 1506 5216 tirannum
1537 5158 1709 5214 vincit
1735 5166 1789 5211 et
1815 5153 2053 5226 perimit.

2171 3217 2367 3270 stasius
2390 3214 2477 3273 58.
2511 3231 2645 3284 papa
2667 3224 2782 3284 post
2808 3209 3024 3268 Petrum
3049 3213 3180 3266 sedit
3217 3213 3372 3266 annis
3403 3210 3461 3264 5.
3502 3209 3605 3266 llic.
3633 3225 3678 3264 c.
3701 3226 3762 3263 no

2167 3309 2343 3364 stituit
2402 3318 2460 3362 nt
2513 3295 3022 3377 quottienscumque
3081 3305 3357 3376 evangelia
3415 3321 3579 3361 sacra
3634 3306 3760 3359 rcci-

2171 3408 2371 3463 tantur,
2399 3399 2711 3455 sacerdotes
2738 3414 2844 3452 non
2889 3397 3137 3462 sedeant,
3180 3398 3274 3455 sed
3302 3399 3460 3453 curvi
3487 3406 3656 3454 stent.

2214 3479 2365 3564 V420.
2394 3491 2448 3544 4.
2495 3489 2809 3563 [cccxcvm]
2866 3489 3108 3560 (Pnose.)
3142 3477 3377 3544 Manlius
3426 3501 3477 3544 et
3535 3489 3756 3544 Theodo-

2169 3603 2280 3640 rus.
2306 3587 2439 3641 Cum
2479 3586 2582 3640 hoc
2617 3585 2958 3640 consulatuum
3015 3584 3208 3639 inierat
3260 3583 3566 3653 EutrOpius
3601 3599 3757 3638 cunno

2168 3679 2325 3742 chus,
2353 3678 2443 3747 qui
2467 3693 2591 3731 mox
2617 3685 2672 3732 et
2727 3677 2933 3734 honore
2968 3687 3024 3732 et
3043 3678 3156 3732 vita
3187 3675 3432 3746 dejectus
3456 3687 3559 3732 est.
3585 3677 3755 3750 [Anno

2167 3768 2221 3840 4.
2252 3769 2522 3840 Eugemus
2547 3768 2862 3840 occiditur.]

2215 3863 2421 3942 _[Cod.
2455 3864 2510 3932 in
2552 3880 2721 3934 marg.
2751 3904 2767 3930 ,
2794 3861 3100 3934 Ciclusﬁi.
3153 3862 3265 3917 ind.
3302 3862 3388 3916 12.
3435 3860 3671 3933 incipit.]

2237 3956 2364 4012 421.
2405 3956 2458 4009 5.
2502 3953 2770 4028 [cccxcrx]
2809 3957 3047 4025 (Pnose.)
3089 3953 3294 4009 Stillico
3337 3967 3386 4008 et
3423 3954 3745 4008 Aurelianus.

2169 4046 2332 4104 Gothi
2359 4047 2595 4114 Italiam,
2642 4046 2903 4102 Alaricho
2929 4055 2985 4102 et
3035 4044 3339 4116 Radagaiso
3379 4045 3634 4114 ducibus,
3682 4046 3748 4100 iu-

2169 4140 2365 4209 gressi.
2630 4189 2633 4192 .
2960 4157 2963 4164 ·

2215 4232 2364 4286 .422.
2406 4231 2457 4286 6.
2502 4229 2703 4305 [cccc]
2752 4229 3040 4302 (Paose.)
3091 4226 3397 4283 Vincentius
3453 4238 3506 4284 et
3568 4227 3747 4283 [τι-στᾶ-

2170 4333 2278 4378 tus.
2322 4307 2598 4380 Johannes
2647 4320 3278 4392 Constantinopolitanus
3328 4328 3386 4376 et
3429 4321 3751 4392 'l‘heoph‘lus

2170 4415 2574 4472 Alexandrinus
2610 4414 2847 4470 illustres
2874 4411 3111 4482 episcopi
3131 4410 3438 4478 habentur;
3471 4421 3528 4467 et
3552 4423 3752 4467 utrun-

2101 4500 2152 4560 Ι)
2179 4524 2282 4579 que
2303 4508 2616 4563 obscurat/it
2639 4506 2932 4568 discordia,
2951 4521 3070 4574 qua:
3088 4520 3153 4557 eo
3186 4519 3354 4572 usque
3381 4505 3675 4573 processit,
3703 4511 3752 4554 ut

2165 4599 2440 4656 Johannes
2461 4615 2490 4652 a
2522 4597 2820 4667 Theophilo
2845 4609 3156 4667 oppressus,
3179 4593 3412 4648 Pontum
3449 4593 3506 4648 in
3535 4595 3747 4651 exilium

2167 4699 2516 4762 perurgetur;
2553 4701 2676 4743 cum
2709 4697 2890 4742 tamen
2913 4685 3350 4740 communioaem
3378 4679 3499 4752 «jus
3523 4684 3751 4738 maxima

2167 4765 2320 4856 parte
2370 4784 2773 4853 episcoporum,
2825 4781 3083 4836 Romana:
3133 4778 3406 4849 pontificis
3452 4779 3754 4850 exemplim

2165 4886 2378 4940 secuta,
2408 4873 2732 4929 servaverit.

2236 4963 2359 5017 425.
2402 4963 2453 5017 7.
2498 4960 2690 5034 [eccm]
2723 4959 2962 5032 (Pnose.)
3014 4959 3274 5014 Arcadius
3309 4961 3362 5013 5.
3384 4965 3438 5014 rt
3489 4959 3751 5014 Honorius

2120 5069 2124 5072 ·
2166 5054 2220 5108 5.
2251 5051 2527 5107 Pollentiae
2553 5054 2812 5106 adversus
2847 5050 3053 5107 Gothos
3079 5053 3435 5106 vehementer
3473 5051 3751 5121 utriusque

2166 5143 2336 5214 partis
2360 5142 2512 5199 clade
2541 5150 2837 5213 pugnatum
2859 5153 2963 5197 est.
