3926 5326
127 291 225 349 717

1321 291 1732 351 ClillONlCON.
1775 323 1843 332 -α
1885 289 2008 345 LIB.
2051 291 2138 346 ili.

3264 285 3368 340 713

197 409 514 464 Ιηηοτιηέἕιη
557 404 640 466 5’9.
676 418 812 481 popa
843 411 992 466 annis
1026 407 1107 467 l5.
1157 415 1455 468 cathedram
1486 414 1669 468 tenuit.
1703 412 1750 472 Α
1779 406 2013 461 aﬂ'ectati
2061 403 2271 475 imperii
2297 404 2364 436 “'
2409 402 2666 458 invidiam
2699 416 2806 455 non
2839 399 3164 455 merebatur.
3195 397 3360 456 Gotlzi

127 499 179 566 (ἔ.
200 500 337 566 pan!)
359 497 724 568 [Innocentius
748 517 882 571 papa
923 503 1270 558 constituitin
1297 505 1523 560 sabbato
1545 505 1686 575 jeju-

125 590 259 644 nium
286 589 569 656 celebrari,
589 593 713 660 quia
731 592 786 647 in
815 608 880 647 eo
908 593 960 647 in
992 595 1240 664 sepulcro
1254 605 1374 651 erat
1397 596 1683 662 Dominus,

123 689 171 734 et
205 680 445 751 discipuli
486 681 920 756 jejunaverunt]
953 685 1212 757 [Sanctus
1255 686 1523 742 Patricius
1560 702 1684 741 eum

123 779 252 826 esset
283 771 352 827 50
401 785 690 839 annorum,
737 776 961 830 veniens
1008 777 1325 843 Turoniam,
1390 777 1686 832 tonditura

124 872 296 916 sancto
330 862 565 918 Martino
610 875 833 919 tonsura
868 868 1214 930 monachica,
1247 867 1376 937 quia
1432 867 1686 922 servilem

125 963 382 1007 tonsuram
399 967 555 1010 antea
584 956 865 1025 hucusque
879 957 1090 1011 habuit.
1116 957 1322 1012 Deinde
1347 967 1498 1013 trans
1523 958 1688 1028 Alpes

121 1045 205 1096 ivit
234 1044 284 1098 in
329 1045 721 1100 occidentalem
771 1056 980 1117 partem
1035 1047 1331 1104 australem
1390 1047 1559 1102 italia:
1619 1048 1689 1102 ad

120 1132 437 1190 Germanum
468 1136 780 1208 episcopum
823 1139 1062 1194 civitatis
1088 1139 1308 1194 nomine
1351 1139 1687 1202 Alsiodorns,

119 1237 168 1281 et
193 1227 314 1298 legit
340 1230 484 1299 apud
516 1244 640 1284 eum
671 1231 742 1285 50
785 1231 946 1286 annis
994 1232 1232 1287 divinam
1283 1235 1605 1303 scripturam
1635 1232 1688 1286 in

121 1320 278 1374 insula
303 1323 529 1377 nomine
557 1323 892 1396 Alanensis.]

179 1411 295 1464 £25.
333 1411 393 1466 9.
435 1413 927 1486 1coccm](Pnosr.)
955 1414 1224 1470 Honorius
1243 1416 1692 1473 6.:tAristentns.

119 1502 498 1572 Cartaginense
525 1506 816 1561 concilium
848 1507 1092 1561 habitum
1117 1507 1184 1562 de
1227 1507 1526 1564 Donatistis
1552 1508 1693 1580 [ilir.

118 1593 304 1660 (Ηιειι.,
333 1596 399 1651 γ.
427 1595 486 1650 S.
511 1596 708 1668 Paulae)
734 1598 930 1654 Sancta
952 1599 1022 1631 ⁸⁸⁸
1047 1607 1100 1653 et
1115 1599 1268 1654 beata
1287 1599 1450 1652 Paula
1478 1600 1611 1656 obiit
1640 1601 1691 1654 7.

117 1682 422 1748 lial.Fcbr..
455 1688 613 1742 tertia
659 1689 867 1743 sabbati
909 1699 1033 1760 post
1060 1689 1192 1744 solis
1231 1689 1565 1754 occubitum,
1607 1705 1694 1744 se-

116 1772 246 1840 pulta
296 1784 384 1830 est
499 1775 617 1832 Kal.
663 1778 980 1846 earundem,
1021 1777 1223 1834 Honori
1264 1789 1499 1850 augusto
1525 1776 1580 1836 6.
1635 1790 1689 1835 et
1723 1783 1766 1840 ll

119 1866 436 1921 Aresthenio
457 1868 819 1942 consulibus]

173 1955 291 2012 426.
336 1958 426 2013 10.
466 1959 698 2032 {ccccnv}
724 1959 964 2032 (Pnosr.)
1003 1960 1244 2019 Stillicon
1298 1974 1346 2018 et
1394 1966 1688 2020 Antemius.

118 2045 464 2116 Ragadaisus,
499 2052 550 2106 in
580 2051 772 2107 Tuscia
816 2052 999 2107 multis
1027 2053 1330 2110 Gothorum
1383 2055 1598 2112 milibus
1623 2057 1690 2090 '”

112 2139 290 2199 cessis.
325 2140 564 2197 ducente
622 2143 925 2199 exercitum
981 2143 1267 2214 Stilicone,
1321 2159 1608 2219 superatus
1637 2158 1692 2206 et

115 2238 292 2299 captus
325 2241 436 2288 est.

176 2323 294 2379 427.
342 2327 436 2383 11.
475 2325 683 2400 [ccccv]
707 2328 949 2402 (Ρκυερ.)
978 2330 1240 2385 Arcadius
1271 2331 1324 2386 6.
1362 2342 1409 2386 et
1464 2331 1687 2388 Probus.

120 2411 329 2471 Vandali
357 2427 423 2474 et
455 2418 613 2482 Alani
637 2418 861 2487 Gallias,
899 2419 1125 2490 traiecto
1156 2420 1332 2488 Reno,
1372 2420 1425 2476 5.
1452 2422 1567 2478 Kal.
1599 2421 1690 2478 Ja-

113 2508 272 2563 nuarii
307 2508 570 2581 ingressi.
631 2563 640 2572 ,

169 2600 289 2658 428.
333 2603 428 2658 12.
470 2601 700 2677 [ccccvtj
741 2605 984 2675 (Pnosml
1020 2604 1290 2662 Honorius
1345 2605 1397 2660 7.
1425 2615 1473 2661 et
1529 2606 1692 2661 Theo-

107 2690 270 2746 dosius
295 2693 351 2747 2.
387 2694 850 2750 Constantinusin
875 2695 1116 2752 Britania
1143 2696 1394 2753 tirannus
1419 2697 1687 2763 exoritur,

112 2793 160 2836 et
186 2785 246 2839 ad
273 2784 486 2841 Gailias
530 2787 745 2842 transit.

155 2875 284 2943 529.
331 2879 426 2932 i5.
471 2878 722 2954 [ccccvn]
767 2883 983 2955 (Βευλ.)
1014 2883 1214 2939 Bassus
1265 2883 1344 2938 uir
1407 2881 1466 2938 V.
1514 2899 1685 2938 conss.

105 2965 331 3040 Corpora
355 2971 730 3042 prepl'etarum
764 2974 1042 3032 Ambacuc
1071 2985 1127 3032 et
1174 2975 1439 3034 Micheha:
1469 2987 1689 3033 sancto-

108 3077 212 3117 rum
240 3064 452 3120 revelat
487 3065 649 3122 Deus.

1788 515 1817 554 a
1856 499 1927 530 ⁸¹⁸
1960 512 2085 569 rege
2109 495 2344 552 Thaull‘o
2366 494 2570 551 Gallias
2599 493 2848 564 ingressi.
2880 492 3082 547 Eodem
3131 502 3394 563 tempore

1788 591 1984 656 Heros‘,
2017 591 2102 644 vir
2125 598 2349 644 sanctus
2369 597 2425 644 et
2453 587 2599 642 beati
2651 585 2866 640 Martini
2897 584 3216 655 discipulus,
3248 600 3372 640 cum

1787 683 2092 738 Arelatensi
2113 681 2310 753 oppido
2325 681 2612 752 episcopus
2628 677 2949 749 presideret,
2964 692 2994 731 a
3025 677 3221 747 popqu
3231 676 3375 746 citis-

1789 775 1909 830 dem
1932 775 2187 830 civitatis.
2208 775 2396 829 insons
2433 781 2489 828 et
2513 771 2645 826 nulli
2673 769 3060 825 insimulationi
3083 770 3375 833 obnoxius,

1786 867 1976 938 pulsus
2001 875 2108 920 est.
2139 866 2195 921 in
2235 881 2345 936 quo
2387 863 2506 935 eius
2533 863 2714 919 locum
2756 861 3042 919 Patroclus
3071 861 3376 926 ordinatus,

1791 961 1999 1014 amicus
2043 958 2416 1014 etfamiliaris
2463 958 2767 1014 Constantii
2811 955 3056 1026 magistri
3101 954 3331 1010 militum
3357 953 3396 1019 δ’

1789 1051 1943 1121 cujus
1963 1067 2062 1122 per
2098 1052 2272 1122 ipsum
2320 1050 2493 1122 gratia
2543 1050 2890 1120 querebatur.
2920 1048 3068 1103 Inter
3088 1048 3376 1118 episcopos

1790 1144 2026 1214 regionis
2046 1143 2190 1200 illius
2213 1159 2529 1215 magnarum
2555 1143 2953 1198 discordiarum
2999 1141 3230 1197 materia
3254 1140 3376 1195 fuit.

1860 1247 1987 1302 455.
2025 1248 2079 1302 5.
2119 1247 2397 1320 [ccccxm]
2446 1247 2686 1317 (Pnosr.)
2739 1245 2928 1301 Lucius
2978 1244 3043 1300 V.
3094 1245 3156 1300 C.
3203 1259 3378 1300 conss.

1791 1340 1959 1396 Lucio
1981 1341 2286 1397 clarissimo
2310 1342 2429 1396 viro
2458 1339 2667 1397 consul.
2701 1339 2872 1408 Hujus
2917 1339 3122 1409 collega
3167 1337 3222 1392 in
3248 1352 3378 1393 con-

1793 1433 1971 1489 sulatu
2003 1433 2346 1490 Herodianus
2377 1432 2636 1503 fuit,'qui
2663 1446 2927 1487 novarum.
2957 1431 3012 1486 in
3043 1429 3241 1485 Al'irica
3288 1445 3378 1484 re-

1794 1542 1914 1582 rum
1952 1543 2097 1592 reus,
2124 1536 2178 1582 et
2203 1527 2462 1582 honorem
2492 1535 2548 1581 et
2568 1526 2676 1579 vita
2704 1523 2938 1579 amissit.
2967 1521 3380 1593 Burgundiones

1795 1628 2008 1690 partem
2035 1619 2225 1675 Galliae
2256 1619 2612 1690 propinquam
2641 1617 2794 1672 Reno
2828 1615 3203 1686 optinuerunt.
3229 1614 3380 1670 Jovi-

1798 1729 1900 1768 nus
1932 1722 1986 1768 et
2016 1713 2370 1768 Sebastianus
2410 1709 2630 1774 fratres,
2671 1709 2723 1764 in
2755 1707 2928 1763 Gallia
2973 1722 3140 1778 regno
3167 1714 3379 1777 arepto,

1795 1807 2059 1877 perempti
2105 1814 2248 1862 sunt.
2301 1805 2415 1860 liae
2457 1809 2779 1872 tempestate
2819 1801 3067 1872 Pelagius
3111 1800 3280 1856 Bruto
3309 1801 3380 1833 ³⁸⁸

1794 1900 1988 1969 dogma
2017 1899 2251 1954 nominis
2279 1899 2364 1954 sui
2387 1904 2578 1954 contra
2607 1895 2835 1967 gratiam
2891 1895 3119 1961 Christi,
3144 1893 3383 1950 Celestio

1793 2001 1844 2046 et
1873 1985 2088 2047 Iuliano
2116 1991 2476 2062 adjutoribus,
2519 1989 2718 2055 exerit,
2775 1989 3082 2060 multosque
3137 1989 3190 2044 in
3223 2005 3380 2044 suum

1793 2099 2035 2139 errorem
2071 2085 2256 2150 trahit,
2282 2085 2572 2155 predicans
2617 2097 3062 2154 unumquemque
3107 2082 3175 2137 ad
3217 2081 3380 2151 justi-

1795 2177 1925 2232 tiam
1955 2177 2234 2233 voluntate
2257 2178 2474 2250 propria
2493 2177 2626 2248 regi,
2653 2185 2974 2247 tantumque
2995 2175 3243 2246 accipere
3259 2192 3385 2247 grao

1794 2269 1920 2335 tite,
1971 2280 2233 2340 quantum
2295 2269 2641 2344 meru[er]it,
2685 2270 2812 2340 quia
2877 2278 3158 2340 peccatum
3205 2267 3381 2342 [Adm]

1792 2359 1966 2428 ipsum
2000 2361 2175 2416 solum
2223 2361 2428 2417 leserit.
2480 2361 2633 2417 Unde
2681 2370 2739 2416 et
2766 2358 3073 2418 volentibus
3123 2361 3386 2432 possibile

1791 2453 1882 2519 sit,
1911 2462 1970 2508 ut
1993 2455 2156 2510 etiam
2187 2463 2434 2526 posteros
2464 2453 2582 2524 ejus
2607 2454 2990 2534 obstrinxerit,
3011 2456 3158 2510 omni
3192 2471 3384 2511 carere

1709 2541 1712 2548 ’
1789 2558 2049 2619 peccato;
2103 2563 2400 2619 omnesque
2473 2547 2728 2621 parvulos
2781 2559 2889 2604 tam
2943 2550 3186 2605 insontes
3231 2549 3384 2604 nasci

1790 2656 1952 2709 quam
2005 2642 2212 2712 primus
2243 2643 2407 2698 homo
2457 2651 2586 2697 ante
2613 2643 3096 2713 prevaricationem
3121 2641 3248 2706 fuit;
3280 2657 3384 2696 nec

1791 2734 1912 2790 ideo
1960 2735 2315 2806 baptizandos
2353 2744 2414 2791 ut
2465 2745 2691 2806 peccato
2716 2735 3136 2811 ex[sol]rantur,
3191 2737 3286 2795 sed
3323 2747 3388 2796 ut

1790 2832 2137 2885 sacramento
2165 2829 2472 2901 adoptionis
2495 2830 2853 2888 honorentur.
2931 2899 2934 2902 ἢ

1859 2940 1984 2996 656.
2027 2941 2080 2996 6.
2126 2941 2394 3014 [ccccxrv]
2417 2941 3016 3014 (Puosr.)Constantius
3040 2955 3086 3001 et
3102 2945 3382 3001 Constans.

1790 3031 2046 3091 Attbalus
2070 3049 2100 3087 a
2129 3031 2428 3089 Gothorum
2465 3034 2694 3092 consilio
2742 3043 2795 3091 et
2823 3036 3060 3106 presidio
3103 3037 3172 3070 ³¹⁸
3201 3047 3386 3110 tyran-

166 3115 294 3210 eo:
315 3115 740 3231 ἧζῇἑξᾶιη]
769 3158 971 3231 (Csss.)
1022 3159 1299 3231 etiam”
1364 3159 1424 3215 γ.
1467 3159 1527 3215 γ.
1573 3176 1690 3216 con.
1719 3131 1765 3192 C
1798 3115 2336 3194 ¹¹ίίίθηῖντθ⁸¹¹¹ηίιίη
2363 3123 2586 3181 Gallias.

109 3248 398 3305 Arcbadius
431 3250 732 3320 imperator
752 3251 1218 3324 Constantinopoli
1243 3253 1380 3309 obiit
1408 3252 1524 3308 Kal.
1542 3253 1691 3320 Maii,

105 3341 231 3394 sicut
256 3343 308 3396 in
337 3341 842 3414 predictahistoria
869 3345 1221 3402 :eclesiastica
1253 3345 1454 3414 legitur
1478 3344 1689 3417 (3.55).

173 3430 539 3498 Romanarum
591 3433 682 3488 51.
717 3433 985 3490 Honorius
1006 3453 1124 3490 cum
1167 3435 1480 3501 Theodosio,
1510 3435 1694 3505 fratris

104 3526 177 3576 sui
209 3525 342 3593 ﬁlio,
383 3527 681 3580 secundum
711 3543 889 3584 omnes
917 3530 1150 3600 regnavit
1191 3531 1344 3584 annis
1369 3529 1457 3596 l5,
1490 3529 1586 3583 hoc
1617 3537 1695 3582 est

105 3616 417 3687 usyncKal.
451 3615 608 3685 Maii,
642 3622 697 3674 in
720 3637 858 3675 anno
884 3620 1010 3676 411.
1033 3629 1147 3688 post
1175 3620 1494 3690 passionem.

166 3711 286 3766 151.
331 3715 385 3768 1.
436 3710 668 3784 [ceccrx]
702 3712 944 3784 (Pnosr.)
988 3712 1259 3767 Honorius
1286 3713 1338 3768 8.
1363 3721 1413 3766 et
1454 3709 1696 3765 Theodo-

103 3803 205 3858 sius
233 3806 289 3861 5.
342 3805 606 3862 Wandali
661 3805 958 3875 Hispanias,
997 3811 1449 3874 occupaverunt.-
1481 3803 1696 3858 Attalus

105 3892 279 3952 Homte
326 3900 632 3970 imperator
663 3898 886 3964 iactus,
933 3896 1198 3967 quintox
1238 3896 1479 3968 privatus
1530 3911 1695 3966 regno

103 3989 285 4047 Gothis
313 3993 534 4048 cohesit
559 3991 648 4044 ³¹⁰.

166 4085 291 4141 452.
331 4087 409 4141 2..
440 4083 650 4158 [εοεαε]
673 4082 914 4155 (Ριιοδιι.)
950 4081 1128 4136 Varan
1151 4092 1198 4136 et
1217 4080 1497 4135 Tertullus.
1522 4079 1694 4137 Roma

105 4194 130 4231 a
167 4179 365 4235 Gothis
398 4179 621 4234 Alarico
660 4178 798 4233 duce.
833 4183 1018 4246 capta,
1049 4184 1104 4230 et
1147 4175 1217 4229 ob
1257 4174 1360 4230 hoc
1395 4173 1544 4229 solus
1593 4173 1696 4228 l‘uit

104 4273 454 4328 orientalium
484 4271 721 4344 partium
753 4267 966 4334 consul,
1000 4267 1142 4338 quod
1173 4275 1227 4322 et
1261 4266 1504 4338 sequenti
1552 4281 1695 4320 anno

103 4365 473 4419 Observatum.

165 4457 288 4513 455.
316 4459 380 4514 5.
424 4456 655 4530 [eccum]
679 4454 920 4526 (Pnosr.)
952 4453 1270 4507 Theodosius
1295 4452 1535 4508 ἄκοπα.
1559 4451 1694 4508 Con-

1865 3237 1990 3292 457.
2037 3238 2088 3293 '7.
2131 3239 2376 3314 [ccccxv)
2408 3240 2676 3296 Honorius
2728 3242 2815 3298 10.
2861 3254 2907 3298 et
2957 3242 3282 3301 Theodosius
3321 3248 3376 3303 6.

1798 3327 1978 3399 [Anno
2007 3331 2240 3400 septimo
2279 3332 2492 3403 imperii
2542 3334 2886 3404 imperatoris
2917 3335 3166 3412 Honorii]
3193 3353 3386 3395 cons-u-

1797 3419 1907 3474 latu
1933 3419 2047 3490 jam
2085 3421 2307 3477 Honorii
2335 3422 2516 3478 decies
2547 3434 2601 3478 et
2628 3424 2920 3482 Theodosii
2967 3429 3169 3495 sexies,
3208 3431 3386 3486 incar-

1798 3511 2036 3565 nationis
2063 3522 2243 3567 autem
2268 3515 2422 3584 juxta
2458 3513 2792 3570 Dionissium
2847 3532 2990 3573 anno
3020 3521 3386 3592 quadringen-

1799 3603 2008 3659 tissimo
2040 3603 2130 3668 15,
2165 3605 2463 3661 indictione
2494 3607 2584 3671 l5,
2625 3607 2844 3662 sanctas
2879 3608 3150 3667 Lucianus
3175 3614 3385 3684 presbi-

1798 3705 1881 3750 ter
1909 3695 2315 3762 Hierosolimis,
2343 3699 2399 3752 in
2426 3699 2650 3769 epistola
2679 3715 2838 3770 quam
2872 3702 3170 3772 scripsitde
3200 3706 3387 3762 inven-

1799 3785 1946 3840 tione
2000 3786 2303 3841 beatissimi
2359 3788 2604 3857 corporis
2661 3793 3062 3857 protomartiris
3123 3792 3384 3865 Stephani

1799 3885 2223 3948 sanctorumque
2256 3877 2567 3933 Gamalielis
2597 3879 2861 3935 Nicodimi
2890 3891 2944 3936 et
2990 3883 3200 3939 Abidon
3235 3887 3383 3957 (l5l)

1796 3969 1938 4024 sicut
1977 3971 2078 4026 sibi
2141 3971 2438 4027 revelatum
2485 3981 2568 4027 est
2610 3991 2639 4028 a
2695 3975 2945 4040 Domino,
3027 3976 3170 4032 inter
3198 3990 3383 4034 cetera

1798 4060 1963 4114 etiam
1982 4059 2050 4116 de
2075 4061 2193 4132 ipso
2219 4062 2407 4118 eodem
2459 4079 2603 4118 anno
2651 4063 2937 4119 manileste
2981 4066 3386 4123 demonstrarat

1799 4154 1869 4207 ita
1907 4172 1918 4208 :
1958 4173 1976 4206 ‹
2026 4155 2121 4209 Die
2153 4171 2472 4226 parasccve,
2506 4158 2718 4227 hocest
2743 4158 2925 4231 [feria]
2949 4169 3124 4226 sexta,
3153 4176 3273 4232 qua:
3301 4172 3386 4215 est

1797 4247 1850 4301 5.
1886 4247 2025 4304 Non.
2060 4249 2384 4318 Decimbris,
2418 4253 2700 4308 consulatu
2733 4251 2954 4308 Honorii
2987 4253 3054 4308 10
3098 4263 3154 4308 et
3207 4254 3384 4309 Theu-

1798 4339 1933 4393 dosii
1958 4339 2008 4392 6.
2049 4350 2403 4410 augustorum
2436 4341 2528 4412 (cf.
2559 4342 2726 4413 BEDA)
2767 4361 2784 4393 ›
2813 4350 2868 4397 et
2895 4341 3121 4412 reliqua.
3150 4343 3385 4414 Regula-

1800 4430 1951 4486 ribus
1975 4444 2106 4502 ergo
2156 4440 2363 4503 septem
2389 4434 2609 4504 gmensis
2647 4433 2960 4490 Decembris
2991 4433 3270 4504 projectis,
3303 4451 3388 4491 re-

104 4548 374 4603 stantinus
399 4512 542 4617 apud
561 4512 879 4600 Arelatense
902 4512 1157 4612 oppidum
1181 4541 1355 4597 victus
1393 4551 1449 4597 et
1471 4551 1689 4612 captus;

1800 4532 2026 4580 manent
2055 4536 2445 4584 concurrentes
2465 4537 2702 4600 quatuor
2725 4529 2851 4583 anni
2889 4529 3136 4599 predicti,
3164 4529 3268 4586 hoc
3302 4545 3386 4589 est

103 4636 251 4700 citius
274 4635 456 4690 lilium
479 4633 857 4697 Constantem,
882 4631 1214 4701 inllispanis
1232 4645 1462 4702 regnare
1482 4646 1692 4696 orsum,

103 4725 401 4781 Gerontius
427 4741 632 4790 comes,
665 4725 720 4779 in
747 4723 1040 4778 Maximum
1054 4723 1325 4793 quendam
1351 4723 1695 4795 tyrannidem

105 4814 450 4872 transferens
469 4814 841 4870 interemerat.

167 4909 294 4965 ιδι.
337 4908 402 4964 4.
446 4905 698 4980 [ccccxu]
726 4905 968 4977 (Pnosr.)
1000 4903 1269 4959 Honorius
1297 4904 1350 4959 9.
1380 4914 1428 4959 et
1462 4903 1701 4960 Theodo-

103 5006 206 5058 sius
235 5003 290 5057 5.
351 4999 593 5056 Maximo
626 5000 683 5054 in
739 4998 950 5067 lspania
984 5009 1156 5067 regno
1207 4995 1386 5052 ablato
1413 4997 1525 5050 vita
1561 5012 1697 5052 con-

104 5113 248 5154 cessa
278 5104 392 5154 est.
427 5107 489 5150 eo
513 5093 657 5166 quod
681 5092 940 5148 modestia
971 5087 1403 5160 humilitatisque
1432 5087 1499 5120 ³⁸⁸
1536 5087 1696 5147 minis

1799 4617 1917 4677 Kal.
1953 4623 2270 4681 Decembris
2320 4626 2458 4682 feria
2504 4637 2721 4699 quarta,
2775 4636 2830 4682 et
2861 4627 2918 4682 ι.
2967 4628 3082 4683 Νοη
3124 4629 3194 4661 ³¹⁸
3254 4631 3383 4686 Dec.

1800 4711 1937 4771 feria
1980 4717 2188 4786 quinta,
2219 4727 2272 4773 et
2293 4719 2342 4772 5.
2378 4719 2847 4776 Non.Decembris
2868 4718 3001 4773 l‘eria
3033 4729 3211 4787 sexta,
3240 4737 3387 4777 anno

1802 4804 1906 4880 [7.]
1942 4808 2188 4876 Honorii,
2216 4809 2500 4866 consulatu
2539 4813 2804 4881 predicto,
2837 4826 2945 4880 quo
2969 4826 3200 4882 corpora
3229 4832 3387 4872 sacra

1806 4917 1837 4955 a
1864 4900 2097 4956 Domino
2133 4911 2260 4957 sunt
2289 4902 2549 4958 revelata.
2607 4901 2839 4960 Scribsit
2882 4903 3052 4972 ipsam
3101 4906 3384 4962 revelatio-

1805 5011 1931 5052 nem
1967 4994 2145 5050 Greco
2179 5011 2427 5052 sermone
2462 4996 2528 5051 ad
2553 4998 2796 5054 onmium
2848 4995 3236 5071 [aaclesiarum]
3263 5015 3387 5069 per-

1805 5103 2031 5152 sonam;
2062 5104 2228 5158 quam
2271 5091 2463 5147 Avitus
2509 5091 2818 5164 presbyter,
2868 5088 3136 5160 Hispanus
3169 5106 3385 5160 genere,
3415 5156 3418 5158 γ

1387 5184 2074 5285 νᾸὶιιὶἶΕοτιοΝΕε.
