3926 5326
489 421 613 472 119’

1790 385 2081 444 ιιλῐιιιικι
2122 369 2367 435 suum

3645 351 3750 406 720

480 534 534 585 in
562 528 811 583 Latinum
844 523 1004 578 vei-tit
1032 517 1323 590 eloquium,
1353 519 1407 567 et
1441 509 1648 580 adjecta
1681 503 1907 574 epistola
1933 515 2053 565 sua,
2088 500 2146 562 Α,
2165 493 2255 563 qui
2282 485 2588 590 habuit-andi
2616 484 2856 542 luerunt,
2882 470 3756 590 recesserpnt..Utergzbrerner

479 637 580 695 per
603 619 855 677 Orosium
884 610 1238 671 orientalibus
1279 605 1429 662 dedit
1452 598 1667 675 (BI-20A).
1697 593 1814 665 Qui
1834 592 2066 695 Orosius

485 685 552 768 ad
580 714 699 768 loca
729 716 913 766 sancta
939 701 1274 759 Hierusalem
1303 695 1646 770 perveniens,
1679 705 1788 761 quo
1806 702 1930 743 eum
1958 685 2068 739 Au-

462 807 731 878 gustinus
753 803 820 857 ad
849 798 1217 857 Hieronimnm
1231 808 1330 864 pro
1349 788 1606 847 discenda
1639 785 1834 840 animas
1859 781 2069 834 ratione

461 932 464 936 -
487 870 730 962 miserat,
753 894 1010 963 reliquias
1025 888 1199 946 sancti
1216 881 1479 955 Stephani
1505 878 1734 947 accepit,
1751 884 1806 930 et
1832 870 2067 942 patriam

486 1003 759 1052 reversus,
803 987 1011 1056 primus
1042 979 1222 1037 intulit
1257 973 1550 1032 occidenti.
1581 965 1823 1041 (Pnosr.)
1853 963 2070 1036 [Attlia-

486 1080 574 1136 lus
596 1095 625 1134 a
657 1078 853 1134 Gothis
884 1077 950 1131 ad
986 1071 1277 1143 llispanias
1299 1062 1658 1138 migrantibus
1705 1058 1984 1129 neglectus
2020 1063 2076 1110 et

489 1170 730 1242 presidio
769 1181 964 1222 carens
999 1162 1230 1231 capitur.
1281 1152 1546 1219 Atau'lius,
1581 1167 1609 1205 a
1641 1147 1874 1219 quodam
1915 1157 2074 1228 socru

491 1234 826 1324 vulneratus,
865 1258 1019 1323 obiit,
1052 1263 1385 1324 regnumque
1411 1247 1528 1316 ejus
1558 1241 1794 1303 Wanlia,
1820 1234 2078 1309 peremtis

495 1355 585 1429 qui
609 1355 750 1409 idem
781 1365 981 1424 cupere
1017 1343 1490 1416 intellegebantur,
1523 1335 1743 1391 invasit.
1771 1326 2078 1401 Pelagianis

495 1423 566 1478 ""’
594 1461 624 1500 a
647 1459 784 1515 papa
812 1439 1124 1498 lnimcentio
1147 1431 1516 1507 predamnatis
1544 1427 1800 1484 Afrorum
1830 1423 2082 1492 \igoi'eet

497 1513 734 1601 maxime
798 1528 1082 1602 Augustini
1147 1523 1385 1598 episcopi
1449 1517 1712 1576 industria
1787 1513 2080 1574 resisteba-

499 1641 588 1686 tur
615 1630 706 1684 3".

569 1720 697 1775 458.
739 1719 792 1773 8.
835 1710 1104 1788 [ccccxvs]
1135 1707 1377 1782 (Paosr.)
1406 1702 1730 1788 Theodosius
1749 1697 1885 1788 i7.-et
1920 1689 2088 1746 Palli-

500 1811 622 1863 dus.
652 1787 948 1869 Placidam,
987 1798 1274 1856 Theodosii
1305 1790 1650 1864 imperatoris
1711 1787 1894 1845 ﬁliam,
1923 1793 2085 1852 quam

503 1900 674 1953 Rome
705 1896 863 1951 Gothi
893 1900 1168 1964 ceperant,
1200 1901 1472 1959 quamque
1521 1877 1771 1938 Ataulfus
1801 1874 2088 1944 conjugem

504 1991 790 2053 habuerat,
819 1983 1086 2040 Wanliam
1111 1996 1298 2052 paceni
1322 1977 1527 2033 llonori
1576 1981 1856 2042 expetens.
1885 1965 2091 2028 reddit,

506 2082 729 2153 ejusque
755 2077 972 2147 nuptias
985 2069 1336 2129 Constantius
1361 2072 1724 2138 promeretur.
1743 2057 1837 2132 (cf.
1867 2056 1903 2110 ι.
1923 2054 2094 2127 pont.)

506 2171 848 2228 Innocentius
867 2181 1003 2237 papa
1031 2163 1166 2218 obiit
1203 2161 1258 2214 4.
1287 2158 1409 2213 Kal.
1442 2153 1687 2224 Augusti.

583 2259 822 2314 Zosimus
843 2272 977 2327 papa
1012 2249 1439 2324 quadragesimus
1465 2256 1577 2317 post
1603 2243 1815 2297 Petrum
1847 2245 1980 2293 tenet
2007 2251 2096 2289 ra-

513 2352 750 2414 thedram
776 2349 926 2403 annis
953 2346 1008 2399 4.

587 2441 711 2496 439.
751 2439 802 2495 9.
847 2433 1132 2510 [ccccxvu]
1175 2431 1420 2506 (Paosr.)
1471 2427 1741 2484 Honorius
1775 2424 1857 2478 il.
1885 2432 1930 2476 et
1961 2419 2100 2474 Con-

511 2531 738 2586 stantius
790 2529 846 2582 ‘2.
877 2525 1146 2581 llonorius
1182 2523 1410 2578 Romam
1454 2517 1726 2586 triumpho
1776 2512 2099 2583 ingreditur,

515 2607 782 2694 preeunte
827 2634 1044 2676 currum
1085 2615 1201 2686 ejus
1234 2614 1442 2679 Attalo,
1471 2627 1630 2683 quem
1657 2609 1826 2663 libare
1855 2607 1924 2638 "’
1952 2604 2100 2676 (V52)

517 2717 700 2771 vivere
745 2711 907 2784 jussit
954 2710 1188 2766 exulem.
1224 2705 1603 2777 —(PAscu.ts.
1640 2701 1818 2771 epist.)
1871 2696 2102 2752 Dimidia

500 2805 793 2876 posterior
823 2816 949 2874 pars
973 2795 1532 2872 epistoltePascassini
1554 2792 1790 2863 episcopi
1814 2790 1880 2845 ad
1909 2803 2102 2861 papam

521 2898 755 2951 Leonem
789 2911 803 2946 ι
851 2911 870 2945 ι
905 2891 1025 2946 Non
1048 2903 1179 2959 ergo
1228 2901 1328 2942 nos
1357 2886 1472 2942 dies
1499 2899 1604 2939 una
1638 2881 1848 2952 longius
1897 2878 2102 2949 possita

523 2994 748 3050 terreat,
780 2997 848 3038 ne
883 2998 1003 3038 cum
1053 2981 1156 3036 hoc
1181 2979 1416 3033 vitamus
1465 2976 1809 3030 incurramus
1837 2985 2100 3025 errorem.

521 3079 676 3136 Sicut
706 3081 950 3148 tempore
978 3076 1152 3131 beatie
1180 3070 1578 3128 recordationis
1623 3065 1826 3122 domini
1851 3065 1954 3117 mei
1984 3076 2106 3133 pre-

523 3168 830 3238 decessoris
871 3165 1036 3221 vestri
1085 3163 1289 3219 Zosimi
1341 3175 1485 3215 anno
1532 3156 1847 3213 consulatus
1883 3153 2103 3208 Honorii

525 3259 744 3331 augusti
776 3258 864 3312 ll.
895 3265 949 3310 et
978 3253 1278 3309 Constantii
1315 3251 1400 3315 2.,
1447 3260 1576 3303 tunc
1603 3247 1749 3303 enim
1777 3259 1900 3299 eum
1941 3243 2107 3298 decli-

529 3359 756 3407 naretur
809 3361 877 3402 ne
908 3344 1140 3400 lOJKal.
1171 3343 1396 3398 Maiidie
1418 3341 1616 3410 pascha
1648 3347 1940 3398 teneretur,
1969 3333 2103 3390 cele-

529 3445 746 3496 bratum
778 3452 860 3494 CSl
886 3435 940 3491 8.
977 3435 1064 3490 die
1094 3433 1213 3487 Kal.
1238 3431 1509 3503 April.,id
1527 3439 1608 3484 est
1641 3443 1741 3499 pro
1771 3424 2112 3482 emboiisimo

529 3521 832 3589 communis
855 3539 937 3587 est
963 3542 1141 3589 annus
1165 3535 1370 3590 tentus,
1398 3532 1454 3578 et
1475 3537 1632 3578 error
1654 3520 2011 3592 gravissimus
2031 3525 2116 3572 est

531 3636 704 3691 ortus,
732 3625 786 3680 in
815 3633 1024 3679 tantum
1059 3629 1122 3676 ut
1151 3617 1396 3674 misterio
1418 3625 1590 3682 certo,
1623 3614 1749 3686 quia
1773 3614 1917 3669 dono
1942 3611 2110 3682 Spiri-

535 3728 622 3773 tus
646 3717 814 3773 sancti
838 3713 1200 3775 ministratur,
1220 3711 1342 3765 htee
1360 3709 1564 3765 veritas
1594 3707 1951 3777 probaretur;
1970 3705 2116 3776 quad

535 3819 824 3883 propterea
842 3805 1045 3862 credidi
1067 3800 1606 3874 exponendum,quia
1630 3798 1778 3854 locus
1810 3797 1926 3867 ipse
1951 3795 2118 3852 etiam

534 3911 724 3959 sancto
753 3911 915 3970 atque
963 3915 993 3954 a
1035 3913 1121 3954 me
1165 3892 1477 3950 venerando
1522 3891 1677 3946 fratri
1728 3905 1851 3946 meo
1889 3888 2120 3944 diacono

537 3995 742 4050 Libano
799 3990 1114 4047 notissimus
1165 3996 1270 4043 est.
1303 3983 1470 4053 Cujus
1513 3981 1743 4037 misterii
1797 3978 2121 4036 miraculum

537 4087 642 4141 tale
655 4094 755 4140 est.
787 4083 1042 4151 Quaedam
1087 4077 1347 4134 vilissima
1371 4073 1639 4146 possessio
1669 4070 2122 4140 .‘lleltinasappel-

536 4176 681 4231 latur
721 4174 775 4228 in
813 4171 1088 4227 montibus
1113 4169 1297 4224 arduis
1350 4175 1404 4221 et
1441 4164 1591 4220 silvis
1621 4162 1965 4218 densissimis
1995 4177 2126 4216 con-

538 4268 761 4334 stituta;
815 4265 925 4320 illic
975 4277 1235 4333 perparva
1265 4269 1427 4328 atque
1480 4257 1573 4311 vili
1623 4271 1789 4326 opera
1829 4253 2124 4310 constituta

541 4358 755 4415 ecclesia
801 4364 904 4411 est.
934 4355 991 4409 ιη
1039 4351 1196 4420 cujus
1226 4348 1524 4405 babtizerio
1567 4355 1726 4400 nocte
1776 4353 2124 4401 sacrosancta

540 4446 785 4518 paschali
815 4440 1127 4498 babtizandi
1157 4440 1290 4494 hora
1337 4451 1460 4491 cum
1511 4435 1690 4490 nullus
1720 4435 1947 4500 canalis,
1981 4436 2126 4491 nulla

543 4541 616 4595 sit
646 4536 846 4597 ﬁstula,
879 4547 980 4588 nec
1007 4545 1148 4600 aqua
1170 4528 1393 4584 omnino
1418 4526 1620 4594 vicina,
1651 4525 1773 4583 fons
1798 4541 1866 4582 ex
1897 4542 2018 4582 sese
2046 4543 2129 4582 re-

545 4627 746 4700 pletur.
776 4613 1078 4693 Paucisque
1109 4621 1178 4652 "°
1240 4618 1333 4691 qui
1365 4618 1582 4674 fuerunt
1612 4619 1964 4687 consecratis,
2001 4635 2123 4672 cum

547 4717 926 4776 deductorium
956 4713 1161 4770 nullum
1189 4710 1456 4785 [habeat],
1489 4720 1547 4766 ιιι
1570 4725 1708 4781 aqua
1737 4720 1982 4775 venerat,
2012 4711 2123 4764 dis—

547 4812 749 4868 cendit.
780 4811 933 4867 Tunc
956 4823 1108 4879 ergo,
1135 4816 1195 4862 ut
1224 4804 1520 4876 supradixi,
1565 4804 1666 4859 sub
1695 4811 1898 4858 sanctae
1928 4818 2128 4856 mem:-

549 4908 644 4961 ria:
667 4907 883 4960 domino
917 4903 1187 4973 quondam
1219 4915 1340 4954 meo
1368 4915 1432 4954 ac
1454 4897 1770 4953 beatissimo
1806 4911 1942 4966 papa
1975 4894 2128 4949 Zosi-

548 5013 656 5042 mn-
683 5013 805 5042 eum
831 4995 973 5042 amid
1002 4991 1363 5042 occidentales
1390 5005 1546 5042 error
1564 4997 1720 5042 ortus
1768 4986 1982 5042 fuisset.
2005 5002 2136 5042 con-

2169 560 2410 648 narrem,
2433 580 2522 635 illa
2560 583 2740 639 nocte,
2772 587 2893 642 quae
2926 565 3223 628 luciscebat
3253 564 3307 620 in
3359 564 3453 618 die
3481 560 3754 618 dominica

2171 677 2258 730 10.
2291 673 2378 729 die
2410 671 2529 728 Kal.
2558 669 2704 733 Maii,
2729 666 2850 722 fons
2873 677 3033 720 sacer
3059 661 3191 716 liora
3216 653 3558 726 competenti
3588 652 3757 722 sepie-

2173 777 2260 822 tns
2291 775 2395 821 est.
2421 761 2671 820 Evidenti
2717 773 2847 829 ergo
2904 751 3168 811 miraculo
3221 749 3421 806 claruit
3450 746 3780 803 occidenta-.

2172 860 2303 914 lium
2331 858 2572 929 partium
2603 854 2773 909 fuisse
2815 862 3082 906 errorem.
3109 844 3219 899 llec
3263 849 3426 913 prout
3479 838 3636 910 potui
3690 837 3768 893 rel

2175 950 2482 1020 epistolaris
2531 947 2770 1002 brevitas
2815 957 2978 1015 passa
3003 948 3108 1005 est,
3161 935 3388 1007 iubente
3437 931 3768 1006 [apostolatu

2175 1052 2381 1106 vestro,
2413 1038 2715 1110 rescripsi].
2756 1043 2776 1091 ὸ

2180 1133 2334 1205 [ϐοά.
2370 1133 2421 1186 in
2449 1147 2618 1201 marg.
2639 1129 2821 1185 Ciclus
2841 1127 2931 1182 2'5.
2956 1126 3185 1182 decenn.
3203 1123 3311 1178 inc.
3326 1121 3530 1176 indict.
3551 1115 3771 1190 prima}

2250 1226 2374 1280 ΗΟ.
2423 1220 2884 1295 10.ι[(;ι;ειιιιιίιι]
2945 1217 3226 1292 (Ριιοειι.)
3275 1214 3560 1269 Honorius
3607 1213 3675 1266 12
3728 1221 3773 1262 et

2186 1316 2506 1371 Theodosius
2524 1315 2576 1369 8.
2599 1314 2709 1369 Hoc
2734 1322 2976 1382 tempore
2996 1307 3372 1372 Constantius,
3395 1319 3598 1361 servus
3624 1303 3775 1358 Chii-

2184 1411 2276 1476 sti,
2305 1425 2368 1463 ex
2399 1407 2600 1462 vicario
2628 1405 2812 1459 Roma:
2843 1403 3116 1466 habitans,
3153 1412 3203 1454 et
3237 1397 3535 1469 pro‘gratia
3566 1396 3664 1450 Dei
3689 1396 3774 1448 de-

2167 1499 2463 1563 votissime
2528 1497 2832 1568 Pelagianis
2883 1495 3147 1550 resistens
3170 1531 3186 1557 ,
3220 1491 3461 1547 factione
3487 1487 3776 1543 eorundem

2187 1591 2357 1647 multa
2389 1590 2628 1662 pertulit,
2663 1604 2790 1659 quae
2829 1587 2978 1642 illum
3007 1585 3212 1662 sanctis
3254 1582 3672 1639 confessoribus
3697 1595 3778 1632 so-

2188 1683 2493 1735 eiaverunt.
2529 1673 2786 1734 Concilio
2801 1675 2942 1746 apud
2969 1673 3316 1744 Cartaginem
3348 1671 3547 1727 habito
3565 1670 3677 1724 2H
3702 1667 3780 1721 vel

2191 1772 2424 1842 amplius
2472 1771 2872 1840 episcoporum,
2929 1765 2996 1821 ad
3035 1781 3230 1836 papam
3261 1765 3556 1819 Zosimum
3613 1761 3779 1817 sinodi

2124 1843 2164 1902 Β
2195 1866 2414 1921 decreta
2444 1863 2652 1934 perlata
2712 1870 2867 1927 sunt;
2906 1857 3412 1932 quibus-probatis,
3465 1872 3568 1926 per
3623 1863 3781 1910 totum

2177 1958 2454 2011 mundum
2486 1955 2726 2010 heressis
2753 1954 3052 2025 Pelagiana
3083 1952 3340 2008 damnata
3372 1959 3483 2005 est.
3519 1947 3784 2003 Valentia-

2196 2065 2320 2114 nns,
2358 2049 2642 2104 Constanti
2670 2056 2726 2103 et
2765 2047 3018 2102 Placidia
3042 2046 3205 2110 titius,
3236 2043 3484 2099 nascitur
3525 2041 3583 2096 5.
3615 2039 3781 2095 Nonas

2194 2141 2390 2198 Julias.
2421 2140 2712 2210 Carthagis
2771 2138 3284 2194 concilium-contra
3319 2135 3674 2206 Pelagianos.
3696 2130 3781 2204 (ιί.

2197 2234 2238 2288 ι.
2273 2232 2448 2304 pont.)
2477 2233 2726 2287 Zosimus
2753 2247 2889 2302 papa
2921 2232 3057 2286 obiit
3077 2231 3126 2284 Ἰ.
3151 2229 3276 2284 Kal.
3297 2228 3576 2284 Januarii.

2269 2326 2396 2379 441.
2441 2326 2527 2378 Η.
2570 2323 2848 2396 [ηεροιιιι]
2903 2323 3140 2394 (Pnosr.)
3189 2321 3475 2376 Monaxius
3509 2330 3563 2375 et
3596 2319 3782 2376 Plinio.

2197 2418 2760 2488 Constantiuspacem
2807 2416 2990 2471 ﬁrmat
3013 2431 3139 2472 cum
3179 2412 3422 2478 Wanlia,
3456 2415 3590 2470 data
3621 2413 3784 2469 eidem

2194 2512 2271 2567 ad
2298 2511 2716 2568 inhabitandam
2743 2510 2980 2566 secunda
3030 2509 3324 2580 Aquitania
3353 2517 3413 2564 et
3469 2509 3786 2580 quibusdam

2204 2603 2516 2659 civitatibus
2542 2603 2837 2658 conﬁnium
2869 2602 3293 2673 provinciarum.

2282 2696 2587 2767 Bonifatius
2625 2713 2764 2768 papa
2788 2697 2881 2752 41.
2909 2707 3027 2768 post
3071 2695 3299 2752 Petrum
3349 2697 3664 2766 ordinatur,
3711 2704 3788 2769 qui

2206 2791 2343 2848 sedit
2365 2806 2494 2845 ann.
2513 2789 2574 2844 4.

2489 2881 2650 2953 [ϐοά.
2692 2883 2747 2937 in
2770 2881 3162 2954 mai-9.,‘Cielus
3199 2883 3348 2939 solus
3375 2883 3521 2958 inc,]

2274 2974 2400 3030 ΗΞ.
2448 2975 2534 3029 l2.
2573 2974 2819 3047 [cccoxx]
2843 2976 3082 3047 (Pensm)
3115 2974 3440 3032 Theodosius
3469 2978 3528 3033 9.
3553 2987 3610 3032 et
3644 2975 3780 3033 Cum

2204 3067 2433 3121 stantius
2459 3064 2513 3118 5.
2547 3065 2898 3121 Constantius
2914 3069 2984 3123 ab
3005 3066 3245 3124 Honorio
3266 3069 3320 3122 in
3347 3069 3700 3124 consortium
3721 3083 3796 3122 re

2205 3154 2300 3228 gni
2325 3155 2651 3210 adsumitur.
2689 3155 3038 3212 llieronimus
3076 3158 3352 3228 presbiter
3379 3158 3645 3224 moritur,
3671 3172 3799 3212 anno

2207 3255 2284 3304 ait
2305 3248 2391 3302 .tEs
2416 3261 2529 3304 sua:
2561 3249 2910 3319 nonagesimo
2939 3251 3136 3319 primo.
3163 3250 3251 3304 ii.
3285 3249 3408 3304 Kal.
3455 3248 3737 3306 Octobris.

2282 3338 2408 3394 443.
2453 3340 2541 3394 i5.
2583 3339 3798 3412 [ccccxm](Pnosr.)Agricolaetﬁustediins.

2214 3429 2602 3486 Constantinus
2653 3432 2949 3500 imperator
2997 3433 3148 3494 obiit.
3192 3431 3286 3503 (cf.
3339 3431 3378 3486 ι.
3408 3432 3566 3504 pont)
3600 3432 3804 3488 Bonifa-

2217 3519 2324 3574 tius
2357 3535 2496 3590 papa
2527 3521 2769 3579 decrevit
2811 3539 3031 3579 servum
3085 3521 3492 3578 clericum‘non
3548 3522 3674 3579 ﬁeri
3716 3537 3803 3578 nec

2217 3609 2512 3665 obnoxium
2546 3612 2712 3665 curia:
2743 3611 2824 3667 rel
2848 3610 3136 3680 cujuslibet
3168 3612 3270 3668 rei.

2289 3701 2418 3757 LM.
2458 3702 2544 3757 Ην.
2588 3702 2876 3777 [coacuit]
2897 3702 3546 3776 (I‘ttosr.).llonor5us13.
3567 3714 3631 3760 et
3657 3704 3806 3761 ’Πειθ-

2220 3793 2401 3852 dosius
2432 3794 2519 3849 10.
2548 3793 2663 3854 Ηυο
2690 3805 2932 3866 tempore
2958 3795 3233 3851 exercitus
3257 3797 3326 3849 ad
3353 3796 3668 3866 Hispanias
3689 3814 3806 3852 eon-

2223 3893 2304 3940 tra
2337 3885 2631 3943 Wandalos
2661 3889 2858 3944 missus
2883 3898 2995 3952 est,
3038 3889 3123 3943 cui
3147 3887 3405 3944 Castiuus
3427 3889 3542 3944 dux
3565 3889 3693 3956 fuit;
3730 3892 3808 3959 qui

2221 3976 2580 4046 Bonifacium,
2611 3979 2787 4034 virum
2812 3978 3017 4034 bellicis
3044 3980 3256 4034 artibus
3277 3981 3811 4053 preclarum,inepto

2214 4078 2280 4123 et
2309 4070 2570 4136 injurioso
2614 4071 2842 4139 imperio
2891 4071 2959 4124 ab
3003 4071 3367 4140 expeditionis
3415 4087 3535 4128 suae
3563 4074 3811 4128 societate

2227 4161 2447 4215 avertit.
2488 4159 2623 4214 Nam
2659 4160 3137 4231 illepericulosum
3184 4162 3287 4218 sibi
3338 4172 3514 4234 atque
3544 4165 3810 4237 indignum

2229 4259 2381 4322 ratus
2406 4267 2529 4306 eum
2558 4251 2714 4323 sequi
2779 4268 2942 4322 quem
2971 4254 3277 4310 discordem
3305 4258 3814 4325 superbientemque

2230 4353 2488 4414 expertus
2516 4355 2679 4412 esset,
2711 4347 2966 4404 celeriter
2997 4363 3060 4405 se
3104 4349 3173 4405 ad
3209 4359 3440 4420 portum
3467 4351 3643 4409 Urbis
3668 4362 3814 4420 atque

2233 4437 2360 4493 inde
2383 4439 2451 4491 ad
2475 4438 2730 4493 Amicam
2764 4441 3050 4511 proripuit.
3076 4441 3243 4510 quue
3272 4444 3611 4512 reipuplicae
3634 4445 3816 4498 multe-

2159 4564 2206 4621 υ
2234 4545 2354 4584 rum
2381 4528 2672 4602 [latorum]
2698 4531 2910 4586 initium
2949 4532 3069 4587 fuit.
3102 4532 3198 4603 (cf.
3234 4534 3274 4588 Ι.
3304 4535 3482 4606 potu.)
3527 4534 3814 4592 Bonifatius

2230 4636 2371 4690 papa
2402 4623 2538 4676 obiit
2557 4623 2614 4678 8.
2639 4621 2766 4676 «Καὶ.
2794 4621 3124 4679 Norimbris.

2304 4713 2429 4768 M5.
2473 4715 2557 4770 l5.
2601 4713 2910 4788 [coccum]
2943 4715 3181 4788 (Passa)
3209 4716 3554 4773 Morinirmus
3575 4729 3633 4776 et
3654 4722 3814 4774 Auri:-

2237 4806 2507 4875 piodatus.
2542 4807 2778 4863 Placidia
2803 4820 3049 4880 angusta.
3087 4826 3114 4861 a
3145 4811 3317 4863 lratre
3367 4808 3615 4865 Honorio
3655 4811 3812 4882 pulsa,

2237 4899 2303 4952 ad
2355 4898 2628 4955 Orientezn
2665 4917 2788 4954 cum
2844 4899 3085 4957 llonorio
3128 4912 3186 4956 et
3239 4902 3566 4959 Valentinum
3587 4904 3796 4976 proﬁcis

2227 4988 2382 5042 citur
2410 4990 2650 5042 (Pttosrl.
2709 5021 2714 5039 ς
