3926 5326
129 330 229 386 πει

1367 336 1781 392 (ἪΚΟἪΕΟΝ.
1816 367 1884 376 -
1920 335 2047 391 LIB.
2082 338 2165 393 Ill.

3289 333 3393 391 7‘22
3414 350 3421 353 ‘

202 442 670 497 RomanorumS‘Z.
699 444 1021 501 Theodos’us
1055 450 1707 520 minor,.-1rchadiiﬁ!ius,
1741 456 1789 514 Α
1820 451 1920 505 nim
1967 451 2233 522 dogmatis
2288 449 2369 505 sui
2415 448 2777 504 insinuatione
2835 448 3107 519 eorrupit;
3159 450 3255 503 sed
3319 450 3389 503 ad

130 537 283 590 annis
307 536 401 599 27,
428 538 527 592 hoc
554 547 636 592 est
666 554 835 607 usque
860 540 979 594 Kal.
1012 540 1154 606 Maii,
1182 546 1233 598 in
1265 559 1407 599 anno
1444 545 1563 599 458.
1594 552 1712 615 post

128 629 458 697 passionem.
486 629 597 682 Sub
631 645 738 698 quo
770 631 821 685 hi
845 634 1095 687 consules
1118 634 1351 689 luerunt.

192 721 317 775 446.
370 722 419 775 1.
465 722 767 795 [ccccxnv]
820 726 1059 795 (Pnosr.)
1102 727 1349 782 Castinus
1397 741 1446 783 et
1515 730 1705 784 Victor.

127 813 466 869 Theodosius
500 817 952 881 Valentinianum,
983 820 1160 874 amitte
1191 836 1301 875 suae
1358 822 1544 885 filium,
1598 838 1709 877 res-

127 919 300 956 sarem
335 903 491 969 facit,
529 915 582 960 et
618 922 738 961 enm
793 920 1018 979 augusta
1049 920 1224 965 matre
1252 912 1319 965 ad
1344 912 1708 981 recipiendum

126 994 518 1049 occidentalem
548 998 713 1052 mittit
746 1000 1055 1068 imperium.
1096 1000 1212 1067 Quo
1240 1012 1481 1072 tempore
1510 1004 1710 1058 Johan-

125 1101 237 1152 nes,
255 1085 402 1140 'dum
430 1086 706 1151 Aﬁricam,
740 1105 901 1159 quam
924 1091 1542 1158 Bonifatiusobtinebat,
1570 1096 1707 1149 bello

126 1177 389 1245 reposcit,
424 1178 492 1232 ad
524 1179 892 1236 defensionem
941 1185 1020 1238 sui
1048 1184 1312 1240 infirmior
1338 1186 1510 1241 factus
1531 1197 1633 1241 est.

186 1265 313 1320 447.
354 1265 416 1320 2.
460 1266 741 1341 [ccccxxv]
772 1270 1013 1343 (Pnosr.)
1046 1273 1369 1329 Theodosius
1394 1276 1479 1330 11.
1518 1290 1569 1330 et
1603 1276 1705 1330 Va-

123 1356 465 1411 lentin’a-us.
497 1357 738 1416 Placidia
778 1373 1009 1432 augusta
1061 1374 1115 1419 et
1154 1367 1501 1423 Valentianus
1549 1385 1705 1424 cesar

122 1449 248 1503 ιιιὶη
262 1448 527 1506 felicitate
550 1451 848 1508 Iohannem
869 1455 1139 1512 tirannum
1169 1461 1499 1529 opprimunt,
1531 1472 1586 1516 et
1618 1478 1703 1516 re-

123 1558 153 1611 g
188 1557 277 1596 um
302 1542 543 1600 victores
571 1546 854 1616 recipiunt,
890 1550 1014 1605 data
1063 1553 1217 1607 venia
1252 1555 1431 1620 Aetio,
1464 1571 1527 1609 eo
1560 1556 1701 1624 qnol

124 1632 240 1697 Uni,
264 1648 410 1703 quos
444 1651 544 1706 per
572 1637 743 1708 ipsum
779 1638 1053 1696 Jobannes
1107 1653 1409 1713 acceperat,
1463 1644 1701 1713 ejusdem

122 1724 291 1778 studio
321 1726 396 1780 ad
426 1728 643 1799 propria
683 1729 888 1785 reversi
942 1742 1088 1786 sunt.
1126 1734 1379 1789 Castinus
1416 1744 1591 1790 autem
1643 1735 1696 1790 ia

122 1814 334 1870 exilium
401 1828 556 1875 actus
606 1831 710 1887 est,
758 1826 884 1895 quia
941 1826 1227 1881 videbatur
1266 1826 1540 1882 Johannes
1582 1829 1699 1883 sine
1732 1800 1773 1858 Β

123 1909 429 1964 eonibentia
460 1912 627 1982 ipsius
662 1931 884 1985 regnum
934 1934 1040 1973 non
1073 1920 1313 1990 potuisse
1359 1937 1695 1990 presumere.

123 1997 476 2057 Valentianus
496 2006 712 2061 decreto
734 2008 1031 2065 Theodossi
1075 2022 1331 2081 angustus
1375 2013 1700 2082 appellatur.

126 2090 377 2156 Archilar,
410 2092 591 2149 nobile
614 2097 866 2166 Oppidum
891 2097 1211 2167 Galliarum,
1242 2116 1270 2154 a
1300 2101 1490 2157 Gothis
1531 2104 1700 2159 multa

123 2182 168 2233 vi
195 2193 564 2253 oppugnatum
586 2196 688 2250 est,
715 2188 889 2244 donec
912 2190 1225 2248 imminente
1250 2193 1407 2248 Actio
1453 2210 1560 2250 non
1602 2196 1699 2251 im—

124 2274 303 2340 punito
335 2276 665 2331 accelerent
689 2279 777 2334 ⁸⁸⁸.

186 2364 305 2419 448.
347 2367 402 2431 3,
450 2366 752 2442 [ccccxxvt]
780 2372 1361 2445 (Peosr.)Theodosius
1392 2379 1477 2433 12.
1514 2391 1563 2434 et
1602 2380 1701 2437 Va-

124 2455 435 2514 l’ntinianus
464 2460 518 2515 2.
562 2461 849 2521 Patroclus
870 2467 1208 2525 Arelatensis
1236 2471 1520 2541 episcopus
1545 2488 1574 2527 a
1602 2475 1701 2528 tri-

124 2546 255 2602 luao
298 2552 538 2619 quodam
591 2552 823 2612 barbaro
873 2558 1058 2615 multis
1105 2562 1418 2617 vulneribus
1463 2563 1699 2620 laniatus

126 2640 402 2695 exciditur.
424 2642 687 2716 (Pnose.).
708 2647 863 2715 Quod
880 2647 1087 2706 facinus
1118 2653 1182 2706 ad
1211 2654 1477 2709 occultam
1506 2655 1702 2723 iussio-

124 2744 238 2784 nem
287 2732 492 2789 Felicis
535 2738 780 2807 magistri
835 2741 1069 2797 militum
1124 2743 1487 2812 referebatur,
1547 2747 1700 2816 cujus

126 2816 662 2901 'tznpulsu,,creditur,
693 2829 855 2885 etiam
873 2830 1026 2887 Titus
1051 2832 1312 2891 diaconus
1344 2836 1426 2890 vir
1458 2851 1697 2904 sanctus,

126 2906 299 2965 Romae
321 2915 624 2981 peccunias
667 2920 1001 2989 pauperibus
1055 2923 1698 2993 distribuens,,iuterem-

128 3017 159 3070 ρ
178 3017 238 3058 ns
255 3014 359 3059 est.

335 3095 404 3199 .i'.
448 3094 777 3199 [ccccxxvn]
800 3102 1037 3199 (Fauste)
1060 3105 1275 3161 Hierius
1299 3120 1346 3163 et
1373 3111 1696 3168 Ardabures.
1728 3140 1771 3199 ε

131 3183 445 3252 Bonifatius,
482 3188 639 3258 cujus
672 3193 813 3247 intra
852 3193 1111 3253 Affricam
1147 3203 1387 3267 potentia
1421 3202 1699 3274 gloriaque

133 3277 459 3347 angebatur,
514 3280 715 3336 bellum
765 3283 832 3337 ad
877 3286 1164 3343 arbitrium
1218 3291 1433 3354 Felicis.
1480 3295 1572 3362 qui
1629 3294 1695 3348 ad

128 3364 323 3423 ltaliam-
348 3372 539 3426 venire
559 3372 852 3441 abnuebat,
880 3378 1100 3451 puplico
1128 3382 1344 3437 nomine
1370 3384 1596 3440 inlatum
1627 3386 1697 3419 ⁸⁸³

127 3466 220 3523 est.
240 3459 471 3518 ducibus
492 3462 751 3521 Maborno
792 3468 863 3501 ³²⁸
897 3478 951 3524 et
1010 3471 1267 3528 Calviono
1322 3484 1376 3530 et
1434 3476 1694 3542 Saoneee,

128 3550 266 3619 cujus
290 3554 603 3620 proditione
624 3556 880 3614 Abortius
919 3560 992 3592 ³²⁸
1018 3568 1073 3615 ct
1108 3561 1345 3629 Galivio,
1386 3565 1509 3619 dum
1543 3566 1699 3622 Boni-

126 3640 304 3697 fatium
352 3645 625 3712 obsident,
675 3649 983 3720 interempti
1023 3660 1185 3718 sunt;
1230 3668 1464 3723 moxque
1500 3656 1615 3725 ipse
1666 3672 1695 3711 a

128 3731 384 3790 Bonifatio
413 3737 543 3792 dolo
578 3739 831 3795 detentus
859 3751 947 3796 est
979 3752 1140 3813 atque
1177 3746 1445 3801 occissus.
1480 3747 1698 3803 Exinde

126 3828 359 3894 gentibus
393 3845 518 3899 qum
559 3834 636 3885 uti
707 3835 942 3890 navibus
986 3836 1065 3869 ⁸η»
1117 3838 1452 3904 nesciebant,
1499 3840 1624 3894 dum
1666 3856 1701 3895 a.

125 3922 449 3977 certantibus
498 3924 550 3977 in
599 3927 860 3983 auxilium
907 3938 1195 3995 vocantur,
1240 3946 1392 3985 mare
1450 3933 1693 4001 pervium

126 4009 314 4068 factum
358 4025 472 4081 est;
523 4018 756 4088 bellique
811 4031 1002 4076 contra
1058 4022 1395 4078 Bonifatium
1430 4025 1591 4094 empti
1643 4025 1695 4078 in

126 4100 502 4173 Signisvultum
542 4109 611 4142 ³³⁸
647 4127 777 4167 cura
835 4114 1095 4170 translata
1133 4124 1235 4171 est.
1278 4114 1424 4172 Gens
1456 4116 1697 4171 Wanda-

124 4190 285 4249 lorum
310 4198 380 4251 ab
409 4198 666 4267 Hispania
690 4204 758 4255 ad
780 4202 1035 4259 Aﬂ'ricam
1064 4208 1277 4261 transit.

184 4285 305 4342 450.
343 4288 398 4344 5.
442 4289 793 4365 [occasum]
824 4294 1068 4368 (Pnosr.)
1096 4293 1249 4352 Felix
1275 4308 1321 4351 et
1343 4296 1568 4351 Taurus.
1592 4294 1695 4350 Neo

125 4376 419 4448 storiasque
470 4380 1105 4456 Constantinopolitanus
1150 4390 1436 4458 episcopus
1493 4402 1692 4441 novum

126 4441 345 4524 melissis
365 4472 587 4528 molitur
622 4441 865 4531 errorem
899 4441 1496 4549 inducam-medicans
1533 4477 1689 4532 Chri-
1724 4475 1772 4534 D
1802 4441 1990 4549 Μ’ίξδ·
2037 4442 2119 4495 H‘
2160 4441 2177 4513 ί

128 4563 256 4613 stum
278 4576 345 4617 ex
368 4561 537 4620 Maria
567 4565 838 4623 hominem
871 4577 1102 4633 tantum,
1136 4586 1244 4625 non
1281 4572 1443 4626 etiam
1473 4570 1685 4645 [Deum]

127 4657 319 4715 natum,
352 4654 512 4722 eique
540 4654 885 4713 divinitatem
907 4658 1161 4713 collatam
1195 4674 1318 4715 esse
1343 4676 1441 4730 pro
1473 4665 1685 4721 merito.

127 4736 213 4829 lini
240 4741 503 4811 impietati
535 4748 792 4819 preeipue
820 4750 1031 4819 Quirilli
1065 4753 1415 4809 Alexandrini
1446 4758 1685 4829 episcopi

126 4826 376 4917 industria
423 4845 477 4891 et
517 4853 669 4908 paprc
706 4841 960 4899 Celestini
1007 4848 1326 4917 repugnavit
1365 4826 1684 4905 auctoritas.

127 4916 248 4976 Pars
298 4924 597 4983 Galliarum
655 4932 959 5005 propinqua
1012 4916 1228 5001 Rheno,
1270 4953 1434 5007 quam
1490 4939 1686 4993 Franci

127 5014 486 5079 possidendam
547 5036 971 5093 occupaverunt,
1038 5027 1105 5084 ab
1156 5028 1313 5084 Aetio
1352 5029 1553 5085 comite
1600 5046 1686 5085 re-

126 5120 265 5179 cepta
279 5156 286 5163 .

186 5201 305 5258 451.
348 5204 399 5259 6.
430 5205 733 5283 [ccccxxnx]
758 5211 993 5285 (Ριπιοειί.)
1018 5210 1314 5269 Florentius
1328 5226 1376 5269 et
1399 5213 1685 5268 Dionisiu:.

324 5297 388 5326 ,ιιι
423 5301 655 5326 λ-.-²Α-“
694 5301 910 5326 ..ί-..ἶιηι
932 5322 1003 5326 __-
1050 5315 1299 5326 _...--_-_n-
1370 5306 1388 5326 Α
1412 5305 1545 5326 -.ε---
1572 5320 1648 5326 -..-

1816 544 2080 596 actionem
2105 542 2305 596 Palladi
2334 542 2543 596 diaconi
2573 556 2711 611 papa
2732 539 3034 595 Celestinus
3059 540 3389 595 Germanum

1812 634 2297 689 Autisidiorensem
2356 635 2666 703 episcOpum
2726 634 2841 687 vice
2911 648 3006 687 sua
3079 633 3285 697 mittit,
3335 642 3393 688 et

1813 723 2139 778 desturbatis
2168 724 2443 787 hereticis,
2471 722 2758 777 Britannos
2782 723 2849 777 ad
2873 722 3201 777 catholicam
3228 722 3389 777 fidem

1816 814 2037 885 redigit.
2065 813 2158 885 (cf.
2204 814 2241 867 Ι.
2293 814 2461 884 poni.)
2499 814 2802 869 Celestinus
2832 828 2969 883 papa
2997 812 3302 878 constituit,
3331 821 3393 866 ut

1811 906 2005 975 psalmi
2048 905 2217 959 David
2248 905 2530 960 centesimi
2556 904 2991 975 quinquagesimi
3029 913 3155 958 ante
3185 901 3391 957 sacrifi-

1811 997 1955 1051 cium
1999 995 2393 1063 antiphonatim
2427 995 2883 1061 decantarentur;
2924 1010 3047 1048 nam
3089 1002 3245 1049 antea
3277 993 3389 1063 epi—

1812 1089 1947 1142 stola
1976 1098 2031 1144 et
2063 1099 2309 1143 sanctum
2338 1090 2674 1159 evangelium
2712 1090 3091 1145 recitarentur.

1882 1177 2007 1233 452.
2050 1179 2101 1233 7.
2146 1177 2428 1252 [soccus]
2453 1179 2697 1248 (Pensm)
2726 1180 3045 1234 Theodosius
3076 1180 3161 1234 13.
3198 1188 3245 1234 et
3285 1176 3391 1232 Va-

1807 1270 2126 1327 lentinianus
2156 1275 2210 1330 5.
2240 1274 2424 1328 Actius
2475 1289 2598 1329 cum
2634 1272 2870 1328 Felicem
2898 1289 3019 1327 cum
3051 1287 3219 1327 uxore
3242 1271 3386 1326 Pau-

1805 1360 1986 1415 dussia
2013 1372 2068 1417 et
2094 1363 2788 1419 Grannitutndiaconum...
2814 1364 2881 1394 ³⁸⁷
2912 1363 3127 1433 (Βευλ.)
3158 1363 3390 1418 Sanctus
3422 1411 3427 1415 .

1804 1452 2156 1522 Augustinus,
2186 1457 2360 1510 aetatis
2406 1471 2548 1511 anno
2595 1456 2681 1510 76.
2729 1456 2863 1510 obiit
2901 1456 2954 1511 5.
2997 1456 3114 1509 Kal.
3154 1454 3389 1523 Septim-

1806 1542 1941 1607 bris,
2000 1561 2122 1600 cum
2180 1547 2231 1601 in
2284 1547 2541 1602 elerieatu
2590 1547 2673 1603 vel
2725 1548 3037 1617 episcopatu
3093 1562 3262 1602 annos
3317 1544 3388 1599 40

1803 1634 2113 1701 compleret.

1870 1724 1996 1779 455.
2029 1724 2403 1797 8.[ccccxxx1]
2426 1726 2668 1795 (Ριιοειδ.)
2686 1726 2880 1781 Bassus
2902 1735 2950 1781 et
2974 1724 3276 1779 Antiochus.
3303 1723 3392 1778 Si-

1803 1814 1975 1869 nodus
1998 1817 2136 1884 apud
2155 1815 2415 1871 Etl'essum
2433 1818 2786 1873 ducentorum
2809 1816 3172 1873 sacerdotum.
3200 1814 3391 1870 Nesto-

1803 1906 1915 1962 rius
1934 1924 2056 1961 eum
2084 1909 2346 1964 heressim
2367 1911 2603 1966 nominis
2624 1911 2703 1965 sui
2729 1920 2914 1965 etcum
2940 1909 3121 1964 multis
3147 1907 3387 1979 Pelagia—

1801 1997 1909 2060 nis,
1938 2000 2027 2068 qui
2064 2009 2350 2069 cognatum
2384 2001 2554 2055 errori
2594 2015 2690 2055 suo
2722 1999 3010 2055 turbabant
3040 1999 3111 2031 ³³⁸
3158 2001 3348 2069 dogma
3368 2039 3382 2061 ,

1800 2084 2106 2143 damnatur.
2122 2090 2200 2143 Ad
2232 2089 2422 2145 Scotos
2440 2090 2490 2144 in
2504 2091 2778 2145 Christum
2797 2090 3079 2145 credentes
3098 2089 3385 2144 ordinatus

1802 2194 1831 2232 a
1861 2195 1997 2248 papa
2033 2180 2304 2235 Celestino
2330 2180 2618 2243 Palladius,
2638 2182 2846 2250 primus
2870 2179 3155 2250 episeOpus
3186 2178 3382 2233 missus

1801 2278 1901 2327 est.
1934 2269 2084 2341 [Post
2119 2271 2315 2344 ipsum]
2347 2280 2565 2327 sanctus
2606 2272 2891 2334 Patricius.
2923 2285 3121 2341 genere
3150 2269 3382 2332 Brittus,

1801 2374 1833 2417 tt
1862 2369 2069 2415 saneto.
2096 2362 2367 2418 Celestino
2392 2378 2527 2433 papa
2559 2370 2931 2427 consecratur,
2970 2361 3069 2434 [et]
3103 2361 3169 2415 ad
3200 2360 3383 2415 archi-

1804 2451 2175 2520 episcopatum
2218 2452 2609 2508 Hibernenseni
2651 2451 2965 2523 [mittitur];
3006 2452 3095 2507 ubi
3140 2450 3260 2522 [per
3284 2466 3383 2505 an-

1801 2559 1899 2599 nos
1937 2544 2240 2615 sexaginta]
2272 2545 2467 2613 signis.
2497 2553 2660 2613 atque
2702 2542 3039 2599 mirabilibus
3072 2541 3417 2613 prcdicans,_

1806 2642 1972 2688 totam
2005 2634 2231 2688 insolam
2254 2633 2565 2690 Hiberniam
2592 2633 2863 2689 convertit.
2890 2633 2957 2688 ad
2983 2632 3164 2687 fidem.

1868 2723 1996 2776 454.
2038 2723 2089 2777 9.
2135 2722 2463 2797 [coccum]
2514 2724 2755 2793 (Pnosr.)
2795 2723 2976 2778 Aetius
3007 2733 3055 2776 et
3115 2720 3378 2776 Valerius.

1800 2812 2110 2869 Bonifacius
2138 2815 2204 2869 ab
2236 2814 2421 2869 Africa
2465 2815 2532 2869 ad
2558 2814 2765 2870 Italiam
2814 2828 2909 2883 per
2958 2813 3158 2870 Urbem
3210 2812 3407 2879 venit.._

1802 2904 2013 2972 accepit
2080 2904 2325 2973 magistri
2388 2904 2618 2959 militum
2681 2904 3029 2973 dignitatem;
3094 2902 3187 2971 qui
3257 2916 3383 2956 cum

1801 2992 2146 3048 resistentem
2174 2992 2275 3047 sibi
2306 2992 2522 3048 Aetium
2548 2992 2603 3049 in
2626 2991 2798 3063 prelio
2824 3000 3155 3065 superasset,
3180 3006 3382 3061 paucos

1803 3090 1928 3151 post
1958 3082 2073 3139 dies
2099 3083 2290 3140 morbo
2315 3084 2591 3139 extinctus
2616 3091 2719 3139 est.
2754 3082 2847 3153 (cf.
2879 3083 2918 3137 ι.
2947 3084 3119 3154 pom.)
3154 3082 3403 3139 Celestiy

1802 3188 1905 3227 nus
1938 3188 2076 3244 papa
2102 3173 2237 3229 obiit
2264 3175 2315 3228 6.
2346 3173 2472 3232 ldus
2499 3173 2721 3243 Aprilis.

1871 3261 2056 3317 Sixtus
2082 3262 2171 3318 45.
2202 3280 2339 3333 papa
2361 3274 2475 3333 post
2507 3261 2906 3321 Petrum~annis
2944 3264 2997 3320 8.

1870 3353 2315 3425 (Paosr.)Aetins
2342 3369 2492 3415 vero.
2517 3369 2638 3409 cum
2665 3355 2929 3424 depossita
2957 3362 3223 3424 potestate
3251 3368 3380 3423 agro

1798 3460 1897 3499 suo
1926 3445 2170 3514 degeret,
2205 3445 2386 3515 ibique
2414 3461 2536 3501 eum
2562 3446 3072 3514 quidaminimicus
3097 3442 3386 3512 repentino

1799 3534 2019 3589 incursu
2050 3535 2362 3604 opprimere
2384 3544 2720 3604 temptasset,
2764 3535 3019 3605 perfugiis
3049 3534 3112 3588 ad
3154 3534 3372 3595 Urbem,

1798 3633 1962 3694 atque
1989 3624 2138 3679 illinc
2165 3626 2231 3678 ad
2262 3624 2577 3690 Dalmatiae,
2630 3625 2826 3679 deinde
2852 3642 2949 3695 per
2980 3624 3281 3679 Pannonias
3307 3623 3397 3677 ad,

1799 3713 1983 3767 llunos
2009 3714 2270 3783 pervenit,
2300 3728 2528 3783 quorum
2560 3714 2796 3767 amicitia
2842 3714 3149 3782 auxilioque
3193 3728 3374 3774 ussus.

1805 3820 1996 3873 pacem
2028 3805 2332 3875 principum
2363 3814 2525 3876 atque
2555 3804 2891 3875 interpolatae
2925 3806 3205 3875 potestatis
3232 3805 3374 3874 opti-

1801 3900 1938 3952 nuit.

1870 3985 1992 4040 455.
2037 3984 2509 4059 ιο.γ[‹;οοεςκχιιι]
2551 3985 2764 4057 (ﬂeam)
2824 3986 3142 4039 Theodosius
3191 3985 3275 4039 14.
3326 4000 3373 4038 rt

1802 4076 2087 4131 Maximus.
2129 4077 2386 4140 Eudoxia,
2423 4092 2561 4132 uxor
2582 4077 2871 4133 Theodosii
2900 4077 3256 4148 imperatoris,
3308 4080 3375 4132 ah

1802 4166 2173 4222 llierosolimis
2212 4167 2505 4232 remeavit,
2549 4168 2852 4223 beatissimi
2890 4169 3153 4239 Stephani
3184 4178 3376 4239 prole-.-

1801 4259 2044 4331 martiris
2076 4260 2357 4329 reliquias,
2388 4275 2508 4335 quae
2535 4260 2588 4314 in
2612 4261 2865 4316 bassilica
2895 4262 3066 4317 sancti
3095 4259 3374 4317 Laurentii

1798 4349 2015 4423 possitne
2044 4358 2396 4413 venerantur,
2419 4364 2600 4405 secum
2625 4350 2759 4405 deﬂ‘e
2772 4367 2916 4406 rens.

2183 4441 2504 4515 ccccxxxw]
2535 4443 2747 4514 (Βευλ.)
2776 4447 2944 4511 Aspar
2968 4455 3015 4499 et
3038 4444 3373 4500 Ariouindus.

1802 4535 1987 4589 Sixtus
2016 4550 2150 4604 papa
2184 4534 2310 4590 fecit
2338 4535 2648 4590 bassilieam
2678 4536 2867 4591 matris
2895 4534 3133 4601 Domini,
3161 4549 3281 4607 qua:
3309 4536 3376 4587 ab

1801 4626 2038 4695 antiquis
2063 4626 2257 4681 Libero
2283 4626 2685 4681 nominabatur.

1867 4738 1991 4791 457.
2036 4737 2122 4791 12.
2169 4736 2487 4808 [ccccxxxv]
2528 4735 2769 4808 (Ριιοερ.)
2833 4736 3161 4791 Theodosius
3205 4736 3291 4791 15.
3333 4745 3380 4787 et

1810 4826 2205 4881 Valentinianus
2235 4828 2289 4880 4.
2322 4825 2432 4879 Pax
2470 4824 2609 4879 facta
2637 4841 2761 4880 eum
2802 4824 3108 4891 Wandalis,
3154 4828 3280 4880 data
3310 4822 3388 4877 eis

1797 4922 1865 4976 ad
1894 4919 2248 4975 habitandum
2270 4918 2484 4973 Aﬂricae
2508 4919 2707 4985 portio.
2733 4916 2934 4973 Eodem
2963 4925 3224 4987 tempore
3246 4913 3394 4968 Gun-

1800 5010 2066 5066 dicarium
2100 5007 2540 5077 Burgundionum
2586 5022 2792 5078 regem,
2828 5006 2967 5059 intra
2990 5005 3224 5069 Gallias
3247 4996 3407 5052 habi—

1799 5111 2022 5167 tantem,
2065 5102 2251 5157 Actius
2298 5100 2441 5154 bello
2485 5098 2741 5166 obtinuit,
2799 5112 3118 5168 pacemque
3190 5094 3305 5161 ejus
3348 5083 3429 5114 ""

1797 5194 2151 5265 supplicanti;
2203 5209 2311 5251 oua
2358 5208 2465 5247 non
2530 5190 2619 5244 ditt
2676 5192 2879 5263 potitus
2929 5198 3010 5243 est
3041 5227 3056 5250 ,
3150 5175 3434 5255 siquidem

1799 5290 1945 5326 illum
1976 5287 2075 5326 lini
2107 5303 2230 5326 num
2260 5286 2459 5326 nnnnln
2499 5300 2598 5326 nm
2642 5290 2815 5326 clis-nn
2857 5280 3138 5326 deleveris
3158 5288 3241 5326 nl.
