3926 5326
534 379 635 434 725

1855 383 2140 440 ΜΑΠΙᾹΝΙ
2184 381 2427 446 SCQTTI

3697 384 3795 438 721

528 494 614 559 pia
648 491 820 547 vicina
849 494 1064 551 sedibus
1084 495 1198 550 suis
1225 506 1515 566 occupant,
1541 496 1876 555 Nat-inmensi
1906 500 2102 570 Oppido
2131 503 2176 562 Α
2208 497 2438 566 primum
2469 493 2914 564 superbissimum
2949 491 3197 548 hercssin
3224 485 3558 566 apestolicus
3581 495 3793 566 gladius

528 581 762 640 maxime
812 583 1013 641 infesti.
1067 585 1222 654 Quod
1285 602 1409 646 cum
1471 587 1562 642 diu
1622 589 1906 648 obsidione
1945 575 2106 646 'fame

526 672 836 741 laboraret,
905 689 1002 745 per
1055 676 1336 733 Laterium
1407 679 1664 736 comitem
1731 681 1800 736 ab
1871 691 2106 751 utroque

523 763 770 831 periculo
840 764 1127 822 liberatum
1185 776 1311 833 est;
1383 769 1649 839 siquidem
1707 786 1806 842 per
1863 770 2106 841 singulos

523 857 735 923 equites
790 856 933 915 binis
981 859 1145 913 tritici
1199 859 1375 916 modis
1423 862 1684 928 advectis,
1730 862 2106 918 strenuissime

524 945 711 1000 hostes
749 945 801 1000 in
837 947 1018 1019 fugam
1071 950 1254 1016 vertit,
1290 959 1342 1006 ct
1371 951 1648 1008 civitatem
1696 968 1910 1010 annona
1957 954 2108 1024 adju-

531 1037 691 1090 verit.
1919 1051 1924 1056 '

590 1126 716 1182 459.
761 1128 845 1184 M.
889 1129 1255 1203 lecccxxxvtt]
1295 1131 1535 1202 (Pnosm)
1572 1131 1788 1188 Aetltius
1845 1142 1892 1188 et
1935 1133 2107 1204 Sigiso

519 1221 712 1276 rullus.
741 1222 941 1278 Delium
965 1226 1226 1282 adversus
1245 1227 1477 1292 Gothos,
1501 1217 1671 1284 ilunis
1695 1227 2105 1291 auxiliantibus,

521 1314 748 1382 geritur.
780 1315 838 1370 lu
871 1316 1067 1372 Amica
1099 1317 1364 1375 Gisiricus
1399 1335 1494 1376 rex
1528 1319 1914 1375 Wandalorum
1964 1320 2104 1374 intra

524 1408 878 1465 habitationis
910 1424 1021 1465 sua:
1051 1411 1252 1466 limites
1275 1415 1461 1468 volens
1498 1412 1817 1468 catholicam
1861 1412 2020 1468 fidem
2052 1411 2105 1466 in

515 1498 804 1554 Arrianam
847 1502 1180 1572 impietatem
1222 1503 1561 1570 subvertere,
1602 1504 1863 1574 quosdam
1898 1513 2110 1558 nostro-.

519 1606 637 1645 lum
671 1593 960 1663 episcopos
988 1606 1217 1650 eoteuus
1261 1604 1580 1665 persecutus
1621 1606 1721 1661 est,
1766 1605 1824 1650 ut
1863 1611 1957 1651 eos
1996 1595 2107 1666 pri-

517 1693 674 1738 vatos
719 1682 842 1751 jure
888 1685 1234 1740 basilicarum
1276 1702 1529 1751 suarum,
1581 1688 1743 1742 etiam
1785 1687 2103 1744 civitatibus

519 1774 771 1845 pelleret,
805 1782 927 1832 cum
968 1779 1208 1848 ipsorum
1248 1781 1608 1835 constantiam
1639 1781 1801 1837 nullis
1836 1783 2112 1853 superbis-

2208 585 2655 641 detruncavisset.
2683 583 2793 638 Pax
2821 597 2950 658 cum
2969 581 3160 638 Gothis
3183 581 3346 649 facta,
3371 599 3498 640 cum
3527 601 3649 642 eam
3674 596 3791 656 post

2209 680 2460 750 ancipitis
2483 694 2675 751 pugna:
2700 677 3037 732 lacrimabile
3066 677 3509 748 expetimentum
3535 679 3787 735 humilius

2209 786 2370 840 quam
2407 785 2642 839 unquam
2677 779 2835 824 antea
2867 769 3259 840 pr0poscisent.
3297 771 3456 825 Aetio
3488 773 3654 826 rebus
3681 789 3794 844 qua

2213 860 2267 922 in
2315 858 2496 915 Gallea
2550 859 3018 930 componebantur
3065 859 3293 924 intento,
3339 859 3680 929 Geisericns,
3727 863 3792 918 de

2213 949 2367 1019 cujus
2399 950 2636 1006 amicitia
2671 950 2806 1008 nihil
2840 951 3203 1015 metuebatur,
3237 950 3635 1022 Carthaginem
3679 954 3795 1009 dolo

2209 1041 2362 1110 pacis
2420 1041 2665 1104 invadit,
2728 1056 3028 1119 omneSque
3082 1057 3212 1112 opes
3265 1040 3415 1111 ejus,
3470 1043 3792 1099 excruciatis

2212 1133 2430 1188 diverso
2468 1141 2858 1188 tormentorum
2887 1148 3082 1203 genere
3111 1132 3374 1205 [civilius,
3412 1133 3472 1187 in
3503 1134 3592 1188 ius
3625 1135 3791 1214 suum]

2209 1225 2394 1278 vertit.
2437 1224 2548 1280 Nec
2588 1225 2657 1280 ab
2684 1225 3049 1281 :ecclesiarum
3087 1227 3465 1297 tlispoliatlone
3497 1229 3790 1291 abstinens,

2212 1329 2352 1384 quas
2398 1323 2451 1369 et
2501 1315 2673 1370 sacris
2733 1317 2905 1380 vassis
2968 1317 3275 1371 exinanilas
3332 1327 3388 1372 et
3453 1321 3794 1374 sacerdotum

2213 1407 2687 1464 administratione
2747 1410 3010 1478 privatas,
3071 1425 3179 1464 non
3229 1409 3342 1480 jam
3403 1413 3579 1466 divini
3629 1413 3794 1469 cultus

2213 1497 2353 1562 loca,
2386 1500 2479 1554 sed
2507 1515 2728 1554 suorum
2747 1501 2913 1570 jussit
2942 1516 3065 1555 esse
3097 1501 3425 1556 habitacula.
3470 1503 3717 1573 (Paosr.)
3742 1504 3791 1558 ln

2212 1588 2522 1644 tn.iversum
2590 1589 2838 1663 capti[vi]
2890 1591 3068 1663 p0puli
3128 1592 3376 1647 ordinem
3437 1609 3641 1655 sevus,
3705 1599 3793 1650 sed

2212 1681 2467 1752 precipue
2519 1682 2789 1744 nobilitati
2839 1691 2895 1737 et
2959 1681 3207 1751 religioni
3256 1683 3526 1749 infensus,
3583 1695 3641 1738 ut
3695 1703 3793 1739 nos

2214 1771 2632 1838 tlisccracretur,
2663 1771 2974 1828 hominibus
3000 1773 3177 1844 magis
3204 1771 3416 1846 [quam]
3449 1773 3565 1829 Deo
3609 1775 3796 1830 bellum

513 1868 638 1922 simi
686 1870 826 1941 regis
861 1872 1158 1928 terroribus
1181 1872 1458 1928 cederent.
1493 1873 1907 1930 Valentinianus
1936 1891 2101 1946 augu-

2215 1864 2480 1920 inttdisse.

513 1971 631 2017 stus
685 1963 752 2018 ad
803 1962 1170 2020 Theodosium
1230 1967 1529 2038 principem
1572 1967 2102 2038 Constantinopolim

513 2052 898 2123 proficiscitur,
931 2057 1204 2128 filiamque
1224 2059 1340 2126 ejus
1369 2061 1419 2114 ia
1446 2058 1852 2114 matrimonium
1876 2061 2105 2129 accepit.

513 2145 718 2201 Eodem
766 2163 911 2204 anno
969 2151 1255 2219 piraticam
1311 2150 1528 2206 barbari
1577 2162 1956 2207 exercuerunt.
2006 2152 2112 2209 Per

513 2230 662 2294 idem
718 2237 1228 2311 tempusquatuor
1280 2242 1503 2312 llispani
1575 2245 1717 2312 viri,
1769 2245 2104 2313 Archadius,

517 2328 772 2395 Probus,
832 2331 1157 2390 Paschasius
1221 2344 1274 2390 ct
1343 2336 1626 2402 Euticius,
1689 2337 1886 2392 dudum
1966 2340 2106 2409 apud

512 2423 848 2480 Geisericum
901 2426 1095 2482 merito
1159 2428 1441 2498 sapientia:
1506 2439 1560 2484 et
1623 2430 1797 2485 fidelis
1857 2431 2106 2502 obsequii

515 2516 760 2587 clarique
785 2518 1152 2587 habebantur;
1185 2536 1322 2592 quos
1357 2537 1448 2576 rex
1482 2532 1542 2577 ut
1582 2521 1948 2592 copulatiores
2003 2524 2106 2580 sibi

513 2606 744 2672 faceret,
779 2609 831 2665 in
871 2610 1155 2666 Arrianam
1203 2621 1408 2668 sectam
1447 2615 1680 2670 transire
1724 2615 1987 2685 precepit.
2038 2615 2108 2670 At

517 2700 596 2755 illi
640 2701 745 2757 hoc
773 2701 984 2758 facinus
1019 2703 1465 2758 constantissime
1501 2711 1836 2772 respuentes,
1866 2704 2106 2760 excitato

517 2791 572 2846 in
605 2793 1006 2862 rapitlissimam
1047 2794 1182 2848 iram
1215 2794 1465 2852 barbaro.
1515 2794 1752 2863 primum
1794 2794 2100 2864 proscripti,

516 2883 713 2938 deinde
741 2885 906 2938 exilio
936 2885 1066 2949 acti,
1107 2900 1170 2938 ac
1204 2892 1537 2953 postremum
1575 2885 1805 2940 diversis
1843 2885 2105 2940 mortibus

509 2975 848 3046 interempti,
875 2977 1067 3032 illustri
1094 2976 1340 3031 martirio
1363 2977 1684 3032 mirabiliter
1709 2977 2100 3032 occubuerunt.

513 3066 659 3123 Puer
695 3079 897 3133 autem,
950 3069 1207 3124 Paulillus
1245 3070 1482 3131 nomine,
1521 3069 1690 3123 frater
1718 3068 2005 3123 Paschassi
2049 3076 2104 3122 et

509 3159 731 3223 Euticii,
765 3176 862 3230 pro
885 3160 1150 3229 elegantia
1185 3159 1373 3214 formae
1403 3169 1565 3229 atque
1593 3160 1773 3227 ingeni
1812 3161 2098 3215 admodum
2128 3197 2173 3257 Β

509 3248 626 3317 regi
687 3258 960 3318 acceptus,
1029 3265 1151 3303 eum
1215 3264 1244 3302 a
1304 3248 1637 3317 professione
1696 3257 1859 3319 atque
1919 3265 2102 3308 amore

513 3337 835 3393 chatholica:
885 3337 1007 3392 fidei
1055 3337 1214 3392 nullis
1248 3338 1412 3392 minis
1459 3339 1736 3407 pertubari
1773 3339 1963 3408 possit,
2010 3341 2100 3396 diu

513 3429 753 3485 fustilms
783 3445 968 3485 cessus
1006 3437 1062 3483 et
1091 3428 1156 3483 ad
1180 3429 1421 3484 inlintam
1463 3429 1784 3485 servitutem
1814 3431 2103 3488 damnatus

514 3538 545 3576 e
581 3531 634 3588 t;
705 3521 847 3585 ideo,
910 3529 968 3576 ut
1039 3530 1284 3592 apparet,
1340 3538 1446 3577 non
1512 3522 1850 3588 interfectus,
1910 3516 1978 3580 ne
2035 3526 2103 3581 de

509 3622 767 3681 stuperata
801 3613 995 3681 peritia
1054 3613 1204 3683 impii
1246 3613 1410 3668 etiam
1462 3614 1552 3668 illa
1599 3624 1734 3670 artas
1776 3615 2104 3689 gloriaretur

512 3701 608 3768 (cf.
678 3703 916 3756 Dtonvsu
971 3703 1100 3772 epist
1153 3719 1239 3774 ap.
1293 3703 1504 3768 Petav.,
1551 3720 1603 3776 p.
1655 3705 1803 3776 8H).
1869 3707 2102 3764 Sanctus

515 3791 735 3848 Clt‘llllls
773 3794 1179 3851 Alexandrinus
1219 3797 1508 3868 episcopus
1556 3799 1754 3855 eiclttm
1805 3802 2100 3872 nonaginta

511 3883 753 3952 quinque
777 3901 1041 3940 annorum
1071 3888 1366 3958 componit,
1405 3889 1671 3961 incipiens
1695 3892 1764 3947 ab
1799 3907 1942 3949 anno
1975 3893 2098 3948 155.

508 3974 829 4033 Diocletiani
856 3978 1033 4049 (155).

577 4067 704 4125 460.
731 4068 812 4123 l5.
856 4068 1258 4148 [ccccxxxvut]
1283 4070 1548 4143 (lsmon.)
1589 4072 1914 4130 Theodosius
1946 4075 2029 4131 l6.
2049 4086 2096 4130 et

509 4157 766 4226 Faustus.
797 4161 1070 4227 Diabolus,
1102 4163 1152 4216 itt
1189 4164 1424 4232 speciem
1455 4164 1607 4220 Moisi
1649 4164 1834 4221 .lttdeis
1863 4168 1913 4220 in
1939 4167 2093 4226 Creta

507 4264 798 4319 apparens,
821 4267 917 4321 per
939 4267 1087 4305 mare
1111 4255 1245 4323 pede
1273 4253 1351 4307 sic
1390 4264 1478 4308 ato
1503 4255 1569 4308 ad
1595 4263 1797 4309 terram
1837 4258 2096 4326 repromi-

507 4341 677 4395 siunls
700 4357 794 4395 eos
815 4343 1109 4412 perducere
1130 4343 1486 4410 repromittit,
1516 4345 1608 4398 sed
1633 4344 1880 4413 plurimis
1905 4347 2096 4402 mersis

509 4443 566 4485 et
606 4432 840 4498 necatis,
887 4433 1080 4501 reliqui
1129 4432 1262 4489 salvi
1309 4433 1462 4500 facti,
1512 4437 1578 4490 ad
1619 4433 1818 4491 Christi
1865 4438 2092 4508 gratiam

508 4531 925 4574 convertuntur.

579 4607 704 4665 461.
749 4609 834 4662 16.
880 4609 1220 4684 [ccccxxvtx]
1261 4610 1514 4684 (Pnosm)
1557 4612 1876 4670 Theodosius
1918 4616 2002 4670 17.
2044 4628 2092 4671 et

509 4701 721 4758 Festus.
756 4701 868 4758 llac
897 4713 1218 4773 tempestate
1247 4702 1494 4760 Julianus
1522 4707 1848 4772 Athelensis,
1882 4707 2093 4776 jactan-

509 4797 752 4852 tissimus
798 4795 1069 4868 Pelagiani
1119 4798 1324 4852 erroris
1382 4809 1624 4866 asertor,
1677 4815 1838 4869 quem
1889 4802 2090 4857 dudum

507 4889 694 4944 amissi
741 4890 1088 4960 episcopatus
1133 4889 1505 4959 intomperans
1533 4891 1728 4960 cupido
1755 4892 2092 4963 exagitabat,

507 4982 826 5038 multimoda
851 4991 970 5037 arte
995 4981 1209 5036 fallendi
1233 4983 1592 5038 correctionis
1612 4998 1761 5053 spem
1786 4972 2092 5054 preferens,

600 5077 722 5112 τ;;....
757 5091 834 5114 ac!
870 5079 921 5114 in
954 5077 1394 5118 nnmmnninnmn
1426 5079 1671 5120 ant-Iasius
1695 5078 1963 5124 irrennns-
1995 5079 2090 5124 "is

2283 1957 2407 2011 462.
2453 1958 2537 2012 17.
2580 1957 2828 2031 [ccccxn]
2883 1957 3140 2032 (Pensm)
3205 1957 3615 2013 Valentinianus
3654 1958 3703 2012 5.
3752 1971 3796 2014 ει

2211 2050 2510 2104 Anatolius.
2571 2051 2842 2106 Defuncto
2892 2050 3046 2106 Sixto
3093 2051 3380 2122 episcopo,
3446 2049 3521 2104 40
3577 2049 3795 2120 amplius

2210 2142 2398 2197 diebus
2428 2142 2670 2199 Romana
2703 2143 2916 2199 :eelesia
2957 2143 3075 2198 sine
3121 2143 3368 2198 antistite
3397 2142 3527 2207 fuit,
3557 2142 3795 2197 mirabile

2209 2250 2344 2306 pace
2367 2247 2530 2305 atque
2565 2236 2840 2308 patientizc
2869 2237 3080 2292 diaconi
3110 2235 3304 2290 Leonis
3326 2245 3693 2304 exspectans,
3709 2234 3793 2302 qui

2214 2335 2339 2382 tunc
2391 2328 2532 2381 inter
2580 2328 2794 2381 Aetium
2859 2337 3022 2397 atque
3096 2335 3152 2382 ct
3210 2325 3469 2381 Albinum
3537 2327 3793 2380 θηλὴ-ἰήιε

2210 2419 2542 2487 ittlegrantlte
2585 2421 2772 2478 Galliae
2814 2421 3110 2481 detinebat.
3158 2420 3260 2475 Leo
3305 2422 3494 2492 igitur,
3547 2421 3792 2493 legatione

2209 2513 2420 2583 puplica
2453 2513 2676 2580 accitus,
2710 2525 2758 2568 et
2792 2515 3045 2592 gaudenti
3080 2514 3268 2584 patria:
3306 2524 3672 2584 presentatus,
3711 2514 3788 2567 ll.

2206 2621 2342 2675 pupa
2411 2603 2659 2660 Romana:
2725 2605 2946 2662 a’clesia:
3023 2615 3397 2668 consecratur,
3473 2608 3664 2661 sedens
3709 2623 3791 2674 per

2207 2714 2373 2751 annos
2407 2699 2495 2752 El.
2535 2697 2630 2768 (cf.
2667 2699 2703 2751 ι.
2731 2707 2857 2766 pont
2887 2696 2904 2768 )
2948 2697 3259 2753 Gciserieus
3286 2697 3541 2752 Siciliam
3573 2701 3790 2770 graviter

2206 2789 2474 2861 allligens,
2519 2799 2744 2861 accepto
2790 2789 2981 2850 nuntio
3025 2790 3362 2858 Sebastiani,
3417 2791 3492 2844 ab
3543 2789 3786 2858 Hispania

2207 2881 2278 2934 ad
2321 2880 2574 2936 Amicam
2619 2880 3146 2945 transito,celeriter
3181 2879 3582 2952 cartilaginem
3644 2879 3784 2936 redit.

2171 3018 2176 3023 .
2207 2981 2357 3026 ratus
2385 2972 2746 3043 periculosum
2778 2973 2879 3027 sibi
2922 2988 2989 3034 ac
3018 2972 3130 3027 suis
3171 2971 3308 3051 fore,
3352 2971 3399 3025 si
3436 2972 3525 3025 vir
3564 2969 3784 3025 bellandi

2205 3065 2412 3135 peritus
2445 3065 2769 3135 recipiendae
2812 3065 3091 3135 Cartagini
3136 3064 3478 3119 incubuisset
3527 3063 3756 3132 (Pnose).

2274 3155 2397 3209 463.
2445 3154 2528 3210 18.
2573 3153 2837 3228 [ccccxu]
2881 3155 3124 3225 (Pensm)
3161 3153 3332 3224 Cyrus
3363 3155 3449 3208 t-ir
3471 3153 3785 3210 clarissimis

2208 3246 2411 3300 consul.
2448 3246 2810 3301 'l'lteodossitts
2847 3247 3142 3317 imperator
3171 3244 3374 3304 bellum
3403 3254 3604 3300 contra
3635 3246 3784 3304 “ian,-

2203 3337 2357 3392 dalos
2390 3349 2591 3403 movet,
2635 3338 2939 3394 Ariobindo
2989 3348 3043 3395 et
3090 3336 3276 3393 Ansila
3323 3345 3496 3406 atque
3524 3335 3783 3396 Germano

2203 3426 2426 3482 ducibus
2484 3443 2607 3482 cum
2668 3444 2860 3500 magna
2918 3428 3090 3484 classe
3153 3427 3401 3490 directis,
3468 3429 3589 3496 qui,
3626 3427 3786 3495 longis

2204 3520 2638 3576 cunctationibus
2695 3521 2971 3590 negotium
3014 3519 3348 3584 tlill‘erentes,
3390 3517 3599 3575 Sicilia:
3629 3518 3786 3586 magis

2202 3612 2353 3666 oneri
2385 3628 2546 3681 quam
2575 3611 2792 3670 All‘ricae
2820 3611 3056 3682 presidio
3081 3610 3253 3666 fuere.

2275 3702 2399 3760 464.
2443 3705 2532 3759 l9.
2583 3703 2871 3778 [ccccxut]
2927 3703 3187 3776 (Pnosn.)
3238 3701 3529 3757 Dioscorus
3577 3711 3626 3756 et
3675 3698 3783 3754 Es-

2203 3798 2416 3851 doxius.
2471 3795 2643 3854 llunis
2676 3796 2900 3853 Tracias
2935 3806 2990 3852 et
3033 3795 3285 3850 llliricum
3337 3810 3468 3850 seva
3505 3791 3781 3864 dep0pula-

2203 3891 2349 3948 tione
2380 3891 2742 3956 vastantibus,
2783 3892 3058 3947 exercitus
3086 3891 3179 3960 qui
3211 3890 3263 3944 in
3294 3888 3485 3945 Sicilia
3532 3888 3778 3944 moraba-

2203 3988 2313 4043 tur,
2391 3980 2458 4034 ad
2527 3978 2896 4035 defensionem
2963 3978 3306 4036 orientalium
3383 3978 3778 4049 provinciarum

2200 4073 2506 4130 revertitur.
2571 4072 2705 4127 Cum
2767 4071 3012 4128 Giserico
3056 4082 3236 4126 autem
3295 4079 3350 4126 et
3405 4069 3776 4125 Valentiniano

2200 4171 2428 4232 augusto
2456 4178 2560 4232 pax
2583 4161 2924 4228 conﬁrmata,
2960 4171 3011 4218 et
3043 4161 3204 4220 certis
3230 4162 3404 4232 spatis
3427 4161 3625 4217 Alfi-ica
3647 4160 3779 4214 inter

2198 4266 2486 4325 utrumque
2522 4256 2721 4311 divissa
2750 4264 2852 4312 est.

2268 4349 2394 4404 465.
2447 4349 2533 4404 20.
2582 4348 2892 4422 [ccccxutt]
2961 4347 3226 4418 (Pnosr.)
3290 4347 3566 4402 Maximus
3628 4347 3680 4400 Ξ.
3729 4353 3770 4397 et

2200 4437 2484 4494 Putemus.
2529 4437 2642 4494 lloc
2678 4449 2923 4510 tempore
2993 4439 3254 4509 plurimos
3283 4437 3602 4493 Manicheos
3643 4438 3769 4490 intra

2125 4555 2168 4612 υ
2201 4531 2402 4586 Urbem
2446 4531 2614 4587 latere
2642 4532 2918 4604 diligentia
2964 4547 3115 4602 papa:
3165 4530 3362 4585 Leonis
3409 4529 3661 4590 innotuit.
3690 4524 3767 4596 qui

2195 4637 2290 4677 eas
2329 4624 2394 4675 de
2423 4624 2649 4678 secretis
2696 4622 2810 4676 suis
2849 4631 3037 4676 erutus
3077 4630 3131 4676 et
3166 4619 3340 4675 oculis
3369 4620 3540 4674 totius
3563 4617 3768 4686 aedesiae

2196 4710 2518 4783 pzzplicatos,
2540 4729 2728 4768 omnes
2751 4712 3022 4784 dogmatis
3037 4712 3116 4768 sui
3143 4711 3511 4782 turpitudines
3533 4714 3769 4766 damnare

2194 4804 2322 4861 fecit
2351 4816 2404 4861 et
2428 4807 2672 4876 prodere,
2705 4807 2941 4862 incensis
2969 4822 3162 4863 eorum
3196 4805 3503 4860 codicibus.

2266 4899 2391 4953 466.
2432 4899 2524 4954 εει.
2578 4899 2878 4973 [ccccxuv]
2927 4898 3168 4970 (Pansa)
3222 4897 3554 4954 Theodosius
3608 4898 3687 4954 l8.
3730 4904 3770 4948 et

2197 4989 2435 5043 Albinus.
2481 4989 2595 5048 lloo
2620 5007 2762 5046 anno
2786 4992 2984 5062 pascha
3028 4989 3413 5062 [dotninicum]
3453 4989 3770 5045 celebratum

2196 5091 2274 5124 est
2302 5083 2350 5124 9.
2386 5082 2498 5124 Καὶ
2543 5083 2661 5124 Maii

2727 5099 2825 5124 non
2873 5091 3113 5124 nrt-silum
3161 5091 3299 5124 nral-
3335 5082 3465 5124 nstin
3496 5081 3551 5124 in
3584 5081 3668 5124 die
3695 5079 3770 5124 11.
