3934 5330
103 284 205 340 757
1333 270 1748 331 CHRONICON.
1790 298 1860 311 --
1897 266 2028 323 UB.
2070 266 2157 322 Ill.
3267 266 3375 325 738

102 410 424 454 nemorum
445 394 533 451 die
561 392 810 455 dominus
834 397 1017 446 noster
1043 386 1199 443 Jesus
1218 384 1467 441 Christus
1490 396 1694 440 certans
1725 385 1766 444 Α
1795 377 2013 434 cronica
2058 374 2277 431 Eusebii
2328 373 2414 430 vel
2463 373 2621 428 Beda:
2658 373 2725 429 de
2772 375 2931 431 annis
2988 374 3382 438 incarnationis

103 505 232 544 eum
267 488 385 544 suis
411 486 714 557 discipulis,
761 492 1045 554 postquam
1086 480 1171 535 sui
1205 478 1449 549 corporis
1485 485 1540 532 et
1567 490 1698 531 san-
1796 468 2176 527 eontradicunt
2218 474 2409 523 sancto
2444 466 2747 537 evangelio.
2795 467 2943 524 Inter
2986 464 3379 528 Diocletianum

103 571 250 651 sit,“
280 584 623 634 sam-amenta
648 573 928 645 patefecit,
955 572 1024 627 ad
1048 578 1285 627 montem
1307 568 1524 634 oleveti,
1556 568 1699 622 sicut
1794 572 1976 616 autem
2000 567 2162 629 atque
2188 558 2385 613 ciclum
2412 558 2648 614 Dionissi
2671 575 2770 629 per
2801 560 2968 617 ciclos
3008 563 3075 617 15
3104 564 3381 621 decenno-

104 650 392 741 evangelia
440 677 626 725 sancta
672 675 973 731 testantur,
1023 676 1363 735 progressus,
1396 660 1578 731 ibique
1604 660 1698 715 de-
1794 650 2053 708 vennales
2099 651 2296 707 desunt
2326 651 2359 705 7
2409 651 2560 707 anni.
2612 650 2762 719 Quos
2810 653 2890 709 sic
2931 652 3087 723 juxta
3141 657 3380 713 divinam

106 771 296 819 tentus
325 767 460 816 esta
493 758 678 815 Judeis
709 757 958 813 tradente
985 754 1271 827 discipulo.
1299 754 1505 809 Dehinc
1542 762 1701 809 sexta
1794 745 2122 814 scripturam
2155 756 2441 812 possumus
2480 743 2617 798 bene
2649 744 2983 815 investigari.
3016 746 3385 806 Diocletianus

109 854 249 910 feria
296 856 681 925 subsequente,
715 853 767 909 id
794 860 880 909 est
919 852 973 907 8.
1003 851 1089 907 die
1133 850 1258 905 Kal.
1288 849 1486 919 April,
1516 848 1695 903 cruci-

107 944 256 1001 ﬁxus
298 954 400 1007 est.
433 957 489 1000 et
519 944 757 1014 sepultus
786 944 945 999 tertio
972 942 1060 997 die
1080 984 1096 1008 ,
1134 941 1238 997 hoc
1262 950 1345 996 est
1375 941 1428 994 6.
1459 939 1547 994 die
1576 938 1696 993 Kal.

110 1035 341 1105 Aprilis,
375 1037 645 1092 dominico
688 1036 773 1091 die
815 1034 1112 1089 resurrexit
1147 1048 1181 1088 a
1223 1032 1454 1087 mortuis
1487 1049 1506 1083 ι
1533 1039 1586 1084 et
1618 1042 1700 1084 rc-

113 1128 286 1197 liqua.
334 1128 689 1185 Cassiodorus
744 1143 958 1198 quoque
1022 1136 1241 1183 senator
1290 1127 1699 1196 expossitorqre

114 1219 266 1273 sacri
300 1218 527 1289 psalteri
556 1219 614 1273 in
650 1234 747 1274 sua
791 1218 1008 1274 crouica
1056 1218 1135 1272 sic
1160 1234 1177 1270 :
1206 1236 1227 1268 ι
1263 1216 1360 1271 Bis
1387 1214 1702 1270 consulibus

115 1313 372 1367 dominus
390 1320 586 1367 noster
604 1308 770 1366 Jesus
794 1308 1042 1365 Christus
1065 1323 1259 1378 passus
1282 1316 1362 1361 est
1390 1307 1445 1361 8.
1467 1306 1553 1360 die
1579 1304 1701 1360 Kal.

114 1404 319 1476 April”
358 1413 416 1459 et
453 1402 703 1461 defectio
748 1401 878 1458 solis
921 1400 1062 1457 facta
1088 1409 1195 1465 est,
1227 1397 1405 1469 qualis
1432 1406 1589 1452 antea
1619 1395 1701 1449 vd

99 1494 465 1565 ‘postmodum
492 1508 769 1564 nunquam
798 1492 920 1558 fuit,
955 1512 975 1545 ι
1015 1500 1071 1547 et
1098 1492 1324 1561 reliqua.
1350 1519 1424 1533 ——-
1458 1490 1541 1544 Ab
1584 1488 1703 1559 ipso

114 1604 253 1661 ergo
279 1589 459 1659 primo
484 1602 629 1644 anno
670 1586 792 1642 cicli
824 1585 1048 1641 Dionis-ii
1079 1584 1326 1655 regnavit
1365 1581 1703 1637 Justinianus

118 1681 282 1735 annis
325 1679 359 1733 5
390 1693 563 1749 usque
590 1678 644 1733 in
675 1692 877 1733 annum
904 1677 1029 1732 527.
1074 1675 1466 1731 incarnationis
1509 1688 1701 1729 secun-

1797 837 1944 891 euim
1987 835 2039 890 in
2070 849 2216 890 anno
2247 832 2375 889 278.
2410 834 2799 891 incarnationis
2844 838 3143 894 secundum
3174 840 3388 894 Dionis-

1799 929 1941 984 sium
1978 928 2523 999 incipiens,tegnavit
2542 928 2613 981 20
2638 944 2829 985 annos.
2862 930 2918 985 lu
2942 930 3099 1000 cujus
3128 948 3272 988 anno
3294 932 3385 998 19,

1798 1017 1854 1073 id
1888 1026 1974 1073 est
2003 1018 2057 1071 in
2081 1032 2228 1071 anno
2263 1016 2389 1071 287.
2422 1016 2818 1073 incarnationis
2844 1020 3000 1086 juxta
3032 1022 3384 1091 Dionissium,

1800 1107 1857 1167 in
1883 1122 1991 1178 quo
2012 1106 2066 1162 5.
2104 1107 2224 1162 Kal.
2267 1107 2439 1178 April.
2463 1109 2663 1177 pascha
2688 1112 2947 1178 contegit,
2976 1113 3233 1167 convenit
3256 1114 3386 1178 hoc,

1800 1200 1944 1271 quod
1969 1202 2027 1255 in
2058 1200 2279 1255 eronica
2319 1215 2417 1254 sua
2449 1199 2524 1255 ita
2557 1199 2693 1255 dicit
2717 1200 2982 1257 Eusebius
3012 1217 3028 1257 :
3064 1224 3083 1257 ι
3114 1204 3272 1261 Anno
3297 1190 3383 1261 19.

1802 1290 2123 1347 Diocletiani
2150 1304 2335 1346 mense
2366 1290 2564 1345 Martio
2593 1292 2645 1345 in
2675 1292 2866 1348 diebus
2901 1296 3117 1364 pascha:
3144 1296 3388 1354 ecclesia:

1804 1380 2102 1453 [subverszn
2126 1380 2295 1454 sunt].
2350 1399 2369 1434 r
2414 1381 2623 1453 (illam)
2662 1382 2867 1451 Quano
2910 1395 3091 1443 autem
3135 1403 3389 1459 persch-

1803 1473 1971 1531 tionis
1992 1488 2135 1529 anno
2162 1471 2554 1530 Constantinus
2582 1489 2815 1544 regnare
2835 1492 2992 1533 orsus
3018 1488 3120 1534 est.
3137 1480 3388 1537 Secundo

1801 1563 2195 1634 peraecutionis
2242 1579 2386 1619 anno
2428 1563 2798 1622 Diocletianus
2841 1566 3191 1639 Nicomediae,
3220 1570 3390 1628 Maxi-

1803 1656 2020 1710 mianus
2045 1654 2333 1711 Mediolani
2362 1671 2659 1726 purpuram
2702 1658 3123 1728 depossuerunt.
3151 1662 3391 1734 Apparet

100 1773 252 1829 dum
280 1744 632 1828 Dionissium.
665 1770 752 1826 15.
796 1770 923 1826 Inde
967 1768 1214 1824 Justinus
1252 1768 1434 1823 senior
1457 1767 1703 1838 regnavit

1808 1758 1936 1813 ergo
1982 1744 2129 1813 quod
2172 1759 2314 1799 unus
2352 1759 2527 1799 anrius
2568 1753 2689 1801 erat
2733 1746 2879 1802 intr
2904 1748 3299 1806 Diocletianum
3337 1761 3394 1807 et

114 1865 278 1919 annis
299 1864 334 1921 8
356 1879 525 1934 usque
548 1864 601 1918 in
621 1878 823 1918 annum
841 1862 965 1917 519.
994 1860 1382 1917 incarnationis
1409 1860 1703 1914 secundum

120 1954 472 2010 Dionissium.
504 1954 591 2010 80.
638 1952 768 2008 lude
814 1953 1136 2007 Anastasius
1182 1951 1425 2022 regnavit
1453 1950 1609 2006 annis
1633 1950 1702 2005 27

102 2059 295 2115 iisque
327 2044 378 2098 in
418 2058 620 2098 annum
646 2042 775 2098 492.
822 2042 1214 2097 incarnationis
1257 2041 1551 2096 secundum
1584 2040 1709 2095 Dio-

120 2136 374 2191 nissium.
410 2135 499 2190 57.
539 2134 668 2190 lude
703 2134 851 2190 Zeno
880 2135 1124 2205 regnavit
1168 2133 1327 2188 annis
1356 2134 1421 2188 17
1450 2145 1623 2201 usque
1652 2133 1706 2186 in

106 2243 325 2282 annum
375 2225 505 2282 475.
556 2226 949 2281 incarnationis
995 2224 1292 2280 secundum
1351 2223 1701 2278 Dionissium.

121 2321 211 2375 71.
234 2321 368 2381 Inde
390 2319 500 2375 Leo
526 2321 770 2387 regnavit
798 2318 956 2373 annis
981 2318 1047 2372 17
1074 2332 1247 2387 usque
1273 2316 1325 2371 in
1351 2331 1549 2370 annum
1579 2314 1704 2369 858.

123 2412 523 2470 incarnationis
556 2411 851 2474 secundum
905 2410 1250 2464 Dionissium.
1280 2408 1369 2465 8|.
1402 2407 1530 2462 lude
1572 2405 1707 2460 Mar-

103 2506 311 2560 cianus
379 2503 627 2576 regnavit
681 2503 840 2559 annis
898 2501 930 2556 7
992 2516 1163 2571 usque
1230 2500 1283 2554 in
1340 2514 1543 2555 annum
1577 2498 1706 2553 151.

123 2594 516 2663 incarnationis
575 2594 872 2651 secundum
946 2592 1298 2649 Dionissium.
1376 2591 1497 2646 108.
1581 2590 1710 2647 Inde

123 2687 490 2744 Theodosius
534 2686 782 2757 regnavit
831 2686 990 2742 annis
1044 2686 1116 2742 27
1172 2698 1345 2757 usque
1394 2684 1450 2740 in
1507 2699 1709 2739 annum

120 2779 249 2833 42L.
318 2766 714 2835 incarnationis
786 2777 1084 2832 secundum
1159 2774 1505 2832 Dionissium.
1584 2773 1707 2829 125.

124 2868 252 2923 lude
308 2866 584 2929 Honorius
619 2867 867 2938 regnavit
904 2866 1064 2922 annis
1098 2865 1165 2923 15
1199 2879 1370 2936 usque
1406 2866 1462 2920 in
1509 2878 1709 2919 annum

120 2957 250 3011 609.
323 2956 715 3013 incarnationis
780 2958 1077 3012 secundum
1148 2956 1499 3012 Dionissium.
1584 2955 1708 3012 156.

118 3050 252 3105 inde
306 3049 610 3106 Arcliadius
665 3050 912 3119 regnavit
964 3050 1126 3106 annis
1172 3050 1240 3105 15
1290 3065 1464 3120 usque
1512 3050 1566 3105 in
1616 3066 1711 3106 an-

109 3156 255 3193 num
285 3138 415 3194 596.
447 3137 837 3194 incarnationis
874 3140 1171 3195 secundum
1204 3140 1557 3195 Dionissium.
1585 3141 1706 3196 147.

122 3230 254 3285 lnde
285 3228 652 3286 Tlieodossius
675 3231 922 3301 regnavit
949 3232 1108 3286 annis
1139 3232 1199 3287 1l
1232 3248 1403 3302 usque
1431 3232 1485 3287 in
1511 3249 1713 3289 annum

120 3321 255 3377 585.
289 3320 686 3377 incarnationis
720 3322 1016 3378 secundum
1048 3322 1399 3378 Dionissium.
1428 3324 1550 3378 155.
1578 3324 1709 3381 Gra-

126 3414 311 3468 tianus
356 3413 516 3485 annis
555 3412 589 3467 6
628 3428 798 3484 usque
828 3414 879 3468 iu
916 3429 1118 3469 annum
1150 3413 1275 3469 579.
1322 3414 1713 3472 incarnationis

123 3503 427 3558 secundum
479 3503 831 3558 Dionissium.
886 3502 1008 3557 157.
1060 3503 1189 3559 lude
1223 3503 1417 3559 Valens
1470 3507 1717 3575 regnavit

127 3594 287 3647 annis
324 3592 359 3646 ι
387 3609 559 3663 usque
587 3594 642 3648 in
678 3609 878 3648 annum
925 3595 1053 3649 575.
1104 3596 1492 3650 incarnationis
1522 3613 1714 3652 secun-

128 3685 257 3737 dum
292 3683 650 3739 Dionissium.
699 3685 819 3739 168.
857 3686 985 3742 lude
1018 3686 1424 3742 Valentinianus
1472 3691 1718 3758 regnavit

124 3778 291 3831 annis
324 3778 578 3848 ilusque
609 3776 663 3831 in
687 3794 887 3832 annum
913 3778 1040 3833 564.
1093 3779 1485 3835 incarnationis
1524 3796 1719 3837 secun-

128 3870 261 3923 dum
302 3868 653 3925 Dionissium.
682 3870 805 3924 169.
837 3870 967 3927 lude
1002 3870 1261 3928 Jovianus
1291 3874 1533 3943 regnavit
1564 3890 1719 3930 men-

1807 1834 2252 1900 Constantinum;
2292 1838 2397 1891 duo
2446 1845 2629 1892 autem
2668 1838 2795 1892 anni
2834 1840 3128 1895 secundum
3169 1843 3392 1909 multos,

1808 1939 1945 1995 quos
1986 1924 2238 1981 Galerius
2269 1940 2437 1995 gener
2465 1925 2783 1983 Diocletiani
2831 1931 3098 2000 regnavit.
3141 1931 3397 1988 Galerius

1807 2032 1938 2089 ergo
1968 2016 2108 2088 regit
2156 2018 2375 2073 tertium
2402 2019 2804 2089 persequtionis
2850 2036 3076 2089 annum,
3126 2024 3393 2096 incipiens

1808 2110 1863 2165 in
1894 2125 2036 2164 anno
2063 2109 2153 2164 19°
2182 2109 2504 2165 Diocletiani
2533 2122 2587 2167 et
2619 2113 2917 2169 terminans
2954 2116 3007 2169 in
3040 2132 3184 2171 anno
3211 2119 3395 2189 primo

1808 2198 2186 2265 Constantini.
2240 2198 2293 2255 id
2338 2201 2503 2255 estin
2535 2216 2680 2257 anno
2718 2202 2847 2259 299.
2883 2204 3277 2265 incarnationis
3308 2225 3397 2264 sc-

1808 2290 2045 2345 cundum
2076 2291 2427 2347 Dionissium.
2456 2292 2848 2350 Constantinus
2880 2297 3063 2368 itaque
3087 2300 3139 2354 in
3170 2316 3314 2358 anno
3336 2303 3413 2357 ὁ»

1809 2384 2209 2454 perscqutionis
2237 2385 2521 2454 incipiens,
2550 2388 2803 2457 regnavit
2821 2389 2893 2444 50
2919 2392 3095 2457 annis,
3116 2396 3395 2450 mensibus

1810 2476 1909 2541 10,
1950 2491 2120 2544 usque
2163 2476 2217 2531 in
2266 2492 2470 2531 annum
2498 2478 2625 2534 550.
2664 2480 3058 2539 incarnationis
3094 2487 3417 2541 secundum‘

1810 2565 2164 2631 Dionissium,
2179 2567 2231 2622 in
2252 2583 2361 2638 quo
2376 2568 2672 2626 indictione
2689 2572 2849 2627 tertia
2871 2573 3007 2628 obiit
3022 2573 3110 2629 25.
3128 2576 3216 2633 die
3240 2586 3395 2633 mea;

1809 2656 1886 2711 sis
1924 2655 2070 2712 Maii.
2104 2656 2237 2712 lude
2278 2658 2670 2715 Constantinus
2727 2669 2867 2716 teste
2916 2661 3113 2721 Orosio
3145 2668 3396 2740 regnavit

1809 2751 1967 2806 annis
1988 2751 2055 2806 27
2079 2766 2251 2822 usque
2299 2752 2355 2807 in
2381 2764 2584 2808 annum
2611 2753 2736 2810 557.
2771 2755 3167 2817 incarnationis
3196 2776 3394 2823 seruu-

1812 2843 1936 2906 d‘um
1973 2843 2324 2900 Dionissium.
2360 2843 2419 2899 lu
2466 2845 2723 2901 decretali
2770 2847 2998 2917 epistola
3048 2854 3221 2909 sancti
3264 2853 3395 2911 Julii

1809 2950 1962 3006 papa:
2016 2935 2326 3005 apostolica:
2373 2936 2519 2992 sedis
2551 2946 2680 2993 tunc
2710 2937 2783 2992 ita
2822 2940 3025 2996 veritas
3062 2943 3345 2999 intimatur
3377 2963 3395 3000 :

1817 3046 1837 3081 ι
1857 3030 1914 3085 In
1936 3030 2155 3085 nomine
2176 3028 2381 3083 domini
2406 3027 2505 3083 Dei
2529 3038 2583 3084 et
2605 3028 2895 3086 salvatoris
2909 3034 3075 3088 nostri
3093 3031 3221 3090 Jesu
3236 3036 3397 3091 Chri-

1736 3108 1784 3169 C
1816 3122 1908 3187 sti,
1953 3119 2345 3191 imperantibus
2375 3134 2589 3190 quoque
2607 3120 2963 3180 Constantino
2990 3134 3047 3181 et
3088 3126 3394 3184 Constante

1815 3218 2059 3290 angustis
2102 3232 2246 3272 anno
2265 3217 2356 3283 4ο,
2382 3216 2481 3271 sub
2511 3216 2598 3272 die
2635 3216 2694 3272 8⁸
2723 3216 3089 3275 Kalendarum
3119 3219 3399 3289 Octobris.

1816 3312 2113 3368 indictione
2141 3312 2223 3377 6.,
2256 3328 2275 3362 ι
2302 3319 2359 3365 et
2392 3310 2627 3379 reliqua,
2654 3309 2795 3366 sicut
2824 3327 2986 3383 supra
3017 3313 3085 3385 (υ.
3120 3315 3225 3372 col.
3250 3314 3402 3387 702).

1814 3405 2203 3461 Constantinus
2230 3419 2359 3460 vero
2382 3404 2514 3460 obiit
2540 3405 2701 3459 tertio
2731 3406 2817 3461 die
2839 3408 3040 3464 mensis
3065 3407 3419 3476 Novimbris,’

1817 3494 2026 3567 [sicut]
2062 3495 2129 3566 .in
2193 3494 2458 3564 tripertita
2508 3494 2735 3550 historia
2814 3490 3227 3572 [mclesiastica]
3267 3500 3399 3571 legi-

1818 3595 1923 3639 tur.
1966 3592 2023 3639 Si
2072 3595 2252 3639 autem
2294 3584 2645 3639 Constantius
2686 3588 2936 3657 regnavit
2978 3588 3050 3644 27
3088 3604 3261 3646 annos
3313 3598 3403 3647 se-A

1816 3679 2053 3732 cundum
2106 3676 2382 3741 Orosium,
2416 3685 2509 3730 aut
2556 3675 2601 3730 si
2647 3675 3058 3735 Valentinianus
3102 3690 3159 3736 et
3208 3680 3404 3739 Valens

1818 3785 1991 3825 annos
2027 3770 2092 3824 17
2142 3777 2197 3823 et
2241 3768 2537 3823 Gratianus
2565 3768 2598 3820 7
2644 3767 2731 3822 vel
2779 3767 3086 3826 Arcliadius
3137 3787 3307 3828 annos
3340 3775 3404 3828 15

1817 3870 2198 3934 regnaverunt,
2232 3861 2375 3915 sicut
2403 3860 2456 3914 in
2481 3858 2701 3914 cronica
2729 3857 2945 3916 lssidori
2976 3862 3212 3934 episcopi
3237 3865 3318 3918 vel
3345 3867 3398 3919 in

129 3962 286 4017 sibus
313 3961 348 4016 8
372 3977 547 4032 usque
599 3962 653 4016 in
685 3977 887 4016 annum
926 3962 1052 4017 565.
1104 3964 1498 4021 incarnationis
1525 3981 1722 4021 εεςυη-
1816 3954 2184 4025 expossitione
2226 3952 2411 4006 Melliti
2443 3951 2701 4016 habetur,
2732 3965 2838 4006 non
2866 3964 3073 4008 certum
3103 3958 3396 4010 secundum

131 4061 259 4112 dum
288 4055 922 4112 Dionissium.17l.lnde
950 4056 1199 4112 Julianus
1220 4059 1462 4129 regnavit
1481 4060 1706 4116 annisll

1817 4052 2144 4119 scripturam
2193 4046 2434 4101 divinam
2486 4044 2779 4099 invenitur.
2831 4042 2986 4111 Quod
3032 4046 3097 4078 ⁸³⁸
3137 4045 3401 4121 [autem]

132 4148 523 4217 mensibusque
556 4147 590 4202 8
626 4162 796 4217 usque
843 4148 895 4202 in
931 4164 1130 4202 annum
1162 4149 1285 4203 561.
1326 4150 1706 4208 incarnationis

1818 4157 1991 4197 annus
2012 4141 2102 4195 λιιι
2138 4141 2477 4198 Cunstantini
2522 4150 2576 4195 et
2612 4140 2952 4205 Constantis,
2984 4142 3074 4213 qui
3102 4151 3185 4197 est
3228 4158 3434 4198 annus.

130 4241 432 4295 secundum
467 4239 815 4296 Dionissium.
860 4241 983 4295 195.
1030 4241 1159 4296 Inde
1201 4241 1589 4299 Constantinus
1636 4259 1722 4299 re.
1816 4234 1943 4288 555.
1974 4235 2363 4289 incarnationis
2412 4232 2708 4289 secundum
2741 4230 3091 4298 Dionissium,
3146 4242 3266 4289 erat
3313 4229 3433 4289 in?

136 4330 330 4400 guavit
378 4331 536 4385 annis
582 4329 653 4383 24
708 4346 877 4400 usque
934 4331 986 4385 in
1033 4346 1234 4385 annum
1288 4332 1415 4387 557.
1471 4334 1721 4389 incarua.
1818 4326 2054 4381 dictione
2097 4337 2273 4393 sexta,
2304 4338 2465 4396 atque
2509 4341 2681 4381 annus
2705 4323 2798 4378 9'"
2840 4327 3057 4381 Honorii
3090 4326 3407 4381 consulatus

136 4418 304 4473 tionis
355 4419 659 4473 secundum
716 4419 1064 4474 Dionissium.
1103 4420 1231 4475 226.
1278 4420 1407 4477 lude
1452 4422 1721 4479 Constan-
1750 4474 1794 4490 ἢ
1822 4420 1904 4474 sui
1934 4421 2020 4475 11.
2049 4429 2107 4476 et
2128 4419 2410 4475 Constanti
2432 4420 2491 4485 2,
2514 4436 2675 4490 quem
2705 4420 2881 4477 ﬁnivit
2908 4419 2963 4474 iu
2996 4434 3139 4473 anno
3166 4417 3291 4475 M7.
3323 4419 3403 4471 iu-

139 4510 285 4563 tinus
339 4507 565 4580 Magnus
608 4510 851 4580 regnavit
900 4511 1057 4565 annis
1101 4512 1165 4565 51
1206 4527 1375 4581 usque
1430 4513 1482 4568 in
1519 4529 1719 4569 annum
1751 4507 1796 4531 ¹¹
1826 4512 2160 4566 carnationis
2207 4511 2507 4565 secundum
2552 4512 2882 4569 Dionissium
2910 4552 2926 4578 ,
2972 4510 3266 4566 indictione
3315 4509 3439 4563 15.‘

137 4600 264 4655 500.
310 4600 709 4656 incarnationis
754 4603 1052 4656 secundum
1090 4602 1443 4659 Dionissium.
1468 4604 1552 4661 Ab
1580 4622 1722 4661 anno
1824 4614 1965 4667 erat,
1995 4602 2293 4657 secundum
2322 4602 2650 4672 scripturam
2683 4602 3039 4659 dubitandum
3064 4616 3171 4655 non
3193 4609 3295 4655 est.
3321 4597 3407 4653 lu-

142 4711 269 4751 vero
295 4695 703 4767 persequtionis
722 4707 916 4765 quarto
958 4695 1349 4752 Constantinus
1379 4712 1604 4768 regnare
1636 4700 1721 4753 in-
1748 4726 1751 4727 ν
1826 4702 1909 4747 tra
1931 4707 2067 4762 quos
2099 4692 2236 4746 duos
2264 4706 2436 4745 annos
2475 4706 2576 4760 per
2604 4692 2638 4745 4
2659 4689 3197 4747 decennovennnales
3239 4688 3406 4744 ciclos

140 4790 283 4859 cepit
306 4787 462 4854 juxta
500 4789 778 4842 cronicam
814 4787 1034 4843 Euzcbii
1077 4788 1159 4843 vel
1183 4787 1365 4843 Βεὼρ.
1396 4789 1523 4843 227.
1571 4791 1722 4845 Tunc
1824 4785 2011 4838 4³1ιηὶ
2065 4785 2279 4839 desunt.
2327 4782 2573 4838 Julianus
2613 4798 2743 4853 ergo
2790 4784 2841 4837 in
2889 4796 3033 4837 anno
3060 4779 3150 4836 80.
3206 4779 3410 4857 ῡίοςιέο

144 4896 344 4933 annum
397 4880 618 4934 tertium
669 4880 1104 4950 persequtionis,
1156 4894 1276 4949 quae
1338 4880 1390 4934 in
1445 4896 1589 4935 anno
1628 4883 1719 4939 19°
1827 4878 1958 4934 tiani
1999 4877 2280 4946 incipiens,
2312 4877 2556 4947 regnavit
2590 4879 2747 4931 annis
2770 4875 3002 4942 duobus,
3032 4876 3310 4930 mensibus
3349 4873 3405 4934 8.

144 4976 463 5032 [Locletiani
512 4976 722 5046 incepta
754 4984 862 5039 est,
894 4974 1177 5047 {deputant
1204 4974 1379 5048 nulli].
1424 4975 1593 5042 Quem
1627 4995 1723 5031 an-
1828 4972 1961 5028 obiit
2000 4975 2053 5026 b.
2105 4971 2225 5026 Kal.
2256 4970 2384 5027 Julii
2419 4971 2471 5023 in
2523 4986 2667 5024 anno
2700 4970 2823 5026 560.
2869 4968 3268 5024 incarnationis
3314 4979 3408 5020 se—

144 5086 266 5124 num
308 5068 550 5133 Isidorus
576 5068 865 5136 episcopus
894 5083 1014 5122 cum
1040 5066 1227 5123 multis
1258 5066 1379 5122 aliis
1404 5067 1566 5120 etiam
1598 5081 1721 5124 cum
1830 5063 2064 5121 eundum
2113 5062 2438 5117 Dionissium
2490 5059 2577 5115 85.
2607 5059 2870 5117 Jovianus
2907 5060 2959 5114 in
2986 5074 3128 5113 anno
3159 5059 3251 5114 85.
3289 5056 3413 5111 Dio~

145 5177 280 5216 anno
310 5163 487 5216 altero
525 5158 743 5215 Galerio
788 5158 1113 5215 Maximiano
1146 5158 1510 5230 [conscripsiL
1542 5157 1720 5233 267.].
1832 5156 2047 5214 cletiani
2085 5154 2370 5225 incipiens.
2424 5153 2669 5223 regnavit
2717 5150 2995 5208 mensibus
3032 5149 3100 5217 8},
3132 5148 3273 5203 obiit
3320 5140 3411 5197 11.

146 5252 264 5307 lude
314 5252 684 5307 Diocletianus
735 5252 983 5320 regnavit
1016 5252 1175 5307 annis
1204 5249 1272 5303 20
1308 5263 1481 5320 usque
1515 5248 1568 5301 in
1622 5266 1721 5305 an-
1833 5246 1951 5304 Kal.
1984 5246 2143 5300 Mart.
2176 5245 2231 5300 in
2260 5244 2387 5300 561.
2420 5245 2811 5300 incarnationis
2864 5238 3160 5296 secundum
3202 5234 3451 5330 Dionis:'
