3934 5330
469 125 587 197 739,

1734 132 1739 139 ·
1778 124 2065 185 διδωμι
2095 125 2336 184 seem

3641 131 3745 185 710

469 246 767 307 scentulum
808 243 1139 301 Dionisst
1172 241 1262 299 ⁸⁸³.
1303 240 1502 299 Valens
1532 240 1762 301 iu'anno
1797 240 1888 299 93.
1922 239 2049 295 Dio-
2077 241 2125 302 Α
2151 237 2541 295 incarnationis
2563 236 2860 295 secundum
2880 238 3208 297 Dionissium
3259 240 3384 300 198.
3411 244 3747 297 Anastasius

467 338 689 396 elctiani
712 334 1436 407 incipiens,regnavitaunis
1458 335 1515 400 4,
1550 348 1723 405 usque
1762 334 2057 389 inannum

466 428 593 489 376.
633 425 1023 489 incarnationis
1050 424 1347 495 secundum
1371 424 1725 481 Dinniszsiu'm.
1758 424 1848 480 95.
1882 422 2053 497 [99b].

467 520 766 591 Gratianus
787 519 838 584 in
863 532 1008 573 anno
1028 516 1116 581 99.
1146 516 1464 574 Diocletiani
1504 518 1788 588 incipiens,
1812 518 2060 590 regnavit

470 614 629 699 annis
647 614 704 680 6,
745 622 916 681 usque
956 610 1011 666 in
1046 624 1247 665 annum
1287 608 1415 665 582.
1444 608 1838 671 incarnationis
1866 622 2059 665 secun-

469 706 597 759 dum
631 702 982 757 Dionissium.
1032 699 1402 757 Theodossius
1433 701 1485 756 in
1509 716 1652 756 anno
1696 700 1820 757 105.
1849 700 2059 757 Diocle-

471 793 599 869 tiani
654 792 941 863 incipiens,
996 792 1249 863 regnavit
1300 790 1461 847 annis
1504 790 1565 846 11
1599 830 1615 856 ,
1663 791 1801 847 obiit
1849 791 1937 847 die
1965 792 2054 846 17.

471 884 677 963 mensis
693 882 917 939 Januar.
941 883 995 938 in
1029 899 1171 940 anno
1194 882 1728 939 595.incaruatinuis
1758 885 2057 939 secundum

471 973 820 1053 Dionissium.
847 973 1153 1030 Archadius
1186 975 1241 1028 in
1272 988 1416 1029 anno
1444 974 1583 1029 116.
1610 973 1928 1030 Diocletiani
1976 973 2060 1029 in-

470 1067 701 1140 cipiens,
730 1066 978 1138 regnavit
999 1067 1157 1123 anuis
1179 1068 1264 1128 14,
1292 1067 1433 1122 obiit
1458 1066 1581 1123 Kal.
1607 1066 1732 1121 Mair
1763 1082 1907 1122 anno
1930 1065 2056 1122 108.

473 1159 862 1219 incarnationis
873 1159 1170 1215 secundum
1189 1158 1541 1214 Dionissium.
1558 1157 1828 1213 Honorius
1847 1159 1901 1214 in
1915 1172 2059 1215 anno

474 1249 598 1324 131‘.
625 1249 942 1316 Diocletiani
989 1248 1279 1321 incipiens,
1310 1248 1553 1319 regnavit
1587 1248 1749 1303 annis
1776 1248 1862 1312 15,
1888 1263 2059 1319 usque

474 1339 528 1394 in
550 1355 750 1407 annum
778 1338 908 1394 425.
942 1337 1331 1394 incarnationis
1366 1338 1664 1394 secundum
1704 1338 2057 1395 Dionissium.

474 1428 817 1503 llujusranuo
855 1431 911 1497 9,
947 1444 1110 1501 quem
1142 1429 1439 1485 1inivit417
1471 1429 1869 1487 incarnationis
1904 1430 1975 1499 (ιν.
2001 1447 2057 1486 α.

408 1591 410 1595 ν
472 1521 604 1589 459)
635 1522 931 1589 secundum
974 1519 1323 1597 Diou’issium.
1352 1535 1476 1576 cum
1514 1521 1601 1576 10.
1632 1521 1752 1576 Kal.
1795 1520 1922 1577 Maii
1964 1522 2060 1576 de-

2157 327 2215 383 iu
2243 344 2386 384 anno
2420 330 2555 385 215.
2585 328 2906 386 Diocletiani
2955 331 3223 401 incipiens
3245 373 3261 399 ,
3310 331 3574 405 regnavit
3601 334 3754 390 annis

2156 419 2251 487 27,
2281 436 2452 491 usque
2497 424 2563 477 ad
2614 438 2818 480 annum
2867 424 2995 481 518.
3023 425 3422 482 incarnationis
3449 427 3753 483 secundum

2159 511 2770 569 Dionissium..lustinus
2793 514 2977 570 senior
3002 516 3056 571 in
3079 520 3223 572 anno
3241 518 3373 573 242-.
3405 518 3755 583 Diocletiani,

2161 605 2411 674 regnavit
2445 606 2606 661 anuis
2630 606 2684 671 8,
2717 623 2890 678 usque
2923 602 2991 664 ad
3020 624 3223 666 annum
3249 609 3379 666 526.
3423 608 3757 667 incarnatio-

2158 694 2245 750 nis
2272 697 2567 753 secundum
2607 698 2960 755 Dionissium.
2987 698 3329 758 Iustinianus
3352 702 3409 758 in
3438 717 3597 758 anno
3630 704 3754 758 230.

2161 784 2479 843 Diocletiani
2530 788 2822 858 incipiens,
2868 792 3110 861 regnavit
3162 795 3323 849 annis
3360 794 3439 859 5,
3488 795 3758 864 usquead

2159 878 2391 947 primum
2408 896 2611 936 artuum
2633 881 2897 938 ciclorum
2922 884 3306 956 Dionissii,qui
3328 896 3417 942 est
3439 901 3628 942 annus
3639 886 3755 941 2S.

2160 968 2477 1025 Diocletiani
2531 971 2687 1042 juxta
2743 975 3043 1043 predictam
3099 978 3370 1033 rationem
3429 970 3754 1033 sanctorum

2158 1061 2431 1127 virorum,
2485 1076 2594 1118 non
2626 1078 2802 1119 annus
2835 1065 2961 1121 218.
2990 1068 3288 1122 secundum
3318 1067 3638 1141 [cronicas,
3665 1070 3757 1123 En?-

2160 1150 2319 1223 quas]
2347 1151 2474 1207 250.
2506 1153 2729 1209 Certum
2769 1164 2856 1211 est
2885 1156 3057 1224 enim,
3087 1150 3291 1214 annum
3328 1171 3600 1230 quartum
3626 1161 3759 1215 Con-

2160 1242 2386 1298 stamini
2416 1253 2471 1298 et
2501 1241 2838 1311 Constantis,
2867 1246 2962 1317 qui
3005 1256 3091 1304 est
3133 1263 3313 1304 annus
3357 1250 3535 1304 353M
3583 1251 3757 1304 incar-

2160 1335 2399 1390 nationis
2421 1336 2720 1391 secundum
2746 1338 3095 1406 Dionissium,
3137 1341 3445 1396 indictione
3465 1329 3523 1395 6.
3551 1349 3759 1396 conste-

2164 1426 2295 1482 tisse
2341 1426 2509 1499 [teste
2543 1436 2737 1485 sancto
2777 1426 2924 1485 Julio
2952 1445 3088 1501 papa
3117 1429 3188 1462 '“
3210 1432 3381 1487 etiam
3427 1440 3567 1488 tunc
3595 1432 3757 1503 ipsam

2162 1534 2278 1574 rem
2325 1519 2644 1594 scribente].
2673 1522 2891 1577 Annum
2920 1522 3017 1569 .⁸⁶⁷.
3050 1523 3220 1579 etiam
3258 1522 3472 1579 nonum
3514 1521 3755 1587 Ηωιοιὶί.

477 1612 656 1675 heret,
704 1612 904 1683 pascha
959 1610 1301 1671 celebratum
1346 1620 1430 1685 est
1458 1613 1513 1668 8.
1561 1612 1683 1668 Kal.
1732 1614 1906 1684 April.
1956 1613 2062 1669 Sed
2098 1600 2139 1658 Β
2168 1611 2260 1682 qui
2292 1622 2375 1667 est
2403 1629 2577 1670 almus
2606 1614 2769 1669 U7“
2794 1615 3187 1673 incarnatic'tnis
3216 1617 3529 1673 secundum
3556 1616 3758 1671 Dionis-

476 1701 610 1758 hora
657 1703 950 1760 babtizauti
996 1701 1067 1749 ³-⁸*
1104 1718 1245 1773 aqua
1281 1705 1565 1759 nou‘venit
1602 1705 1655 1763 in
1702 1705 2021 1776 baptisterio
2044 1747 2059 1773 ,

478 1794 707 1865 ideoque
750 1794 1016 1857 babtisma
1059 1800 1396 1851 nonactum
1427 1806 1548 1850 erat
1598 1798 1713 1866 ipsa
1753 1808 1933 1854 nocte.
1969 1798 2063 1853 Illa

476 1894 658 1940 autem
698 1892 878 1950 nocte,
906 1900 1027 1956 qua:
1063 1883 1279 1944 lucebat
1299 1884 1368 1955 in
1398 1886 1487 1951 die
1525 1888 1799 1944 dominico
1826 1889 1912 1944 10.
1941 1889 2062 1945 Kal.

477 1973 627 2039 Maii,
658 1974 778 2031 {ous
810 1990 977 2043 sacer
1026 1991 1094 2030 ex
1146 1989 1268 2031 sese
1304 1976 1543 2046 repletus
1587 1989 1671 2033 est
1710 1980 1843 2035 hora
1886 1981 2064 2052 bapti-

475 2066 657 2123 zandi.
688 2065 800 2122 Hoc
822 2075 1005 2122 autem
1043 2076 1222 2130 actum
1246 2076 1330 2123 est
1359 2067 1412 2123 in
1440 2070 1547 2124 line
1574 2071 1698 2125 anni
1726 2071 1852 2126 noni
1884 2072 2065 2128 llono~

476 2157 914 2235 rii.Theodosius
945 2157 998 2213 in
1027 2173 1169 2213 anno
1191 2158 1311 2213 156.
1334 2157 1651 2215 Diocletiani
1677 2161 1962 2232 incipiens,
1981 2179 2065 2221 re-

477 2249 664 2322 gnavit
696 2248 856 2305 annis
886 2249 972 2311 17.
1009 2265 1180 2331 usque
1208 2252 1261 2305 in
1281 2266 1483 2317 annum
1517 2252 1643 2308 450.
1672 2254 2064 2314 incarnationis

478 2340 775 2397 secundum
816 2340 1167 2411 Dionissium.
1203 2342 1285 2399 Ita
1329 2342 1383 2398 in
1428 2343 1582 2400 libris
1622 2344 1841 2416 legitur,
1873 2347 2067 2403 testiﬁ-

478 2439 639 2503 cante
668 2438 855 2486 sancto
884 2430 1171 2502 Prospero,
1215 2433 1308 2504 qui
1363 2434 1414 2488 in
1452 2434 1569 2505 ipso
1613 2437 1778 2491 ctiam
1819 2446 2063 2507 tempore

366 2574 371 2579 .
481 2533 691 2594 partem
733 2524 800 2579 ad
828 2525 1108 2593 cronicam
1149 2525 1368 2583 Eusebii
1398 2529 1588 2584 addit:
1632 2550 1649 2582 ι
1685 2529 1798 2584 lloc
1821 2546 1981 2598 anno,
2015 2532 2085 2588 id"

478 2622 566 2669 est
608 2614 700 2670 2i.
744 2629 889 2670 antro
935 2615 1228 2683 Theodosi,
1259 2618 1460 2687 pascha
1512 2619 1845 2682 celebratum
1883 2634 1967 2679 est
2008 2623 2062 2679 9.

477 2703 598 2761 Kal.
643 2706 792 2773 Maii,
825 2715 885 2762 ut
912 2709 1284 2779 supradictum
1328 2719 1412 2767 est
1442 2711 1567 2782 (col.
1620 2712 1758 2779 725,
1807 2731 1858 2768 α.
1912 2714 2065 2786 406).

479 2799 557 2855 De
585 2799 688 2855 hoc
713 2814 953 2871 quoque,
980 2800 1049 2867 id
1076 2809 1161 2856 est
1209 2801 1326 2872 ipso
1354 2818 1526 2869 anno,
1557 2804 1922 2861 Paschasinns
1948 2808 2062 2877 cpi-

478 2905 677 2961 scopus
726 2890 919 2963 scribit
963 2891 1032 2946 ad
1068 2907 1261 2962 papam
1290 2891 1559 2957 Leonem,
1590 2903 1649 2948 ut
1686 2911 1902 2966 supra.»
1934 2897 2053 2967 Ipse

480 2992 663 3053 autem
692 2991 775 3039 est
818 2998 995 3057 annus
1036 2986 1091 3039 8.
1139 2985 1632 3041 decennovennalis
1676 2988 1836 3056 cicli,
1863 2988 1955 3058 qui
1984 2997 2065 3044 est
2095 2967 2137 3026 C

479 3073 609 3128 Mi.
651 3075 1246 3147 annusiucarnationis
1270 3076 1422 3146 juxta
1454 3076 1820 3145 Dionissium,
1872 3081 1926 3137 in
1957 3096 2066 3150 quo

452 3152 670 3220 vii'nitus
694 3174 776 3220 est
801 3180 974 3241 anuus
1000 3164 1093 3218 21.
1127 3164 1440 3243 Theodosii.
1482 3166 1788 3229 Marcianus
1830 3170 1883 3224 in
1923 3186 2067 3226 anno

482 3254 610 3313 174.
642 3254 954 3311 Diocletiani
993 3255 1285 3326 incipiens,
1308 3259 1554 3329 regnavit
1594 3262 1752 3315 annis
1781 3262 1835 3325 7,
1862 3263 2065 3317 mensi-

483 3347 588 3425 bus
614 3345 669 3404 2.
692 3347 988 3401 secundum
1014 3346 1297 3417 historiam
1330 3348 1648 3416 Humanam,
1664 3350 1766 3407 hoc
1791 3361 1870 3407 est
1896 3358 2094 3422 usque

484 3435 609 3514 Kal.
637 3433 762 3491 Julii
787 3436 839 3491 in
878 3451 1022 3515 anno
1042 3436 1168 3491 457.
1198 3438 1589 3509 incarnationis
1618 3443 1918 3499 secundum
1945 3446 2067 3500 Dio-

486 3529 715 3584 nissium
749 3530 816 3602 (υ.
852 3546 908 3584 a.
948 3530 1096 3600 177).
1125 3529 1356 3603 Prosper
1386 3532 1459 3587 ita
1498 3534 1691 3589 iterum
1729 3554 1741 3589 :
1774 3555 1793 3588 t
1828 3538 1982 3593 Almo
2010 3538 2067 3595 5.

485 3614 745 3675 Marciani
768 3609 933 3699 capta
957 3630 1077 3675 erat
1113 3619 1282 3676 Roma
1304 3621 1364 3676 4ο
1390 3622 1477 3678 die
1506 3623 1628 3679 ldus
1657 3622 1804 3680 Julii.
1837 3626 2072 3684 Eodem.

485 3725 593 3780 que
624 3725 767 3766 anno
811 3711 1011 3787 pascha
1046 3711 1379 3768 celebratum
1417 3723 1501 3769 est
1539 3714 1598 3770 8°
1628 3716 1718 3787 die
1756 3716 1873 3773 Kal.
1922 3717 2071 3788 Maii,

483 3802 777 3858 ordinante
821 3803 1076 3875 episcopo
1106 3804 1477 3861 Alexandrino
1500 3806 1820 3880 Theophilo,
1860 3830 1879 3863 ι
1911 3821 1966 3868 et
1991 3829 2074 3869 reo

485 3889 655 3961 liqua.
692 3911 709 3944 ι
752 3892 905 3961 Quod
957 3893 1162 3964 pascha
1198 3904 1419 3951 sanctus
1466 3911 1603 3968 papa
1655 3900 1765 3954 Leo
1814 3901 1898 3956 15.
1952 3902 2073 3957 Kal.

486 3981 614 4037 Maii
640 3983 1020 4040 celebrandum
1043 3986 1226 4055 potius
1250 3996 1669 4057 protestaretur,
1706 4009 1725 4043 ι
1762 4000 1817 4047 et
1848 3992 2073 4063 reliqua.

489 4072 725 4129 Sanctus
745 4084 926 4129 autem
943 4075 1273 4146 Theophilus
1290 4078 1493 4146 pascha
1513 4079 1568 4133 8.
1583 4079 1701 4135 Kal.
1719 4081 1842 4137 Maii
1862 4084 1914 4138 iu
1931 4098 2074 4139 anno

487 4158 614 4217 165.
643 4164 1041 4220 incarnationis
1075 4166 1377 4222 secundum
1418 4169 1746 4226 Dionissium
1771 4182 1917 4228 recte
1945 4187 2078 4229 con-

488 4255 687 4322 stituit,
717 4272 839 4311 cmu
868 4271 969 4312 nec
996 4257 1048 4313 in
1071 4259 1228 4314 annis
1255 4258 1325 4314 50
1366 4270 1524 4317 antea
1553 4278 1728 4336 neque
1751 4266 1803 4321 in
1827 4266 1984 4322 annis
2007 4265 2074 4322 10

2167 1702 2328 1767 siem,
2362 1702 2662 1758 indictione
2691 1704 2824 1769 15s,
2853 1704 3135 1761 consulatu
3160 1705 3388 1761 Honorii
3418 1706 3684 1761 undecies
3706 1716 3756 1761 et

2165 1788 2467 1857 Constantii
2521 1790 2647 1861 bis,
2710 1802 2846 1849 teste
2902 1793 3261 1850 Paschassiuo
3318 1795 3592 1865 episcopo
3636 1811 3750 1851 cum

2165 1892 2356 1938 sancto
2393 1883 2575 1940 Leone
2599 1898 2758 1955 papa.
2782 1885 2999 1941 Annum
3041 1886 3239 1942 iterum
3277 1886 3618 1959 vigesimum
3649 1888 3754 1958 pri-

2166 1989 2314 2030 mum
2362 1972 2653 2041 Theodosi,
2697 1976 2790 2046 qui
2835 1986 2923 2032 est
2962 1993 3138 2035 annos
3164 1977 3330 2035 1111³³
3364 1974 3757 2038 incarnationis

2166 2066 2464 2121 secundum
2494 2066 2859 2134 Dionissium,
2894 2069 3190 2127 indictione
3214 2068 3347 2138 12a,
3382 2080 3536 2128 teste
3580 2073 3753 2129 eodem

2166 2159 2422 2231 episcOpo
2464 2160 2830 2218 Paschassino
2858 2170 2984 2218 cum
3024 2173 3215 2221 sancto
3238 2180 3380 2235 papa
3419 2164 3631 2222 Leone.
3658 2167 3757 2220 An-

2168 2269 2298 2309 num
2350 2268 2571 2324 quoque
2618 2255 2869 2324 quintum
2913 2255 3172 2312 Marciani
3202 2258 3508 2314 indictione
3556 2259 3644 2323 8³.
3673 2258 3753 2328 qni

2165 2351 2251 2396 est
2301 2358 2476 2399 anulus
2523 2341 2688 2398 455ιι·
2737 2345 3133 2402 incarnationis
3182 2344 3493 2403 secundum
3553 2348 3752 2403 Dionis-

2166 2432 2338 2501 sium,
2376 2443 2514 2495 teste
2555 2436 2725 2491 etiam
2775 2444 2968 2492 sancto
3006 2436 3188 2493 Leone
3226 2452 3413 2509 papa,
3470 2447 3537 2494 ut
3585 2453 3751 2509 supra.

2165 2523 2359 2580 Aunus
2403 2524 2586 2597 itaque
2633 2534 2863 2597 quartus
2910 2526 3393 2584 Cotrstantinorum
3440 2538 3607 2583 sexta
3648 2535 3755 2582 erat

2167 2614 2486 2680 indictione,
2511 2617 2783 2675 scribente
2803 2618 3150 2675 sanctissimo
3171 2606 3314 2673 iulio
3341 2633 3511 2688 papa.
3537 2618 3601 2674 1n
3625 2631 3756 2673 anno

2168 2722 2311 2762 nono
2331 2705 2552 2763 Honorii
2595 2709 2802 2779 pascha
2838 2716 2960 2764 erat
3006 2707 3090 2763 10.
3136 2707 3257 2762 Kal.
3288 2706 3441 2775 Maii,
3467 2717 3615 2765 teste
3656 2710 3758 2779 cpio

2168 2813 2334 2865 scopo
2359 2798 2751 2855 Paschassino'
2778 2815 2901 2856 cum
2934 2809 3129 2857 sancto
3158 2798 3347 2857 Leone
3364 2801 3606 2872 papaJn
3627 2815 3757 2856 anno

2167 2889 2560 2947 21.The0dosii
2608 2892 2812 2962 pascha
2860 2899 2984 2947 erat
3025 2891 3079 2947 9.
3115 2891 3237 2947 Kal.
3266 2891 3430 2958 Maii,
3474 2900 3623 2948 teste
3672 2893 3759 2948 Pa-

2169 2982 2451 3050 schassiuo
2478 2983 2732 3054 episcopo
2758 2998 2881 3038 cum
2923 2993 3113 3040 sancto
3134 2983 3315 3040 Leone
3343 2998 3510 3055 papa.
3534 2984 3595 3040 In
3624 2998 3757 3039 anno

2170 3074 2361 3141 quinto
2393 3071 2656 3131 Marciani
2709 3073 2911 3141 pascha
2936 3084 3056 3129 erat
3085 3073 3139 3129 8.
3188 3073 3309 3128 Kal.
3338 3073 3504 3128 Mart.
3541 3075 3591 3130 Δ
3621 3074 3759 3128 nullo

2171 3175 2302 3213 vero
2331 3175 2467 3229 papa
2496 3159 2581 3215 vel
2611 3160 2867 3230 episcopo
2915 3161 3151 3216 mittitur
3181 3162 3415 3233 epistola
3445 3162 3535 3218 vel
3581 3164 3760 3218 decre-

2176 3251 2302 3321 talis
2332 3250 2561 3321 epistola
2599 3251 2880 3319 scribitur,
2903 3252 3007 3308 nisi
3032 3252 3148 3323 ipse
3197 3254 3336 3308 sciat
3364 3253 3438 3285 ³⁸⁸
3468 3254 3601 3325 quid
3621 3253 3675 3308 in
3703 3266 3759 3307 ea

2173 3343 2367 3398 scribit
2395 3342 2478 3397 vel
2508 3343 2694 3399 mittit.
3092 3392 3095 3393 ν

2186 3455 2190 3459 ’
2392 3434 2444 3488 7.
2475 3431 2732 3507 [nxxxm]
2757 3434 3010 3505 Aqupitus
3033 3451 3169 3506 papa
3189 3434 3280 3490 56.
3302 3445 3427 3505 post
3448 3433 3693 3490 Petram.

2244 3521 2342 3595 (Η.
2370 3522 2463 3596 Β.)
2494 3523 2705 3580 Interea
2724 3523 3070 3581 Athalaricus
3107 3539 3203 3579 rex
3233 3524 3592 3581 Gothorums
3612 3524 3760 3579 annis

2173 3614 2466 3686 imperans,
2481 3616 2636 3672 obiit.
2654 3615 2819 3686 Cujus
2846 3626 3022 3673 mater
3041 3616 3393 3673 Amalsuinda
3422 3616 3759 3672 Theodatum

2174 3708 2402 3772 sociavit
2433 3707 2537 3764 sibi
2568 3709 2622 3763 iu
2665 3724 2908 3781 regnum,
2941 3723 3104 3778 quam
3145 3708 3466 3764 Theodatus
3508 3717 3629 3780 post
3653 3710 3763 3761 dies

2175 3803 2385 3871 aliquos
2397 3800 2731 3871 strangulari
2760 3802 2815 3855 in
2837 3799 3055 3856 ballueo
3076 3801 3325 3871 precipit.
3344 3800 3488 3869 Quia
3504 3814 3635 3855 vero
3650 3802 3760 3870 ipsa

2176 3898 2367 3953 vivens
2388 3912 2447 3953 se
2470 3913 2736 3968 suumque
2760 3896 2929 3952 lilium
2944 3894 3251 3951 Iustiniano
3276 3895 3602 3966 imperatori
3626 3910 3761 3949 cotu-

2175 3990 2478 4056 mendavit,
2504 3990 2624 4045 ideo
2645 3988 2983 4045 Justinianus
3005 3988 3305 4057 imperator
3328 3988 3400 4041 ad
3430 3985 3758 4043 Theodamm

2177 4081 2349 4137 iratus
2397 4092 2537 4136 erat.
2587 4081 2897 4139 Theodatus
2951 4091 3158 4145 autem,
3206 4089 3269 4134 ut
3320 4080 3629 4151 imperator
3668 4079 3760 4133 lto:

2174 4173 2224 4229 ei
2255 4173 2738 4239 dimitteret,misit
2768 4173 2837 4229 ad
2867 4188 2993 4229 eum
3014 4171 3551 4242 Coristautinopolim
3583 4187 3759 4243 papam

2175 4263 2487 4335 Agapitum.
2543 4262 2809 4334 Agapitus
2866 4278 2998 4318 vero
3050 4262 3441 4331 imperatorem
3494 4263 3551 4316 in
3601 4260 3757 4315 hcn‘si

490 4353 678 4416 postea
704 4345 1036 4401 celebratum
1068 4355 1150 4404 est
1179 4349 1379 4420 pascha
1408 4351 1498 4407 15.
1531 4351 1648 4410 Kal.
1700 4353 1847 4410 Maii.
1883 4355 2074 4412 Novis-
2102 4353 2153 4413 D
2179 4354 2479 4410 Eutichetis
2522 4363 2867 4409 corrueutem
2912 4354 3183 4409 convertit
3233 4354 3301 4408 ad
3355 4353 3548 4407 ﬁdem.
3586 4353 3763 4407 Ambi-

491 4436 664 4490 simus
690 4436 877 4508 itaque
902 4436 1024 4493 cicli
1057 4438 1551 4499 deccnnovennalis
1577 4457 1660 4501 est
1698 4462 1873 4501 annus
1903 4463 2077 4504 nonus
2179 4461 2326 4501 mum
2353 4460 2566 4516 quoque
2587 4444 3251 4516 Constantinopolitanum
3274 4444 3629 4514 episcopum,
3658 4458 3761 4514 pre-

495 4528 787 4583 llonorii...
831 4525 899 4566 ³⁸³
950 4539 1005 4585 et
1067 4532 1288 4602 quintus
1336 4532 1620 4592 Marciani.
1672 4536 1783 4594 Leo
1831 4539 1886 4595 in
1931 4555 2077 4597 anno
2179 4534 2303 4592 faue
2334 4535 2542 4592 heresis
2593 4535 2963 4602 defensorem,
2992 4535 3129 4591 duas
3175 4544 3406 4590 naturas
3455 4536 3516 4591 in
3559 4536 3765 4592 Christo

495 4618 618 4678 180.
660 4620 977 4678 Diocletiani
1007 4623 1296 4696 incipiens,
1321 4630 1567 4700 regnavit
1592 4632 1751 4687 annis
1785 4632 1873 4699 17,
1901 4650 2073 4706 usque
2180 4634 2488 4697 "883111801.
2515 4625 2820 4689 inexilium
2848 4626 3052 4697 coegit,
3073 4633 3127 4681 Cl
3149 4624 3403 4680 Hennam
3429 4624 3487 4680 in
3514 4625 3637 4682 loco
3661 4624 3763 4691 ἔξω

493 4710 615 4768 Kal.
667 4709 794 4769 Julii
848 4712 900 4769 in
953 4731 1097 4772 anno
1149 4716 1276 4772 471.
1332 4718 1727 4780 incarnationis
1771 4726 2074 4782 secundum

498 4801 843 4858 Dionissium.
886 4802 995 4860 Leo
1042 4805 1226 4877 junior
1272 4812 1520 4882 regnavit
1562 4815 1841 4872 mensibus
1885 4815 1941 4881 6,
1976 4818 2080 4872 hoc

495 4900 583 4946 est
625 4908 794 4964 usque
821 4892 1122 4966 Kal.1an.,
1154 4899 1209 4955 in
1243 4904 1431 4958 eodem
1477 4921 1619 4960 anno
1660 4908 1841 4962 obitus
1881 4907 2080 4963 Leonis

498 4985 749 5042 senioris.
792 4980 914 5044 1'80.
940 4980 1098 5047 Zeno
1129 4992 1182 5046 in
1231 5009 1374 5049 anno
1406 4994 1529 5051 198.
1571 4996 1907 5054 Diocletiani
1935 4998 2075 5054 inci-

500 5076 672 5147 piens,
706 5080 954 5151 reguavit
986 5081 1146 5138 anuis
1182 5084 1280 5149 17.
1313 5072 1506 5157 usque
1533 5088 1624 5159 _ad
1665 5103 1864 5157 annum
1898 5085 2074 5159 [492.]

2184 4720 2496 4791 episcopum
2525 4720 2869 4776 consecravit
2897 4718 2991 4791 (cf.
3023 4718 3062 4771 ι.
3085 4716 3281 4788 penu).

2257 4808 2380 4865 556.
2404 4808 2457 4865 8.
2499 4806 2743 4881 [nxxxrr]
2765 4809 3041 4879 Agapetus
3071 4822 3213 4887 vero,
3238 4820 3376 4876 papa
3405 4806 3480 4861 ibi
3512 4806 3761 4862 Constan-

2188 4901 2411 4973 tinopoli
2449 4903 2585 4956 obiit
2619 4904 2703 4958 10.
2734 4902 2855 4957 Kal.
2891 4900 3039 4966 Maii,
3083 4899 3279 4971 [Rome
3305 4897 3377 4930 “’
3408 4899 3659 4971 sepultus
3688 4898 3757 4953 12.

2188 4992 2307 5046 Kal.
2338 4991 2635 5064 Octobris].

2257 5082 2507 5139 Silverius
2527 5101 2662 5155 papa
2686 5083 2775 5139 57.
2789 5096 2900 5155 post
2929 5082 3147 5141 Petrum
3180 5098 3323 5138 anno
3346 5082 3399 5149 1,
3421 5082 3687 5139 mensibus
3708 5078 3757 5134 2.

1792 5301 1952 5330 ιηιη
1972 5302 2023 5330 ιι·
2062 5301 2084 5330 π
2105 5299 2439 5330 πρσνιηκιηα
2482 5284 2499 5300 '
