3934 5330
506 316 618 393 m'

1778 348 1780 351 '
1815 338 2100 396 IIARIANI
2139 340 2382 400 SCOTTI

3661 357 3757 412 718

512 470 532 503 t
567 453 750 536 σξιο.)
799 450 868 508 Et
895 450 971 507 ait
999 460 1129 507 ter‘:
1165 467 1183 503 t
1216 449 1368 506 Finis
1393 450 1829 509 venituniversa:
1850 455 2027 536 carni.
2065 475 2082 509 ν
2123 464 2165 521 Α
2194 457 2359 522 clero,
2394 456 2494 514 sub
2533 458 2895 522 anathemate.
2931 472 2985 516 ut
3034 463 3213 520 nullus
3263 466 3523 536 pontiﬁce
3565 470 3767 526 virens

504 543 629 599 Mox
671 529 1015 615 Langobardi
1059 543 1216 599 istam
1265 551 1464 598 terram
1513 543 1782 600 intrantes
1826 529 2088 602 tinem‘ei

505 635 775 692 fecerunt.
812 635 862 707 ι]

575 731 702 786 626.
744 730 830 785 16.
862 727 1148 802 [nxcxvrtt]
1189 729 1596 802 (Beua.)ldem,
1643 730 1824 785 missis
1870 731 2089 786 Britan-

503 823 652 878 niam
678 823 997 890 Augustino,
1023 821 1224 876 Mellito
1244 830 1298 876 et
1319 820 1567 876 Jobaune
1588 821 1820 893 aliisque
1847 823 2090 893 pluribus

501 929 626 969 cum
665 913 747 969 eis
786 913 1068 968 monachis
1118 913 1436 968 timentibus
1482 914 1676 980 Deum,
1707 915 1775 968 ad
1811 913 2088 969 Christum

500 1002 702 1072 Anglos
722 1003 1010 1058 convertit.
1038 1003 1427 1074 [Columbanus
1447 1002 1626 1075 obiit.]

574 1093 702 1148 621.
744 1093 831 1148 17.
863 1085 1108 1166 [liscmt]
1149 1093 1365 1164 (Βεω.)
1392 1094 1460 1148 Et
1489 1096 1706 1172 quidem
1749 1093 2090 1150 Edilberctus

503 1200 627 1239 eum
657 1186 992 1241 crededisset
1019 1177 1141 1240 c'um
1183 1201 1279 1241 sua
1329 1197 1490 1257 gente
1536 1187 1955 1241 Cantuariorum
2002 1189 2088 1242 cui

502 1271 720 1346 preerat
767 1279 1137 1348 proximisque
1188 1280 1522 1349 provinciis,
1567 1281 1732 1336 etiam
1774 1281 2087 1352 episcopum

504 1370 889 1440 «laetorumque
916 1385 1073 1424 suum
1098 1370 1460 1439 Augustinum
1497 1381 1551 1425 et
1578 1382 1792 1427 ceteros
1814 1373 2088 1428 antistites

503 1460 794 1531 episcopali
825 1461 954 1516 sede
1002 1460 1256 1515 donabat.
1287 1461 1456 1516 Porro
1479 1473 1665 1532 gentes
1695 1463 1988 1533 Anglorum
2020 1465 2089 1518 ab

503 1553 768 1622 Aquilone
799 1551 1022 1607 Humbri
1054 1552 1292 1608 [luminis
1314 1557 1412 1607 sub
1447 1555 1663 1624 regibus
1694 1555 1835 1611 Aﬁlle
1869 1565 1922 1610 et
1945 1556 2089 1610 Edil-

503 1641 642 1699 frido
667 1645 785 1698 sita:
822 1645 1048 1699 necdum
1081 1645 1306 1698 verbum
1328 1647 1452 1700 vitte
1481 1647 1785 1702 audierant.

569 1735 694 1791 622.
756 1735 843 1788 18.
906 1733 1017 1806 [nc]
1078 1735 1290 1806 (Βεολ.)
1333 1735 1628 1806 Gregorius
1684 1737 1756 1768 ³⁸⁵
1799 1738 1890 1792 18ο
1939 1755 2084 1794 atno

2193 556 2288 600 aut
2313 548 2569 619 episcopo
2595 550 2832 605 civitatis
2853 567 2965 607 sua:
2987 564 3263 622 presumat
3293 555 3441 624 loqui
3475 567 3566 611 aut
3602 572 3768 627 partes

2190 635 2293 692 sibi
2318 635 2518 703 facere,
2545 639 2648 693 nis:
2675 641 2836 695 tertio
2865 642 2952 697 die
2988 643 3344 712 depositionis
3370 645 3522 716 ejus;
3545 651 3768 702 adunatn

2190 725 2338 781 clero
2365 737 2418 782 et
2449 728 2668 784 famulis
2697 734 2975 797 mcclesiaa,
3011 743 3137 790 tunc
3164 734 3361 791 electio
3386 737 3534 809 ﬁat.)
3561 739 3764 793 Βοζιίίι·

2192 819 2298 874 tius
2324 835 2458 891 papa
2488 823 2625 877 obiit
2653 823 2688 876 5
2719 824 2841 880 ldus
2874 826 3208 882 Decembris.

2261 910 2383 964 651.
2427 911 2479 965 6.
2513 911 2684 985 [octx]
2737 914 3038 984 Bonifatius
3085 916 3176 972 66.
3236 917 3308 949 ⁸⁸⁸
3350 935 3493 989 papa
3539 921 3690 972 annis
3720 920 3763 982 G,

2190 1004 2454 1056 mensibus
2484 1004 2538 1058 9.

2262 1093 2386 1147 652.
2429 1095 2480 1148 7.
2517 1095 2664 1168 [οῦκ]
2697 1096 2781 1165 (P.
2815 1097 2876 1151 D.
2909 1113 2984 1164 tr,
3014 1098 3130 1170 37.)
3185 1100 3290 1154 Iste
3323 1102 3568 1156 ol:tinuit
3594 1101 3771 1158 aFoca

2192 1191 2250 1235 ut
2302 1183 2356 1236 in
2389 1185 2558 1238 veteri
2593 1184 2720 1240 fano
2754 1188 2896 1255 quod
2949 1188 3252 1245 Pantheum
3309 1195 3643 1258 vocabatur,
3671 1206 3719 1248 et
3741 1210 3770 1247 a

2193 1270 2502 1327 Domitiano
2529 1273 2858 1344 imperatore
2892 1288 3290 1343 constructum,
3322 1281 3625 1335 ecclesiam
3669 1299 3769 1334 om-

2189 1364 2336 1419 niutn
2387 1377 2700 1422 sant-torum
2751 1373 3082 1436 consecrari,
3116 1374 3210 1428 uhi
3254 1375 3507 1429 omnium
3561 1377 3769 1431 deorum

2187 1457 2368 1511 cultus
2391 1458 2674 1527 agebatur.

2258 1547 2384 1603 655.
2424 1549 2478 1604 8.
2511 1549 2684 1621 [best]
2715 1550 2909 1622 (Ibid.)
2935 1552 3114 1607 Persae
3137 1562 3326 1608 contra
3361 1570 3482 1610 rem
3513 1556 3768 1624 publicam

2187 1640 2509 1711 gravissima
2579 1642 2720 1695 bella
2790 1655 3085 1712 gert-mes,
3148 1645 3344 1698 multas
3407 1645 3772 1699 Romanorum

2187 1732 2533 1800 provincias.
2578 1741 2634 1788 et
2684 1734 2856 1803 ipsam
2904 1733 3324 1790 Hierosolimzzm
3383 1738 3682 1799 auferunt,
3725 1748 3775 1790 ct

503 1824 771 1888 Mauricii,
804 1825 858 1878 in
882 1827 1096 1879 hctione
1130 1825 1186 1889 4,
1228 1825 1476 1880 scribens
1526 1826 1849 1894 Augustino,
1888 1843 1954 1882 eo
1978 1832 2080 1882 ‘cm

2196 1819 2529 1874 destruentes
2575 1820 2856 1886 ecclesias,
2891 1833 3081 1878 sancta
3121 1838 3340 1893 quoque
3391 1823 3772 1902 protanautes,

505 1918 664 1970 modo
689 1916 914 1970 London
940 1932 986 1970 ac
1011 1932 1225 1986 quoque
1253 1927 1308 1971 et
1352 1917 1580 1973 Eboraci
1613 1919 1902 1988 episcopis.
1927 1935 2081 1976 acce-

502 2018 596 2077 pto
641 2023 670 2061 a
711 2008 840 2062 sede
879 2007 1174 2076 apostolica
1220 2007 1384 2077 pallio
1449 2009 1896 2076 metropolitanos
1961 2025 2082 2065 esse

500 2101 702 2154 debere
765 2098 1026 2153 decernit.
1072 2097 1128 2152 In
1173 2099 1285 2152 vita
1323 2097 1570 2170 Gregorii
1619 2099 1698 2153 sic
1747 2101 1864 2167 (vn,
1913 2100 2003 2169 65)
2064 2119 2076 2154 :

505 2208 524 2244 ι
551 2191 838 2260 Apostolos
858 2191 925 2246 ad
951 2191 1172 2246 missam
1195 2193 1521 2246 cantandum
1544 2191 1832 2248 nibilaliud
1855 2193 2083 2264 legimus

502 2283 600 2337 nisi
628 2291 836 2336 tantum
857 2282 1162 2337 orationem
1189 2281 1546 2336 Dominieatn.
1587 2303 1606 2336 ι

572 2372 697 2428 625.
733 2373 822 2428 21.
857 2371 1038 2445 [DCIII]
1070 2372 1153 2442 (P.
1175 2371 1766 2443 D.tv,27.)Mauricius
1791 2375 2085 2446 imperator

501 2482 624 2520 rum
654 2465 778 2520 ﬁliis
803 2465 941 2530 suis,
970 2463 1294 2528 Theo'osio,
1323 2465 1539 2520 Tiberio
1566 2475 1620 2521 et
1643 2465 2022 2529 Constantino,
2051 2481 2080 2520 a

501 2554 666 2619 Foca,
695 2555 785 2624 qui
831 2553 931 2608 fuit
969 2563 1173 2609 strator
1201 2554 1371 2608 Prisci
1425 2555 1660 2624 patricii,
1695 2554 1987 2611 occiditur.
2021 2555 2080 2609 Si

498 2656 711 2701 sanctus
725 2656 874 2716 pater
888 2647 1047 2699 abbas
1067 2643 1402 2711 Benedictus,
1419 2646 1552 2699 sicut
1565 2647 1648 2700 sui
1662 2646 1894 2699 scribunt
1910 2645 2078 2715 (144),

503 2737 568 2792 12
595 2737 716 2792 Kal.
746 2736 942 2806 Aprilis
981 2735 1197 2790 sabbato
1237 2746 1418 2790 sancto
1461 2737 1672 2806 pascha:
1699 2737 1844 2801 obiit,
1889 2739 1944 2790 in
1985 2738 2082 2790 hoc

499 2847 637 2885 anno
664 2831 865 2884 videtur
892 2829 1078 2882 obisse.
1107 2827 1227 2882 Nisi
1255 2829 1391 2882 enim
1422 2828 1474 2881 in
1498 2843 1636 2880 anno
1659 2828 1727 2882 96
1755 2838 1876 2881 ante
1922 2828 2082 2881 istum

499 2937 716 2986 annum,
764 2919 935 2974 obitus
989 2919 1104 2990 ejus
1153 2919 1228 2974 ita
1282 2937 1385 2974 non
1429 2919 1678 2983 litabatur;
1708 2921 1797 2988 qui
1841 2930 1988 2984 tunc,
2037 2918 2081 2970 si

500 3023 677 3073 natus,
705 3010 852 3063 valde
881 3025 1072 3079 paruus
1111 3009 1255 3078 fuit;
1304 3009 1358 3062 in
1387 3009 1484 3062 hoc
1522 3019 1698 3062 autent
1741 3025 1881 3062 anno
1907 3008 2081 3062 atatis

496 3117 608 3155 sua:
629 3099 746 3169 plus
768 3101 1001 3152 minusve
1017 3100 1086 3154 90
1106 3100 1274 3152 obisse
1294 3110 1486 3168 posset.

513 3205 518 3210 '
573 3189 925 3244 Romanorum
975 3189 1043 3244 65
1090 3187 1262 3244 Focas
1321 3189 1550 3260 regnavit
1599 3190 1752 3243 annis
1806 3190 1860 3255 8,
1918 3203 2081 3260 usque

496 3279 625 3335 Kal.
652 3278 808 3342 Maii,
837 3281 1045 3333 inanno
1071 3280 1176 3334 600
1201 3291 1312 3348 post
1337 3279 1631 3348 passionem
1674 3278 1904 3332 Domini.

564 3371 688 3428 6'26.
736 3375 779 3426 l.
807 3371 975 3445 [new]
1011 3373 1192 3442 Imago
1219 3371 1376 3427 Fcere
1427 3371 1456 3423 7
1507 3365 1731 3426 Kalend.
1766 3371 1913 3438 Maii,
1940 3371 2082 3426 indi-

494 3466 680 3521 ctione
720 3464 771 3528 7,
816 3464 1040 3520 Romam
1089 3463 1264 3518 delata
1310 3473 1415 3526 est,
1457 3463 1597 3518 sicut
1647 3463 1702 3516 in
1747 3463 1854 3517 vita
1904 3463 2078 3517 sancti

493 3556 742 3626 Gregorii
797 3554 994 3624 legitur
1040 3556 1136 3625 (tv,
1172 3554 1294 3625 20);
1343 3563 1400 3610 et
1444 3561 1728 3623 postquam
1772 3551 1976 3606 adero
2026 3561 2081 3606 et

494 3657 684 3706 senatu
725 3649 1087 3705 acclamatum
1130 3655 1213 3701 est
1261 3646 1342 3700 eis
1392 3646 1444 3699 in
1495 3645 1722 3699 basilica
1765 3642 1871 3697 Juli
1899 3683 1916 3709 ,
1959 3643 2077 3712 iusu

492 3742 666 3797 sancti
693 3739 939 3810 Gregorii
973 3738 1026 3792 in
1051 3737 1272 3793 basilica
1300 3737 1473 3790 sancti
1495 3734 1704 3790 Cesarii
1725 3734 2076 3791 Lateranensi

493 3834 701 3905 palatio
729 3832 1030 3888 constituto
1057 3831 1296 3898 ponitur.

559 3925 688 3979 627.
727 3924 782 3978 2.
809 3921 957 3996 [ncv]
977 3920 1070 3989 (cf.
1103 3921 1141 3972 l.
1170 3923 1342 3990 poni.)
1370 3921 1604 3976 Sanctus
1627 3919 1923 3997 Gregorius
1938 3935 2077 3990 papa

490 4015 627 4070 obiit
649 4014 683 4068 4
712 4014 834 4068 ldus
869 4012 1066 4073 Martii.
1103 4011 1192 4065 ind
1217 4011 1398 4067 ctione
1425 4015 1478 4067 8.

562 4107 686 4161 628.
728 4106 782 4160 5.
818 4103 988 4177 [neri]
1014 4103 1336 4160 Sabinianus
1389 4103 1457 4158 64
1501 4120 1638 4174 papa
1677 4120 1816 4158 anno
1853 4103 1901 4170 1,
1934 4121 2078 4159 mcu-

490 4199 635 4255 sibus
663 4200 748 4253 16.

655 4289 811 4362 [ϐοά.
843 4291 899 4344 in
928 4305 1122 4360 marg.,
1155 4288 1338 4344 Ciclus
1367 4288 1596 4342 decenn.
1633 4288 1667 4341 4
1695 4287 1917 4358 explicit

1064 4379 1360 4434 indictione
1401 4377 1513 4450 11.]

2109 3152 2156 3216 C

2184 1910 2656 1966 interoruamenta
2689 1923 3004 1968 sanctorum
3030 1913 3112 1968 vel
3134 1915 3515 1968 communium
3542 1915 3770 1969 locorum

2183 2003 2348 2058 etiam
2367 2003 2619 2057 vexillum
2639 2004 2933 2059 Domiuieze
2955 2006 3134 2059 crucis
3149 2005 3451 2060 abducunt.
3473 2003 3768 2063 lleraclius.

2182 2097 2273 2167 qui
2305 2096 2544 2153 Africam
2577 2097 2818 2167 regebat,
2845 2097 3044 2154 Focum
3075 2099 3186 2152 vita
3218 2099 3481 2168 privavit.

2256 2187 2615 2240 Romanorum
2655 2188 2721 2241 64
2752 2186 3033 2242 Herae-lius
3080 2191 3312 2257 regnarit
3355 2189 3520 2241 annis
3564 2188 3656 2251 27,
3683 2189 3776 2240 hoc

2181 2289 2255 2334 est
2308 2295 2468 2350 usque
2525 2277 2652 2334 Kal.
2702 2279 2814 2333 Mai
2869 2280 2924 2333 in
2979 2297 3118 2336 anno
3171 2279 3272 2334 627
3319 2290 3439 2348 post
3486 2281 3774 2349 passiam

2181 2369 2418 2425 Domini.

2253 2462 2376 2516 651.
2416 2461 2468 2516 1.
2506 2460 2698 2534 [ιτωειι]
2735 2461 2928 2532 (ΒεοΑ)
2980 2460 3302 2518 Anastasius
3342 2461 3414 2494 ⁸⁸⁷
3450 2462 3626 2518 Persa
3662 2478 3768 2517 mo-

2185 2553 2412 2618 nachus,
2463 2563 2648 2622 postea
2698 2553 2952 2607 nobiliter
2992 2569 3090 2623 pro
3139 2553 3358 2609 Christo
3408 2569 3632 2624 passus.
3682 2555 3770 2620 Qui

2184 2653 2344 2698 natus
2381 2644 2434 2698 in
2461 2644 2704 2709 Perside,
2739 2646 2978 2715 magicas
3005 2661 3036 2699 a
3077 2653 3230 2714 patre
3268 2655 3414 2698 artes
3445 2661 3588 2716 puer
3613 2649 3774 2701 disce-

2183 2735 2294 2790 bat.
2350 2734 2459 2790 Sed
2504 2735 2595 2790 tibi
2640 2753 2669 2789 a
2718 2737 2948 2805 captivis
2987 2735 3299 2790 Christianis
3332 2749 3538 2790 nomen
3581 2735 3775 2790 Christi

2183 2827 2472 2882 salvatoris
2539 2837 2876 2895 acceperat,
2931 2825 2985 2880 in
3050 2841 3172 2880 eum
3226 2841 3352 2880 mox
3438 2836 3555 2881 toto
3604 2826 3774 2880 animo

2183 2932 2500 2973 conversus.
2532 2915 2856 2988 [Bonifatius
2883 2931 3018 2987 papa
3056 2917 3189 2971 obiit
3212 2915 3246 2970 8
3275 2914 3395 2970 Kal.
3437 2915 3638 2989 Junii.]
3665 2917 3773 2988 (lib.

2181 3011 2353 3080 pout.)

2254 3100 2378 3154 657.
2416 3099 2472 3153 1.
2511 3097 2694 3170 [ncxv]
2751 3098 3061 3164 Deusdedit,
3090 3098 3182 3168 qui
3224 3108 3271 3152 et
3326 3097 3637 3155 Theodotus
3661 3141 3675 3166 ,
3715 3099 3772 3153 67

2182 3208 2320 3261 papa
2348 3191 2504 3244 annis
2533 3190 2590 3244 4.

2253 3281 2377 3336 658.
2417 3281 2473 3336 5.
2514 3280 2719 3352 [ncxvn]
2759 3278 2948 3348 (Βιςω)
2988 3277 3309 3334 Anastasius
3361 3279 3437 3311 ⁸⁸⁸
3490 3296 3663 3344 vero,
3701 3295 3778 3336 reo

2182 3373 2309 3428 licta
2341 3372 2585 3434 Perside.
2610 3371 2990 3428 Caicedoniam
3023 3371 3775 3442 Ilierapolimque,Christum

2181 3480 2438 3534 querens,
2468 3480 2532 3518 ac
2561 3464 2754 3518 deinde
2782 3463 3197 3518 "ierosolimam
3217 3464 3388 3532 petit;
3420 3465 3515 3518 tibi
3549 3466 3778 3534 baptiza-

2183 3566 2268 3610 tus
2298 3557 2332 3609 4
2367 3557 2433 3612 ab
2460 3557 2645 3610 eadem
2676 3556 2808 3609 urbe
2836 3555 3098 3621 miliario,
3130 3557 3533 3610 monasterium
3564 3558 3778 3611 abbatis

2180 3649 2433 3703 Anastasi
2471 3647 2710 3707 intravit.
2759 3647 2812 3699 in
2844 3663 2951 3716 quo
2984 3647 3014 3700 7
3046 3647 3205 3700 annis
3248 3647 3580 3716 regulariter
3625 3650 3776 3702 visit.

2181 3739 2281 3807 Qui
2322 3756 2444 3794 eum
2493 3739 2767 3794 Cesariam
2817 3737 3116 3792 Palaestinae
3150 3739 3423 3792 orationis
3473 3741 3649 3809 gratia
3696 3755 3779 3792 ve-

2180 3832 2368 3895 nisset,
2401 3840 2590 3902 captus
2635 3846 2664 3883 a
2693 3829 2874 3883 Persis
2903 3840 2958 3883 ct
3007 3829 3171 3883 multa
3219 3830 3311 3883 diu
3361 3832 3595 3885 verme
3646 3832 3780 3884 inter

2180 3937 2432 3978 carceres
2476 3933 2530 3976 et
2559 3920 2770 3975 vincula
2819 3938 2849 3974 a
2897 3921 3222 3976 lilarzabana
3273 3921 3416 3976 duce
3466 3937 3777 3990 perpessis,

2181 4021 2396 4071 tandem
2449 4014 2681 4069 mittitur
2729 4012 3003 4068 Persidem
3049 4013 3115 4067 ad
3167 4028 3351 4080 regem
3403 4027 3597 4067 eorum
3641 4013 3780 4068 Clio-

2178 4123 2436 4173 sronem,
2503 4123 2534 4162 a
2605 4123 2711 4176 quo
2767 4109 2930 4161 tertio
2983 4122 3080 4177 per
3154 4101 3444 4160 intervalla
3523 4107 3778 4175 temporis

2180 4203 2494 4257 verberatus
2516 4241 2530 4265 ,
2560 4199 2628 4253 ad
2657 4208 2963 4254 extremum
3012 4214 3117 4253 una
3149 4213 3452 4266 suspensus
3481 4215 3646 4253 manu
3687 4214 3778 4267 per

2183 4303 2291 4351 tres
2321 4295 2486 4349 horas
2533 4292 2673 4353 diei,
2705 4293 2784 4346 sic
2824 4293 3041 4360 quidem
3091 4292 3436 4352 deeollatus.
3484 4307 3607 4346 cum
3661 4292 3778 4346 aliis

2181 4387 2248 4441 70
2292 4385 2610 4458 martyrium
2663 4385 2970 4454 complevit.
3023 4383 3144 4438 Mox
3197 4383 3381 4437 tunica
3411 4383 3534 4453 ejus
3562 4385 3779 4438 indutus

565 4471 686 4526 629.
730 4469 786 4524 1,.
813 4468 1001 4542 [nevit]
1033 4467 1093 4540 (l.
1121 4472 1289 4540 pont.)
1320 4467 1670 4541 [Sabinianus
1692 4483 1830 4538 papa
1861 4467 1995 4522 obiit
2041 4465 2074 4520 6

2196 4479 2396 4549 piidam
2439 4478 2790 4537 demoniaens
2827 4488 3050 4531 curatus
3093 4485 3196 4530 est.
3245 4476 3464 4531 Interea
3515 4492 3779 4544 superve-

494 4564 613 4619 Kal.
685 4563 912 4635 Martii]
956 4562 1129 4633 (lsm.)
1180 4561 1472 4634 [Preterini
1529 4570 1583 4618 et
1645 4561 1920 4618 Benedicti
1980 4577 2076 4632 per

493 4655 772 4712 Orientem
797 4656 880 4711 vel
917 4654 1165 4725 Egiptum
1199 4654 1358 4709 civile
1386 4653 1583 4708 bellum
1613 4653 1839 4719 faciunt,
1867 4668 1932 4707 ac
1957 4666 2078 4708 sese

492 4757 681 4805 mutua
713 4750 843 4804 cede
875 4746 1272 4820 prosternunt.]

562 4843 687 4900 656.
729 4843 783 4898 5.
819 4841 1031 4916 [Damt]
1081 4841 1178 4914 (cf.
1226 4841 1267 4896 l.
1325 4841 1496 4913 pout.)
1545 4839 1847 4910 Bonifatius
1893 4841 1962 4896 65
2006 4841 2076 4873 ³³⁵

489 4953 627 5008 papa
651 4936 912 4992 mensibus
966 4935 1050 4989 10.
1084 4935 1186 4990 Hic
1212 4934 1526 5004 impetravit
1553 4951 1581 4987 a
1607 4933 1749 4989 Foca
1771 4949 1990 4995 etesare,
2017 4943 2076 4988 ut

487 5029 650 5078 sedes
676 5026 972 5080 apostolica
1003 5024 1245 5080 Romana
1287 5033 1449 5082 caout
1479 5033 1625 5079 esset
1671 5025 1920 5084 aeclesiae.
1951 5040 2074 5080 cum

2180 4572 2334 4626 niens
2381 4587 2502 4625 eum
2535 4570 2775 4624 exercitu
2825 4568 3105 4622 lleraelius
3155 4569 3458 4636 princeps,
3510 4568 3780 4636 superatis

2179 4663 2382 4727 Persis,
2408 4664 2732 4718 christianos
2772 4663 2864 4730 qui
2907 4670 3066 4716 erant
3097 4661 3358 4730 captiVati
3392 4662 3610 4714 reduxit
3646 4677 3781 4732 gau-

2181 4757 2391 4812 dentes.
2449 4755 2715 4824 Rcliquite
2765 4755 2907 4808 beati
2985 4753 3227 4806 martiris
3273 4752 3559 4806 Anastasii
3601 4757 3780 4823 primo

2179 4855 2569 4904 monasterium
2601 4862 2781 4911 suum,
2810 4846 3005 4900 deinde
3041 4844 3268 4899 Romam
3318 4847 3588 4908 advecta»,
3613 4862 3782 4901 vene-

2181 4950 2370 4994 rantur
2417 4941 2470 4994 in
2524 4940 2854 4994 monasterio
2903 4939 3044 4993 beati
3094 4936 3248 4991 Pauli
3297 4938 3578 5008 apostoli,
3632 4939 3780 5010 quoi

2179 5032 2380 5086 dicitur
2405 5033 2470 5084 ad
2498 5033 2679 5086 Aonas
2710 5031 2942 5086 Salvias.
