3934 5330
129 292 246 360 7ι9
271 341 277 344 ν
1361 301 1724 362 (ἸΗΒΟΝΙΕΟΪ

1843 335 1878 344 -
1915 304 2040 359 LIB.
2081 301 2167 360 lll.
3286 305 3393 365 750

120 415 386 482 diﬁione
412 424 466 480 6.
501 422 628 480 Post
671 422 770 478 hec
815 427 995 478 secuta
1026 429 1110 477 est
1161 420 1342 476 clades
1393 422 1447 476 in
1499 421 1715 491 populo,
1748 429 1791 483 Α
1824 419 1865 474 Ε
1892 420 2087 488 quibus
2118 419 2302 472 Pirrus
2331 416 2414 472 bis
2450 417 2778 488 tcmpovibus
2815 416 2915 473 sub
2955 416 3234 475 Theodoro
3258 437 3397 494 papa

123 506 184 562 id
245 531 331 573 est
375 516 653 588 percussio
700 515 1040 580 scabiarum,
1092 515 1164 567 ita
1198 523 1257 567 ut
1303 512 1481 567 nullus
1512 522 1723 582 poterat
1825 510 2048 564 ltomam
2077 511 2299 565 veniens
2323 526 2384 565 ex
2416 510 2636 576 All'rica,
2681 513 2826 574 ticta,
2860 519 2916 564 ut
2961 519 3083 582 post
3129 525 3399 581 apparuit,

123 611 423 664 Il‘ortuum
449 622 605 662 suum
629 621 984 677 cognoscere;
1015 615 1072 660 et
1099 606 1231 660 obiit
1254 604 1286 658 6
1324 604 1398 658 ld.
1427 604 1558 658 Nov.
1584 618 1722 674 papa
1822 605 2116 673 penitentia
2141 605 2332 659 obtulit
2355 604 2529 658 eidem
2558 621 2726 675 papm,
2752 615 3000 673 presente
3028 616 3225 661 cuncto
3251 607 3404 660 clero

136 697 488 770 Deusdedit]

213 790 339 845 641.
409 791 465 847 8.
526 788 731 861 [ocxtx]
792 788 1094 861 Bonifatius
1143 787 1212 844 68
1260 805 1396 858 papa
1453 787 1584 841 sedit
1633 803 1726 839 ano

136 897 221 934 ms
245 897 302 934 ο.

211 971 338 1027 615.
381 973 466 1027 12.
510 971 758 1044 [ecum]
800 973 912 1044 (lib.
941 973 1111 1043 pont.)
1148 971 1473 1044 [Bonifatius
1511 969 1644 1024 obiit
1691 969 1725 1024 8

134 1063 262 1118 Kal.
294 1063 632 1120 Novembris.
666 1065 764 1120 llic
795 1066 1080 1121 constituit
1141 1075 1200 1120 ut
1245 1063 1421 1119 nullus
1454 1063 1729 1117 trachatur

135 1154 207 1209 de
236 1155 504 1227 adesim]

211 1243 337 1298 616.
380 1246 466 1298 15.
510 1245 747 1318 [ocxxw]
796 1245 1062 1300 Honorius
1096 1245 1164 1300 69
1220 1261 1355 1314 papa
1383 1247 1535 1296 annis
1566 1241 1650 1296 12.

132 1330 281 1407 [cost
312 1337 367 1389 in
399 1353 563 1405 marg.
595 1338 771 1392 Ciclus
797 1339 1021 1390 deccnn.
1067 1333 1101 1389 6
1163 1335 1348 1402 incipit
1390 1334 1572 1387 indict.
1614 1329 1726 1405 16.]

208 1425 337 1481 649.
380 1428 466 1481 16.
509 1426 769 1498 [ucxxvtt]
814 1427 1029 1498 (Βευλ.)
1072 1428 1225 1480 Anno
1272 1424 1340 1456 ³⁸⁸
1379 1423 1590 1478 Heracli
1637 1423 1722 1479 l6.

137 1516 437 1572 indictione
487 1520 574 1580 15,
624 1519 862 1572 Eduinus
910 1534 1002 1572 rex
1033 1517 1326 1587 Anglorum
1372 1516 1422 1569 in
1463 1511 1724 1568 Brittania

139 1609 640 1665 Traushumbraua:
680 1611 854 1680 gentis
905 1611 972 1664 ad
1021 1608 1359 1678 aquilonem,
1411 1607 1725 1676 predicante

137 1699 366 1754 Pantho
414 1703 688 1771 episcopo,
733 1716 891 1770 quem
936 1702 1080 1754 misit
1119 1701 1184 1753 de
1225 1698 1412 1753 Cantia
1451 1697 1724 1766 archiepi-

1821 703 1876 747 et
1907 695 2120 764 populo,
2172 695 2408 750 libellum
2437 712 2560 750 cum
2604 713 2702 751 sua
2729 696 3124 766 subscriptione
3149 737 3165 761 ,
3213 698 3264 752 in
3295 714 3403 768 quo

1824 787 2312 842 condemnarentur
2341 789 2520 842 omnia
2552 804 2670 858 qua:
2697 804 2727 841 a
2764 804 2822 843 se
2850 788 2933 842 vel
2965 803 2994 840 a
3022 789 3401 844 decessoribus

1826 879 1940 933 suis
1967 881 2166 949 scripta
2200 879 2280 934 vel
2332 889 2452 934 acta
2496 890 2622 934 sunt
2652 890 2838 936 contra
2868 879 3190 936 catholicam
3222 880 3401 934 (idem.

1830 968 1978 1024 Unde
2017 979 2072 1023 et
2107 971 2336 1042 benigne
2383 981 2665 1041 susceptus
2710 979 2794 1026 est
2846 973 2914 1025 ab
2959 985 3027 1026 eo
3059 972 3211 1041 quasi
3243 973 3405 1042 regia:

1826 1062 2064 1132 pontifex
2093 1065 2346 1118 civitatis.
2378 1063 2483 1118 Sed
2513 1065 2637 1134 quia
2664 1079 2914 1119 reversus
2943 1065 3160 1118 domum
3191 1062 3403 1133 repetiit

1827 1169 2067 1210 errorem
2098 1155 2476 1219 domesticam,
2524 1163 2856 1210 memoratus
2882 1167 3019 1226 papa
3065 1153 3398 1214 Theodorus,

1825 1245 2106 1301 advocatis
2167 1248 2378 1301 cunctis
2426 1245 2796 1300 sacerdotibus
2845 1255 2900 1300 et
2955 1244 3101 1300 clero
3153 1244 3206 1298 in
3245 1243 3405 1298 mele-

1826 1336 1963 1390 siam
2019 1339 2160 1392 beati
2203 1339 2346 1393 Petri
2405 1337 2653 1408 apostoli,
2698 1337 3077 1393 condemnavit
3129 1352 3253 1390 eum
3301 1337 3403 1392 sub

1826 1427 2041 1482 vinculo
2079 1428 2462 1482 anathematis.

1897 1519 2020 1573 662.
2060 1520 2114 1573 2.
2156 1520 2338 1593 [οςιιι]
2379 1521 2473 1575 llis
2507 1521 2840 1591 temporibus
2888 1519 3168 1575 Hisidorus
3215 1518 3404 1591 Hispa-

1827 1607 2027 1663 niensis
2059 1611 2341 1681 episcopus
2367 1611 2544 1666 clarus
2575 1597 2822 1667 habetur.

1903 1699 2257 1758 Romanorum
2301 1704 2371 1758 66
2423 1704 2817 1768 Constantinus,
2850 1704 2992 1774 {ilius
3029 1703 3265 1767 Heracli,
3315 1719 3402 1757 re-

138 1806 336 1860 sc0pus
364 1790 580 1856 Justus,
609 1793 832 1847 verbum
864 1792 1055 1846 salutis
1078 1806 1200 1845 cum
1229 1798 1390 1859 gente
1420 1804 1514 1842 sua
1547 1803 1727 1842 susce-
1757 1780 1801 1839 Β
1827 1796 2001 1863 gnavi:
2041 1799 2301 1849 mensibus
2337 1796 2389 1862 6,
2421 1799 2572 1866 (μισεῖ
2621 1814 2780 1868 usque
2819 1796 3046 1850 Καιεηά,
3095 1795 3405 1850 Novembri;

135 1883 234 1954 pit.
263 1883 426 1936 Anno
465 1893 644 1939 autem
707 1884 767 1937 11
803 1883 949 1951 regni
997 1882 1079 1937 sui
1110 1921 1124 1947 ,
1173 1883 1434 1934 adventus
1462 1888 1590 1932 vero
1619 1886 1728 1931 An-

138 1973 350 2043 glorum
383 1976 436 2029 in
482 1975 802 2029 Brittaniam
850 1973 967 2043 plus
1015 1974 1192 2026 minus
1239 1986 1380 2024 anno
1426 1969 1572 2034 250,
1626 1970 1729 2024 hoc

137 2067 324 2136 gessit.
373 2066 492 2137 Ipse
522 2075 702 2120 autem
733 2066 880 2120 dedit
908 2064 1132 2117 Paulino
1175 2063 1358 2116 sedem
1387 2062 1617 2130 episcop.
1643 2070 1728 2115 tus

138 2157 394 2213 Eburaci.
448 2159 546 2212 Cui
599 2158 708 2228 regi
756 2159 809 2211 in
874 2156 1171 2224 auspicium
1213 2164 1456 2207 ventura:
1499 2153 1618 2206 lidci
1671 2163 1726 2207 et

139 2251 288 2319 regni
322 2251 562 2306 caelestis
608 2259 847 2321 potestas
899 2259 1115 2304 terrena
1148 2246 1349 2309 crevit;
1384 2255 1550 2298 lotam
1580 2243 1725 2299 enim

139 2342 461 2398 Brittaniam
536 2343 744 2414 primus
813 2343 1056 2398 omnium
1129 2340 1421 2410 Anglorum
1493 2337 1604 2392 sub
1667 2352 1727 2392 se

139 2435 392 2502 subjecit.

207 2527 334 2581 654.
375 2527 468 2582 21.
509 2526 775 2599 [ccxxxu]
817 2526 1028 2599 (Βειλι.)
1068 2526 1147 2580 Eo
1176 2524 1244 2556 ³⁸⁸
1289 2530 1527 2591 tempore
1576 2537 1726 2576 erro.

139 2634 249 2673 rem
310 2621 377 2675 M
439 2635 706 2674 annorum
758 2623 810 2674 in
866 2619 1243 2675 observatione
1309 2615 1521 2685 pascha:
1584 2609 1723 2683 apud

140 2709 357 2768 Scottos
380 2721 648 2776 exortum,
682 2711 950 2766 Honorius
989 2726 1124 2781 papa
1174 2722 1269 2778 per
1303 2705 1589 2776 epistolam
1642 2721 1699 2760 re

139 2805 380 2874 darguit;
401 2806 558 2860 sedet
576 2803 869 2867 Johannes,
886 2804 974 2870 qui
1001 2798 1300 2856 successori
1321 2798 1440 2866 ejus
1463 2796 1724 2852 Severino

139 2899 427 2961 successit,
457 2897 597 2952 idem
641 2898 920 2968 arguebat.
973 2897 1119 2951 Cum
1155 2895 1297 2950 enim
1349 2894 1526 2946 adhuc
1575 2895 1726 2943 esset

139 2986 347 3041 electus
400 2989 453 3042 in
511 2990 922 3059 pontiucatum,
981 3004 1078 3059 pro
1153 2987 1343 3041 eodem
1397 2985 1594 3054 pascha
1643 2981 1724 3035 eis

1845 1901 1966 1938 tnno
1993 1884 2097 1939 629
2122 1898 2234 1954 post
2263 1890 2574 1957 passionem.

1900 1975 2111 2048 (Βεωι.)
2138 1977 2275 2032 l’irri
2297 1995 2578 2035 successor
2604 1979 2802 2036 Paulus
2829 1996 2936 2036 non
2968 1988 3175 2034 tantum
3204 1992 3405 2034 vesana

1828 2068 2096 2135 doctrina,
2127 2072 2264 2126 sicut
2291 2071 2607 2128 decessores
2634 2072 2773 2142 ejus,
2811 2074 2902 2128 scd
2950 2081 3004 2126 et
3049 2081 3234 2141 aperta
3282 2084 3406 2140 per-

1827 2163 2104 2216 secutione
2163 2164 2442 2219 tatholicos
2489 2166 2724 2231 cruciat;
2774 2164 3152 2236 apocrisiarios
3203 2171 3406 2218 sancta:

1827 2253 2069 2309 ecclesia:
2100 2254 2381 2321 Romanae,
2427 2258 2517 2326 qui
2565 2259 2632 2312 ad
2677 2257 2794 2326 ejus
2822 2257 3218 2313 correctionem
3252 2255 3404 2310 missi

1829 2343 2058 2408 fuerant,
2093 2348 2286 2416 partim
2319 2349 2628 2404 carceribus
2659 2391 2674 2415 ,
2722 2351 2920 2420 partim
2959 2350 3159 2415 exiliis,
3208 2349 3405 2419 partim

1826 2438 2140 2494 verberibus
2171 2439 2428 2495 alliciens.
2479 2441 2582 2496 Sed
2630 2452 2684 2496 et
2731 2443 2904 2497 altare
2930 2457 3117 2498 eorum
3152 2443 3203 2495 in
3239 2442 3403 2495 domo

1827 2529 2076 2585 Placidia:
2114 2543 2386 2586 sacratum
2419 2533 2472 2586 in
2508 2535 2802 2588 venerabili
2841 2533 3059 2588 oraculo
3086 2536 3405 2587 subvertens

1777 2674 1780 2677 .
1826 2621 2096 2690 diripuit,
2145 2624 2434 2694 prohibens
2480 2640 2574 2679 eos
2623 2625 2817 2679 ibidem
2869 2625 3061 2679 missas
3107 2625 3400 2678 celebrare.

1829 2712 1979 2768 Unde
2010 2724 2066 2768 et
2100 2718 2234 2786 ipse,
2271 2717 2410 2770 sicut
2441 2731 2786 2785 precessores
2818 2715 2978 2779 illius,
3012 2717 3078 2770 ab
3110 2715 3405 2784 apostolica

1827 2803 1952 2858 sede
1977 2804 2124 2872 justa
2159 2807 2506 2876 depositionis
2543 2807 2745 2862 ultione
2771 2809 3055 2863 damnatus
3082 2817 3187 2861 est.

1897 2895 2255 2953 Romanorum
2321 2901 2386 2954 67
2416 2898 2825 2963 Constantinus,
2866 2900 3009 2968 ﬁlius
3053 2898 3404 2962 Constantini,

1826 2992 2056 3064 regnarit
2084 2992 2235 3046 annis
2259 2991 2347 3054 28,
2384 3006 2545 3063 usque
2578 2991 2632 3046 in
2669 3006 2865 3045 annum
2903 2989 3006 3044 657
3053 2999 3164 3060 post
3203 2989 3406 3058 passio-

138 3080 349 3134 scribit.
381 3080 655 3137 Iohannes
701 3097 917 3153 quoque
959 3091 1013 3135 et
1053 3095 1153 3150 pro
1185 3077 1473 3147 Pelagiana
1519 3073 1719 3136 heresi,
1751 3118 1798 3182 ε
1829 3102 1964 3139 nem,

139 3189 258 3242 qua:
287 3176 430 3243 apud
456 3191 551 3230 eos
583 3176 955 3236 reviviscebat,
989 3172 1228 3244 scripsit.

207 3267 334 3321 657.
381 3266 472 3321 21.
517 3266 775 3340 [ncsxxv]
835 3267 945 3337 (lib.
997 3263 1167 3334 pont.)
1225 3261 1518 3334 [Honorius
1586 3276 1724 3332 papa

138 3359 270 3412 obiit
298 3361 332 3412 εἰ
365 3359 440 3413 Id.
468 3351 742 3423 Octobris;
775 3369 830 3412 et
857 3358 1089 3412 cessavit
1118 3359 1459 3427 episc0patus
1487 3370 1632 3408 anno
1671 3356 1722 3418 1,

140 3453 419 3505 mensibus
455 3452 509 3514 7,
563 3451 749 3505 diebus
784 3448 892 3520 17.]

211 3543 493 3599 Severinus
514 3543 584 3598 70
605 3561 738 3611 papa
763 3559 902 3595 anno
927 3557 1050 3594 uno.
1079 3538 1398 3612 [Severinus
1418 3555 1554 3610 papa
1588 3540 1726 3596 obiit

139 3635 171 3688 1
195 3635 381 3692 Nonas
411 3635 686 3706 Augusti]
720 3635 830 3708 (lib.
865 3636 1035 3704 pont.)

211 3728 339 3784 658.
376 3728 471 3783 25.
533 3726 811 3800 [ocxxxvt]
875 3726 1108 3780 Joannes
1165 3725 1228 3780 71
1282 3741 1418 3797 papa
1467 3741 1608 3780 anno
1661 3725 1720 3791 1,

141 3822 408 3876 mensibus
438 3821 524 3875 10.

209 3915 335 3971 659.
372 3913 466 3968 26.
531 3910 830 3985 [ocxxxvu]
908 3910 1079 3982 (l8lD.)
1137 3908 1291 3966 Judei
1362 3909 1416 3964 in
1470 3908 1723 3980 Hispania

141 4008 426 4064 christiani
474 4005 801 4061 eﬂlciuntur.
858 4003 1130 4058 Sisibutus
1176 4002 1360 4063 enim,
1422 3999 1722 4055 Gothorum

141 4099 572 4171 gloriosissimus
609 4111 727 4158 rex,
774 4095 1034 4164 plurimas
1082 4094 1134 4147 in
1169 4092 1425 4162 Hispania
1452 4091 1724 4147 Romanas

139 4192 451 4262 provincias
495 4198 553 4246 et
597 4186 852 4243 Romana:
883 4187 1088 4241 militim
1122 4187 1282 4239 urbes
1325 4183 1425 4237 sibi
1476 4182 1725 4238 bellando

141 4286 394 4354 subjecit,
415 4292 470 4339 et
493 4280 694 4336 Judeos
717 4279 797 4334 sui
822 4278 968 4348 regni
985 4275 1225 4332 subditos
1250 4275 1314 4328 ad
1340 4275 1498 4329 [idem
1521 4275 1722 4331 Christi

143 4377 438 4434 convertit.

1899 3175 2021 3231 665.
2066 3176 2114 3230 1.
2157 3172 2360 3248 [nexu]
2387 3173 2604 3249 (Βευιι.)
2646 3172 2739 3228 llic
2766 3171 2832 3206 m
2863 3171 3120 3242 deceptus
3156 3185 3184 3226 a
3211 3168 3401 3235 Paulo,

1828 3270 1966 3325 sicut
1996 3269 2268 3322 lleraclius
2292 3283 2424 3321 avus
2445 3267 2562 3337 ejus
2581 3283 2609 3320 a
2639 3267 2830 3337 Sergio
2854 3265 3092 3336 predicto
3113 3267 3400 3336 episcopo;

1827 3358 2074 3428 esposuit
2103 3357 2246 3412 cnim
2293 3358 2393 3410 iste
2425 3365 2610 3427 typum
2641 3364 2827 3410 contra
2861 3355 3181 3410 catholicam
3211 3355 3404 3417 ﬁdem;

1828 3467 1928 3504 nec
1977 3466 2138 3503 unam
2185 3465 2283 3504 nec
2328 3449 2461 3502 duas
2507 3449 2810 3502 voluntates
2859 3459 2951 3502 aut
2979 3447 3318 3517 operationes
3350 3447 3405 3499 iu

1827 3542 2044 3597 Christo
2089 3539 2359 3595 dil'liniens
2402 3556 2522 3595 esse
2550 3542 2882 3606 credendus,
2910 3548 3062 3611 Quasi
3091 3542 3224 3597 nihil
3269 3541 3406 3594 Velle

1826 3633 1909 3688 vel
1935 3633 2146 3702 operari
2181 3632 2481 3686 credendus
2504 3631 2574 3685 sit
2597 3630 2869 3686 Christus.

1897 3723 2020 3776 666.
2062 3720 2116 3774 4.
2158 3717 2396 3792 [ocxuv]
2433 3719 2525 3790 (cf.
2577 3722 2616 3773 ι.
2667 3719 2838 3790 pont.)
2903 3717 3220 3776 Theodorus
3263 3734 3404 3791 papa

1825 3817 1962 3873 obiit
1992 3816 2027 3871 2
2057 3815 2177 3870 ldus
2201 3814 2346 3868 Maii.

2064 3906 2221 3981 [Cod.
2253 3907 2305 3960 in
2336 3923 2528 3978 marg.,
2558 3905 2738 3962 Ciclus
2765 3905 2896 3963 solis
2921 3907 3154 3983 incipit.]

1895 4001 2015 4057 667.
2053 4001 2106 4055 5.
2150 3998 2369 4074 [nexu]
2405 3998 2664 4054 Martinus
2703 3999 2771 4054 73
2803 4017 2940 4072 pupa
2982 4000 3134 4054 annis
3163 3999 3216 4068 6,
3259 4017 3405 4058 mem

1825 4091 1966 4145 sibus
1990 4091 2046 4146 2.

1895 4184 2018 4240 668.
2059 4183 2110 4237 6.
2151 4169 2390 4256 [ocxu’t]
2419 4179 2558 4256 [cod.
2590 4181 2642 4236 in
2667 4197 2856 4257 ntarg.,
2881 4180 3060 4238 Ciclus
3089 4183 3121 4237 7
3171 4181 3407 4240 decenn.

1826 4275 2014 4346 incipit
2039 4276 2227 4330 indict.
2256 4272 2336 4348 4.]

1897 4367 2000 4422 669
2064 4367 2115 4421 7.
2159 4364 2420 4440 [DCXLVII]
2463 4365 2673 4437 (BEDA.)
2709 4364 2972 4421 Martinus
2994 4365 3062 4398 ³⁸³
3105 4378 3235 4422 vero
3267 4380 3406 4438 papa

211 4470 338 4525 660.
373 4469 467 4522 27.
528 4461 851 4540 [οωκιτιιι]
900 4461 1013 4532 (lib.
1069 4457 1238 4530 pont.)
1288 4457 1544 4531 [Joannes
1585 4474 1723 4528 papa
1755 4456 1802 4514 D
1828 4467 2046 4528 propter
2075 4457 2368 4526 prediclatn
2412 4458 2644 4511 heresim
2673 4455 3024 4527 congregavit
3049 4453 3234 4512 Romae
3262 4458 3409 4511 sino-
3461 4446 3468 4454 ’

139 4564 276 4619 obiit
313 4563 348 4616 4
397 4561 521 4617 ldus
552 4554 849 4628 Oetobris.]
895 4554 978 4625 (Ρ.
1013 4553 1076 4606 D.
1139 4567 1231 4617 tv,
1283 4551 1397 4621 51.)
1448 4551 1728 4607 lleraclius

139 4651 629 4723 Constantiopolim
659 4649 814 4702 obiit.

213 4749 576 4803 Romanorum
639 4742 708 4796 65
760 4739 1108 4803 Heraclonas,
1147 4738 1291 4806 ﬁlius
1328 4735 1562 4799 Heraclt.
1607 4754 1726 4792 cum

140 4841 377 4896 Marum:
407 4835 638 4909 regnavit
670 4833 822 4888 annis
849 4830 906 4896 2,
936 4845 1096 4900 usque
1136 4827 1192 4882 in
1233 4843 1428 4880 annum
1477 4827 1580 4882 629
1607 4819 1728 4902 post

138 4937 454 5004 passionem.

209 5025 334 5081 661.
406 5025 456 5078 1.
524 5015 810 5096 [ucxxux]
861 5015 1072 5086 (Βευιι.)
1114 5011 1416 5066 Theodorus
1471 5009 1539 5063 72
1596 5029 1732 5082 papa

139 5117 292 5171 annis
322 5115 379 5180 6,
421 5115 686 5169 mensibus
713 5108 766 5163 6.
804 5107 976 5178 Cyrus
1007 5102 1378 5168 Alexandrina,
1423 5103 1649 5172 Sergius
1677 5111 1732 5158 et

141 5209 330 5265 Pirrus
395 5209 554 5278 regite
606 5203 760 5256 urbis
810 5201 1068 5270 episcopi,
1119 5193 1444 5249 acefalorum
1493 5192 1728 5250 heresim

1057 5302 1140 5312 --.Α
1183 5286 1231 5312 2..
1265 5287 1483 5312 ιἰ--ε..ιη
1533 5285 1699 5312 λικε-2

1830 4547 1957 4600 dum
1989 4546 2091 4600 105
2119 4547 2526 4616 episcoporum;
2555 4546 2608 4599 in
2641 4561 2745 4614 qua
2777 4546 2967 4600 sinodo
2992 4545 3271 4602 damnavit
3307 4545 3408 4600 sub

1829 4643 2176 4696 anathemate
2201 4639 2440 4702 Circum,
2491 4636 2759 4708 Sergium,
2803 4636 3013 4691 Pirrum
3059 4645 3114 4691 et
3153 4635 3408 4696 Paulum,

1829 4734 2095 4788 hereticos
2135 4732 2386 4800 praefatos
2413 4729 2711 4797 episcopos.
2735 4726 2896 4781 Facta
2923 4736 3006 4781 est
3033 4735 3219 4783 autem
3249 4736 3416 4798 syno-

1829 4827 1928 4881 dus
1984 4822 2206 4892 pra-fata
2263 4836 2405 4875 anno
2453 4819 2662 4888 imperii
2707 4819 3044 4875 Constantini
3093 4821 3180 4880 9°.
3235 4831 3426 4880 mense

1830 4902 2109 4979 Octobrio,
2165 4913 2458 4968 indictione
2490 4910 2545 4962 7.
2600 4909 2692 4978 (cf.
2726 4909 2764 4964 ι.
2791 4911 2959 4983 pont.)
3003 4912 3066 4967 Et
3121 4929 3277 4983 ροει
3319 4909 3444 4962 haec

1832 5012 2032 5066 missus
2078 5008 2146 5061 ab
2200 5007 2527 5078 imperatore
2574 5001 2891 5059 Theodorus
2938 5004 3253 5070 exarclms
3283 5049 3304 5070 ,
3343 4991 3468 5048 NV“

1833 5099 2121 5156 Martinam
2168 5110 2361 5165 papam
2405 5093 2474 5148 de
2525 5091 2735 5147 saelesia
2783 5091 3315 5158 Constantiniana,
3362 5087 3480 5150 per-

1834 5191 2094 5259 duxitque
2122 5203 2244 5242 eum
2289 5183 2810 5254 Constantinopolim
2839 5224 2856 5247 ,
2887 5191 2942 5239 et
2983 5179 3110 5238 inde
3166 5171 3490 5259 religaffm

1836 5285 2128 5312 {human-un
2175 5279 2195 5310 Ι
2220 5279 2334 5310 ἶηῖηη
2380 5275 2674 5310 ηνηυῖηηῖω
2742 5274 3046 5308 Ihirlnmnno
3075 5269 3107 5308 λ
3144 5271 3336 5306 ,οδ-,ι
