3934 5330
493 394 597 449 πδι
634 358 639 361 8

1812 393 2096 475 nimim
2137 393 2382 452 SCOT'I‘I

3646 399 3731 457 732

562 504 688 563 675.
726 505 815 562 11.
856 504 1026 581 [neu]
1066 504 1330 579 Eugenius
1380 505 1449 563 71
1484 523 1623 579 papa
1645 509 1800 566 annis
1828 510 1886 577 2,
1922 528 2069 567 men-
2098 520 2147 576 Α
2243 511 2366 566 697.
2407 510 2459 565 7.
2502 509 2758 584 [DCLXXV]
2814 510 3018 583 Agat/ta
3072 526 3209 584 papa
3255 484 3324 569 78
3363 521 3483 583 post
3547 511 3732 571 Patrius

496 600 645 656 sibus
676 599 768 659 10.

562 690 688 745 674.
727 690 817 761 12.
856 687 1048 764 [υςιιι]
1093 687 1188 762 (ef.
1215 691 1452 763 Lpont.)
1479 690 1756 764 Eugenius
1780 707 1919 766 papa
1944 695 2080 751 obiit

486 785 717 842 ANonis
743 783 1004 848 Ianuari.
1607 829 1610 832 .

558 876 682 932 675.
721 878 808 932 l3.
877 875 1088 951 [DCLIII]
1139 874 1435 934 Vitalianus
1493 877 1561 934 75
1603 895 1740 951 papa
1787 880 1941 934 annis
1987 879 2072 948 14,

486 969 752 1027 mensibus
779 967 832 1024 6.

555 1057 680 1112 676.
721 1058 809 1113 M.
854 1056 1059 1131 [θεων]
1102 1057 1318 1132 (θεολ.)
1348 1059 1734 1117 Constantinus
1779 1061 2070 1132 princeps,

488 1145 755 1223 Vitaliano
803 1164 939 1218 papa
980 1165 1153 1219 nuper
1180 1151 1457 1227 ordinato,
1505 1151 1654 1205 misit
1703 1152 1864 1207 beato
1910 1151 2073 1208 Petro

485 1240 729 1308 apostolo
758 1242 1036 1312 evangelia
1086 1258 1249 1297 aurea
1278 1283 1293 1307 ,
1323 1243 1550 1312 gemmis
1591 1243 1729 1300 albis
1773 1245 1925 1299 mirae
1958 1259 2073 1299 ma-

481 1328 783 1399 gnitudinis
819 1329 875 1395 in
904 1331 1136 1386 circuitu
1165 1340 1372 1385 ornata.

552 1418 676 1474 682.
714 1419 805 1474 20.
845 1419 1028 1493 [neu]
1069 1421 1283 1493 (BEDA.)
1327 1423 1443 1492 ipse
1471 1422 1542 1456 ³³³
1565 1433 1839 1494 vei-opust
1864 1424 2071 1495 aliquot

481 1508 550 1563 ".i
584 1525 755 1566 annos
778 1513 928 1569 venit
959 1511 1207 1579 Romam,
1250 1511 1307 1585 [ὅ
1345 1514 1429 1569 die
1461 1516 1662 1570 mensis
1690 1514 1817 1581 Juli,
1853 1517 1983 1571 feria
2009 1515 2063 1579 ι,

481 1588 669 1655 indici.
699 1600 778 1673 6].

548 1694 811 1763 685.,2l.
856 1695 1063 1770 [DCLXI]
1107 1698 1257 1752 Tunc
1285 1698 1354 1730 ³⁸³
1387 1697 1582 1754 obtulit
1632 1698 1929 1771 [dominico
1954 1699 2065 1772 die]

478 1800 643 1855 super
673 1786 842 1843 altare
869 1789 1038 1842 sancti
1062 1787 1205 1842 Petri
1241 1788 1458 1858 pallium
1494 1805 1628 1843 auro
1658 1789 1864 1844 textile.

2183 603 2335 657 annis
2363 602 2418 668 2,
2448 604 2710 658 mensibus
2738 603 2792 657 7.

2249 695 2372 751 698.
2413 694 2467 751 8.
2510 694 2788 769 [ocuxrt]
2828 695 3044 768 (ΒεοΑ.)
3084 695 3296 767 Agatho
3338 711 3502 767 papa,
3540 711 3610 751 ex
3662 712 3733 753 ro-

2177 790 2305 854 gatu
2362 784 2698 839 Constantini
2730 826 2763 850 ,,
2809 785 3021 840 Heracli
3073 795 3130 841 et
3179 786 3385 855 Tiberii
3455 786 3737 856 principum

2177 873 2539 943 piisimorum,
2569 875 2717 930 misit
2762 875 2815 930 in
2869 877 3072 947 regiam
3114 870 3303 931 urbem
3347 875 3563 952 legatos
3607 891 3735 940 suos,

2177 966 2231 1021 in
2284 967 2482 1036 quibus
2528 977 2647 1022 erat
2692 966 3006 1034 Johannes,
3056 969 3316 1024 Romanae
3360 968 3593 1023 ecclesize
3636 978 3739 1024 tunc

2175 1057 2453 1123 diaconus,
2487 1074 2594 1113 non
2624 1057 2784 1129 longe
2818 1070 2940 1128 post
2967 1058 3275 1130 episcopus,
3306 1074 3409 1128 pro
3434 1059 3738 1115 adunatione

2172 1143 2418 1201 facienda
2466 1155 2780 1203 sanctarum
2830 1148 2925 1202 Dei
2975 1146 3360 1203 teet-lesiarum.
3413 1148 3521 1216 Qui
3552 1153 3573 1171 '
3615 1150 3737 1204 beni-

2172 1239 2430 1308 gnissime
2448 1240 2683 1309 suscepti
2711 1256 2740 1294 a
2773 1240 3211 1296 reverentissimo
3232 1239 3739 1306 fideicatholietede-

2170 1328 2384 1383 {ensure
2406 1330 2762 1387 Constantino
2784 1332 2923 1400 jussi
2949 1343 3093 1398 sunt,
3113 1349 3165 1386 rt
3176 1333 3357 1388 missis
3380 1332 3739 1404 disputationi-

2169 1420 2272 1474 bus
2291 1419 2686 1491 pbisolophicis.
2708 1423 2932 1494 paciﬁco
2951 1421 3239 1492 conloquio
3264 1422 3332 1479 de
3354 1422 3464 1479 ﬁde
3482 1438 3613 1479 vera
3642 1437 3739 1494 per-

2169 1509 2404 1578 quirere.
2437 1510 2559 1565 data
2585 1512 2666 1566 eis
2710 1512 2775 1567 de
2803 1512 3130 1569 bibliotheca
3161 1512 3737 1583 Constantinopolitana

2170 1600 2382 1654 cunctis
2429 1601 2780 1673 antiquorum
2811 1602 3033 1659 Patrum
3082 1619 3216 1674 quos
3255 1605 3521 1675 petebant
3552 1604 3739 1660 libellis.

2166 1687 2471 1745 Adfuerunt
2497 1702 2679 1747 autem
2710 1702 2765 1750 ct
2806 1695 3044 1765 episcopi
3089 1704 3309 1749 centum
3340 1695 3735 1765 quinquaginta,

2168 1779 2475 1846 presidente
2499 1779 2731 1852 Georgio
2770 1784 3082 1852 patriarcha
3112 1782 3273 1855 regia:
3310 1784 3463 1838 urbis
3492 1795 3548 1836 et
3577 1784 3739 1838 Antio-

551 1877 674 1932 681.
715 1876 805 1930 22.
849 1876 1076 1949 [noun]
1116 1878 1181 1932 Et
1206 1857 1276 1910 ⁸δ³
1315 1886 1427 1934 ιοιο
1450 1879 1691 1934 exercitu
1717 1894 1843 1934 cum
1870 1879 2064 1937 etereis
2095 1857 2145 1915 Π
2167 1868 2302 1921 Chii}?
2334 1866 2629 1935 MaQbariO-
2657 1871 2725 1925 Ει
2747 1873 2980 1928 οοηνίοιῖ
3012 1884 3158 1939 Sumo
3189 1873 3280 1942 (ἰυί
3315 1888 3486 1926 "nam
3513 1872 3737 1927 ’0⁸³⁸³³⁸

478 1965 744 2021 :cclesiam
775 1969 1013 2023 intravit.

506 2055 674 2111 -685.
709 2055 800 2111 25.
844 2056 1090 2129 [neum]
1144 2056 1256 2113 iloc
1290 2057 1361 2093 ⁸⁹³
1408 2073 1536 2115 vero
1587 2060 1789 2115 factum
1837 2070 1921 2116 est
1965 2075 2064 2130 per

475 2143 821 2201 indictionem
876 2146 929 2213 6,
972 2162 1114 2202 anno
1154 2149 1227 2201 25
1272 2148 1482 2220 imperii
1527 2149 1864 2207 Constantini
1912 2151 2061 2222 prin-

473 2249 631 2303 etpis.

540 2326 663 2382 686.
693 2327 785 2382 21.
819 2327 1057 2402 [ncmvj
1089 2329 1360 2401 Sequente
1388 2331 1456 2364 ³⁸³
1486 2348 1629 2389 anno
1651 2331 1792 2388 facta
1818 2342 1904 2389 est
1930 2332 2060 2389 ecli-

467 2415 580 2487 psis
604 2417 756 2483 solis,
780 2433 942 2490 quam
968 2434 1098 2486 actas
1134 2432 1318 2478 nostra
1348 2423 1615 2492 meminit,
1640 2424 1793 2494 quasi
1822 2425 1959 2481 hora
1989 2422 2055 2479 10

467 2506 571 2583 diei
604 2506 636 2562 5
674 2507 812 2563 Non.
851 2508 975 2563 Mai.
1011 2510 1225 2584 [8511s.]
1321 2507 1325 2510 ’

536 2600 657 2655 687.
700 2600 790 2656 25.
830 2601 1069 2675 [netu].

466 2687 620 2761 [Cod.
668 2693 722 2746 in
764 2709 957 2765 marg.,
1007 2694 1192 2751 Ciclus
1237 2695 1461 2751 decenn.
1488 2706 1715 2753 octavus
1757 2696 1944 2769 incipit
1967 2697 2049 2754 in-

1132 2788 1261 2842 dict.
1294 2787 1374 2860 8.]

532 2872 659 2930 688.
701 2860 794 2930 26.
850 2874 1091 2950 [ecum]
1142 2877 1355 2950 (Bt-1m.)
1413 2877 1729 2935 Theodorus
1779 2880 2046 2951 archiepi-

459 2978 657 3036 scopus
687 2976 743 3021 et
771 2968 1043 3024 Adrianus
1069 2964 1259 3026 abbas
1283 3012 1298 3037 ,
1325 2971 1411 3026 vir
1436 2987 1588 3041 aeque
1619 2971 1986 3036 doctissimus,
2011 2987 2042 3027 a

464 3057 731 3114 Vitaliauo
811 3060 963 3114 missi
1037 3060 1413 3128 Brittaniam,
1482 3062 1743 3131 plurimas
1799 3061 2042 3118 teclesias

459 3148 755 3220 Anglorum
833 3151 1097 3208 doctrina:
1186 3154 1552 3209 melesiasticte
1631 3153 1788 3224 fruge
1857 3151 2041 3210 fecun-

459 3239 677 3294 daruut.

528 3331 654 3386 689.
691 3332 781 3386 27.
825 3331 1084 3406 [acum]
1143 3334 1202 3406 (ι.
1252 3334 1420 3406 pom.)
1473 3335 1606 3390 Cum
1668 3336 1850 3406 itaque
1900 3334 2041 3392 Con-

454 3426 725 3478 stantinus
757 3425 954 3479 obtulit
993 3427 1240 3495 pallium,
1271 3428 1470 3481 mansit
1499 3427 1554 3481 in
1585 3426 1758 3482 Roma
1786 3428 1903 3483 dies
1944 3427 2033 3481 12.

2169 1965 2273 2010 tem
2301 1966 2355 2011 et
2387 1959 2758 2028 operationem
2802 1962 3119 2016 astruebant
3156 1964 3207 2015 in
3236 1960 3487 2026 Christo,
3516 1961 3739 2016 fallusse

2162 2045 2384 2101 Patrum
2410 2049 2804 2105 catholicorum
2829 2051 2973 2107 dicta
2994 2051 3351 2123 perplurima.
3366 2050 3560 2108 Finito
3578 2063 3737 2107 autem

2161 2140 2435 2205 conﬂictu,
2467 2140 2734 2213 Georgius
2782 2153 3062 2200 correctus
3107 2154 3211 2211 est,
3266 2144 3588 2200 Macharius
3626 2159 3740 2200 vero

2160 2246 2281 2308 cum
2322 2231 2434 2286 suis
2471 2234 2795 2303 sequacibus
2828 2234 2988 2289 simul
3033 2244 3089 2290 et
3120 2235 3563 2305 precessoribus,
3589 2235 3735 2308 Cyro,

2160 2306 2375 2395 Sergio,
2413 2310 2677 2391 llonorio,
2707 2323 2891 2392 Pirro,
2920 2324 3087 2383 Paulo
3132 2336 3188 2381 et
3216 2326 3401 2393 Petro,
3433 2306 3736 2382 anathema-

2157 2415 2385 2481 tizatus,
2437 2424 2491 2471 et
2544 2416 2597 2471 in
2652 2416 2826 2473 locant
2876 2415 2992 2487 ejus
3036 2416 3420 2489 Theophanius
3467 2421 3638 2475 abbas
3674 2419 3735 2475 de

2157 2506 2341 2562 Sicilia
2371 2508 2673 2579 Antiochiae
2704 2510 2989 2580 episcopus
3032 2509 3227 2567 factus.
3257 2511 3551 2584 Tantaque
3577 2513 3731 2585 gratia

2154 2598 2357 2669 legatos
2402 2600 2684 2656 catholicae
2709 2601 2858 2671 pacis
2902 2602 3157 2657 comitata
3206 2611 3308 2668 est,
3361 2613 3420 2658 ut
3473 2603 3735 2660 Jolannes

2154 2688 2464 2745 Portuensis
2495 2691 2782 2761 episcopus
2809 2731 2825 2757 ,
2868 2690 2959 2761 qui
2990 2702 3131 2746 unus
3159 2701 3275 2747 erat
3322 2709 3392 2748 ex
3426 2695 3564 2764 ipsis
3585 2735 3603 2761 ,
3647 2693 3731 2750 do-

2149 2780 2345 2834 minica
2375 2788 2691 2835 oetavarnm
2724 2781 2939 2851 paschae
2982 2782 3177 2839 missas
3204 2782 3452 2852 publicas
3492 2784 3550 2840 in
3592 2783 3730 2840 nie-

2144 2871 2226 2927 sia
2284 2879 2484 2925 sanctae
2541 2870 2755 2942 Sophim
2808 2887 2992 2929 coram
3034 2874 3276 2944 principe
3322 2884 3380 2930 et
3429 2876 3725 2946 patriarcha

2143 2961 2335 3018 Latine
2364 2963 2687 3018 celebraret.
2716 2963 2843 3020 llaec
2873 2976 2957 3021 est
2981 2978 3135 3021 sexta
3158 2966 3385 3022 sinodus
3412 2968 3725 3025 universalis

2148 3054 2616 3133 Constantinopoli
2657 3055 2951 3123 celebrata,
2984 3068 3040 3112 et
3085 3056 3262 3114 Greco
3307 3072 3571 3116 sermone
3613 3076 3725 3115 con-

2143 3147 2367 3215 scripta.
2394 3146 2727 3214 temporibus
2770 3148 3068 3217 Agathonis
3106 3164 3273 3220 papa),
3307 3159 3643 3221 exsequente
3666 3166 3722 3206 ac

2147 3238 2419 3292 residente
2449 3238 2696 3307 piissimo
2743 3241 2987 3310 principe
3015 3240 3375 3299 Constantino
3420 3245 3563 3299 intra
3591 3243 3723 3315 pals-

2142 3327 2278 3381 tium
2334 3342 2513 3391 suum,
2574 3329 2841 3401 simulque
2899 3325 3454 3404 legatis'apostolicn
3495 3335 3632 3390 sedis
3668 3345 3717 3390 et

2141 3420 2410 3490 episcopis
2446 3420 2549 3475 150
2583 3423 2967 3480 residentibus.
2997 3424 3178 3481 Prima
3211 3427 3358 3482 enim
3412 3427 3715 3484 universalis

457 3514 588 3568 lude
618 3516 913 3571 indictione
939 3516 969 3571 7
1000 3516 1235 3571 Sit-ilium
1266 3518 1558 3589 ingressus,
1590 3519 1645 3573 in
1688 3535 1794 3589 qua
1838 3520 2039 3575 mansit
2139 3516 2362 3572 sinodus
2390 3515 2443 3568 in
2480 3514 2643 3570 Nicea
2672 3527 2997 3589 congregata
3026 3527 3109 3574 est
3150 3530 3341 3575 contra
3370 3523 3593 3577 Arrium
3620 3520 3713 3576 3l8

454 3620 625 3674 usque
652 3606 998 3662 indictionem
1028 3607 1117 3663 12.

522 3696 645 3752 690.
686 3698 775 3755 28.
818 3696 1100 3775 [ocuvm]
1130 3701 1191 3773 (I.
1230 3701 1397 3774 pom.)
1437 3702 1491 3761 ln
1520 3719 1625 3773 qua
1658 3703 1950 3759 indictione
1977 3704 2031 3760 in

452 3784 634 3840 Sicilia
661 3802 690 3841 a
724 3791 839 3844 suis
870 3784 962 3861 [l5
1001 3789 1088 3845 die
1120 3792 1319 3846 mensis
1355 3790 1505 3863 Julii]
1541 3793 1593 3846 in
1640 3792 1830 3847 balneo
1855 3793 2031 3849 occis-

451 3890 546 3930 sus
574 3884 677 3931 est.
735 3879 803 3933 Et
848 3896 957 3935 non
1006 3879 1163 3952 longe
1203 3891 1323 3951 post
1370 3882 1669 3939 Vitalianus
1714 3898 1853 3955 papa
1900 3885 2033 3941 obiit

447 3964 505 4040 [6
536 3967 653 4022 Kal.
683 3969 1009 4044 Februarii].

498 4054 879 4117 'liom'nnornm
935 4063 1001 4120 68
1047 4063 1457 4132 Constantinus,
1506 4066 1652 4137 ﬁlius
1699 4067 2029 4125 Constantini

442 4152 751 4220 superioris,
778 4163 1010 4225 regnavit
1052 4159 1205 4212 annis
1249 4157 1337 4226 l7,
1386 4176 1547 4230 usque
1590 4162 1646 4215 in
1687 4179 1883 4217 annum
1922 4165 2025 4220 674

440 4252 553 4310 post
581 4242 897 4312 passionem.
1357 4287 1360 4292 -

511 4332 637 4388 691.
697 4336 746 4390 1.
791 4336 1036 4411 [netxn]
1088 4340 1148 4412 (I.
1193 4340 1371 4411 poni.)
1432 4340 1734 4397 Adeodalus
1771 4345 1837 4400 76
1886 4363 2024 4417 papa

440 4432 556 4491 post
623 4422 839 4480 Petrum
885 4433 1038 4484 annis
1089 4430 1168 4497 4,
1238 4433 1500 4486 mensibus
1548 4432 1583 4486 2
1632 4433 1788 4505 [obiit
1826 4436 1859 4491 6
1900 4437 2015 4491 Kal.

436 4510 597 4585 Joh].

509 4604 635 4660 692.
673 4607 726 4661 2.
769 4608 990 4684 [netu]
1026 4611 1237 4684 (Βεοι.)
1276 4613 1560 4670 Sarraceni
1591 4614 1830 4671 Siciliam
1861 4618 2015 4673 inva-

436 4692 605 4762 dunt;
653 4700 744 4767 qui
801 4700 892 4767 ³⁸⁵,
939 4706 1102 4772 preda
1155 4705 1321 4761 nimia
1357 4704 1555 4762 ’secum
1610 4706 1789 4763 ablata
1827 4748 1843 4776 ,
1890 4725 2017 4766 mox

436 4782 824 4844 Alexandriam
852 4794 1097 4848 redeunt.
1290 4795 1299 4804 ’

2121 4792 2409 4866 [Tempore
2475 4796 2772 4868 Agathonis
2832 4812 3024 4868 papae,

2136 3600 2382 3669 Patrum,
2400 3596 3008 3676 tomporibu‘s‘Silvestri
3034 3626 3208 3682 papze,
3237 3613 3340 3667 sub
3367 3612 3710 3669 Constantino

2135 3691 2347 3762 Magno.
2386 3692 2635 3749 Secunda
2668 3696 2722 3750 in
2768 3696 3290 3770 Constantinopolim
3335 3701 3442 3757 150
3475 3703 3705 3766 Patrum.

2134 3794 2325 3838 contra
2357 3783 2728 3841 Macedoniam
2775 3799 2831 3840 et
2861 3788 3164 3845 Eudoxium
3186 3830 3201 3855 ,
3236 3792 3571 3855 temporibus
3610 3792 3706 3847 Da-

2132 3875 2266 3927 masi
2292 3889 2444 3944 papae
2471 3882 2526 3930 ‘et
2551 3873 2800 3930 Gratiani
2845 3877 3108 3949 principis
3128 3919 3143 3943 ,
3190 3883 3412 3950 quando
3439 3882 3704 3938 Nectaruts

2130 3966 2304 4020 eidem
2328 3967 2445 4022 urbi
2471 3973 2555 4022 est
2577 3969 2861 4024 ordinatus
2881 3970 3187 4042 episcOptts.
3213 3970 3398 4027 Tertia
3425 3975 3479 4028 in
3507 3974 3702 4044 Epheso

2130 4056 2235 4110 200
2262 4054 2504 4122 Patrum,
2533 4068 2721 4114 contra
2740 4059 3058 4115 Nestorium
3107 4062 3366 4134 Augusta:
3410 4067 3565 4121 urbis
3601 4066 3702 4134 epi-

2128 4160 2349 4216 scopum
2377 4188 2392 4212 ,
2438 4150 2539 4204 sub
2591 4150 2897 4207 Theodosio
2952 4152 3145 4224 Magno
3189 4155 3440 4226 principe
3481 4166 3539 4212 et
3578 4171 3704 4227 papa

2126 4238 2433 4293 Caelestino.
2465 4238 2664 4306 Quarta
2711 4241 2766 4296 in
2815 4241 3119 4300 Calcedone
3146 4243 3379 4300 Patrum
3426 4246 3572 4313 636,
3611 4246 3702 4302 sub

2124 4329 2306 4388 Leone
2369 4344 2504 4401 papa
2538 4371 2553 4397 ,
2618 4334 2948 4403 temporibus
3012 4334 3270 4391 Marciani
3346 4337 3699 4408 imperatoris.

2122 4423 2321 4490 Quinta
2356 4424 2483 4480 item
2532 4426 2586 4480 in
2618 4425 3104 4499 Constantinopoli,
3158 4430 3505 4499 temporibus
3546 4429 3701 4499 Vigili

2050 4549 2098 4607 Β
2124 4532 2274 4587 papae
2299 4518 2446 4582 ,‘sub
2490 4517 2796 4575 Iustiniano
2839 4521 3107 4591 principe,
3137 4530 3330 4580 contra
3360 4522 3707 4583 Theodorum

2123 4616 2179 4663 et
2201 4624 2390 4665 omnes
2416 4611 2709 4666 hereticos.
2737 4614 2777 4633 “
2803 4612 2966 4667 Sexta
2994 4614 3127 4668 bam.

2194 4699 2426 4771 [Agatho
2478 4715 2617 4772 papa
2669 4703 2804 4759 obiit
2858 4704 2893 4758 4
2939 4704 3063 4761 ldus
3091 4703 3387 4782 Januarii.]
3419 4710 3482 4784 (ι.
3537 4708 3703 4781 pou.)

3108 4799 3413 4859 indictione
3457 4803 3496 4861 8
3510 4842 3530 4872 ,
3577 4803 3705 4860 luna

505 4877 628 4934 694.
670 4879 723 4937 4.
789 4882 1089 4968 [notuit]
1150 4886 1250 4945 hic
1319 4887 1708 4946 Constantinus
1758 4892 2014 4965 princeps
2118 4887 2340 4965 eclipsin
2390 4890 2609 4960 pertulit
2645 4891 2733 4948 die
2772 4893 2838 4949 18
2863 4894 3069 4949 mensis
3093 4892 3245 4968 Jun.]

433 4982 643 5027 sextam
670 4972 932 5044 synodqu
963 4966 1214 5033 instituit.

450 5055 455 5060 ’
678 5065 834 5141 [ϐοά.
867 5072 920 5123 in
956 5087 1154 5140 marg.,
1176 5071 1354 5131 Ciclus
1375 5073 1509 5133 Solis
1538 5078 1774 5154 incipit.]

501 5157 625 5202 ίῖΩέἶ-
666 5160 719 5202 Pi-
766 5158 1050 5202 inrtvnnl
1099 5163 1140 5202 II
1201 5177 1321 5202 nam
1353 5167 1368 5202 \
1405 5166 1578 5202 Γηνιηο
1604 5180 1745 5202 nm...
1792 5168 1859 5202 ’3⁸7
1897 5183 2008 5202 ...ηι

2314 4978 2413 5063 1η·
2435 4986 2669 5063 margine
2713 4985 2841 5063 Ιιίιης⁸
2867 4985 3113 5063 {eguntnr
3152 4987 3213 5047 (ι.
3241 4991 3423 5063 pont.)
3459 5005 3481 5044 :
3519 4988 3627 5060 Qui
3652 5004 3708 5044 ιι

2332 5051 2520 5134 urbem
2553 5051 2780 5134 regiam,
2919 5051 3019 5110 est
3044 5051 3602 5134 Constantinopolim,
3628 5063 3708 5134 in-

2324 5123 2651 5202 gredientes,
2689 5126 2810 5202 die
2837 5126 2906 5202 10
2926 5130 3159 5202 ἰιιοηεὶε
3209 5123 3598 5201 Νονθιη“1›ι’ἰε,’
3629 5131 3709 5186 ill-
