3934 5330
207 176 322 236 753

1454 168 1866 230 CHRONICON.
1910 199 1954 212 -
2005 170 2132 227 LIB.
2176 173 2261 228 Ill.

3368 158 3476 215 πει

433 289 619 345 Arrius
666 288 803 344 dixit
850 288 1064 343 Patrem
1112 289 1393 358 majorem,
1440 288 1633 343 Filium
1696 288 1795 342 mi-

1968 285 2091 341 711.
2132 286 2187 340 4.
2229 284 2545 358 [ncuxxtx]
2580 282 2795 353 (Βεω)
2849 278 3185 335 Justinianus
3225 275 3296 308 ⁸⁸⁸
3344 290 3477 330 con-

433 364 655 423 norem,
699 359 960 429 Spiritum
1014 366 1259 429 sanctum
1301 367 1606 413 creaturam
1651 373 1792 413 esse.

426 428 810 485 Macbedmiius
880 428 1116 499 negabat
1188 428 1452 499 Spiritum
1525 437 1792 499 sanctum.

427 499 706 555 Nestorius
740 499 877 554 dixit
908 497 1151 555 sanctam
1186 497 1410 552 Mariam
1435 512 1541 552 nou
1572 497 1795 562 Dei,sed

428 569 663 639 hominis
692 579 898 623 tantum
949 567 1270 639 genitricem
1320 583 1463 623 esse.
1504 568 1796 639 Entbiceus

425 637 1056 707 Constantinopolitauus
1105 638 1273 693 abbas
1318 639 1458 693 dixit
1520 637 1795 692 Christum

424 724 524 780 per
558 711 865 780 humanam,
903 710 1296 780 assumtiouem
1343 724 1447 780 non
1493 709 1800 780 exgduabns

427 778 663 836 existere
690 779 926 843 naturis,
970 778 1066 833 sed
1113 778 1285 833 solam
1338 779 1393 833 in
1439 793 1505 832 eo
1555 778 1797 832 divinam

437 859 689 904 naturam
779 864 1017 903 manere.
1065 848 1379 904 Theodorus
1431 847 1567 901 dixit
1632 848 1796 900 alium

422 933 545 974 esse
573 918 739 972 Deum
773 920 1018 981 verbum.
1059 929 1113 972 et
1143 919 1307 973 alium
1351 932 1473 973 esse
1498 918 1793 977 Christum,

429 1002 484 1043 et
530 989 754 1042 Mariam
782 1006 888 1043 non
923 988 1017 1053 Dei
1045 1003 1166 1043 esse
1192 999 1442 1044 matrem.
1493 988 1803 1043 Macbarius

424 1073 557 1114 vero
609 1057 1241 1140 Constantinopolitanus
1258 1129 1288 1140 Α.
1306 1059 1641 1140 episcopusm
1662 1057 1801 1140 dixit

431 1144 595 1182 unam
627 1126 1053 1185 voluntatem'et
1083 1126 1452 1198 operationem
1496 1126 1553 1182 in
1583 1126 1800 1183 Christo

434 1213 575 1253 esse.

279 1287 409 1342 699.
450 1287 503 1343 9.
537 1285 838 1360 [ncexxvn]
872 1285 931 1359 (1.
980 1288 1151 1360 pont.)
1198 1286 1299 1342 Leo
1346 1304 1485 1358 papa
1538 1287 1605 1342 79
1651 1252 1835 1340 men--

198 1377 354 1431 sibus
383 1377 456 1409 '“
485 1378 571 1433 11.
606 1377 739 1449 [Leo
775 1394 913 1449 papa
942 1378 1080 1434 obiit
1118 1379 1151 1434 5
1199 1377 1338 1434 Non.
1376 1377 1537 1444 Julii;
1582 1386 1637 1432 ct
1686 1392 1802 1433 ces-

154 1518 167 1531 ,
200 1468 355 1522 sarit
432 1469 776 1541 episcopatus
856 1472 1138 1527 mensibus
1211 1473 1298 1529 11.
1370 1472 1483 1528 lloc
1561 1482 1802 1542 tempore

202 1560 412 1616 [Aonis
437 1577 607 1632 papae,
656 1564 742 1618 die
788 1563 856 1619 16
912 1564 1114 1620 mensis
1141 1565 1363 1636 Aprilis,
1393 1566 1687 1620 indictione
1712 1565 1800 1628 11,

1898 376 2080 431 stituit
2128 390 2315 444 pacem
2341 392 2464 431 cum
2496 373 2814 430 Sarracenis
2852 369 3115 426 decennio
3144 376 3287 421 terra
3314 364 3479 420 mari-

1898 482 2041 537 que;
2075 468 2170 523 sed
2192 476 2249 523 et
2286 468 2564 538 provincia
2590 463 2789 520 Ali'rica
2818 460 3101 534 subjugata
3127 470 3212 515 est
3232 456 3480 515 Romano

1899 558 2127 628 imperio
2148 597 2164 621 .
2195 572 2316 626 qua:
2343 566 2464 613 erat
2506 556 2722 611 detenta
2748 570 2779 609 a
2811 550 3161 615 Sarraceuis,
3201 549 3318 620 ipsa
3345 563 3484 620 quo-

1897 666 2003 721 que
2029 649 2320 721 Cartagiuc
2357 651 2424 704 ab
2453 649 2535 705 eis
2561 657 2721 717 capta
2745 658 2799 701 et
2827 645 3120 719 destructa.
3470 634 3479 643 ’

1970 740 2091 795 712.
2122 740 2175 795 5.
2220 738 2401 811 [ecxcj
2446 738 2506 804 (ι.
2540 738 2709 809 pont.)
2748 734 2993 809 [Sergius
3040 746 3175 803 papa
3200 722 3481 785 constituit

1901 841 1959 887 ut
1989 843 2233 902 tempore
2279 830 2668 886 contractionis
2720 824 2984 884 Dominici
3010 823 3259 893 corporis
3295 821 3480 893 Agnus

1902 922 1997 977 Dei
2024 938 2057 977 a
2082 922 2229 979 clero
2260 916 2626 990 cantaretur.]
3166 968 3187 981 ,

1970 1013 2094 1070 714.
2132 1013 2185 1069 7.
2251 1008 2478 1085 [oaxen]
2532 1007 2746 1082 (Bsm.)
2818 1006 3158 1064 Justinianus
3229 1001 3481 1073 Sergium

1901 1121 2121 1180 papam,
2168 1103 2261 1174 qui
2298 1103 2535 1158 erratice
2560 1115 2673 1157 sua:
2698 1098 2887 1155 sinodo
2907 1138 2922 1164 ,
2980 1113 3144 1168 quam
3171 1093 3484 1152 Constanti-

1901 1197 2138 1267 nopolim
2168 1195 2402 1260 fecerat,
2455 1192 2638 1248 favere
2684 1202 2741 1247 et
2785 1191 3128 1246 subscribere
3181 1187 3483 1256 noluisset,

1902 1289 2067 1344 misso
2094 1286 2354 1341 Zacharia
2399 1281 2802 1355 protospatario
2849 1296 2978 1346 suo,
3022 1279 3187 1352 jussit
3218 1277 3484 1335 Constan-

1905 1377 2183 1449 tinopolim
2196 1374 2493 1447 deportari;
2508 1373 2602 1429 sed
2617 1372 2685 1404 ³⁹⁹
2701 1370 2947 1443 prevenit
2958 1369 3144 1425 militia
3159 1369 3489 1449 Ravennam

1905 1448 2054 1525 urbis
2073 1468 2487 1537 vicinarumque
2507 1463 2744 1535 partium
2768 1460 2917 1531 iussa
2942 1459 3197 1531 principis
3216 1448 3487 1535 nefanda,

1905 1570 1964 1616 et
1989 1559 2221 1615 eundem
2252 1552 2931 1632 Zachariam_contumeliis
2946 1560 3003 1608 et
3023 1548 3234 1619 injuriis
3262 1550 3330 1605 ab
3353 1549 3489 1609 urbe

216 1651 352 1706 luna
396 1625 623 1721 eclipsin
667 1653 909 1722 pertulit,
959 1664 1080 1724 post
1127 1625 1315 1710 cenam
1350 1625 1586 1720 Domini,
1645 1625 1804 1711 nocte
1835 1625 1880 1683 Β
1910 1651 2083 1707 Roma
2110 1648 2336 1719 pepulit.

202 1756 350 1812 pene
397 1751 513 1796 tota
560 1742 612 1796 in
663 1745 959 1816 sanguineo
1010 1745 1159 1799 vultu
1223 1745 1566 1811 elaboravit,
1631 1746 1804 1803 donec

201 1842 333 1904 post
360 1833 711 1903 gallicantum
755 1836 899 1906 cepit
946 1837 1206 1907 paulatim
1237 1837 1592 1909 delimpidare
1642 1846 1699 1894 et
1749 1841 1804 1894 in

202 1938 310 1977 suo
336 1922 585 1995 reverti.]

284 2011 413 2068 700.
488 2013 577 2067 10.
641 2012 961 2088 [neuxvut]
1021 2015 1254 2072 Sanctus
1301 2017 1442 2073 Beda
1495 2020 1805 2088 presbiter,

203 2101 474 2175 Anglicus
526 2115 869 2177 compotator
899 2148 913 2173 ,
966 2108 1051 2164 bis
1099 2111 1431 2181 temporibus
1481 2113 1662 2169 clarus
1706 2116 1804 2169 hav

207 2195 398 2251 betur.
718 2207 733 2219 '

281 2284 413 2342 701.
458 2287 547 2342 11.
587 2286 870 2363 [ocuxtx]
926 2289 1239 2347 Benedictus
1281 2310 1417 2364 papa
1446 2293 1515 2351 80
1543 2295 1696 2349 annis
1739 2296 1793 2360 1,

206 2378 481 2433 mensibus
512 2378 600 2433 10.
1356 2398 1367 2409 “

281 2468 411 2523 702.
453 2469 544 2523 12.
588 2467 850 2542 [ncuxx]
890 2470 985 2540 (cf.
1034 2472 1073 2525 ι.
1113 2476 1283 2545 pont.)
1324 2475 1430 2529 lstc
1476 2475 1545 2531 ab
1592 2475 1811 2532 ineunte

206 2570 374 2617 atate
438 2562 492 2615 in
537 2562 751 2617 aeclesia
791 2565 1074 2631 militavit,
1124 2578 1179 2623 et
1226 2569 1557 2639 paupertatis
1603 2580 1811 2624 atnator

209 2654 437 2723 semper
463 2669 563 2723 pro
586 2654 803 2711 Christo
830 2658 1031 2712 extitit.

284 2745 414 2800 703.
459 2746 548 2800 13.
593 2746 870 2821 [ncuxxr]
912 2750 1103 2822 (Bt-10.x)
1143 2749 1341 2807 Sancta
1370 2753 1615 2825 "'virgo
1667 2754 1812 2809 Edil-

212 2834 425 2899 thrida,
455 2834 564 2891 lilia
603 2838 774 2893 Annae
804 2840 947 2911 regis
974 2841 1270 2913 Anglorum
1339 2859 1461 2898 cum
1510 2845 1812 2916 magniﬁcis

1975 1740 2099 1797 716.
2140 1739 2193 1795 9.
2244 1736 2481 1812 [ncxctv]
2529 1735 2751 1808 (Bt-1m.)
2779 1735 3001 1808 Sergius
3034 1747 3173 1805 papa
3215 1729 3490 1788 ordinavit

1904 1832 2271 1889 venerabilem
2328 1832 2503 1885 virum
2553 1826 2933 1905 Yilbrordum,
2991 1825 3316 1899 cognomine
3372 1823 3493 1880 Cle-

1906 1933 2175 1995 mentem,
2210 1922 2525 1978 Fresouum‘
2549 1921 2695 1990 genti
2722 1920 3062 1991 episcopum,
3117 1918 3186 1974 de
3215 1915 3491 1981 Brittania

1907 2009 2123 2082 natum,
2161 2028 2360 2085 genere
2385 1998 2692 2082 Anglicum.

1979 2106 2104 2160 717.
2146 2084 2233 2161 10.
2275 2101 2492 2176 [ορκον]
2534 2101 2746 2174 (Bsns.)
2774 2087 3122 2179 'Justinianus
3178 2084 3246 2154 ab
3278 2086 3492 2173 culpant

1908 2197 2153 2269 perﬁdia:-
2174 2197 2325 2267 regni
2347 2194 2518 2267 gloria
2540 2195 2814 2265 privatus.
2856 2191 2983 2247 exul
3014 2193 3071 2247 in
3094 2190 3323 2247 Pontum
3348 2206 3496 2247 sece-

1909 2290 2009 2344 dit.

1985 2378 2345 2434 Romanorum
2384 2376 2453 2432 70
2483 2375 2589 2449 Leo
2637 2376 2869 2448 regnavit
2928 2374 3081 2429 annis
3123 2374 3186 2439 5,
3235 2390 3413 2447 usque.
3442 2373 3497 2431 in

1911 2485 2111 2525 annum
2135 2469 2239 2525 686
2265 2478 2382 2538 post
2405 2469 2701 2539 passionem
2720 2467 2971 2528 Domini.

1982 2560 2105 2616 718.
2148 2562 2200 2614 1.
2244 2558 2733 2633 [ocxcvr].(Bsnx.)
2779 2558 2927 2629 Papa
2956 2558 3181 2630 Sergius
3228 2558 3282 2613 in
3306 2570 3496 2613 sacra-

1913 2636 1995 2709 rio
2023 2653 2165 2709 beati
2194 2653 2340 2708 Petri
2371 2652 2598 2723 apostoli
2642 2667 2861 2721 capsam
2894 2661 3253 2721 argenteam,
3293 2665 3415 2719 qua:
3440 2651 3495 2706 in

1914 2745 2110 2827 angulo
2159 2746 2550 2802 obscurissime
2591 2746 2894 2803 diutissime
2929 2744 3207 2814 jacuerat,
3262 2752 3319 2798 et
3350 2743 3403 2805 in
3428 2757 3493 2798 ea

1913 2853 2132 2893 crucem
2176 2838 2407 2894 diversis
2435 2854 2499 2894 ac
2534 2838 2948 2909 pretiosissimis
2970 2836 3238 2907 lapidibus
3263 2837 3494 2895 adorna.

215 2929 400 2984 tribus
441 2929 576 2984 viris
605 2928 707 2985 {uit
755 2934 1073 3003 conjuncta;
1116 2944 1240 3005 post
1276 2936 1344 2991 12
1387 2954 1559 2995 annos
1598 2946 1809 2994 tuorum

1929 2940 2058 2997 Lam,
2104 2931 2331 3006 Domino
2364 2932 2668 2997 revelante,
2730 2931 2995 3003 reperiit;
3047 2931 3116 2989 de
3158 2945 3262 2999 qua
3313 2931 3498 2987 tractis

214 3019 536 3091 incorrupta
579 3025 815 3079 servavit
860 3027 1181 3083 maritalem.
1230 3027 1360 3085 Post
1412 3031 1650 3100 reginam
1716 3047 1807 3085 ac-

215 3122 384 3183 cepto
434 3114 487 3168 in
539 3118 960 3172 construendum
1011 3124 1399 3177 monasterium
1446 3124 1563 3179 loco
1608 3125 1699 3194 qui
1758 3134 1812 3179 ct

218 3202 378 3275 Eilge
424 3198 643 3269 dicitur,
695 3206 970 3263 abbatissa
1008 3218 1062 3263 et
1107 3211 1291 3265 nutrix
1339 3223 1649 3267 sanctarum
1706 3214 1814 3266 vir-

216 3294 412 3365 ginum
444 3296 598 3367 virgo
623 3308 991 3354 consecratur.
1016 3300 1183 3370 Cujus
1220 3318 1345 3358 caro
1371 3313 1491 3372 post
1532 3305 1597 3359 16
1642 3321 1814 3359 annos

218 3385 538 3455 sepultura},
577 3397 627 3443 et
675 3391 840 3447 vestis
900 3408 1005 3462 qua
1050 3394 1288 3450 inroluta
1336 3380 1474 3461 erat,
1502 3398 1813 3467 incorrupta

216 3477 555 3547 repperitur.

292 3566 425 3625 706.
466 3567 553 3624 16.
595 3568 910 3646 [πιπίνειν]
939 3574 1031 3642 (cf.
1062 3574 1097 3629 Ι.
1130 3578 1300 3646 pont.)
1330 3578 1649 3633 Benedictus
1678 3594 1815 3647 papa

218 3658 364 3716 obiit
392 3658 538 3732 [post
596 3664 712 3719 dies
759 3665 996 3739 paschae]
1042 3668 1075 3722 8
1115 3669 1239 3724 ldus
1281 3667 1424 3734 Maii,
1477 3679 1532 3724 et
1574 3670 1816 3738 sepultus

222 3750 375 3820 apud
403 3753 620 3807 beatum
645 3752 890 3813 Petrum.
1110 3806 1116 3810 .

295 3845 425 3900 707.
468 3846 554 3902 17.
619 3847 911 3923 [DCLXXXV]
970 3850 1030 3924 (ι.
1080 3851 1252 3923 pom.)
1297 3851 1528 3908 Joannes
1569 3854 1631 3909 81
1682 3870 1817 3924 papa

224 3953 373 3992 anno
405 3938 458 4003 1,
490 3956 666 3994 mense
698 3940 746 3994 1.
776 3938 969 4013 [Hujus
1001 3950 1241 4012 tempore
1276 3943 1521 4014 regnavit
1559 3943 1819 3999 Justinia-

225 4047 357 4096 nus,
385 4043 617 4104 augusto
642 4045 855 4090 mortuo
884 4046 1057 4106 patre,
1085 4037 1137 4090 in
1164 4036 1316 4090 initio
1341 4038 1541 4092 mensis
1571 4036 1817 4107 Septem-

223 4120 367 4187 bris,
419 4122 720 4178 indictione
774 4123 862 4177 14.
922 4123 1196 4180 Johaunes
1249 4140 1386 4195 papa
1448 4126 1643 4180 obiit4
1675 4124 1810 4181 Non.

222 4210 508 4284 Augusti.]

1914 3034 2148 3093 quatuor
2168 3025 2415 3094 petallis,
2461 3025 2658 3095 quibus
2690 3041 2862 3097 genite
2892 3024 3113 3085 inclusa:
3146 3032 3302 3085 erant
3346 3022 3497 3083 mira:

1913 3120 2329 3189 magnitudinis,
2388 3120 2691 3189 portionem
2733 3119 2862 3189 ligni
2904 3118 3165 3175 salutiferi
3200 3117 3496 3178 Dominicas

1914 3211 2094 3266 crucis
2120 3211 2351 3265 interius
2385 3212 2676 3279 repositam
2714 3212 2967 3280 inspexit.
2998 3212 3127 3279 Quae
3155 3225 3222 3265 ex
3255 3218 3499 3278 tempore

1916 3304 2006 3359 illo
2028 3305 2186 3360 annis
2206 3305 2458 3359 omnibus
2482 3304 2534 3357 in
2565 3304 2783 3359 basilica
2812 3303 3109 3359 Salvatoris
3131 3342 3146 3366 ,
3170 3318 3293 3373 quae
3315 3303 3500 3373 appelz

1914 3396 2058 3453 latur
2088 3395 2533 3451 Constantiniana
2552 3437 2569 3463 ,
2601 3398 2687 3452 die
2709 3396 3058 3451 exaltationis
3086 3394 3206 3464 ejus
3249 3395 3318 3450 ab
3344 3395 3493 3450 onmi

1915 3489 2192 3544 osculetur
2213 3500 2376 3558 atque
2410 3490 2670 3544 adoratur
2694 3488 2908 3558 populo.

1987 3581 2110 3635 719.
2136 3580 2190 3634 2.
2235 3579 2491 3652 [ncxcvnj
2530 3580 2744 3651 (Βεω.)
2796 3580 3289 3636 Beverentissimus
3312 3578 3502 3635 accele-

1918 3668 2012 3725 site
2042 3668 2500 3724 Lindisfraneusis
2516 3670 2567 3723 in
2594 3669 2858 3723 Brittania
2880 3684 2949 3723 ex
2971 3670 3250 3724 ancborita
3273 3668 3502 3723 antistes

1918 3763 2255 3818 Cudberctus
2313 3769 2483 3815 totam
2540 3761 2608 3815 ab
2664 3760 2889 3814 infantia
2953 3774 3122 3829 usque
3169 3760 3237 3813 ad
3284 3760 3498 3821 senium

1920 3855 2088 3908 vitam
2116 3852 2500 3909 miraculorum
2518 3851 2690 3920 signis
2719 3851 2960 3908 inclitam
2983 3851 3155 3905 duxit.
3178 3848 3345 3919 Cujus
3368 3851 3496 3925 dum

1923 3945 1984 3999 11
2018 3958 2192 3998 annos
2234 3951 2483 3998 maneret
2510 3955 2711 4011 corpus
2749 3941 3066 4004 humatum,
3126 3938 3494 4010 incorruptum

1922 4043 2044 4104 post
2065 4034 2179 4090 haec
2203 4032 2358 4104 quasi
2382 4032 2518 4091 hora
2542 4031 2733 4087 eadem
2752 4028 2990 4093 defuncti
3013 4027 3176 4099 simul
3197 4043 3322 4084 cum
3350 4037 3503 4085 veste

1924 4141 2031 4195 qua
2054 4123 2329 4195 tegebatur
2349 4123 2627 4179 inventum
2659 4128 2743 4176 est

1996 4239 2125 4294 720.
2164 4237 2221 4293 5.
2260 4233 2543 4310 [ncxcym]
2581 4233 2665 4306 (P.
2692 4233 2754 4288 Ι).
2783 4247 2835 4288 vr
2858 4272 2873 4298 ,
2904 4230 2992 4304 15)
3020 4230 3291 4293 Tiberius,
3313 4235 3502 4284 contra

301 4302 668 4358 Romanorum
700 4303 767 4359 69
793 4304 1133 4358 Justinianus
1161 4306 1352 4371 minor,
1386 4305 1529 4374 [ilius
1563 4305 1822 4361 Constan-
1854 4310 1899 4368 ι)
1926 4330 2162 4385 Leonem
2209 4302 2543 4399 in'mrgens;
2572 4302 2798 4395 ίεεηυιη
2821 4321 2941 4392 ejus
2964 4302 3162 4378 invasit
3183 4360 3199 4385 ,
3227 4334 3459 4390 eumque
3485 4348 3502 4383 δ

229 4396 360 4462 ιὶηι,
411 4397 565 4451 annis
628 4396 735 4464 10,
788 4413 947 4468 usque
1012 4398 1067 4450 in
1122 4413 1319 4451 annum
1366 4396 1472 4453 68-1
1521 4410 1635 4469 post
1703 4416 1826 4470 pas-

228 4487 459 4540 sionem.

303 4569 431 4632 708.
474 4576 523 4632 1.
568 4576 884 4650 [ocuxxvn]
907 4576 1124 4651 (Βευι.)
1139 4576 1320 4633 Conon
1341 4576 1411 4635 82
1435 4595 1573 4650 ραρα
1604 4595 1741 4633 anno
1774 4580 1790 4632 1

228 4668 503 4724 mensibus
531 4670 619 4724 11.

302 4758 430 4813 709.
468 4759 526 4814 2.
568 4758 954 4833 [nccxxxvn]
1015 4760 1249 4816 Sanctus
1299 4756 1543 4814 Kilianns
1582 4758 1822 4821 Scottus,

229 4850 299 4905 de
336 4848 599 4907 Hibernia
650 4853 824 4907 insula
867 4862 1048 4915 natus,
1096 4851 1559 4923 Wirziburgeusis
1617 4850 1827 4920 episco-

233 4956 336 5011 pus
366 4981 383 5007 ,
433 4942 617 4997 clarus
669 4944 923 4998 habetur.
977 4941 1188 5014 [Conon
1243 4956 1380 5011 papa
1424 4940 1560 4997 obiit
1607 4939 1674 4993 21
1743 4939 1830 4995 die
1896 4954 1899 4957 '

232 5031 622 5106 Septembris]

307 5124 428 5154 Hm.
474 5124 507 5154 α
569 5123 927 5154 τευ-...ννυ-..Ὶ
988 5125 1028 5154 il
1111 5122 1281 5154 ..ηκοὶ
1340 5121 1552 5154 ρων-ἕ...

1927 4421 2187 4493 quamdiu
2216 4420 2333 4492 ipse
2347 4417 2615 4490 regnavit,
2646 4417 2700 4471 iu
2722 4415 2912 4471 eadem
2926 4413 3148 4470 civitate
3171 4411 3226 4466 in
3256 4408 3506 4466 custodia

1929 4513 2122 4570 tenuit.
3491 4514 3494 4518 λ

2002 4624 2362 4680 Romanorum
2389 4624 2453 4678 71
2473 4664 2488 4689 ,
2516 4619 3015 4693 regnavit‘Tiberius
3047 4619 3207 4673 annis
3242 4618 3273 4672 7
3292 4657 3306 4684 ,
3348 4629 3507 4686 usque

1928 4719 1982 4772 in
2006 4734 2202 4771 annum
2232 4717 2335 4771 694
2358 4724 2473 4785 post
2490 4711 2795 4784 passionem
2824 4710 3056 4765 Domini.

2003 4822 2127 4883 721.
2170 4828 2221 4882 1.
2262 4823 2506 4900 [uexati]
2546 4823 2758 4895 (Βευλ.)
2801 4820 3051 4891 Synodus
3085 4816 3349 4887 Aquileia:
3371 4813 3514 4868 facta

1932 4923 2003 4979 ob
2042 4920 2368 4989 imperitiam
2423 4916 2547 4970 lidei
2593 4915 2841 4983 quintum
2884 4911 3175 4966 concilium
3206 4905 3517 4964 universale

1936 5014 2210 5082 suscipere
2253 5007 2476 5072 dimdit,
2535 5007 2726 5069 dOItec,
2756 4994 3088 5056 salutaribus
3133 4999 3285 5054 beati
3363 5000 3515 5081 p3ng

1588 5119 1656 5154 ex
1697 5137 1832 5154 ηιμ...
1933 5107 2088 5154 Sm-oi
2128 5105 2351 5154 monitis
2372 5103 2631 5154 instructa
2651 5139 2666 5154 .
2695 5106 2750 5151 et
2774 5094 2846 5126 ⁸⁰⁰
2880 5093 2995 5154 ipsa
3019 5093 3147 5146 botc
3170 5105 3303 5147 cum
3329 5085 3522 5143 ceteris
