3934 5330
138 297 251 352 757

1355 292 1766 351 CHRONICON.
1803 322 1867 333 -—
1912 293 2036 347 UB.
2089 291 2164 347 111.

3303 287 3408 347 758

135 412 193 466 in
227 412 342 464 vita
378 404 652 479 ejusWil.
701 410 898 482 legitur
940 411 1011 444 ⁸⁸³
1047 408 1227 482 (145)Ι
1274 410 1538 484 [Gregorii
1572 423 1721 478 papa:
1753 413 1799 470 Α
1896 406 2247 461 Romanorum
2276 406 2344 458 7U
2367 406 2596 475 regnavit
2641 403 2742 457 Leo
2768 405 2920 458 annis
2942 403 2976 459 9
2997 444 3012 467 ,
3041 416 3086 458 et
3118 406 3407 460 indeomnis

134 510 419 572 tempore,
475 500 768 558 indictione
825 503 925 570 tl,
977 503 1090 557 visa
1138 512 1222 558 est
1262 502 1386 557 luna
1440 509 1723 556 cruentata

132 603 322 659 usque
347 592 414 645 ad
443 592 670 646 mediam
709 602 944 647 noctem.
979 591 1038 664 (ι.
1069 593 1240 662 pom.)
1291 593 1392 660 Qui
1431 592 1724 662 Gregorius

129 677 238 732 fuit
277 681 611 749 temporibus
651 681 1034 752 imperatorum
1065 683 1316 738 Anastasi
1356 693 1411 738 et
1456 681 1724 736 Theodosi

129 778 188 824 et
217 769 470 844 Leonis]
500 771 748 842 Pipinus,
795 773 938 828 filius
965 774 1203 843 Ansgisii
1223 775 1478 830 Anchisa:
1503 773 1722 843 Trojani

131 876 264 914 nom
292 876 330 916 η
344 877 364 913 3
385 862 703 930 appellatus.
727 864 882 932 Apud
895 863 1097 919 Gallias
1117 865 1450 920 Francorum
1469 877 1720 934 regnans,

131 951 296 1004 obiit.
331 951 430 1006 Cui
458 951 684 1008 Carolus
703 995 717 1018 ,
758 955 851 1025 qui
880 965 934 1010 et
965 956 1139 1025 major
1160 956 1381 1021 domus,
1411 955 1550 1009 (ilius
1576 954 1721 1020 eius,

131 1042 186 1094 in
221 1057 401 1111 regno
449 1046 714 1102 successit
751 1061 851 1117 per
879 1062 1054 1102 annos
1091 1047 1188 1112 27,
1251 1063 1422 1117 usque
1471 1048 1537 1100 ad
1587 1046 1724 1100 filios

131 1145 263 1186 suos
297 1131 755 1189 Carolomauuum
810 1144 868 1190 ct
907 1136 1156 1206 Pipinum
1204 1138 1438 1206 primum
1486 1138 1724 1206 impera-

130 1231 317 1276 torum
361 1223 720 1280 Francorum.
770 1227 987 1296 (Bsoa.)
1028 1226 1396 1283 Liutbrandus
1447 1243 1541 1282 rex
1582 1227 1724 1282 Lan-

129 1313 504 1383 gobardorum
552 1317 894 1372 donationem
924 1318 1238 1386 patrimonii
1277 1318 1493 1387 Alpium
1521 1317 1725 1374 Cottia-

131 1421 288 1471 rum,
322 1422 486 1478 quam
514 1407 872 1464 llereberctus
909 1427 1004 1465 rex
1039 1410 1240 1465 fecerat
1267 1420 1321 1466 et
1369 1411 1458 1463 ille
1487 1411 1720 1480 repetie-

130 1506 244 1560 rat,
317 1495 708 1554 ammonitione
758 1501 1086 1556 venerabilis
1148 1517 1298 1570 papa:
1329 1502 1557 1571 Gregori
1589 1516 1725 1558 con-

131 1586 396 1641 ﬁrmavit.
434 1588 728 1644 Ecberctus
770 1591 853 1644 vir
889 1599 1110 1646 sanctus
1136 1590 1204 1645 de
1237 1599 1397 1661 gente
1424 1591 1721 1661 Anglorum

129 1685 184 1730 et
212 1680 476 1733 sacerdos
506 1682 823 1736 monachica
851 1682 959 1737 vita
993 1691 1047 1736 et
1075 1684 1394 1752 peregrinus
1424 1698 1715 1746 exornans,

131 1766 400 1834 plurimas
440 1767 691 1825 Scotticae
737 1771 914 1840 gentis
960 1747 1266 1840 provincias
1295 1773 1360 1827 ad
1403 1773 1718 1828 canonicam
1750 1747 1794 1806 Β

130 1857 412 1924 paschalis
476 1859 735 1928 temporis
784 1860 1218 1927 observantiam,
1273 1876 1303 1915 a
1359 1877 1464 1930 qua
1520 1862 1722 1917 diutius

134 1948 528 2005 aberraverant
548 1990 564 2016 ,
616 1951 702 2021 pia
745 1953 1110 2022 predicatione
1136 1955 1434 2021 convertit,
1486 1971 1629 2013 anno
1655 1955 1723 2012 ab

133 2037 514 2095 incarnatione
544 2040 753 2096 Domini
774 2039 929 2110 juxta
957 2041 1255 2097 Dionisium
1281 2043 1404 2096 7l6.

200 2128 328 2183 758.
372 2128 427 2182 ὅ.
471 2128 706 2202 [occxvn]
757 2130 850 2200 (cf.
883 2131 921 2184 l.
949 2132 1120 2202 pont.)
1158 2131 1450 2202 Gregorius
1481 2133 1552 2165 W‘
1580 2147 1720 2202 papa

133 2221 419 2276 constituit
466 2230 522 2277 ut
567 2223 619 2278 in
667 2224 1122 2293 quadragesimali
1186 2233 1428 2294 tempore
1456 2224 1724 2295 jejunium

134 2319 295 2380 atque
327 2313 622 2406 missarum
659 2313 950 2371 celebritas
993 2314 1149 2371 fieret
1250 2315 1392 2372 nuod
1433 2325 1560 2372 ante
1601 2331 1726 2371 eum

137 2417 238 2457 non
269 2412 416 2458 erat.

202 2491 570 2548 Romanorum
616 2495 686 2550 75
748 2495 1069 2552 Theodosius
1115 2499 1346 2569 regnavit
1389 2515 1527 2554 mmo
1578 2516 1725 2568 uno,

135 2600 290 2652 nume
318 2585 382 2636 in
409 2601 608 2638 annum
639 2586 740 2641 705
767 2597 881 2655 post
906 2589 1200 2657 passionem
1225 2588 1458 2642 Domini.
1587 2634 1613 2661 ,

201 2674 329 2730 739.
378 2675 426 2729 1.
471 2674 731 2750 [Dccxvu]
772 2678 855 2749 (Ρ.
891 2679 954 2733 D.
984 2679 1194 2749 v1.36.)
1219 2679 1540 2735 Anastasius
1561 2697 1729 2753 augu-

136 2770 250 2818 stus
278 2778 409 2818 eum
439 2764 641 2820 clasem
671 2765 724 2820 in
751 2766 1136 2822 A'lexandriam
1182 2776 1370 2822 contra
1396 2766 1728 2824 Sarracenos

138 2853 330 2909 direxit
407 2856 711 2917 exercitus,
768 2859 992 2914 dimidio
1054 2859 1249 2916 itinere
1299 2862 1625 2928 revertitur,
1673 2871 1730 2917 et

138 2944 503 3001 Theodosium
546 2947 927 3017 imperatorem
959 2950 1110 3016 facit,
1144 2961 1497 3022 coactumque
1521 2969 1644 3008 eum
1673 2955 1726 3008 in

139 3034 266 3090 solio
293 3037 515 3106 imperii
546 3038 909 3095 conﬁrmavit.
941 3041 1042 3108 Qui
1075 3042 1270 3097 deinde
1294 3045 1433 3112 apud
1461 3043 1721 3100 Nicenam

138 3124 413 3182 civitatem
464 3130 616 3197 gravi
678 3129 848 3198 prelio
897 3131 1026 3185 vicit
1075 3131 1464 3198 Anastasium,
1526 3134 1724 3203 inquo

140 3228 340 3286 septem
383 3219 532 3274 milia
562 3219 628 3276 de
674 3221 917 3275 exercitu
954 3221 1292 3277 ceciderunt.
1329 3223 1498 3292 Capto
1540 3232 1722 3279 autem

139 3306 432 3362 Anastasio
456 3348 471 3372 ,
513 3308 746 3378 datoque
770 3309 870 3363 sibi
911 3319 1254 3365 sacramento
1275 3352 1290 3377 ,
1321 3311 1576 3366 clericum
1607 3313 1722 3368 ﬁeri

142 3414 201 3452 ac
225 3401 604 3468 presbeterum
630 3400 744 3455 fieri
771 3401 901 3456 fecit
923 3402 1182 3456 ordinari.
1213 3401 1547 3459 Theodosius
1571 3419 1723 3468 vero,

143 3498 197 3543 ut
228 3491 512 3560 regnavit,
573 3505 697 3545 cum
741 3500 886 3546 esset
933 3492 1272 3558 catholicus,
1323 3507 1448 3548 mox
1491 3495 1545 3548 in
1577 3496 1724 3566 regia

143 3582 269 3636 urbe
315 3583 613 3654 imaginem
661 3582 803 3636 illam
837 3586 1204 3639 venerandam
1229 3624 1244 3649 ,
1295 3585 1349 3639 in
1389 3600 1492 3654 qua
1523 3596 1726 3643 sancta

143 3685 231 3727 sex
267 3675 466 3743 synodi
523 3683 678 3729 erant
719 3673 983 3744 depjctm,
1029 3683 1085 3730 et
1127 3690 1158 3730 a
1203 3675 1501 3746 Pbilippico
1551 3678 1727 3734 fuerat

144 3763 343 3832 dejecta
377 3805 394 3830 ,
425 3765 656 3834 pristino
682 3765 733 3820 in
764 3765 883 3821 loro
905 3766 1097 3821 erexit.
1124 3766 1342 3838 (Βεω.)
1386 3767 1597 3824 Tiberis
1626 3767 1726 3824 ilu-

143 3855 255 3909 vius
279 3855 496 3910 alveum
543 3873 698 3910 suum
754 3872 1005 3926 egressus
1051 3856 1365 3929 [indictione
1412 3858 1499 3930 15]
1557 3859 1725 3930 multa

145 3943 322 4000 liozme
351 3946 482 4000 fecit
511 3946 708 4011 exitia,
763 3945 834 4001 ita
881 3955 941 4000 ut
987 3946 1042 4001 in
1081 3946 1166 4000 via
1210 3946 1343 4002 Lata
1375 3949 1442 4002 ad
1473 3963 1632 4002 unam
1671 3957 1726 4004 et

147 4038 300 4094 semis
342 4047 609 4094 staturam
657 4048 1027 4102 excrescerct,
1084 4048 1246 4108 atque
1287 4055 1313 4090 a
1349 4049 1501 4108 porta
1549 4040 1726 4096 sancti

149 4126 285 4183 Petri
314 4146 488 4200 usque
526 4131 594 4185 ad
642 4130 872 4186 Pontum
912 4131 1165 4186 blolvium
1211 4148 1365 4202 aqum
1407 4147 1466 4189 se
1496 4134 1722 4189 descen-

149 4221 326 4278 dentes
347 4225 760 4294 conjungerent.
791 4223 986 4279 Mansit
1005 4235 1185 4278 autem
1202 4225 1394 4280 diebus
1425 4226 1454 4279 7
1477 4265 1492 4292 ,
1520 4226 1689 4282 donec
1707 4268 1722 4295 ,

150 4317 430 4384 agentibus
484 4316 714 4371 letanias
761 4317 980 4372 crebras
1037 4316 1281 4382 civibus,
1358 4317 1574 4372 demum
1635 4319 1725 4375 die

1829 499 1895 554 15
1933 516 2092 568 usque
2130 499 2198 552 ad
2258 497 2500 553 Pioinum
2549 496 2877 552 Francorum
2925 500 3149 566 primum
3179 501 3406 568 impera-

1826 604 1990 646 torem
2033 593 2129 645 hoc
2182 601 2446 661 estusque
2489 591 2542 644 in
2572 606 2767 644 artuum
2808 589 2913 645 7‘29
2949 599 3063 660 post
3111 592 3406 660 passionem

1831 683 2064 738 Domini.

1896 774 2018 828 710.
2060 775 2112 828 1.
2153 773 2434 845 [occxvut]

1895 865 2017 920 7M.
2043 867 2098 920 2.
2141 865 2379 939 [occur]
2412 864 2624 935 (Bson)
2650 865 2936 921 Sarraceni
2961 867 3030 898 ⁸⁸⁵⁸
3054 882 3177 920 cum
3201 866 3408 921 imenso

1829 958 2070 1012 exercitu
2097 956 2615 1027 Constantinopolim
2646 956 2965 1030 [civitatem]
3001 957 3234 1013 triennio
3261 961 3410 1014 obsio

1828 1049 1997 1112 dent,
2050 1048 2220 1103 donec
2258 1049 2466 1104 civibus
2501 1049 2667 1104 multa
2712 1051 2970 1106 instantia
3001 1052 3302 1105 orationum
3335 1051 3404 1106 ad

1828 1139 1997 1194 Deum
2047 1137 2436 1194 clamaverunt.
2513 1139 2664 1196 Tunc
2715 1141 2929 1210 plurimi
2975 1139 3404 1196 Sarracenorum

1827 1229 1971 1283 tame
1994 1271 2008 1296 ,
2044 1229 2243 1300 frigore
2259 1239 2307 1284 et
2333 1229 2639 1298 pestilentia
2667 1232 2960 1300 perierunt.
2991 1231 3245 1285 Saraceni
3274 1245 3402 1286 vero

1827 1319 2041 1390 pertmsi
2102 1319 2399 1374 obsidionis
2444 1319 2762 1374 abscedunt.
2805 1319 2904 1386 Qui
2958 1320 3082 1374 inde
3127 1321 3402 1390 regressi,

1830 1409 2188 1481 Vulgarorum
2231 1417 2486 1481 gentem,
2540 1425 2659 1480 qua:
2710 1419 2793 1466 est
2842 1425 3003 1479 super
3061 1411 3405 1474 Danubium,

1825 1503 1965 1558 bello
1994 1503 2401 1574 adgrediuntur.
2430 1503 2513 1556 Ah
2543 1503 2648 1557 hac
2691 1517 2905 1574 quoque
2940 1503 3064 1557 victi
3093 1503 3364 1573 refugiunt
3389 1542 3404 1568 ,

1824 1608 1888 1649 ac
1913 1607 2078 1648 naves
2099 1601 2348 1663 repetunt
2371 1608 2496 1648 suas
2523 1591 2612 1646 ⁸⁸⁸.

1898 1683 2055 1758 [Cod.
2080 1687 2134 1740 in
2156 1684 2540 1758 marg.,Ciclus
2564 1684 2880 1758 undecimus
2899 1683 3188 1740 decennov.
3221 1684 3330 1740 ind.

2443 1755 2477 1811 5
2514 1754 2747 1828 incipit.]

1893 1849 2016 1904 741.
2056 1848 2110 1903 5.
2153 1846 2413 1920 {occuli}

1895 1938 2021 1994 715.
2087 1940 2140 1994 6.
2206 1937 2488 2012 [necum]
2555 1938 2932 1994 Juramentum
2996 1936 3168 1993 sancti
3236 1935 3410 2020 Scptti

1825 2028 2216 2099 archiepiscopi
2269 2027 2517 2084 Bonifatii
2588 2028 2756 2100 (conc.
2803 2027 2906 2091 Ill,
2947 2043 3000 2097 p.
3070 2025 3224 2096 l857)
3267 2067 3283 2090 ,
3354 2027 3409 2081 iu

1826 2119 2055 2176 ecclesia
2101 2121 2276 2176 sancti
2318 2121 2462 2177 Petri
2507 2120 2734 2190 apostoli
2766 2135 2949 2196 coram
2987 2133 3121 2188 papa
3145 2117 3408 2187 Gregorio

1827 2208 1901 2274 ll,
1965 2210 2310 2281 imperatoris
2353 2199 2551 2267 Leonis
2579 2200 2946 2277 adito-6',-sed
2975 2219 3033 2265 et
3071 2208 3410 2264 Constantini

1829 2301 2174 2370 imperatoris
2199 2301 2290 2355 filii
2315 2301 2478 2374 ejus.]

1901 2392 2022 2445 747.
2061 2393 2114 2448 8.
2155 2390 2407 2464 [occxxv]
2463 2391 2576 2447 Hoc
2612 2393 2681 2425 δ”
2713 2408 2852 2448 anno
2880 2392 3022 2447 Beda
3070 2399 3412 2462 computator

1829 2481 2093 2536 minorem
2130 2482 2363 2552 compoti
2397 2482 2596 2536 librum
2627 2483 2934 2552 componit,
2995 2482 3111 2552 ipso
3132 2481 3404 2535 ita‘teste:

1835 2591 1853 2626 ι
1892 2571 1948 2627 Si
1979 2572 2058 2627 vis
2081 2587 2238 2628 nosse
2258 2589 2354 2643 per
2383 2588 2555 2628 annos
2575 2575 2817 2645 singulos
2843 2581 2974 2645 quot
3005 2583 3135 2629 sunt
3158 2582 3364 2644 epacte
3388 2613 3406 2638 ,

1830 2679 1983 2718 sume
2004 2678 2174 2718 annos
2204 2663 2416 2718 Domini
2441 2663 2594 2733 juxta
2637 2665 2964 2730 Dionisium,
3003 2675 3134 2735 quot
3163 2665 3361 2720 fuerint
3389 2708 3404 2729 ,

1831 2763 2018 2826 utputa
2048 2756 2102 2809 in
2124 2755 2360 2825 presenti
2383 2765 2574 2810 octava
2603 2757 2895 2812 indictione
2922 2757 3047 2820 725,
3079 2758 3285 2826 partire
3312 2771 3408 2825 per

1830 2848 2014 2903 decem
2047 2837 2240 2902 novem
2288 2847 2470 2902 decies
2514 2847 2700 2902 novies
2750 2836 2941 2902 triceni
2998 2848 3274 2916 quingenti
3318 2861 3408 2901 se-

1830 2937 2130 3008 ptuaginta,
2160 2938 2340 2993 decies
2368 2939 2554 2993 novies
2575 2938 2756 2993 octoni
2799 2947 3020 2994 centum
3049 2939 3406 3008 quinquagies

1831 3028 2164 3099 dupondius,
2195 3038 2478 3084 remanent
2504 3039 2642 3096 tres;
2690 3031 2790 3085 bos
2825 3030 2955 3085 item
2985 3029 3281 3100 multiplica
3311 3046 3409 3101 per

1829 3119 2044 3183 decem,
2074 3119 2208 3174 iiunt
2235 3119 2452 3190 triginta
2486 3128 2618 3184 tres;
2661 3119 2785 3174 toHe
2817 3120 3032 3191 triginta
3058 3160 3074 3185 ,
3125 3130 3410 3174 remanent

1825 3218 1939 3264 tres
1964 3225 1978 3275 ;
2013 3210 2100 3264 isti
2125 3219 2234 3265 tres
2261 3220 2386 3266 sunt
2413 3220 2617 3280 epactaa
2645 3199 2916 3280 presentis
2934 3211 3083 3266 anni.
3123 3229 3142 3264 ι
3173 3211 3298 3267 llaec
3327 3215 3409 3266 ait

1826 3300 1965 3354 Beda
1997 3299 2099 3370 (De
2120 3311 2275 3369 temp.
2309 3311 2434 3362 rat.,
2467 3318 2516 3355 c.
2546 3300 2659 3372 50).
3388 3327 3390 3329 '

1897 3391 2018 3447 749.
2065 3392 2149 3447 10.
2193 3392 2491 3466 [occxxvu]
2532 3393 2648 3450 Alia
2694 3395 2917 3464 epistola
2965 3394 3204 3463 ejusdem
3255 3393 3406 3464 (NG)

1826 3499 1978 3555 papas
2014 3483 2259 3555 Gregorii
2287 3486 2508 3540 secundi
2535 3485 2601 3540 ad
2643 3487 2971 3547 Bonifatium
3017 3489 3184 3557 (conc.
3216 3488 3311 3553 Ill,
3349 3505 3406 3558 p.

1825 3575 2016 3647 1858),
2063 3575 2186 3629 data
2240 3576 2307 3630 10
2371 3576 2489 3632 Kal.
2553 3578 2901 3645 Decembris,
2954 3580 3162 3649 imperii
3209 3579 3409 3634 Leonis

1825 3681 1968 3722 anno
1989 3666 2080 3730 10,
2112 3667 2205 3722 sed
2236 3678 2290 3722 et
2315 3666 2653 3724 Constantini
2688 3671 2836 3741 regni
2863 3686 3007 3728 anno
3031 3673 3082 3737 8,
3109 3672 3404 3728 indictione

1823 3761 2054 3833 decima,
2077 3769 2131 3814 et
2157 3760 2311 3832 reliq.

2043 3853 2199 3928 [Cod.
2228 3855 2281 3908 in
2312 3870 2506 3924 marg.,
2535 3852 2714 3909 Ciclus
2737 3855 2867 3910 solis
2895 3856 3129 3928 incipit.)

1815 3969 1820 3971 -
1897 3947 2020 4003 750.
2079 3947 2165 4002 11.
2207 3944 2524 4018 [occxxvm]
2581 3945 2640 4012 (ι.
2677 3947 2846 4017 pont.)
2887 3945 3282 4019 [Langobardis
3333 3948 3406 3980 ⁸⁸⁸⁸

1826 4038 2121 4094 indictione
2155 4038 2211 4092 11
2258 4051 2544 4107 pervasum
2590 4047 2674 4090 est
2709 4035 2960 4090 Sutrinse
2993 4035 3272 4091 castellum
3301 4077 3316 4100 ,
3353 4047 3409 4091 et

1826 4129 2188 4201 quadraginta
2215 4128 2406 4181 diebus
2438 4140 2808 4197 possessosum
2837 4127 2904 4180 ab
2925 4127 3005 4181 eis
3027 4169 3042 4193 ,
3073 4126 3241 4181 donec
3271 4127 3405 4181 Gre-

1827 4222 1963 4294 gorii
1995 4236 2143 4293 papae
2168 4218 2439 4274 continuis
2487 4217 2708 4287 scriptis
2749 4225 2804 4272 et
2841 4218 3220 4272 donationibus
3239 4217 3402 4270 dimi-

1830 4322 2037 4370 serunt.
2066 4311 2249 4366 Mense
2276 4309 2552 4375 Januarii,
2590 4309 2882 4365 indictione
2913 4310 2980 4365 12
3005 4351 3018 4374 ,
3063 4309 3184 4379 plus
3218 4309 3408 4364 diebus

152 4411 456 4465 revertitur.
490 4410 630 4464 Beda
654 4411 733 4464 sic
760 4427 773 4463 :
808 4428 826 4460 α
870 4409 1019 4463 Multi
1048 4408 1342 4478 Anglorum
1368 4411 1432 4464 de
1456 4411 1720 4466 Brittania
1751 4441 1802 4502 ο
1830 4409 1985 4465 stella
2001 4423 2120 4477 quae
2133 4405 2346 4460 Antifer
2362 4403 2562 4458 dicitur
2579 4403 2827 4473 apparuit
2854 4403 2906 4456 in
2922 4402 3163 4467 occidua,
3188 4403 3408 4456 radiens

155 4497 373 4554 Romam
404 4508 697 4566 venerunt,
731 4501 870 4555 inter
895 4514 1030 4569 quos
1055 4500 1216 4553 etiam
1250 4503 1720 4559 reverentissimus

155 4591 314 4648 abbas
343 4608 498 4649 meus
528 4592 828 4649 Ceolfridus
853 4633 869 4659 ,
899 4608 1070 4648 annos
1094 4603 1250 4648 natus
1273 4595 1343 4648 74
1366 4635 1380 4658 ,
1425 4611 1546 4651 cum
1577 4607 1722 4652 esset

156 4686 413 4752 presbiter
438 4687 594 4739 annis
617 4686 686 4739 47
716 4725 732 4751 ,
763 4685 931 4740 abbas
958 4695 1135 4740 autem
1157 4701 1328 4741 annos
1353 4685 1422 4741 55
1440 4727 1456 4752 ,
1485 4688 1574 4741 ubi
1598 4687 1722 4743 Lin-

158 4790 315 4844 gonas
372 4778 657 4847 pervenit,
714 4777 952 4844 obii',et
994 4777 1046 4832 in
1105 4777 1315 4832 meleia
1368 4771 1718 4834 Geminorum

160 4867 436 4922 martirum
464 4868 703 4937 sepultus
729 4878 806 4922 est
834 4885 850 4935 ;
879 4869 966 4937 qui
1005 4868 1145 4922 inter
1169 4868 1274 4921 alia
1306 4869 1527 4946 donaria
1577 4870 1724 4924 misit

158 4958 376 5014 melesia:
405 4960 576 5014 sancti
611 4959 755 5014 Petri
803 4958 1128 5014 Pandectem
1158 4973 1189 5011 a
1217 4959 1380 5012 beato
1410 4957 1723 5014 llieronizno

162 5045 210 5101 in
232 5047 478 5104 Latinum
508 5050 716 5105 Hebrco
740 5048 824 5104 vel
845 5048 1020 5106 Greco
1043 5049 1190 5104 fonte
1217 5051 1558 5105 translatum.
1599 5068 1619 5101 ι

1417 5153 1651 5210 νΑίῖιίΕ
1687 5151 2088 5209 LECTIONES.

1832 4502 1887 4557 in
1919 4501 2166 4570 aquilone
2192 4507 2247 4554 et
2272 4497 2338 4553 ad
2363 4495 2599 4552 medium
2625 4494 2821 4552 coelum
2838 4535 2854 4563 ,
2881 4504 3126 4566 tempore
3157 4493 3407 4567 Gregorii

1833 4590 2030 4663 papae.)

1907 4681 2029 4736 755.
2067 4681 2151 4735 14.
2194 4678 2472 4752 [occxxxi]
2513 4680 2573 4752 (ι.
2598 4678 2766 4751 pont.)
2801 4677 3114 4753 [Gregorius
3129 4678 3411 4750 papaobiit

1826 4774 1861 4828 3
1889 4773 2012 4826 ldus
2041 4770 2354 4834 Februarii,
2391 4763 2688 4825 indictione
2741 4768 2807 4824 14
2826 4809 2840 4833 ,
2873 4768 3054 4823 Leone
3072 4777 3127 4823 et
3143 4769 3409 4824 ConStan-

1833 4865 1946 4918 tino
1982 4858 2446 4932 imperatoribus.)
2950 4867 2954 4870 “
3375 4885 3382 4889 .

1897 4952 2023 5006 754.
2068 4952 2152 5007 15.
2197 4947 2496 5022 [occxxxn]
2538 4946 2821 5018 Gregorius
2858 4948 2928 5005 89
2966 4964 3106 5017 papa
3145 4949 3300 5005 annis
3329 4947 3418 5000 11.

1900 5042 2024 5098 755.
2068 5044 2155 5100 16.
2201 5038 2524 5115 [occxxxtu]
2563 5039 2779 5111 (Bona)
2817 5038 3112 5094 Sarraceni
3139 5053 3274 5097 vero
3301 5049 3426 5105 pre-
