3934 5330
499 302 606 359 758

1754 267 2062 328 tntum
2101 258 2345 321 SCOT’I‘I
3052 213 3059 222 ’
3653 229 3745 287 reo

502 418 631 476 dicti
701 411 847 486 (147)
898 424 1017 465 cum
1062 405 1230 461 altum
1277 405 1551 473 peterem,
1593 396 1877 463 ingruente
1904 383 2084 439 subita
2115 376 2337 441 Amisit
2394 355 2849 440 imperatoribus:
2894 375 3016 432 qua:
3061 348 3312 415 similiter
3367 357 3750 486 tlcnueruntl:

1844 481 1855 486 ’
1931 478 1943 486 ”
2064 480 2073 486 ⁸
2183 472 2506 486 ⁴’⁴“⁴⁸““““
2553 476 2607 486 “·
2660 468 2935 486 ““”“Δ-οηι
2992 467 3087 486 nn!
3127 461 3326 486 nnnnﬂl
3403 455 3646 486 annerun

502 478 856 580 tempestate,
898 497 1112 572 plurimi
1162 495 1325 552 etiam
1376 489 1540 546 mersi
1591 493 1811 541 suntex
1844 478 1979 547 ipsis
2027 480 2079 528 et

504 579 703 656 necati.
732 593 984 650 Plurima:
1009 589 1077 621 “9
1105 586 1249 641 enim
1285 596 1450 639 naves
1472 591 1658 635 eorum
1681 586 1857 629 mersc
1882 579 1936 624 et
1961 581 2083 621 con-

505 693 690 746 fractae
710 694 864 743 erant
886 697 983 753 per
1010 679 1188 734 litora.

417 838 425 852 ,
575 779 699 833 757.
740 775 825 831 18.
867 748 1158 847 [bccxxxv]
1190 762 1400 837 (Βεολ.)
1437 752 1801 815 Liutbrandus
1841 748 1909 781 δίο
1956 760 2084 852 sero

506 889 604 928 rex
656 838 1153 939 Langobardorum
1186 856 1392 913 audivit
1451 852 1595 923 quod
1649 840 1939 903 Sarraceni
1966 838 2082 892 loca

505 971 694 1020 sancta
768 931 1200 1026 corrumperent.
1252 946 1474 1004 Andivit
1540 940 1714 1012 quod,
1767 931 2084 1026 depOpulata

506 1053 783 1113 Sardinia,
841 1021 1006 1105 etiam
1040 1045 1155 1100 loca
1190 1041 1278 1097 illa
1307 1040 1556 1094 fedarent
1602 1030 1694 1087 ubi
1742 1041 1865 1085 ossa
1909 1021 2084 1078 sancti

505 1142 791 1217 Augustini
817 1137 1054 1210 episcopi
1085 1142 1303 1206 propter
1339 1125 1697 1183 vastationem
1726 1120 2084 1176 barbarorum

507 1206 636 1292 olim
671 1206 929 1289 translata
954 1206 1014 1281 et
1034 1222 1331 1280 honorifice
1369 1220 1582 1273 fuerant
1615 1211 1910 1269 recondita.
1944 1206 2088 1260 Misit

506 1342 664 1396 ergo,
695 1332 750 1379 et
777 1323 902 1378 dato
922 1331 1119 1388 magno
1145 1313 1321 1384 pretio
1343 1308 1588 1379 accepit,
1637 1313 1693 1359 et
1718 1297 1993 1357 transtulit
2023 1311 2087 1350 ea

508 1388 831 1475 inu'l‘icinis,
887 1407 1068 1477 ibique
1092 1419 1216 1461 cum
1246 1399 1429 1458 debito
1480 1395 1613 1451 tanti
1656 1390 1832 1464 patris
1882 1388 2090 1443 honore

510 1503 833 1564 recondidit.

578 1595 701 1651 759.
760 1591 852 1647 κθ.
893 1583 1227 1663 [nccxxxvu]
1288 1581 1434 1637 Beda
1488 1581 1819 1647 computator
1874 1568 2001 1624 obiit
2054 1564 2091 1618 2

508 1684 635 1742 Kal.
675 1684 804 1740 Ian.

918 1765 1273 1843 [nccxxxvut]
1329 1760 1427 1835 (cf.
1479 1761 1519 1814 ι.
1566 1754 1737 1830 pom.)
1798 1748 2089 1843 Gregorius
2124 1722 2164 1781 Β

508 1864 786 1939 predictns
804 1841 939 1934 papa
965 1857 1248 1921 constituit
1268 1852 1517 1909 inmissa
1545 1868 1558 1904 :
1599 1865 1617 1900 ι
1651 1859 1883 1917 quorum
1910 1841 2092 1895 solen-

510 1931 653 2015 ititas
679 1931 838 2010 hodie
866 1931 933 1985 ’έιι
969 1970 986 2002 ι
1022 1960 1078 2006 et
1099 1948 1304 2018 reliqua
1332 1940 1505 2015 usque
1542 1958 1560 1992 ι
1596 1936 1825 2008 largitor
1868 1931 2093 1987 admitte

509 2066 610 2124 per
658 2048 934 2105 Christum
992 2042 1271 2099 dominum
1337 2044 1605 2093 nostrum.
1669 2049 1688 2083 ι
1747 2028 1832 2100 (Α.
1882 2022 2091 2094 ΙιενδῙ.)

514 2139 756 2221 [Initium
792 2128 1207 2215 Herolvesfeldj

584 2251 711 2306 762.
750 2247 841 2303 25.
884 2241 1100 2319 [DCCXL]
1131 2241 1191 2312 (l.
1223 2236 1393 2311 poni.)
1431 2237 1547 2306 Ipse
1571 2246 1700 2287 vero
1726 2229 1857 2284 obiit
1895 2227 1928 2281 4
1974 2223 2090 2280 Kal.

515 2344 644 2398 Dec.
672 2339 1021 2408 sepultusque
1045 2342 1130 2390 est
1159 2334 1211 2389 itt
1236 2330 1445 2387 teclesia
1470 2325 1611 2382 beati
1634 2322 1802 2379 Petri.
1831 2318 2092 2392 [Epistula

515 2431 665 2488 tertii
693 2427 940 2499 Gregorii
977 2426 1043 2480 ad
1070 2420 1406 2479 ltonifacium
1434 2416 1684 2472 Scottum
1727 2410 2094 2481 Mngmttiltttttt

516 2522 987 2593 archiepiscopum
1019 2516 1201 2587 (Cone.
1230 2513 1318 2569 ed.
1354 2509 1524 2566 Mansi
1552 2524 1629 2565 ιιι
1653 2549 1669 2575 ,
1698 2521 1754 2577 p.
1786 2505 1945 2571 285),
1973 2504 2095 2593 data

513 2613 550 2671 ι
586 2592 1078 2671 Kal.Novembris,
1111 2602 1306 2662 Leonis
1333 2598 1546 2671 imperii
1578 2610 1722 2651 anno
1751 2595 1842 2660 2'5,
1877 2602 1929 2648 et
1960 2592 2099 2646 Con-

512 2704 737 2765 stantini
766 2702 857 2756 lilii
883 2698 999 2769 ejus
1027 2699 1126 2763 20,
1150 2694 1443 2751 indictione
1463 2689 1542 2760 8.]
1576 2690 1640 2756 (Ι.
1665 2685 1845 2757 pom.)
1870 2684 2099 2755 [Grego-

515 2798 632 2855 rius
654 2796 724 2829 ""
752 2793 945 2850 tertius
974 2788 1075 2846 fuit
1102 2785 1435 2856 temporibus
1458 2781 1658 2838 Leonis
1677 2786 1733 2834 et
1757 2774 2097 2833 Constantini

514 2888 942 2958 imperatorum,
996 2896 1061 2936 ea
1106 2875 1481 2949 persecutione
1522 2878 1803 2944 grassante
1834 2883 1954 2939 qua:
2005 2881 2102 2938 per

516 2980 667 3048 ipsos
710 2986 855 3031 mota
897 2981 982 3029 est
1022 2971 1089 3025 ad
1135 2966 1528 3039 depositionem
1571 2970 1627 3019 et
1672 2959 2100 3017 destructionem

2181 472 2509 537 perlatorem
2553 476 2609 514 ιιι
2658 468 2936 513 carcerem
2991 467 3087 521 per
3126 461 3327 503 annum
3381 449 3672 507 tenuerunt
3704 449 3751 495 ct

2184 532 2309 614 tunc
2331 570 2457 612 cum
2486 550 2681 620 injuris
2708 547 3077 607 remiserunt,
3127 539 3222 596 sed
3267 546 3325 593 et
3369 544 3485 590 tcta
3528 532 3752 587 Romana

2184 645 2462 720 provincia
2504 658 2603 714 pro
2648 637 2922 711 erigendis
2980 630 3305 703 imaginibus
3358 624 3757 694 supplicationis

2184 716 2381 809 scripta
2405 734 2735 791 unanimiter
2752 731 2819 785 ad
2840 727 3058 784 eosdem
3079 725 3443 791 imperatores
3458 716 3755 770 direxerant

2186 804 2550 901 perSerginm
2584 821 2869 894 patricium
2918 827 2974 874 et
3014 815 3299 871 straticnm
3329 807 3527 865 insula:
3554 804 3757 863 Ciciliz,

2185 922 2257 955 διδ
2292 920 2489 990 quibus
2524 917 2880 986 imperatores
2904 909 3107 977 scripta
3130 909 3435 973 rapuerunt
3459 940 3477 963 ,
3505 908 3565 953 et
3593 904 3758 966 porta-

2189 986 2334 1068 tores
2362 1010 2395 1065 8
2429 1007 2706 1063 mensibus
2729 1012 3007 1065 tenentes,
3039 1013 3161 1053 cum
3190 991 3484 1064 esprobris
3506 998 3566 1042 et
3591 986 3765 1055 inieris

2188 1103 2565 1159 retnisserunt.
2601 1098 2802 1153 lterum
2848 1108 2988 1165 papa
3035 1105 3133 1159 per
3173 1086 3395 1142 Petrqu
3430 1080 3763 1135 defensorem

2189 1196 2253 1249 ad
2289 1192 2494 1264 regiam
2539 1191 2732 1243 urbem
2772 1196 2895 1241 tam
2949 1186 3241 1238 Attastasm
3297 1185 3603 1246 pervasore
3638 1168 3766 1224 sedis

2188 1259 2803 1352 Constantinopolitanae
2847 1285 3120 1347 quantque
3160 1266 3597 1339 imperatoribus
3619 1259 3767 1315 Lewi

2191 1391 2244 1432 et
2271 1370 2675 1444 Constantino.]

2192 1468 2347 1541 [ϐοά.
2370 1468 2424 1520 in
2444 1480 2609 1534 marg.
2623 1504 2637 1527 ,
2655 1442 2835 1517 Ciclus
2850 1459 3257 1513 decennovenn.
3274 1446 3346 1505 {2
3361 1445 3679 1517 incipitind.
3697 1442 3771 1515 9.]

2261 1555 2387 1612 765.
2427 1555 2518 1608 24.
2558 1550 2793 1624 [nccxu]
2842 1547 3104 1610 Karnlns,
3150 1543 3292 1599 filius
3341 1539 3547 1609 Pipini,
3598 1535 3774 1605 quiet

2195 1646 2369 1715 major
2397 1645 2589 1699 domus
2612 1642 2809 1703 dictus.
2844 1654 2938 1693 rex
2964 1638 3296 1691 Francorum
3325 1631 3481 1685 obiit.
3519 1627 3654 1701 [Leo
3679 1626 3775 1679 int-

2196 1747 2413 1808 perator
2446 1735 2600 1790 obiit.
2633 1729 3018 1788 Constantinus
3042 1725 3183 1779 filius
3205 1723 3323 1793 ejus
3351 1720 3637 1775 successit.
3662 1714 3705 1788 ]'

2194 1832 2211 1851 '
2240 1832 2335 1884 hoc
2359 1845 2496 1881 mmo
2542 1828 2596 1880 in
2645 1824 2881 1892 margine
2916 1821 3073 1874 etiam
3112 1818 3225 1870 lucc
3268 1814 3522 1892 leguntur
3538 1807 3782 1892 _:_[Ru‘ltc

2631 1876 2831 1949 sancite
2855 1892 3034 1945 Mariae
3056 1902 3175 1959 quae
3199 1876 3425 1938 vocatur
3446 1883 3515 1935 ad
3538 1876 3719 1950 mm]

2267 1989 2627 2043 Romanorum
2652 1983 2722 2016 ⁸³³
2748 1984 2813 2037 77
2846 1982 3076 2051 regnavit
3113 1975 3358 2046 Pipinus,
3397 1973 3548 2041 ﬁlius
3579 1969 3779 2033 Karoli,

2200 2078 2528 2141 Francorum
2569 2077 2768 2145 primus
2816 2072 3129 2140 imperator,
3183 2067 3339 2122 annis
3384 2063 3483 2130 27,
3530 2078 3701 2133 usque
3729 2062 3779 2113 in

2197 2184 2399 2225 annum
2428 2167 2530 2230 735
2557 2174 2682 2237 post
2714 2164 3019 2235 passionem
3048 2157 3276 2214 Domini.

2196 2312 2199 2315 .
2268 2260 2390 2314 761.
2432 2260 2483 2315 1.
2517 2254 2777 2329 [occasu]
2818 2253 2874 2325 (ι.
2909 2255 3076 2321 pom.)
3125 2246 3444 2320 [Gregorius
3486 2258 3626 2315 papa
3659 2240 3787 2296 obiit

2198 2347 2230 2400 4
2258 2348 2372 2403 Kal.
2405 2349 2558 2410 Dem,
2584 2345 2877 2400 indictione
2907 2338 3019 2410 10.]

2270 2438 2558 2493 Zacharias
2580 2437 2649 2491 90
2674 2452 2812 2505 papa
2836 2449 2962 2487 ann.
2997 2430 3060 2484 11

2270 2528 2395 2583 765.
2420 2526 2475 2581 2.
2506 2522 2787 2599 [nccxun]
2828 2521 3079 2595 Sanctus.
3103 2515 3409 2572 Bonifatius
3454 2510 3791 2583 Moguntina;

2203 2616 2641 2688 archiepiscopus
2683 2612 2862 2667 clarus
2906 2608 3152 2665 habetur.
3208 2604 3474 2681 [Epistola
3524 2602 3792 2675 Zacharia:

2202 2726 2351 2780 papa:
2377 2709 2443 2764 ad
2468 2705 2799 2764 Bonifatium
2845 2702 3015 2774 (conc.
3053 2699 3145 2755 111
3172 2742 3187 2764 ,
3216 2717 3267 2770 p.
3306 2698 3492 2766 1882),
3521 2696 3647 2751 data
3678 2692 3790 2747 KaL

2203 2800 2374 2872 Aptil.
2399 2840 2415 2865 ,
2444 2799 2514 2854 24
2540 2813 2682 2853 anno
2725 2795 2877 2865 regni
2906 2791 3265 2858 Constantini,
3303 2790 3398 2845 sed
3440 2787 3657 2858 imperii
3682 2784 3794 2853 ejus

2205 2907 2346 2947 anno
2370 2889 2426 2957 2,
2458 2887 2753 2945 indictione
2784 2886 2845 2941 11
2890 2893 2946 2940 et
2975 2882 3203 2954 reliqua.
3247 2881 3495 2950 Epistola
3529 2876 3796 2932 Zachar'u

2206 2998 2359 3052 papa:
2403 2980 2473 3036 ad
2520 2977 2854 3035 Bonifacium
2904 2974 3161 3041 Scottum,
3193 2971 3672 3040 archiepiscopum
3699 2968 3797 3021 £0-

515 3082 796 3127 sacrarnm
831 3064 1128 3134 imaginum
1174 3059 1378 3117 domini
1425 3056 1597 3113 nostri
1630 3054 1759 3112 Jesn
1803 3050 2006 3144 Christi
2047 3056 2100 3104 et
2128 3076 2172 3134 η
2203 3050 2488 3144 ﬁumina“,
2538 3069 2728 3144 “bid”
2754 3083 2810 3138 ρ.
2858 3064 3043 3138 1906),
3089 3064 3214 3119 data
3264 3060 3451 3117 Non“
3483 3059 3792 3122 “omni”.

517 3168 708 3217 sancte
771 3156 865 3215 Dei
920 3152 1211 3225 genetricis
1259 3158 1316 3205 et
1371 3156 1682 3205 sanctorum
1731 3141 2099 3213 apostolomn

518 3250 876 3316 omniumque
901 3256 1215 3300 sanctorum
1239 3251 1292 3296 et
1314 3240 1599 3295 martirum
1624 3246 1679 3297 et
1702 3234 2101 3297 confessorttm,

520 3356 622 3411 pro
641 3339 836 3408 quibus
866 3351 1033 3407 papa,
1067 3343 1128 3389 ut
1162 3333 1230 3388 ab
1277 3333 1381 3386 hoc
1426 3329 1809 3399 resipiscerent
1837 3340 1901 3379 ac
1928 3334 2106 3379 remo-

521 3438 785 3487 verentur
806 3443 993 3484 errore
1009 3467 1027 3493 ,
1057 3425 1203 3479 misit
1230 3423 1476 3478 instituta
1503 3419 1813 3490 apostolica:
1834 3417 1979 3473 sedis
2004 3430 2101 3484 per

523 3524 826 3594 Georgeum
884 3518 1283 3590 presbiterum,
1348 3514 1440 3583 qui
1500 3527 1622 3568 cum
1681 3526 1745 3565 ea
1791 3509 1860 3565 ob
1903 3516 2104 3562 luctum

525 3612 945 3685 imperatoribus
978 3606 1480 3676 Constantitmpolin
1528 3619 1634 3659 non
1669 3602 1878 3667 reddit,
1910 3601 2106 3657 iterum

529 3706 597 3763 de
624 3706 793 3761 Roma
821 3721 852 3759 a
875 3719 1011 3775 papa
1034 3702 1101 3757 ad
1127 3700 1331 3771 regiam
1351 3700 1538 3752 urbem
1570 3696 1840 3758 directus,
1870 3692 2108 3749 secundo

2206 3165 2356 3234 regni
2386 3161 2724 3221 Czinstantini
2749 3174 2891 3214 anno
2916 3157 3008 3223 28,
3042 3154 3253 3226 imperii
3281 3151 3400 3222 ejus
3430 3166 3583 3206 anno
3621 3150 3676 3214 6,
3719 3150 3799 3204 in—

2203 3256 2441 3314 dictione
2457 3255 2542 3310 15.
2559 3253 2675 3308 Alia
2693 3250 2916 3322 epistola
2930 3249 3205 3305 Zachariae
3219 3262 3368 3317 papa:
3381 3247 3450 3300 ad
3466 3244 3798 3300 Bonifacium

2209 3348 2452 3407 Scottum
2468 3347 2930 3417 archiepiscopum
2944 3342 3314 3415 Moguntinutn
3338 3339 3509 3411 (Ibid.
3523 3380 3543 3405 ,
3557 3357 3612 3410 p.
3630 3337 3798 3407 S909).

2206 3438 2331 3496 data
2354 3437 2469 3492 Kal.
2496 3437 2638 3502 Maii,
2662 3451 2803 3491 anno
2828 3435 2897 3491 29
2923 3435 3070 3505 regni
3091 3432 3439 3489 Constantini
3465 3431 3646 3501 patris
3662 3431 3794 3501 ejus.

2209 3530 2260 3585 id
2298 3538 2383 3585 est
2417 3528 2629 3601 imperii
2680 3543 2820 3585 anno
2857 3528 2924 3593 7,
2949 3526 3265 3581 oindictione
3301 3524 3355 3580 1.
3406 3523 3532 3577 Alia
3585 3520 3801 3592 epistola

2207 3623 2485 3679 Zachariae
2512 3636 2662 3692 papa:
2691 3620 2759 3675 ad
2786 3618 3118 3676 Bonifacinm
3148 3616 3332 3687 (Ibid.,
3367 3631 3423 3684 p.
3462 3613 3654 3682 1915),
3683 3612 3799 3667 data

2208 3715 2245 3770 2
2271 3715 2404 3770 Non.
2432 3712 2784 3785 Novembris.
2817 3709 3159 3765 Constantini
3187 3723 3330 3763 anno
3364 3706 3459 3773 52,
3490 3706 3670 3778 patris
3695 3707 3804 3777 βίω

526 3798 718 3855 eadem
755 3796 903 3852 dedit
928 3836 943 3861 ,
987 3810 1108 3864 qua:
1130 3792 1331 3861 scripta
1357 3791 1410 3844 in
1439 3797 1593 3860 parte
1624 3787 1679 3843 in
1703 3786 1885 3842 Sicilia
1931 3784 2100 3840 insula

2213 3824 2357 3885 anno
2397 3806 2490 3871 11,
2522 3784 2819 3860 indictione
2843 3800 2924 3875 5.]

530 3890 794 3955 retinuit,
826 3903 931 3943 non
965 3886 1105 3941 ultra
1127 3885 1195 3939 ad
1215 3880 1716 3950 Constantinopolin
1749 3877 2027 3950 permisit,
2055 3886 2113 3933 et

531 3990 864 4053 portatorem
899 3979 1062 4036 exilio
1095 3992 1194 4047 per
1223 3990 1425 4038 annum
1469 3972 1744 4042 relegavit.
1789 3969 1940 4026 Unde
1971 3984 2111 4041 papa

533 4073 586 4128 in
612 4072 840 4129 concilio
858 4071 931 4127 25
953 4072 1325 4141 episcoporum
1348 4081 1471 4120 cum
1494 4062 1814 4133 presbiteris
1845 4072 1902 4118 et
1929 4062 2112 4118 diaco-

532 4164 688 4220 nibus
716 4173 771 4218 et
795 4171 991 4219 cuncto
1019 4162 1164 4217 clero
1184 4169 1239 4215 et
1265 4157 1566 4223 nobilibus,
1609 4156 1770 4211 etiam
1800 4154 2112 4221 consulibus

531 4264 588 4310 et
616 4254 839 4325 reliquis
864 4253 1176 4308 christianis
1206 4249 1470 4320 plebibus,
1498 4262 1683 4302 coram
1708 4260 1938 4316 corpore
1966 4245 2111 4301 beati

531 4344 681 4402 Petri
710 4344 934 4415 apostoli
962 4345 1151 4401 statuit
1176 4342 1235 4412 (ι.
1266 4339 1439 4411 pom.)
1490 4347 1577 4413 ut,
1624 4338 1669 4394 si
1712 4339 1835 4408 quis
1859 4339 2112 4409 deinceps

2282 3895 2405 3951 766.
2436 3897 2489 3951 ὅ.
2547 3894 2816 3967 [nccxuv]
2847 3894 2941 3963 (cf.
2991 3893 3057 3947 Α.
3101 3891 3310 3961 (ferali,
3344 3889 3543 3962 Fuld.)
3579 3889 3805 3947 Sanctus

2212 3985 2515 4043 Bonifatius
2546 3985 2769 4041 Fuldam
2789 3983 3176 4040 monasterium
3203 3982 3257 4038 in
3277 3982 3581 4039 solitudine
3600 3981 3804 4039 Boche—

2214 4079 2302 4133 nia
2334 4076 2524 4131 inchoa
2534 4077 2629 4130 vit.

2286 4168 2411 4224 767.
2460 4169 2517 4224 4.
2570 4167 2820 4241 [occur]
2873 4167 2968 4239 (cf.
3000 4164 3159 4238 fise.)
3207 4164 3647 4222 Carolomannns
3696 4180 3803 4226 rex.

2215 4262 2383 4319 frater
2406 4263 2767 4334 imperatoris,
2788 4277 2911 4318 cum
2938 4260 3109 4319 fratre
3134 4267 3333 4317 tractat
3350 4259 3601 4317 seculutn
3625 4259 3806 4316 dimit-

2216 4362 2349 4408 tere.

533 4437 756 4506 antiqua
804 4433 1209 4492 consuetudinis
1264 4430 1559 4501 apostolice
1616 4430 1848 4487 tenentis
1902 4430 2100 4486 fidelem

2292 4441 2416 4505 768.,
2445 4443 2480 4498 5
2536 4440 2835 4515 [occurri].
2858 4442 2946 4512 (Α.
2978 4441 3137 4513 Aug.)
3172 4440 3608 4499 Carolomannus
3642 4443 3806 4514 impc-

537 4542 693 4584 usnm
717 4536 1070 4582 contemnens
1091 4533 1282 4581 contra
1303 4523 1522 4578 easdem
1544 4522 1807 4593 imagines
1836 4524 2112 4593 depositor

533 4624 701 4688 atque
719 4617 1023 4685 destructor
1037 4626 1090 4672 et
1110 4615 1425 4687 profanator
1438 4614 1524 4671 vel
1549 4614 1897 4685 blasphemus
1908 4616 2109 4684 extitit,

537 4709 610 4765 sit
635 4710 872 4765 extorris
905 4724 936 4764 a
962 4724 1188 4780 corpore
1233 4716 1287 4763 et
1327 4722 1357 4761 a
1403 4707 1664 4779 sanguine
1702 4706 1902 4762 domini
1937 4711 2109 4765 nostri

537 4799 665 4863 Jesu
684 4800 882 4856 Christi
914 4802 998 4856 vel
1028 4803 1190 4857 totius
1216 4798 1472 4855 Ecclesiae
1497 4800 1704 4854 unitate
1730 4809 1784 4854 et
1811 4816 2107 4874 compage;

537 4893 684 4964 quod
709 4902 765 4949 et
787 4894 1182 4964 subscriptione
1226 4907 1321 4948 sua
1359 4892 1730 4963 sollempniter
1770 4894 2115 4950 confirmavit

539 4997 660 5040 cum
709 4985 856 5041 omni
913 4985 1165 5042 concilio.
1219 4985 1349 5051 Quae
1389 4984 1650 5041 sinodalia
1699 5000 1797 5051 pro
1838 4986 2116 5055 erigendis

541 5077 713 5132 sacris
766 5076 1090 5149 imaginibus
1139 5092 1236 5148 per
1291 5077 1707 5133 Constantinum
1768 5076 2114 5133 defensorem

2215 4534 2356 4589 rium
2385 4536 2732 4605 permittens,
2764 4534 3069 4588 Almaniam
3096 4535 3419 4604 ingreditur.

2287 4624 2410 4681 769.
2434 4625 2486 4679 6.
2521 4622 2813 4698 [occxsvu]
2841 4624 2924 4693 (Α.
2956 4622 3163 4694 Herrf.)
3207 4621 3642 4679 Carolomannns
3687 4635 3807 4693 pc:-

2217 4730 2349 4788 gens
2376 4715 2629 4783 Romam,
2659 4722 2970 4771 tonsoratur
3006 4730 3036 4769 a
3064 4729 3203 4785 papa
3233 4713 3526 4769 Zacharia.
3553 4712 3737 4784 (EINI.
3757 4726 3800 4765 ς.

2218 4807 2254 4861 ‘2
2280 4809 2298 4877 )
2322 4806 2777 4885 [Carolomaunus
2802 4805 2973 4861 Rome
3004 4805 3057 4859 in
3087 4811 3268 4860 monte
3290 4802 3524 4860 Soracte
3552 4804 3696 4873 apud
3719 4816 3804 4856 ec-

2221 4898 2440 4954 clesiam
2472 4900 2644 4954 sancti
2685 4897 2931 4953 Silvestri
2963 4905 3277 4952 constructo
3319 4894 3659 4961 monasterio
3689 4908 3801 4949 cunt

2218 4990 2475 5047 fratribus
2502 5006 2686 5047 secum
2715 4990 2780 5047 ad
2812 4991 2915 5047 hoc
2958 4987 3298 5045 venientibus
3344 4999 3444 5055 per
3472 4986 3685 5041 aliauot
3709 5001 3801 5038 an-

2219 5099 2317 5140 nos
2342 5082 2658 5154 perfruitur.
2688 5082 2793 5139 Sed
2821 5084 2890 5140 ob
2936 5081 3277 5139 insolentiam
3320 5078 3666 5135 Francorum
3708 5078 3803 5133 R3-

1823 5210 2054 5267 νΑιιιιΕ
2087 5211 2491 5274 LECTIONES.
