3934 5330
130 237 235 294 761

1323 240 1744 298 CllBONlCON.
1784 268 1855 284 -—
1888 239 2017 295 LIB.
2057 240 2142 296 lll.

3302 244 3409 300 762

124 371 281 411 mam
310 355 667 419 visitantinm,
698 354 790 424 qui
817 369 940 411 eum
970 357 1128 412 velud
1151 356 1427 414 dominum
1448 360 1719 428 quondam
1749 359 1797 417 Α
1893 353 2017 407 780.
2052 354 2136 408 l7.
2183 350 2458 425 [occulti]
2512 351 2715 408 Paulus
2763 352 2833 407 92
2878 369 3016 423 papa
3038 361 3153 424 post
3190 350 3407 408 Petrum

122 462 297 501 suum
356 447 621 515 preter-ire
675 446 949 511 nolebant,
991 447 1059 502 ad
1113 449 1503 505 monasterium
1549 450 1720 505 sancti

118 534 605 589 Benedictisitum
634 535 686 588 in
715 544 895 592 castro
919 535 1115 592 Casino
1140 540 1390 606 secessit,
1418 540 1506 596 ubi
1533 551 1719 611 postea

121 624 459 695 regulariter
486 625 665 699 vixit.]

193 715 332 769 770.
383 716 438 771 7.
497 714 808 788 [accurrit]
861 717 947 788 (Α.
1004 717 1211 789 Hersf.)
1262 719 1415 779 Grifo
1470 722 1607 793 fugit
1662 723 1718 778 in

115 800 432 856 Saxoniam
475 805 545 858 ob
574 813 774 860 metum
804 806 1146 877 imperatoris
1176 809 1264 864 διδ.

189 892 328 946 771.
376 894 432 949 8.
479 894 753 970 [occxux]
804 898 891 970 (Α.
940 897 1150 973 lieni.)
1205 899 1360 957 Grifo
1411 902 1607 958 iterum
1650 904 1716 960 de

111 978 370 1036 Saxonia
397 985 705 1040 revertitur.

182 1069 323 1125 772.
356 1073 409 1127 9.
440 1072 615 1147 [DCCL]
651 1076 737 1146 (Α.
776 1076 983 1149 Henr)
1019 1080 1242 1150 Pipinus
1265 1082 1482 1138 decreto
1508 1082 1714 1143 Zacha-

94 1161 214 1216 ria:
225 1178 386 1233 papae
397 1182 427 1219 a
441 1165 708 1222 Bonifatio
721 1168 1027 1240 Mogontino
1040 1172 1444 1245 archiepiScOpo
1459 1177 1715 1245 unguitur

106 1255 166 1309 in
200 1257 618 1327 imperatorem,
656 1271 711 1317 et
739 1263 930 1320 deinde
966 1265 1035 1321 ob
1062 1266 1115 1321 id
1143 1275 1266 1337 post
1295 1282 1486 1337 papam
1515 1283 1714 1325 secun-

104 1345 219 1400 dus
249 1347 491 1404 habetur
518 1351 805 1422 episcopus
851 1353 1192 1426 Mogontinus
1212 1336 1287 1388 1“
1339 1358 1432 1429 (ib.
1468 1376 1522 1414 a.
1560 1359 1710 1430 746).

182 1437 320 1492 775.
369 1440 456 1494 10.
504 1439 703 1516 [pecu]
736 1444 822 1516 (Α.
872 1444 1043 1516 Hersf
1061 1446 1081 1517 )
1135 1447 1463 1520 [Burgardus
1508 1452 1713 1520 primus

108 1526 418 1597 episcopus
444 1529 897 1605 Wirtibnrgensis
928 1547 1299 1607 consecratur,
1329 1549 1385 1596 et
1412 1541 1551 1596 sedit
1576 1557 1707 1598 ann.

100 1615 181 1649 οι·
212 1615 290 1670 to
317 1618 390 1650 δι’
423 1617 510 1690 (Α.
550 1620 799 1696 Hersf.).]

1823 443 1981 497 annis
2010 443 2095 504 10,
2125 460 2295 496 mense
2324 442 2374 496 1.

1893 530 2018 586 781.
2057 530 2140 585 18.
2174 527 2413 604 [uccux]
2451 530 2538 604 (Α.
2570 530 2730 603 Aug.)
2762 530 2985 603 Pipinus
3025 532 3323 604 imperator
3353 549 3404 587 .n

1824 619 2112 675 Saxouiam
2144 620 2460 690 ingreditur.

1892 709 2016 764 789..
2048 708 2129 766 19.
2159 708 2372 782 [οεοιχ]
2392 711 2478 781 (Α.
2501 711 2659 783 Aug.)
2685 710 2906 782 Pipinus
2937 713 2989 767 in
3015 711 3289 769 Vascones
3320 713 3403 768 in-
3430 710 3435 717 ’

1820 802 2086 873 greditur.
2642 796 2647 799 ’

1891 889 2013 944 783.
2041 889 2133 943 20.
2167 889 2403 963 [occur]
2433 890 2606 961 (Eum.
2645 907 2695 947 c.
2723 891 2801 961 6.)
2851 892 3073 963 Pipinus
3107 894 3401 965 imperator

1821 979 2030 1035 Italiam
2056 981 2364 1045 intravit,et
2391 982 2585 1035 bellum
2601 990 2786 1036 contra
2820 999 2996 1053 regem
3019 983 3400 1056 Langobardo-
3430 996 3433 999 '

1818 1086 1938 1125 runt
1969 1069 2297 1125 Haistulfum
2330 1072 2587 1140 suscepit.
3422 1078 3429 1089 ‘

1889 1160 2012 1217 781.
2043 1163 2133 1216 21.
2174 1160 2432 1235 [nccun]
2480 1162 2666 1233 (111111.)
2718 1163 2940 1234 Pipinus
2967 1164 3036 1197 ⁸²¹
3072 1166 3396 1224 llaistulfum

1815 1268 1996 1325 regem
2041 1268 2336 1324 paucorum
2369 1254 2577 1308 dierum
2627 1254 2906 1310 obsidione
2951 1256 3092 1327 apud
3136 1257 3394 1313 Ticenum

1814 1344 2093 1413 compulit,
2125 1351 2182 1399 et
2210 1344 2424 1399 obsides
2454 1344 2583 1401 dare
2610 1357 2665 1399 et
2704 1358 2914 1416 recepta
2941 1362 2969 1399 a
2997 1346 3254 1403 Romanis
3299 1363 3395 1418 op-

1811 1436 1935 1505 pida
1960 1445 2122 1505 atque
2148 1435 2367 1491 castella
2397 1436 2680 1491 restituere
2706 1446 2759 1491 et
2783 1446 2839 1490 ut
2861 1438 3065 1493 reddita
3103 1454 3210 1494 non
3242 1454 3393 1510 repe-

1814 1536 2056 1583 terentur
2082 1537 2424 1582 sacramento
2451 1528 2608 1582 ﬁdem
2641 1528 2839 1583 facere.

1882 1614 2003 1669 787.
2052 1614 2142 1669 21.
2187 1614 2438 1688 [occur]
2480 1615 2567 1687 (Α.
2601 1614 2808 1689 Henr.)
2839 1615 3059 1688 Hiemps
3089 1619 3308 1691 grandis
3333 1629 3413 1701 et.

178 1711 317 1766 774.
346 1711 431 1767 11.
468 1712 685 1789 [occur]
716 1716 776 1784 (ι.
812 1720 982 1791 pom.)
1028 1718 1183 1776 Grifo
1221 1722 1373 1777 obiit.
1416 1722 1708 1781 Zacharias
1738 1709 1781 1766 Β
1812 1705 1969 1762 Valde
1995 1708 2160 1761 etiam
2188 1708 2529 1763 durissimus-

104 1817 254 1872 papa
284 1803 421 1857 obiit
448 1804 527 1858 ld.
566 1806 747 1872 Mart.,
766 1809 1072 1886 indictione
1096 1813 1304 1881 quinta.

176 1892 314 1947 775.
348 1893 436 1947 12.
466 1893 706 1970 [occuli]
735 1901 821 1970 (Α.
872 1899 1081 1973 ΙιενεῙ.)
1130 1902 1422 1973 Stephanus
1463 1908 1524 1964 91
1565 1926 1703 1979 papa

99 1993 228 2052 post
255 1981 475 2040 Petrum
521 1992 674 2043 annis
697 1990 752 2056 5,
779 2008 950 2048 mense
977 1997 1028 2050 1.
1064 1997 1158 2066 (cf.
1203 2000 1360 2070 Bac.)
1394 2000 1704 2069 Stephanus

104 2087 251 2142 papa
322 2088 379 2129 et
412 2075 806 2136 Carlomannus
840 2087 1113 2152 predictus
1138 2093 1432 2148 monachus
1467 2105 1703 2151 amonte

104 2164 312 2220 Casina
341 2180 606 2224 venerunt
629 2173 695 2225 ad
723 2173 970 2243 Pipinum
1002 2179 1054 2233 in
1101 2180 1410 2248 Franciam,
1456 2195 1701 2256 petentes

100 2253 486 2312 defensionem
518 2269 706 2316 contra
741 2262 1063 2322 Haistulfum
1103 2286 1281 2341 regem
1315 2253 1699 2346 Laug—obardo-
1731 2288 1739 2295 ‘

104 2359 252 2398 rum.

177 2436 306 2492 776.
340 2440 428 2494 l5.
462 2439 697 2517 [occur]
731 2446 817 2516 (Α.
856 2447 1021 2521 ΗενδῙ
1045 2452 1062 2518 )
1083 2452 1443 2510 Unxitautem
1472 2455 1697 2528 Stepha-

103 2544 212 2584 nus
259 2530 400 2587 duos
439 2532 582 2588 ﬁlios
615 2534 801 2613 .Pipini
845 2538 1294 2599 Carolomaunum
1336 2555 1392 2601 et
1440 2547 1696 2604 Karulum

101 2620 359 2713 Bagnum
403 2625 457 2680 in
507 2628 861 2698 imperatores
907 2632 941 2686 5
991 2634 1109 2690 Kal.
1146 2636 1372 2709 August.
1417 2641 1475 2713 (Ι.
1521 2644 1693 2713 paul.)

101 2711 419 2783 Stephanus
438 2716 511 2750 m
540 2734 676 2790 papa
706 2724 852 2776 venit
873 2725 939 2778 de
967 2725 1132 2780 Roma
1168 2729 1229 2782 11
1252 2731 1338 2784 die
1367 2711 1567 2787 means
1591 2711 1695 2788 0c-

100 2803 273 2869 tobr.,
306 2803 603 2863 indictione
629 2809 681 2871 7,
710 2819 762 2865 et
795 2811 860 2866 15
890 2815 976 2869 die
1002 2818 1205 2873 mensis
1233 2818 1548 2886 Novembr.,
1570 2838 1691 2877 cum

98 2891 324 2950 licentia
350 2896 546 2952 Altulli
578 2900 718 2969 regis
749 2900 1222 2974 Langobardorum
1250 2910 1315 2964 de
1346 2911 1564 2966 civitate
1593 2912 1696 2966 Pa-

95 2983 188 3053 pia
241 2985 545 3043 indictione
576 2988 641 3055 7,
691 2992 758 3046 ad
807 2992 1091 3051 Franciam
1128 2999 1293 3063 venit,
1335 3002 1425 3055 ubi
1468 3002 1521 3056 in
1572 3002 1690 3059 loco

1874 1795 2000 1853 788.
2030 1797 2119 1853 25.
2159 1796 2430 1871 [nccuvt]
2465 1799 2551 1869 (Α.
2606 1798 2811 1870 Hera/2)
2860 1800 3247 1875 Gordogangus
3279 1803 3391 1873 epi-

1808 1903 2003 1959 sc0pus
2048 1904 2277 1959 corpora
2330 1900 2639 1946 sanctorum
2686 1889 3026 1964 Gorgoni’et
3071 1894 3283 1950 Nazarii
3334 1896 3389 1951 in

1805 1980 2091 2036 Franciam
2123 1982 2291 2038 Roma
2323 1984 2560 2039 advexit.

1874 2070 1997 2127 789.
2043 2072 2132 2126 26.
2188 2071 2478 2146 [occurri]
2530 2073 2707 2145 (Emit.
2757 2091 2807 2130 c.
2837 2075 2914 2146 3.)
2961 2075 3201 2147 Pipinus,
3235 2068 3421 2134 ﬁnito.

1803 2159 2122 2231 Aquitanica
2148 2164 2309 2228 bello,
2342 2174 2528 2219 contra
2576 2164 2894 2219 Waifarium
2924 2168 3115 2222 ducem
3160 2167 3388 2237 Aquita-

1805 2250 1907 2304 uiae
1933 2251 2001 2306 ab
2030 2267 2096 2306 eo
2129 2263 2401 2323 suscepto,
2435 2270 2530 2324 per
2576 2258 2860 2310 continuos
2905 2255 2939 2311 9
2987 2272 3156 2311 annos
3207 2268 3382 2325 gesto,

1804 2341 2038 2398 Turonis
2065 2345 2132 2398 ad
2161 2344 2420 2400 Sanctum
2446 2345 2736 2402 Martinam
2769 2363 2930 2404 causa
2959 2349 3219 2404 orationis
3263 2363 3386 2419 per-

1801 2432 1941 2486 rexit
1969 2433 2172 2505 (liae).
3360 2445 3365 2449 ’

1871 2523 1992 2578 791).
2045 2524 2135 2582 27.
2188 2524 2499 2597 [ncccxvm]
2551 2526 2725 2594 (EINH.
2757 2542 2807 2582 c.
2838 2528 2916 2597 5.)
2958 2527 3081 2583 lude
3109 2544 3379 2601 egressus,

1798 2611 2039 2667 Parisius
2065 2615 2131 2666 ad
2172 2614 2429 2669 Sanctum
2476 2615 2771 2671 Dionisium
2819 2618 2904 2671 vix
2937 2619 3278 2687 perveniens,
3305 2620 3380 2673 ibi

1798 2702 1988 2755 morbo
2014 2718 2168 2772 aqua:
2193 2704 2475 2759 intercutis
2521 2706 2555 2760 9
2603 2705 2720 2759 Kal.
2756 2705 2977 2761 Octobr.
3021 2708 3172 2771 obiit,
3203 2718 3258 2762 et
3286 2725 3376 2764 sc-

1796 2791 1993 2861 pultus.
2027 2824 2094 2833 -
2117 2793 2178 2865 (Ι.
2212 2795 2381 2866 pant.)
2412 2794 2631 2869 [Paulus
2657 2798 2728 2830 ⁴⁸¹
2763 2815 2900 2869 papa
2928 2798 3062 2854 obiit
3086 2800 3137 2854 in
3164 2810 3375 2868 :estate,

1796 2890 1853 2936 et
1878 2885 2111 2938 cessavit
2135 2885 2480 2955 episcopatus
2509 2904 2650 2943 anno
2682 2891 2730 2953 1,
2763 2904 2946 2944 mense
2976 2891 3001 2944 1
3037 2907 3052 2956 ;
3096 2907 3203 2961 quo
3228 2891 3374 2948 Con-

1794 2974 2064 3029 stantinus
2085 2975 2253 3029 laicus
2276 2985 2645 3047 transgressor
2667 2979 2976 3049 apostolica:
2995 2981 3140 3037 sedis
3161 2983 3383 3049 invasor

96 3052 323 3132 nomine
351 3052 652 3136 Ponticone
680 3082 927 3152 Pipinum
953 3086 1175 3153 invenit,
1206 3052 1295 3161 qui
1323 3091 1409 3145 die
1431 3093 1463 3146 6
1488 3096 1688 3150 mensis
1717 3052 1757 3106 Ε
1791 3067 1988 3123 enm"
2014 3066 2505 3161 'd°m_““‘l‘““°“°
2535 3069 2631 3143 ω]
2669 3071 2722 3134 δ’
2761 3086 2948 3161 mens?
2994 3069 3135 3126 Juno
3162 3072 3377 3143 dePOSi‘

97 3164 324 3224 Januar.
354 3185 510 3242 papas
538 3176 788 3244 promisit
833 3193 992 3234 onme
1040 3182 1183 3251 quod
1223 3185 1451 3252 petivit;
1486 3196 1540 3240 et
1568 3198 1689 3258 post

96 3258 216 3314 dies
238 3261 400 3316 unxit
432 3278 569 3333 papa
599 3264 843 3335 Pipinum
893 3286 1014 3325 cum
1042 3273 1250 3328 duobus
1283 3275 1407 3330 liliis
1449 3279 1560 3333 suis
1595 3295 1683 3334 re-

95 3364 193 3421 ges
239 3351 596 3411 Francorum.
657 3358 806 3416 Tunc
862 3362 914 3416 in
962 3367 1296 3421 nmnasterio
1356 3369 1408 3423 in
1457 3369 1683 3429 Francia

95 3440 531 3501 Carolomannus
556 3451 856 3507 monachus
885 3453 1038 3509 obiit.
1084 3454 1304 3525 Pipinus
1360 3469 1415 3515 ct
1461 3462 1686 3532 Stepha-

93 3548 201 3590 nus
225 3550 387 3607 papa,
415 3540 616 3597 occisis
636 3542 998 3615 Laugohardis
1026 3549 1163 3605 bello
1190 3563 1242 3606 ct
1262 3553 1684 3624 fugatoAistulfo

94 3641 227 3696 rege
247 3644 462 3698 eorum,
491 3636 525 3688 8
551 3634 673 3691 ldus
693 3641 950 3695 obsederit
970 3643 1245 3700 civitatem
1274 3646 1517 3719 Papiam.
1551 3653 1681 3708 Item

92 3720 361 3777 Aistulfus
388 3726 606 3782 obsides
646 3730 808 3786 dedit.
842 3733 1036 3789 lterum
1080 3737 1301 3808 Pipinus
1344 3752 1528 3797 contra
1568 3746 1684 3801 Ais-

95 3810 292 3868 tulfum
321 3813 711 3888 Langobardos
744 3824 929 3880 intrat.
960 3827 1178 3900 Papiam
1207 3834 1481 3891 civitatem
1523 3839 1682 3895 obsc-

92 3902 193 3969 dit,
225 3912 283 3959 et
309 3905 579 3965 Aistulfus
604 3911 829 3971 obsedes
864 3919 1088 3994 reddit.]

162 3994 292 4051 777.
326 3998 415 4053 1-1.
451 3999 662 4078 [eccm]
700 4007 785 4077 (Α.
828 4009 1045 4085 Hersf.)
1094 4016 1327 4075 Sanctus
1378 4019 1678 4081 Bonifatius

92 4089 541 4164 archiepiscopus
563 4099 886 4158 adnuntiens
914 4106 1136 4161 verbum
1168 4111 1261 4164 Dei
1298 4112 1348 4165 in
1374 4111 1560 4169 Fresia
1584 4114 1674 4182 “’,

90 4190 288 4245 passus
319 4193 404 4238 est
432 4200 555 4240 cum
582 4189 705 4246 aliis
735 4195 1044 4251 martirihus
1074 4198 1211 4254 Non.
1245 4201 1387 4257 Junii
1421 4204 1624 4277 (Rue).

161 4280 289 4375 778.
317 4281 405 4375 15.
434 4283 671 4360 [υςοιγι]
692 4289 776 4361 (Α.
804 4293 1008 4365 ιΙενδῙ.)
1033 4296 1215 4354 Lullus
1237 4303 1675 4375 archiepiscopus

88 4380 210 4442 post
236 4371 566 4434 Bonifatium
595 4386 857 4441 successit
880 4389 1035 4445 annis
1062 4391 1151 4446 32.

1794 3165 1880 3211 tus
1906 3165 2009 3218 est,
2055 3166 2110 3211 et
2155 3157 2462 3226 Stephanus
2509 3174 2643 3229 papa
2699 3160 2975 3225 successit,
3030 3171 3084 3215 et
3128 3161 3377 3231 quaesivit

1789 3244 2071 3314 episcopos
2091 3247 2292 3313 peritos
2312 3260 2341 3300 a
2370 3246 2557 3316 Pipino
2580 3249 2926 3319 imperatore,
2956 3250 3045 3319 qui
3064 3249 3375 3318 iudicarent

1788 3338 2198 3391 tionstantinutn
2233 3337 2285 3391 in
2312 3341 2538 3410 synodo.
2575 3338 2767 3395 Nuncii
2813 3356 2963 3412 papa:
3010 3353 3272 3398 venerunt
3303 3344 3373 3397 ad

1786 3428 2041 3484 Karolum
2067 3440 2120 3485 et
2139 3428 2581 3497 Carlomannum,
2598 3435 2721 3504 quia
2738 3435 2952 3489 interim
2975 3435 3196 3506 Pipinus
3216 3437 3369 3502 obiit,

1785 3524 1841 3572 et
1870 3517 2262 3573 Constantinus
2288 3534 2426 3589 papa
2455 3530 2688 3575 caccatus
2712 3531 2811 3576 est.
2842 3522 3008 3577 Facto
3052 3524 3213 3595 igitur
3241 3540 3371 3580 con-

1784 3609 1910 3664 cilio
1934 3610 1990 3663 in
2026 3610 2255 3666 basilica
2282 3612 2571 3667 salvatoris
2593 3614 2793 3668 domini
2812 3616 2979 3669 nostri
3009 3613 3136 3670 Jesu
3163 3616 3366 3672 Christi

1776 3697 1930 3767 juxta
1978 3697 2266 3754 Lateranis
2319 3701 2524 3766 Rome,
2570 3703 2986 3757 combusserunt
3035 3720 3225 3760 omnes
3277 3722 3368 3761 sa~

1782 3788 2031 3843 cerdotes
2066 3790 2482 3844 Constantinum
2512 3792 2564 3845 in
2619 3793 2794 3846 medio
2834 3792 3153 3863 presbyterii
3197 3795 3366 3865 ipsius

1700 3922 1701 3925 η
1782 3877 2046 3941 ecclesiae,
2078 3877 2250 3949 alapis
2273 3878 2389 3947 ejus
2419 3880 2684 3934 cervicem
2707 3882 2913 3935 ccedere
2937 3883 3086 3951 prius
3108 3882 3367 3940 facientes

1784 3969 1838 4024 in
1866 3969 2092 4024 ecclesia
2118 3987 2132 4035 ;
2179 3971 2363 4040 sicque
2387 3971 2701 4026 combustus
2729 3981 2812 4027 est
2844 3972 2906 4044 (Ι.
2957 3974 3126 4043 pont.)
3179 3974 3367 4032 Clerus

1779 4068 1834 4114 et
1857 4060 2085 4132 populus
2110 4069 2163 4115 et
2190 4077 2327 4132 papa
2360 4061 2664 4117 clamabant
2705 4061 3100 4134 ltyrieeleyson,
3148 4073 3204 4119 et
3253 4073 3366 4120 sta-

1782 4136 2001 4205 tuerunt
2058 4161 2116 4206 ut
2165 4168 2356 4207 omnes
2399 4154 2832 4231 consecrationes
2881 4156 2998 4223 ejus
3040 4156 3247 4211 iterata:
3293 4154 3365 4189 ⁸²⁸

1777 4239 2005 4296 fuissent
2038 4252 2220 4312 preter
2247 4243 2512 4312 baptisma
2543 4254 2597 4299 et
2631 4246 2887 4299 chrisma.
2919 4244 3148 4316 Rogavit
3176 4256 3379 4302 autem-

1778 4348 1916 4403 papa
1941 4333 2328 4389 Constantinus
2355 4336 2769 4391 Constantinum
2800 4346 2856 4392 et
2902 4336 3139 4393 Leonem
3191 4353 3361 4406 augu-

1704 4434 1752 4493 ι)
1779 4434 1893 4480 stos
1924 4440 2147 4497 magnos
2171 4426 2546 4496 imperatores,
2572 4428 2871 4498 deprecans
2891 4443 3077 4484 eorum
3104 4429 3361 4498 imperia-

158 4484 289 4588 779:
325 4487 413 4588 if.
467 4489 722 4588 [ucccvu]
761 4496 846 4569 (Α.
883 4500 1086 4576 Ilersf.)
1118 4504 1392 4578 Organum
1430 4484 1745 4582 primitus?
1779 4513 1884 4569 lem
1907 4484 2275 4583 clementiam,
2301 4526 2361 4572 ut
2394 4518 2448 4572 in
2472 4484 2601 4588 ipsis
2631 4484 2837 4575 (Iireciae
2866 4520 3110 4587 partibus
3133 4484 3361 4574 Paulum

90 4577 238 4632 venit
269 4578 321 4633 in
350 4579 663 4652 Franciam,
694 4587 919 4644 missum
947 4608 976 4646 a
1003 4577 1360 4654 Constantino
1390 4577 1515 4672 rege
1541 4603 1679 4660 Gre-

1775 4607 1939 4664 exilio
1990 4610 2355 4681 mancipatum
2404 4612 2622 4667 retineri
2662 4615 3051 4683 precepissent.
3080 4641 3152 4654 -—
3189 4615 3375 4669 Ante-'

87 4667 419 4775 fite-Pipino
445 4674 788 4775 imperatori.
830 4713 903 4757 -έ
931 4680 1216 4756 [Aistulfus
1237 4691 1307 4723 ⁴²⁰
1334 4707 1431 4750 rex
1452 4667 1676 4768 1111181)-
1772 4715 1934 4769 quam
1961 4698 2033 4732 “'
2060 4667 2307 4757 mortuus
2335 4711 2480 4758 esset
2507 4667 2704 4759 Paulus
2742 4667 2901 4775 papa,
2934 4706 3058 4762 ilico
3085 4706 3222 4760 Toto
3250 4707 3359 4760 dux

87 4759 378 4817 bar-dorum
407 4764 581 4833 obiit;
619 4769 706 4824 cui
740 4770 1045 4831 Desiderius
1080 4777 1185 4832 dux
1215 4783 1493 4855 succesit.]
1526 4759 1672 4857 [Sie-

85 4851 395 4946 ptzanusf”
424 4872 560 4926 papa
606 4860 795 4916 obiit5
822 4862 941 4917 Kal.
975 4864 1136 4932 Maii,
1172 4851 1561 4928 indictionelll)
1605 4873 1668 4946 (ι.

87 4943 256 5016 pom.)
283 4944 383 5002 Cui
405 4952 668 5005 successit
709 4968 996 5023 germanus
1020 4956 1134 5026 ejus
1162 4959 1357 5015 Paulus
1382 5005 1397 5030 ,
1428 4943 1671 5035 tempore

90 5031 287 5093 Leonis
315 5047 370 5094 et
398 5038 747 5100 Constantini
776 5047 1204 5124 imperatorum]

157 5288 226 5322 .u
254 5288 268 5330 ἶ
325 5290 492 5330 βῖηἷηί
516 5294 551 5330 Χ
644 5296 721 5328 διε

777 5309 946 5330 ucnnn
993 5301 1049 5330 ξ..
1099 5300 1417 5330 Ι.ι..1ἶηη.ι.....
1484 5305 1617 5330 ιιῗη...

1775 4788 2056 4860 Nepesina:
2093 4792 2330 4847 civitatis
2375 4800 2428 4846 et
2454 4792 2711 4848 Passinus
2749 4805 2805 4849 et
2839 4794 3101 4850 Pas'chale
3124 4794 3196 4827 m
3232 4811 3360 4867 ger-

1774 4896 1994 4936 manum
2023 4897 2179 4937 suum
2208 4883 2626 4938 Constantinum
2650 4884 2846 4939 laicum
2871 4884 3121 4945 fecerunt
3141 4901 3358 4956 papam,

1773 4981 1828 5027 et
1854 4972 2234 5028 comminando
2276 4973 2442 5028 invite
2490 4973 2723 5045 Georgio
2767 4975 3360 5046 episcopo,'compule-

1774 5074 1902 5120 runt
1928 5079 2052 5119 cum
2093 5066 2394 5120 orationem
2441 5066 2730 5123 clericatus
2780 5068 2956 5124 eidem
3004 5068 3359 5126 Constantino

1356 5190 1586 5247 VABUE
1621 5194 2030 5256 LECTIONES.

1849 5317 1880 5330 -
1982 5311 2051 5330 ιιι
2381 5313 2397 5330 ι
2511 5315 2579 5330 ιι·
2613 5314 2676 5330 ιε’
2732 5317 2766 5330 -
