3934 5330
107 196 230 253 769

1380 186 1804 261 tillﬂONICON.
1845 217 1916 229 -
1953 182 2081 243 Lts.
2127 186 2218 249 ιιι.

3305 188 3417 253 770

104 307 429 378 imperator
470 301 712 374 dirigens
760 299 1061 358 exercitum
1114 305 1304 355 contra
1378 299 1717 357 Sarracenos
1746 308 1792 368 Α
1824 296 1981 370 [ϐοά.
2008 300 2064 353 in
2120 314 2317 371 marg.,
2345 298 2527 356 Ciclus
2579 300 2644 356 l7
2687 301 3177 362 decennovennalis
3224 306 3419 383 incipit

101 400 306 455 obium
328 399 425 462 δ”,
447 396 654 469 fugavit
680 411 794 453 eos.

182 490 323 545 851.
360 490 448 545 16.
500 484 811 562 [ncccuix]
864 485 995 558 (1b.)
1050 485 1374 543 Ludowicus
1434 486 1501 541 de
1562 485 1722 557 lnge-

106 581 364 637 leiibeim
412 593 539 653 post
594 580 849 649 generale
901 579 1160 651 placitum
1221 580 1372 637 venit
1440 578 1723 649 Commar-

107 672 368 725 ciacum.

184 760 323 814 852.
378 759 465 814 l7.
528 757 819 831 [κειται]
888 757 1081 831 (Tusc.
1134 774 1181 815 c.
1227 759 1342 831 35.)
1400 758 1723 814 Ludowicus

108 849 431 906 Wormatia
481 851 705 916 Karolo,
761 851 870 906 lilio
925 850 1073 905 Judit
1124 861 1179 906 et
1240 867 1339 906 suo
1372 850 1465 916 “‘,
1520 861 1721 906 terram

106 945 501 999 Alamanicam
525 953 579 1000 et
608 944 865 999 ﬂedicam
894 952 950 1000 et
980 954 1188 1015 partem
1234 945 1556 1016 Burgundia:
1584 943 1722 999 dans

108 1051 315 1089 coram
343 1035 469 1089 filiis
490 1034 607 1089 suis
639 1034 922 1098 Lutliorio,
950 1034 1243 1093 Ludowico
1292 1047 1347 1090 et
1389 1035 1598 1106 Pipiuo,
1628 1035 1721 1104 qui

106 1138 236 1181 tres
265 1127 511 1199 germani
565 1135 693 1181 sunt
747 1126 1005 1197 indignati
1039 1127 1183 1182 inde.
1224 1127 1462 1199 Corpora
1500 1138 1721 1183 sancto-

110 1234 245 1272 rum
294 1216 589 1280 Valentini,
638 1217 851 1274 Seuesii
902 1219 956 1273 in
1013 1219 1253 1288 Augcam
1304 1218 1536 1275 insulam
1572 1220 1607 1282 5
1644 1220 1722 1256 ⁷⁵⁸⁸

108 1310 248 1366 ldus
276 1314 320 1365 Α
328 1328 409 1380 pr.
436 1320 725 1365 venerunt.

187 1403 323 1458 855.
353 1403 441 1459 18.
467 1401 777 1474 [necum]
806 1403 996 1475 (Tusc.
1023 1419 1073 1460 c.
1101 1403 1216 1472 56.)
1262 1403 1547 1476 Gregorius
1580 1422 1719 1477 papa

112 1498 248 1549 100.
279 1496 489 1551 Juditli'
524 1499 728 1569 regina,
757 1499 911 1567 quasi
941 1492 1138 1553 violata
1162 1515 1192 1553 a
1217 1501 1354 1557 duce
1382 1499 1715 1567 Beruhardo,

108 1600 168 1643 et
196 1588 273 1620 “‘
300 1590 649 1658 imperatoris
702 1606 859 1645 sacro
910 1590 1057 1646 fonte
1108 1593 1449 1658 baptismatis
1503 1593 1634 1660 ﬁlio,
1684 1609 1717 1649 a

2394 392 2692 448 indictione
2722 393 2835 466 14.]

1894 483 2019 539 860.
2048 482 2137 537 25.
2173 483 2558 557 [occcxxxvm]
2586 486 2675 557 (Α.
2709 486 2871 556 Aug.)
2917 485 3084 542 Paulo
3114 487 3183 523 ⁸⁷³
3233 488 3420 549 diaco-

1826 593 1927 631 nus
1956 577 2142 647 palatii
2174 578 2357 645 lapsus
2387 588 2469 632 cst
2492 577 2911 645 iujudaismum.

1895 665 2140 720 861.26.
2179 665 2528 739 [neccxxxtx]
2574 668 2663 738 (Α.
2699 671 2859 739 Aug.)
2924 669 3154 741 Eclipsis
3205 673 3338 730 solis
3384 673 3423 729 5

1825 757 1961 812 Non.
1997 754 2097 811 Mai
2124 758 2268 812 inter
2304 758 2338 814 8
2380 770 2433 813 et
2459 759 2493 814 9
2526 761 2716 813 horam
2747 760 2800 814 in
2826 761 3009 831 vigilia
3067 766 3412 820 ascensionis

1825 851 2058 908 Domini.

1896 944 2021 999 862.
2059 946 2151 999 27.
2209 942 2458 1016 [παρη]
2504 942 2690 1014 (Βία.)
2742 943 3065 1001 Lndowicns
3119 947 3418 1006 imperator

1822 1037 1951 1092 dum
1984 1036 2153 1090 lilium
2207 1052 2365 1091 suum
2413 1035 2765 1092 Ludowicum
2798 1047 2950 1093 trans
2994 1040 3203 1095 Renum
3230 1056 3416 1110 perse-

1823 1141 2105 1199 queretur,
2135 1132 2624 1200 morbo‘gravatnr,
2656 1142 2711 1186 et
2742 1133 2796 1186 in
2844 1135 3023 1187 navim
3054 1151 3152 1204 per
3182 1134 3323 1189 Mein
3355 1137 3412 1190 in

1823 1220 2035 1276 Renum
2086 1222 2387 1287 deducitur,
2416 1223 2504 1277 vix
2551 1223 2607 1277 in
2654 1223 2828 1278 insula
2875 1225 3163 1296 lngellicim
3220 1240 3414 1297 perve-

1823 1312 2002 1376 niens,
2046 1312 2180 1367 obiit
2229 1312 2303 1369 ibi
2355 1314 2415 1368 11
2486 1312 2608 1368 Kal.
2650 1312 2819 1377 Junii,
2860 1325 2915 1368 et
2973 1316 3095 1369 inde
3140 1316 3191 1370 in
3225 1331 3414 1373 mense

1825 1401 2024 1459 Martio
2044 1412 2355 1472 asportatus
2376 1405 2429 1459 in
2453 1404 2677 1459 basilica
2703 1406 2876 1460 sancti
2906 1403 3109 1458 Arnnlii
3145 1408 3410 1475 sepultus,

1821 1492 2410 1561 statimqueLothorius
2427 1493 2576 1548 Italia
2593 1509 2845 1565 egressus
2861 1494 3145 1562 imperium
3161 1494 3409 1566 arripuit.

1893 1582 2249 1640 Romanorum
2274 1584 2342 1639 80
2371 1584 2654 1640 Lothorius
2680 1587 2909 1655 regnavit
2931 1587 3084 1639 annis
3118 1584 3205 1639 l5.

109 1652 452 1747 primatibus
510 1680 658 1750 regni
721 1680 893 1735 velata
961 1691 1045 1738 est
1097 1691 1151 1737 et
1181 1652 1266 1739 Vin
1325 1652 1714 1742 monasterium
1748 1652 1794 1712 Β
1889 1674 2017 1730 865·
2046 1676 2095 1728 1-
2129 1672 2400 1749 [DCCCXLI]
2435 1676 2617 1747 (Ιὶεϐ.)
2653 1675 2977 1730 Ludowicns
3006 1691 3135 1730 vero
3164 1685 3220 1730 et
3244 1675 3414 1731 Caro-

111 1771 315 1823 missa.
346 1768 567 1826 Fratres
595 1771 760 1826 etiam
791 1772 993 1841 regium
1024 1772 1371 1829 Cuonradum
1412 1788 1469 1832 et
1513 1776 1715 1832 ltudoi-

112 1861 235 1914 tum
265 1862 555 1917 tondentes
580 1872 635 1916 et
683 1863 736 1917 in
787 1865 1176 1919 monasterium
1226 1867 1538 1935 mittentes;
1578 1885 1717 1939 quos

109 1948 168 2003 in
202 1948 382 2003 Novio
409 1967 574 2020 super
601 1949 800 2008 ﬂumen
826 1951 1017 2007 Valum
1041 1969 1165 2008 cum
1190 1965 1420 2011 veritate
1440 1961 1715 2029 superavit

109 2057 244 2107 rex,
302 2044 548 2115 reginam
584 2044 677 2108 “‘,
724 2046 898 2116 Aquis
930 2047 1144 2101 obviam
1177 2047 1226 2101 ei
1268 2049 1607 2116 venientem,
1627 2049 1716 2121 ju-

109 2133 284 2192 beute
310 2152 451 2207 papa
471 2135 755 2209 Gregorio.
792 2139 1004 2207 accepit
1027 2137 1096 2170 “"
1123 2137 1313 2210 (Tusc.
1348 2157 1396 2196 c.
1420 2140 1535 2212 37).

349 2229 367 2246 ‘
411 2226 718 2300 Ludovicus
738 2228 1043 2300 imperator
1067 2228 1133 2282 de
1153 2230 1481 2300 Aquisgrani
1509 2230 1715 2299 palatio

408 2298 560 2371 venit
616 2298 683 2353 ad
726 2298 1138 2371 Compendium,
1194 2298 1375 2371 ibique
1407 2298 1548 2355 ﬁlius
1598 2303 1716 2371 ejus

405 2366 829 2439 Pippinusgcum
862 2366 1057 2423 inultis
1093 2366 1316 2439 perfidis
1361 2370 1510 2424 venit
1540 2372 1591 2426 ei
1618 2366 1715 2427 ob.

409 2438 576 2501 viam,
609 2437 795 2494 volens
820 2453 946 2494 eum
975 2440 1042 2494 de
1067 2437 1234 2506 regno
1263 2439 1564 2507 expellere;
1619 2445 1715 2498 sed

409 2509 705 2576 cquivocus
754 2509 1099 2578 imperatoris
1148 2511 1291 2565 filius
1316 2511 1364 2565 ei
1392 2510 1460 2543 ⁸⁸⁸
1490 2523 1713 2566 contra-

410 2579 566 2632 dixit.
619 2578 876 2634 Dicebant
923 2588 1105 2634 autem
1171 2580 1247 2635 illi
1296 2581 1505 2650 perﬁdi.
1565 2580 1716 2638 Judit

402 2652 648 2717 reginam
674 2650 949 2720 .violatam
999 2665 1121 2705 esse
1188 2666 1216 2705 a
1278 2653 1513 2720 quodam
1575 2653 1714 2709 duce

404 2719 739 2785 Bernhardo,
766 2722 860 2789 qui
886 2729 1007 2791 erat
1032 2723 1100 2776 de
1140 2719 1311 2791 stirpe
1341 2723 1529 2791 regali,
1554 2740 1712 2778 men-

412 2790 611 2845 tientes
641 2792 846 2845 omnia.
888 2790 1091 2859 Sicque
1124 2792 1174 2845 vi
1219 2790 1459 2850 velantes
1505 2810 1624 2849 eam
1656 2797 1710 2852 ἔνι

404 2861 795 2934 monasterium
843 2863 1160 2934 miserunt;
1198 2862 1560 2934 similiterque
1607 2864 1714 2920 fra-

404 2939 542 2995 tres,
559 2942 655 2984 etc.
676 2930 731 2983 2.
755 2933 840 3001 (ex
870 2930 1029 3001 They.
1053 2949 1100 2987 c.
1129 2932 1245 3003 56.)

182 3020 312 3077 85‘.
374 3021 464 3076 19.
520 3020 851 3094 [ncccxxxn]
884 3021 1077 3093 (Tusc.
1119 3038 1169 3078 c.
1216 3023 1332 3087 58.)
1365 3024 1715 3081 Bernliarilus

113 3113 308 3169 duxin
335 3112 541 3183 palatio
584 3113 891 3168 Thcodonis
921 3128 1105 3169 coram
1139 3129 1265 3184 rege
1318 3125 1375 3171 et
1419 3116 1546 3171 filiis
1600 3119 1715 3174 suis

114 3205 374 3278 purgavit
401 3220 486 3271 se,
522 3221 642 3260 cum
673 3205 854 3261 nullus
898 3206 985 3260 vel
1022 3206 1189 3261 armis
1224 3221 1349 3262 eum
1390 3210 1711 3279 culpabilem

112 3311 240 3351 cum
285 3296 475 3368 regina
502 3295 739 3351 fecisset.

181 3388 315 3445 855.
366 3388 460 3444 20.
510 3388 866 3462 [ncccxxxml
940 3389 1063 3446 Filii
1118 3390 1258 3462 regis
1313 3400 1713 3464 temptaverunt

111 3497 367 3555 regnum,
400 3491 611 3553 patrem
648 3484 1070 3539 delionorantes.

181 3575 313 3631 856.
361 3575 453 3630 2i.
504 3570 848 3649 [ncccxxxiv]
927 3575 1251 3633 Ludowicus
1309 3575 1610 3648 imperator
1678 3594 1709 3633 a

112 3664 268 3739 [ﬁliis
293 3664 390 3739 ιη]
419 3668 553 3728 suis,
590 3668 642 3723 id
669 3679 751 3723 est
774 3666 987 3739 Pipino,
1015 3667 1309 3723 Ludowico
1343 3678 1398 3723 et
1425 3668 1708 3738 Lothario,

108 3758 347 3828 imperio
377 3758 652 3829 privatur;
680 3759 894 3815 obviam
917 3759 966 3813 ei
991 3759 1272 3815 venientes
1298 3774 1421 3814 cum
1446 3757 1711 3832 Gregorio

106 3862 249 3919 papa
285 3847 337 3903 in
384 3864 574 3919 campo
620 3866 834 3922 magno,
890 3850 980 3921 qui
1033 3858 1116 3905 cst
1160 3850 1302 3905 inter
1331 3848 1708 3921 Argentoriam

107 3949 165 3995 et
193 3939 477 3996 Basiliam.
515 3940 705 4014 (Tum.
737 3958 788 3998 c.
812 3942 926 4006 42.)
949 3940 1100 3997 Tunc
1122 3950 1439 4012 separantes
1464 3943 1709 4012 reginam

107 4033 179 4086 ab
210 4048 282 4088 eo
316 4042 374 4087 et
394 4033 671 4090 mittentes
697 4049 815 4089 eam
848 4035 900 4088 in
940 4035 1147 4089 Italiam
1179 4035 1232 4089 in
1264 4034 1543 4090 civitatem
1577 4034 1709 4092 Tar-

109 4134 325 4191 tunam,
350 4124 576 4196 Pipinus
601 4127 654 4181 in
683 4128 1052 4199 Aquitaniam,
1080 4128 1404 4185 Ludowicus
1430 4129 1482 4183 in
1518 4129 1709 4199 Bajoa-

108 4215 250 4271 riam
298 4217 564 4287 perrexit.
595 4215 885 4274 Lotbarius
916 4235 1041 4275 vero
1070 4231 1279 4292 patrem
1331 4216 1397 4271 ad
1433 4218 1708 4291 Compen-

107 4307 260 4362 dium
293 4308 557 4378 palatium
590 4317 648 4365 et
681 4310 808 4367 inde
837 4311 1163 4382 Aquisgrani
1223 4315 1505 4384 conduxit,
1552 4329 1606 4374 et
1648 4318 1702 4374 in

106 4400 360 4456 custodia
414 4399 657 4468 inclusit,
710 4411 768 4458 et
802 4403 878 4459 ibi
928 4404 1230 4461 celebravit
1258 4409 1437 4464 natale
1465 4409 1703 4477 Domini,

104 4501 268 4563 patre
315 4491 495 4547 adhuc
524 4494 753 4549 incluso.

179 4583 313 4637 857.
338 4583 431 4638 22.
467 4582 793 4663 [ncccxxxv]
838 4586 1028 4660 (Tusc.
1053 4604 1102 4644 c.
1135 4589 1252 4662 48.)
1284 4588 1414 4649 Post
1440 4607 1572 4648 vero
1595 4594 1710 4661 epi-

40 4726 50 4735 ,
106 4673 372 4745 phaniam
422 4675 739 4743 Lotliorius,
784 4679 912 4750 quia
963 4690 1150 4737 contra
1204 4698 1330 4738 eum
1384 4698 1506 4739 cum
1555 4696 1712 4753 patre

108 4775 231 4821 erat
280 4766 653 4840 Ludo[wicus,
695 4771 967 4844 compellit
1012 4783 1224 4843 patrem
1286 4791 1472 4833 secum
1513 4776 1594 4833 ire
1631 4779 1700 4834 ad

109 4858 527 4929 Compendium.
552 4861 700 4929 Quos
730 4877 853 4916 cum
886 4863 1226 4919 multitudine
1257 4877 1476 4922 secutus
1502 4865 1596 4940 "°]
1620 4876 1705 4922 est

112 4947 467 5017 Ludovvicus;
499 4960 701 5007 etcum
726 4967 921 5023 propre
947 4964 1113 5020 esset,
1139 4954 1351 5026 fugiens
1384 4956 1701 5019 Lotiiorius,

112 5050 323 5111 patrem
393 5041 717 5099 Ludowicus
770 5045 1027 5100 conduxit
1090 5046 1155 5100 ad
1226 5049 1405 5105 sedem
1462 5048 1701 5118 regalem

116 5134 313 5203 Aquis,
344 5144 399 5190 et
428 5136 498 5190 ibi
532 5137 737 5206 pariter
759 5138 955 5206 pascha
981 5134 1410 5203 celebraverunt.

186 5218 307 5278 sas.
334 5224 428 5281 εδ.
480 5224 828 5297 [occcxxxvi]

1818 1765 1904 1820 lus
1924 1777 2152 1835 paterno
2176 1782 2343 1836 regno
2366 1766 2588 1836 privati,
2612 1768 2753 1836 apud
2766 1766 2810 1823 F
2813 1767 3162 1821 ontaniacum
3185 1766 3411 1821 fratrem

1814 1858 2135 1913 Lutliat'ium
2167 1859 2306 1914 bello
2338 1860 2582 1913 vincunt.

1889 1951 2015 2007 866.
2042 1950 2100 2005 9..
2134 1949 2426 2023 [ncccxut]
2458 1950 2641 2022 (Res)
2674 1949 2811 2006 Tres
2854 1948 2927 1982 ⁸⁷⁸
2958 1951 3256 2021 supradicti
3299 1949 3411 2007 frav

1820 2051 1933 2098 tres
1960 2057 2186 2112 regnum
2212 2041 2549 2097 Francorum
2578 2042 2724 2097 inter
2771 2057 2831 2097 se
2861 2042 3164 2098 diviserunt
3192 2059 3205 2095 :
3237 2042 3408 2098 Caro-

1818 2132 1903 2186 lus
1931 2133 2272 2188 occidentem
2300 2148 2328 2184 a
2353 2132 2668 2188 Britannico
2691 2146 2898 2187 oceano
2946 2142 3094 2187 tenet
3138 2147 3310 2203 usque
3337 2132 3405 2189 ad

1818 2224 2021 2280 Mosam
2046 2224 2296 2290 ﬂuvium;
2326 2224 2516 2295 (item)
2546 2223 2870 2280 Ludowicus
2891 2225 3183 2289 orientem,
3231 2223 3285 2280 id
3324 2235 3411 2280 est

1817 2332 2034 2373 omnem
2066 2315 2415 2371 Germaniam
2445 2332 2615 2385 usque
2645 2316 2782 2370 Reni
2826 2313 3024 2370 ﬂuenta
3052 2324 3106 2370 et
3135 2315 3408 2373 nonnulla:

1816 2409 2070 2463 cititates
2099 2406 2276 2479 [trans
2302 2405 2373 2438 ⁸⁷³
2407 2405 2617 2461 Renum
2667 2421 2790 2459 eum
2836 2405 3212 2474 adjaccutibus
3254 2406 3410 2476 pagfs

1814 2499 1887 2553 ob
1915 2498 2128 2565 copiam
2179 2495 2350 2567 viui];
2383 2494 2678 2549 Lutliarius
2733 2510 2865 2550 vero
2895 2494 3294 2563 primogenitus
3343 2501 3402 2549 et

1816 2591 2115 2662 imperato:
2147 2589 2383 2645 medium
2437 2588 2580 2644 inter
2631 2597 2893 2657 utrosque
2945 2602 3175 2659 regnum
3229 2585 3409 2643 tenuit

1804 2693 2096 2753 totamque
2125 2682 2468 2737 Provinciam
2510 2690 2566 2736 et
2617 2681 2798 2737 omnia
2848 2695 3011 2752 regna
3066 2678 3231 2734 Italiae
3279 2695 3403 2735 cum

1804 2775 1933 2844 ipsa
1964 2773 2160 2828 Roma.
2182 2772 2265 2827 Ab
2294 2772 2398 2828 hoc
2419 2771 2680 2827 Lotliorio
2711 2784 2940 2841 regnum
2991 2768 3315 2825 Luthorium
3335 2767 3411 2799 ‘7'

1817 2864 2079 2919 hactenus
2106 2864 2441 2917 nominatur.

1886 2953 2011 3009 866.
2050 2954 2106 3008 6.
2150 2951 2454 3026 [ncccxuv]
2497 2953 2711 3025 Sergius
2740 2952 2834 3008 101
2874 2969 3031 3023 papa.

1742 3018 1781 3073 C
1886 3049 2014 3104 868.
2057 3045 2109 3100 6.
2153 3018 2459 3120 incassm]
2499 3018 2615 3117 (Αἰ
2643 3018 3145 3118 ΙΙεηῇγοίετιτίυδ
3167 3043 3239 3077 ⁸⁷⁸
3288 3042 3406 3114 cpi-

1815 3155 2013 3210 sc0pus
2041 3139 2389 3209 Mogontinus
2415 3139 2573 3195 obiit.
2622 3137 2880 3195 [tabanus
2904 3139 3072 3195 abbas
3115 3135 3404 3194 Fuldensis

1814 3230 2079 3287 successit
2104 3244 2263 3284 annis
2285 3229 2338 3285 9.

1884 3320 2010 3377 869.
2052 3320 2104 3374 7.
2148 3319 2474 3393 [ncccxrvn]
2515 3320 2678 3376 llatto
2700 3321 2869 3377 abbas
2921 3322 2992 3379 ad
3018 3321 3249 3380 Fnldam
3276 3333 3402 3396 post

1812 3413 2100 3469 Rabanum
2121 3412 2192 3445 ⁸⁷⁸
2221 3414 2490 3469 successit
2519 3415 2678 3469 anuis
2705 3414 2795 3469 15.

1882 3504 2008 3559 873.
2068 3503 2156 3558 11.
2219 3502 2451 3575 [ncccu]
2519 3502 2701 3575 (κω.)
2766 3504 3119 3577 Iriningardis
3185 3508 3398 3577 regina,

1810 3598 2054 3666 conjunl
2084 3598 2354 3662 Lotliorii,
2376 3600 2532 3654 obiit.
2562 3599 2768 3670 Regina
2788 3599 2859 3631 ⁸⁷⁷
2887 3616 3017 3655 vero
3039 3603 3261 3673 reliquit
3289 3616 3403 3659 tres

1812 3692 1955 3747 filios
1986 3692 2359 3753 Ludowicum,
2404 3690 2724 3746 Lntliarium
2756 3703 2811 3747 et
2835 3692 3111 3748 Carolum.

1881 3782 2005 3835 8'75.
2052 3780 2136 3835 15.
2178 3779 2454 3852 [υαῑεωιι]
2489 3779 2598 3834 Leo
2618 3797 2755 3851 papa
2796 3781 2901 3836 102
2932 3792 3047 3851 post
3074 3780 3315 3837 Petrum.

1880 3870 2005 3927 876.
2047 3870 2135 3925 14.
2185 3869 2453 3942 [DCCCLth

1885 3962 2043 4036 [ϐοά.
2067 3963 2121 4018 in
2149 3963 2550 4036 marg.,(2iclus
2589 3965 3080 4023 decennovennalis
3105 3966 3330 4036 cxplioit

2347 4035 2640 4089 indictione
2667 4037 2703 4090 2
2726 4036 2843 4108 ³⁷⁸.)

1881 4128 2006 4185 877.
2050 4127 2137 4182 l5.
2178 4125 2420 4199 [θείειν]
2461 4125 2554 4196 (cf.
2604 4128 2673 4184 A.
2726 4126 2936 4199 Hei-sf.)
2976 4127 3234 4186 Rabanus
3278 4128 3403 4200 cpi-

1810 4234 2009 4289 scapus
2042 4217 2384 4287 Mogontiuus
2405 4216 2541 4272 obiit
2569 4215 2704 4275 feria
2729 4217 2782 4271 2.
2812 4218 2952 4273 Νοιι.
2978 4218 3141 4283 Febr.
3166 4218 3401 4274 Carolus

1808 4315 2100 4385 episcopus
2125 4311 2391 4368 successit
2437 4311 2471 4366 8
2503 4311 2682 4367 annis.
2713 4311 2939 4375 Basilica
2983 4311 3168 4371 Sancti
3198 4311 3401 4369 Kiliani

1808 4412 2208 4461 concrematur.
2231 4403 2526 4458 Lutliorius
2574 4403 2892 4472 imperator,
2931 4402 3250 4461 convocatis
3287 4402 3400 4473 pri-

1805 4498 2049 4554 moribus
2079 4496 2258 4566 regni,
2311 4495 2599 4565 imperium
2630 4494 2775 4549 inter
2823 4493 2965 4549 filios
3014 4509 3143 4550 suos
3190 4494 3399 4552 divisit.

1806 4585 2312 4659 (itec.)Ludowico
2353 4584 2572 4654 quidem
2621 4582 2834 4638 Italiam
2890 4585 3132 4648 tradidit,
3160 4598 3403 4654 cumque

1809 4682 2199 4751 imperatorem
2251 4675 2471 4730 nomine
2512 4690 2611 4730 suo
2639 4674 2902 4745 appellari
2953 4673 3112 4740 fecit;
3140 4672 3410 4729 Lotliario

1810 4787 1943 4827 vero
1984 4785 2244 4839 regnum,
2292 4768 2436 4837 quod
2470 4782 2564 4835 ex
2610 4782 2708 4823 suo
2747 4766 2970 4829 nomine
3006 4778 3264 4822 vocatum
3299 4774 3405 4830 est,

1808 4864 2108 4929 concessit;
2138 4861 2336 4917 Carolo
2366 4869 2547 4916 autem
2570 4860 2774 4931 iuniori
2803 4862 3048 4929 ipsorum
3069 4859 3139 4893 ⁸⁷⁸
3170 4859 3414 4914 Provin-

1808 4960 1954 5014 ciam
1992 4953 2289 5008 mandavit.
2312 4952 2511 5020 Quiita
2543 4953 2837 5023 disponens
2880 4951 3126 5021 seculum
3159 4948 3421 5020 reliquit,

1807 5050 1940 5109 etin
1969 5044 2186 5100 Prumia
2208 5045 2540 5101 monasterio
2568 5045 2808 5110 veniens,
2836 5053 3126 5115 postquam
3160 5040 3425 5098 habitum

1810 5149 2018 5200 sancta
2040 5136 2473 5193 conversationis
2499 5137 2895 5197 monachorum
2919 5132 3195 5205 suscepit,
3234 5132 3434 5192 eodem

1810 5248 1958 5291 anno
1984 5230 2019 5284 5
2048 5230 2167 5285 Kal.
2191 5228 2444 5287 Octobris
2467 5229 2627 5287 obiit.
