3934 5330
126 303 246 355 773

1375 307 1797 378 cuttomcox.
1835 342 1903 351 —
1941 311 2064 367 LIB.
2108 314 2190 369 lll.

3299 327 3406 390 ΤΗ

201 413 334 469 896.
373 413 428 468 4.
468 412 802 486 [occcuxtv]
839 413 1020 485 (ἣδε.)
1060 414 1384 474 Ludowicus
1421 421 1713 489 imperator
1742 429 1788 486 Α
1820 431 1905 477 tur
1931 425 2149 492 Balbus,
2175 444 2240 483 eo
2264 429 2406 502 quod
2430 429 2786 501 impeditioris
2815 443 2962 492 esset
2988 436 3215 509 eloquii,
3247 444 3406 499 annis

121 521 298 562 ρεθυι-
326 507 493 562 Italite
533 508 690 573 obiit,
719 517 777 562 et
804 507 1032 564 Karolus
1052 511 1234 566 senior
1265 526 1359 567 rex
1403 513 1589 570 Gallia:
1612 515 1716 571 Ro-

122 613 282 652 mam
312 600 576 668 perrexit.

204 689 570 744 Romanorum
602 691 672 747 83
699 691 930 747 Karolus
959 695 1186 763 regnarit
1208 696 1360 749 annis
1388 697 1444 750 2.

199 783 333 838 897.
378 785 427 837 1.
472 783 789 855 [occcuxv]
829 785 1016 856 (Rt—:6.)
1055 785 1283 841 Karolus
1321 803 1452 859 ergo
1487 790 1714 847 Romam

116 875 478 943 perveniens,
511 877 654 930 datis
695 876 928 931 Joltanni
963 893 1114 948 papae
1141 888 1193 932 et
1219 879 1478 936 Romanis
1510 885 1718 953 magnis

118 968 478 1032 muneribus,
516 968 812 1037 imperator
840 969 1016 1024 factus
1043 980 1143 1024 est.
1177 971 1362 1043 (Rsc.)
1394 974 1717 1033 Ludovvicus

116 1071 250 1119 rex,
283 1057 456 1111 frater
500 1058 708 1123 Karoli,
735 1060 875 1128 apud
911 1058 1275 1116 Franconfurt
1301 1063 1717 1133 palatium-obiit

117 1147 155 1201 5
211 1147 336 1201 Kal.
391 1149 728 1217 Septembr.,
776 1151 1124 1222 sepultusque
1174 1164 1258 1209 est
1299 1155 1352 1210 in
1383 1160 1715 1215 monasterio

118 1236 322 1291 Sancti
351 1237 564 1292 Nazarii
611 1238 955 1308 Loraszam;
1007 1243 1098 1313 qui
1153 1259 1220 1299 ex
1271 1246 1454 1316 regina
1496 1250 1715 1305 nomine

116 1327 357 1384 llemma
414 1341 524 1384 tres
575 1332 714 1388 ﬁlios
769 1333 975 1400 habuit,
1036 1336 1089 1390 id
1141 1346 1224 1391 est
1272 1337 1710 1408 Carlomannum,

115 1420 332 1474 Arnolii
381 1431 612 1490 patrem,
669 1433 723 1478 et
764 1425 1112 1482 Ludowicum
1153 1429 1713 1502 Karolumquejunio-

114 1525 262 1574 rem,
319 1523 508 1581 postea
556 1515 956 1583 imperatorem.
1010 1518 1239 1574 Karolus
1271 1537 1399 1577 vero
1449 1539 1634 1579 senior
1656 1535 1712 1581 et

123 1602 436 1671 imperator
495 1605 720 1660 audiens
767 1615 996 1662 mortem
1047 1609 1230 1666 fratris
1268 1613 1374 1676 sui,
1426 1616 1490 1668 ad
1541 1616 1710 1685 Aquis

115 1690 414 1759 palatium;
467 1705 522 1748 et
574 1696 661 1749 tibi
702 1697 888 1765 paucis
927 1699 1118 1754 diebus
1147 1712 1408 1767 moratus,
1451 1705 1516 1758 ad
1553 1705 1709 1761 Colo-

1820 515 2050 571 duobus.

1890 605 2015 660 900.
2061 607 2119 662 ‘2.
2174 607 2556 683 [ncccuxvm]
2605 611 2789 683 (Rem)
2832 613 3151 674 Ludowicns
3207 618 3403 673 Balbus

1817 695 1970 756 obiit,
2013 705 2121 752 tres
2143 699 2279 753 filios
2308 701 2640 772 relinquens,
2677 706 2830 770 duos,
2866 706 2916 759 id
2939 717 3020 762 est
3049 707 3398 765 LUthWiCtlllt

1817 795 1872 838 et
1902 785 2318 842 Carlomannum
2364 807 2432 844 ex
2482 793 2655 860 puella
2709 797 2929 850 nomine
2972 798 3250 869 Ansgrad,
3306 818 3401 870 pro

1817 889 1921 942 qua
1954 876 2235 932 interdicta
2275 894 2304 932 a
2347 879 2537 935 Carolo
2567 895 2720 951 patre
2757 901 2876 950 suo,
2907 889 3032 955 quia
3065 891 3185 943 sine
3218 906 3394 944 conm-

1817 963 1890 1018 lio
1939 981 2041 1020 suo
2093 970 2341 1024 uxoravit
2367 987 2508 1035 eam,
2553 983 2709 1042 pater
2742 976 2842 1029 sibi
2879 993 3098 1034 uxorem
3135 980 3396 1036 Adalbeia

1816 1056 2126 1123 conjunxit;
2167 1074 2286 1126 quae
2335 1071 2454 1129 post
2499 1072 2727 1118 mortem
2756 1065 2855 1119 viri
2900 1069 3086 1137 genuit
3108 1069 3275 1124 tilium
3305 1089 3397 1124 no-

1817 1145 1961 1199 mine
1991 1145 2110 1207 Avi,
2155 1148 2206 1200 id
2242 1159 2325 1202 est
2374 1148 2649 1205 Karolum.
2693 1153 2920 1223 Eelipsis
2990 1157 3138 1222 solis,
3187 1157 3223 1212 4
3277 1159 3392 1213 Kal.

1814 1234 2134 1292 Novembris
2161 1236 2247 1308 (Α.
2279 1239 2460 1309 Aug.).

1887 1325 2180 1399 [Joliannes
2201 1327 2267 1358 "'
2309 1343 2446 1398 papa
2485 1329 2612 1383 dum
2669 1347 2767 1402 pro
2814 1333 3132 1401 quibusdam
3165 1353 3391 1407 oppres-

1812 1417 2056 1472 sionibus
2082 1419 2401 1474 eclesiarum
2434 1421 2488 1474 in
2514 1431 2696 1491 partes
2723 1423 3015 1478 Galliarum
3046 1444 3188 1481 anno
3214 1429 3387 1484 iuvar.

1811 1507 1934 1570 878,
1975 1507 2087 1560 ind.
2146 1508 2229 1572 l2,
2262 1510 2296 1563 ὅ
2337 1510 2461 1564 ldus
2503 1513 2607 1579 Ag.
2637 1512 2884 1566 sinodum
2916 1515 2976 1566 5|
3013 1521 3388 1588 episcoporum

1811 1598 1864 1652 in
1898 1597 2096 1651 eclesia
2145 1597 2329 1652 Sancti
2364 1598 2509 1654 Petti
2548 1601 2828 1656 Tricasina
2857 1601 2972 1675 “'.]

1877 1684 2234 1740 Romanorum
2273 1688 2341 1743 84
2399 1696 2628 1759 regnavit
2661 1692 2893 1747 Karolus
2930 1694 3202 1763 junior”’
3233 1700 3386 1752 annis

113 1781 264 1832 niam
300 1781 430 1835 inde
457 1792 536 1836 est
573 1784 866 1851 profectus.
897 1785 1293 1844 Carlomannns
1319 1806 1466 1854 vero,
1500 1797 1697 1863 primo-

1819 1777 1878 1832 l0
1905 1789 2018 1846 post
2046 1782 2272 1846 primum
2304 1782 2574 1834 introitum
2596 1785 2710 1852 ejus
2737 1785 2788 1837 in
2820 1785 3062 1838 Italiam.

112 1872 335 1939 genitus
365 1872 659 1938 Ludowici,
695 1874 827 1928 flues
857 1875 1018 1930 Italiae
1058 1877 1298 1944 intravit,
1331 1882 1453 1949 quia
1477 1883 1705 1938 Karolus

111 1962 303 2015 senior
353 1963 479 2018 inde
523 1966 740 2019 recedit.
785 1965 1021 2022 Karolus
1057 1979 1258 2034 autem,
1286 1971 1454 2027 frater
1481 1974 1616 2041 ejus,
1650 1977 1702 2031 in

111 2053 366 2108 Almania
399 2059 728 2111 morabatur.
756 2058 925 2114 Porro
946 2060 1389 2134 Ludowicus,qui
1414 2070 1703 2123 adubitqu

110 2146 289 2212 patris
315 2144 442 2210 fuit,
485 2149 626 2215 apud
670 2148 1087 2218 Franconafurt,
1141 2155 1488 2226 principalem
1522 2161 1702 2214 sedem

111 2235 401 2290 orientalis
454 2239 626 2308 regni,
669 2242 965 2315 residebat.
1023 2244 1123 2312 Qui
1183 2263 1397 2318 quoque
1447 2250 1702 2306 Karolum

110 2328 390 2381 seniorem
420 2327 455 2382 8
515 2329 635 2384 ldus
655 2329 874 2386 Octobr.
902 2333 1042 2388 bello
1069 2336 1121 2390 in
1151 2353 1285 2408 pago
1307 2339 1615 2409 Meginense
1632 2343 1698 2374 “’7

110 2415 335 2470 nomine
363 2415 640 2487 Ripuaria,
673 2435 777 2474 non
811 2421 970 2494 longe
998 2425 1069 2479 ab
1103 2425 1429 2484 Audrenaco
1475 2433 1702 2488 castello

105 2504 258 2572 juxta
292 2504 529 2571 Renum,
557 2520 880 2577 pugnantem
909 2512 977 2564 50
1010 2515 1236 2584 amplius
1265 2518 1480 2572 milibus
1510 2531 1699 2574 contra

110 2609 188 2658 se,
212 2598 520 2665 superavit.
550 2599 750 2652 Deinde
781 2610 892 2656 tres
920 2601 1116 2659 fratres
1149 2607 1201 2659 in
1234 2607 1351 2663 loco
1383 2609 1473 2677 qui
1501 2611 1700 2666 dicitur

110 2685 366 2742 Sualifelt
436 2691 576 2746 inter
637 2707 696 2746 se
747 2709 969 2764 regnum
1039 2708 1320 2767 paternum
1377 2703 1694 2759 diviserunt.

110 2777 512 2838 Carlomannus
566 2784 889 2854 Bajoariam,
937 2787 1292 2859 Pannoniam,
1321 2795 1616 2851 Carnutum
1644 2807 1698 2853 et

109 2883 281 2940 regna
333 2870 649 2929 Sclavorum
675 2874 1125 2945 Behemensium;
1155 2880 1476 2938 Ludowicus
1505 2886 1695 2940 orien-

111 2961 277 3016 talem
302 2963 614 3029 Franciam,
661 2967 1035 3039 Thuringiam,
1089 2971 1404 3037 Saxoniam,
1453 2975 1694 3032 Fresiam

108 3060 161 3105 et
211 3063 434 3122 partem
490 3057 639 3126 regni
675 3056 944 3123 Lothorii;
1008 3059 1234 3116 Carolus
1282 3063 1589 3120 Almaniam
1639 3076 1694 3122 et

109 3140 324 3212 aliquas
349 3144 599 3199 civitates
631 3161 699 3201 ex
721 3162 888 3218 regno
908 3148 1152 3204 Lotliarii
1181 3153 1370 3210 tenuit.

172 3231 309 3290 898.
349 3233 402 3287 2.
447 3233 785 3310 [occcuxvi]
818 3237 1000 3309 (Rt-:0.)
1041 3241 1268 3296 Carolus
1302 3254 1481 3298 autem
1516 3245 1689 3316 impe-

109 3334 264 3379 rator
319 3325 549 3381 Romam
603 3332 843 3384 secundo
888 3332 1161 3400 proiectus
1208 3345 1312 3396 est,
1362 3343 1416 3389 et
1447 3337 1514 3390 ab
1559 3339 1690 3392 urbe

109 3414 286 3470 Roma
337 3416 391 3469 in
443 3416 704 3472 Bracbam
744 3435 1015 3484 reversus,
1057 3420 1251 3476 Bosoui
1281 3439 1540 3490 germano
1567 3440 1688 3492 suo,

108 3501 396 3560 Riehilldis
448 3507 645 3576 regina:
669 3504 807 3578 [lilio
829 3507 946 3580 ⁸⁸⁸],
968 3507 1344 3580 lrmigardam,
1385 3511 1548 3566 ﬁliam
1583 3513 1690 3568 Lu-

107 3596 303 3651 dowici
358 3596 722 3666 imperatoris,
765 3615 888 3653 cum
933 3601 1170 3655 maxima
1224 3601 1390 3671 gloria
1416 3605 1688 3672 uxoravit,

107 3690 366 3760 deditque
417 3691 467 3744 ei
496 3689 866 3757 Provinciam;
899 3701 954 3746 et
981 3707 1182 3746 corona
1229 3695 1392 3763 capiti
1421 3694 1536 3762 ejus
1590 3697 1689 3750 im-

109 3785 305 3850 posita,
332 3797 515 3852 regem
556 3798 678 3837 eum
702 3783 866 3853 jussit
905 3784 1184 3854 appellari.
1219 3785 1284 3839 Et
1311 3787 1432 3840 inde
1461 3787 1689 3844 evolutis

107 3872 298 3929 diebus
327 3873 534 3943 paucis,
562 3872 782 3943 Papiam
827 3874 1147 3943 ingreditur.
1199 3876 1255 3930 In
1303 3892 1407 3947 qua
1438 3894 1560 3933 cum
1591 3895 1688 3948 pu-

106 3963 303 4020 blicam
352 3979 466 4018 rem
509 3966 835 4034 disponeret,
875 3979 1094 4036 repente
1145 3967 1454 4023 nunciatum
1507 3980 1591 4025 est
1634 3972 1680 4025 ei

108 4053 538 4109 Carlomannum
569 4071 692 4110 cum
738 4057 937 4126 ingenti
980 4068 1312 4113 armatorum
1346 4062 1688 4118 multitudine

107 4142 588 4216 Langobardorum
634 4160 796 4216 regna
859 4149 1130 4204 introisse.
1165 4150 1267 4216 Qui
1320 4167 1443 4206 mox
1485 4168 1687 4222 pavore

109 4238 340 4309 solutus,
421 4236 790 4291 'l‘icianumm
853 4237 1165 4309 Padumque
1232 4244 1566 4312 pertransiit,
1633 4255 1688 4299 et

112 4343 324 4384 summo
345 4330 537 4384 annisu
586 4329 637 4383 in
675 4329 877 4385 Gallias
909 4331 1209 4400 repeditare
1252 4337 1547 4389 contendit.
1579 4336 1684 4391 Sed

110 4419 424 4487 priusquam
467 4418 680 4485 Alpium
745 4419 1103 4487 premineutia
1169 4419 1299 4490 juga
1347 4436 1684 4492 angustaque

1881 1870 2004 1924 901.
2048 1872 2098 1924 l.
2143 1869 2484 1944 [occcuxu]
2533 1876 2620 1944 (Α.
2672 1876 2831 1946 Aug.)
2895 1877 3126 1932 Karolus
3179 1881 3384 1950 junior,

1807 1961 1952 2016 ﬁlius
2001 1961 2297 2028 Ludowici,
2348 1964 2554 2019 Italiam
2601 1968 2835 2037 primum
2914 1971 3160 2037 intravit,
3219 1972 3388 2028 frater

1805 2055 2162 2110 Carlmani‘M
2195 2067 2250 2110 et
2277 2057 2572 2114 Lttdowici.

1875 2145 2000 2200 902.
2059 2147 2113 2200 9.
2156 2147 2478 2222 [occcuxx]
2519 2151 2700 2224 (Rern)
2739 2154 2914 2220 Boso,
2954 2173 3244 2227 germanus
3279 2160 3386 2214 Ka-

1805 2237 1902 2291 roli
1934 2237 2183 2303 senioris,
2211 2255 2477 2310 occupare
2523 2260 2746 2313 regnum
2787 2247 2986 2311 nitens,
3016 2264 3046 2300 a
3075 2251 3199 2303 litus
3228 2249 3378 2304 Balbi

1803 2339 2123 2399 persecutus
2147 2340 2201 2385 et
2224 2333 2439 2403 fugatus
2465 2335 2518 2388 in
2559 2336 2664 2390 vita
2699 2353 2820 2392 sua.

1875 2413 2000 2467 905.
2043 2418 2096 2472 5.
2141 2419 2484 2495 [account]
2527 2426 2708 2495 (Rem)
2761 2428 3152 2485 Carlomannus
3211 2431 3379 2499 major

1801 2518 1897 2558 rex
1925 2506 2205 2580 Bajoariae,
2250 2526 2405 2584 pater
2434 2519 2659 2583 Aruolli,
2711 2520 2841 2574 obiit
2893 2521 3110 2589 paralisi
3155 2525 3182 2574 7
3237 2523 3374 2580 Non.

1799 2596 1998 2665 April.,
2026 2605 2372 2674 sepultusque
2418 2620 2502 2662 est
2539 2609 2812 2681 lludingas
2851 2611 2902 2663 in
2936 2610 3166 2678 Bajoria.
3204 2613 3380 2668 Ludo-

1801 2689 1968 2744 vvicus
2009 2707 2158 2758 vero,
2201 2695 2371 2750 frater
2415 2698 2558 2768 ejus,
2606 2703 2885 2770 possidens
2931 2719 3087 2756 suum
3128 2719 3374 2776 regnum,

1799 2784 2071 2838 concessit
2096 2786 2322 2842 Arnolfo
2345 2789 2731 2859 Carantauum,
2750 2794 2892 2863 quod
2912 2795 2960 2847 ei
2993 2806 3145 2864 pater
3166 2797 3374 2866 pridem

1799 2873 1964 2928 dedit.

1868 2967 1994 3021 904.
2036 2968 2093 3024 6.
2145 2970 2510 3047 [neccuxxu]
2552 2976 2734 3047 (Βεο.)
2797 2980 3024 3039 Karolus
3068 2986 3255 3056 junior
3307 2987 3376 3042 de

1795 3054 2042 3112 Almania
2094 3076 2364 3130 egressus,
2413 3063 3000 3144 Langobardorumque
3041 3054 3174 3132 ﬁnes
3205 3079 3377 3148 possi-

1719 3137 1762 3198 C
1794 3148 1945 3213 deus,
1999 3151 2052 3205 in
2101 3157 2290 3222 paucis
2343 3158 2534 3214 diebus
2585 3169 2749 3215 totam
2796 3163 3003 3220 Italiam
3044 3137 3290 3237 accepit,
3319 3177 3378 3224 et

1793 3238 2022 3296 Romam
2053 3246 2398 3313 perveniens,
2421 3265 2450 3301 a
2481 3266 2615 3319 papa
2643 3251 2886 3310 Jobanue
2912 3268 2964 3310 et
2996 3272 3185 3312 senatu
3218 3259 3369 3313 favo-

1792 3332 2036 3386 rabiliter
2063 3347 2317 3405 acceptus
2342 3349 2396 3391 et
2444 3356 2566 3395 cum
2599 3359 2788 3413 magna
2820 3347 2991 3417 gloria
3027 3349 3144 3404 oleo
3182 3366 3367 3406 conseo

1790 3431 1945 3476 erato
1978 3435 2190 3493 unctus,
2217 3428 2511 3499 imperator
2546 3445 2761 3489 creatur

1860 3513 1986 3569 905.
2049 3516 2104 3570 5.
2166 3518 2552 3596 [ncccuxxm]
2623 3525 2806 3598 (Περ.)
2875 3527 3200 3586 Ludowicus
3255 3549 3373 3599 rex,

1791 3600 1970 3679 frater,
2010 3607 2374 3678 imperatoris,
2407 3614 2540 3667 obiit
2577 3615 2974 3674 Fraueonafurt
3019 3624 3082 3676 l5
3140 3623 3369 3680 Kalend.

1791 3695 2124 3764 Septembr.,
2177 3703 2525 3773 sepultusque
2577 3716 2654 3762 est
2700 3708 2966 3765 Lorozam
3020 3715 3072 3767 in
3121 3716 3370 3782 cenobio,

1789 3787 1880 3841 ubi
1919 3799 1972 3841 et
1998 3801 2152 3857 pater
2185 3792 2320 3860 ejus.

1861 3877 1985 3932 906.
2031 3881 2085 3933 6.
2152 3879 2528 3956 [ncccuxxw]
2573 3885 2757 3958 (Βεο.)
2818 3887 3162 3958 Ludowicus,
3231 3895 3371 3950 illius

1786 3964 1960 4031 Balbi,
1985 3969 2119 4023 obiit
2165 3974 2304 4040 apud
2345 3975 2603 4030 Sanctum
2638 3977 2952 4046 Dionisium,
2994 3983 3078 4036 ubi
3111 3995 3164 4038 et
3190 3988 3370 4054 sepul-

1793 4065 1898 4113 tus.
1933 4057 2098 4126 Cujus
2150 4077 2370 4132 regnum
2399 4066 2808 4134 Carlomaunus,
2841 4071 3009 4126 frater
3029 4072 3163 4141 rjus,
3200 4085 3366 4131 tenet.

1786 4147 2057 4205 Bertulfus
2086 4150 2430 4208 Trevirorum
2468 4159 2750 4228 episcopus
2779 4161 2913 4215 obiit
2950 4163 2983 4216 4
3022 4164 3145 4218 ldus
3205 4165 3368 4220 Febr.

1785 4240 1882 4295 Cui
1937 4245 2198 4298 successit
2248 4244 2536 4302 Rabbotlus
2594 4248 2626 4302 6
2673 4250 2795 4305 ldus
2821 4254 3041 4322 Aprilis,
3083 4258 3172 4325 qui
3205 4261 3365 4310 emam

1787 4333 2156 4390 Ruodbertum
2184 4339 2492 4409 episcopum
2530 4341 2783 4398 Metensis
2811 4348 3053 4402 ecclesia:
3083 4364 3364 4402 censet-ra-

1787 4427 1865 4478 Vit
1892 4428 1959 4480 10
1997 4427 2221 4482 Kalend.
2246 4429 2370 4485 Mai.
2663 4447 2666 4450 ’

110 4507 296 4562 itinera
327 4507 640 4576 attingeret,
669 4510 986 4578 aegritudine
1017 4513 1280 4577 tunditur,
1321 4514 1386 4567 de
1417 4531 1520 4584 qua
1555 4530 1681 4582 pro-
1709 4500 1760 4557 Ῐ)
1854 4519 1978 4573 907.
2018 4522 2071 4574 7.
2113 4520 2467 4596 [occccxxxv]
2511 4523 2751 4581 Marinus
2784 4527 2880 4582 107
2923 4547 3080 4599 papa.

109 4599 246 4655 tinus
282 4599 321 4653 2
373 4598 514 4654 Non.
565 4599 784 4656 Octobr.
835 4601 984 4657 obiit.
1035 4602 1201 4674 Cujus
1245 4620 1445 4672 corpus
1491 4609 1572 4660 sui
1625 4608 1678 4661 in

108 4690 306 4747 feretro
336 4703 495 4746 extra
529 4691 736 4748 ltaliam
760 4695 1109 4763 levaverunt;
1143 4698 1236 4752 sed
1267 4700 1336 4753 ob
1363 4699 1678 4756 intolerabi-

108 4781 205 4837 lem
256 4783 509 4840 fuatorem
533 4784 648 4854 ejus
697 4789 956 4858 compulsi
1008 4801 1134 4846 sunt
1181 4790 1311 4846 illud
1339 4803 1496 4848 terrae
1534 4809 1682 4848 com-

110 4879 383 4932 mendare.
444 4877 568 4932 Post
611 4892 792 4935 autem
839 4883 1144 4955 aliquantus
1188 4901 1361 4941 annos
1394 4901 1520 4940 ossa
1565 4889 1681 4958 ejus

112 4967 367 5022 translata
410 4976 552 5029 sunt,
611 4979 665 5024 et
706 4970 944 5029 Parisios
1003 4975 1059 5028 in
1123 4976 1452 5032 monasterio
1507 4981 1680 5034 sancti

110 5053 330 5113 Dionisii
362 5059 656 5116 honoriﬁce
674 5063 902 5131 sepulta.
1319 5076 1322 5080 '

171 5151 276 5178 onn
372 5151 394 5178 ι
489 5150 848 5178 Ι.................Ί
913 5155 1092 5178 ιιι-,1
1161 5156 1370 5178 h-..tnn
1427 5155 1583 5178 rs----

1857 4611 1982 4667 908.
2019 4613 2071 4666 8.
2112 4613 2492 4686 [occcuxxvi]
2534 4615 2716 4687 (Περ.)
2775 4617 3186 4682 Carlomannus,
3229 4621 3331 4672 tib.

1785 4700 1957 4768 Balbi,
1987 4705 2141 4770 obiit,
2194 4715 2248 4759 et
2285 4707 2528 4777 sepultus
2577 4709 2718 4778 apud
2769 4712 3027 4764 Sanctum
3063 4711 3302 4766 DiOItlatt:
3337 4757 3341 4760 .

1789 4811 1908 4849 cum
1941 4793 2107 4850 fratre
2136 4807 2190 4851 et
2217 4813 2336 4852 avo.

1856 4891 1978 4946 9C9.
2020 4892 2072 4947 9.
2115 4891 2514 4966 [occcexxxvu]
2555 4892 2735 4965 (ῐίεο.)
2761 4896 3012 4965 Agapitus
3045 4896 3144 4950 108
3203 4916 3358 4968 pupa.

1786 4981 2012 5036 Karolus
2035 4983 2329 5052 imperator
2353 5000 2580 5054 corpore
2611 4995 2663 5040 et
2685 4990 2867 5040 animo
2888 4998 3049 5057 rmpit
3072 5004 3273 5056 regi-uta
3311 5009 3358 5039 υ.

1791 5073 1971 5129 Mense
2025 5073 2311 5130 Novembri
2365 5076 2512 5129 circa
2561 5079 2848 5132 transitum
2923 5080 3093 5132 saucii
3143 5078 3360 5132 Martni
