3934 5330
504 392 605 450 735

1817 394 1908 449 MA
1919 394 2101 450 lllANl
2140 393 2382 452 SCOTTI
3649 394 3743 450 ἴω

573 513 735 570 1042.
793 511 952 584 [κεκτη
999 511 1083 566 18.
1147 508 1474 566 Benedictus
1529 523 1691 579 papa,
1739 519 1994 580 prasente
2027 521 2080 563 et
2111 511 2407 588 Aornnino
2436 509 2502 564 ad
2533 506 2810 563 Coloniam
2859 509 3012 566 virus
3064 510 3302 566 venisset
3345 510 3414 565 de
3464 518 3620 564 curte
3643 513 3742 580 epi-

509 605 767 660 audiente
832 601 1086 657 llcinriro
1138 601 1492 669 imperatore,
1576 598 1850 654 llicltartlo
1909 599 2072 654 etiam

507 701 705 755 abbate
735 699 852 752 viro
884 695 1351 760 reverentissimo,
1389 694 1535 750 sedis
1555 692 1727 748 sancti
1792 691 2074 757 Bonifatii,

502 788 780 857 publicam
811 785 1054 842 cantavit
1093 784 1314 839 missam
1352 781 1722 851 apostolorum
1766 779 2001 850 Philippi
2026 788 2080 834 et

501 879 695 934 Jacobi
742 893 905 949 super
959 876 1131 932 altare
1180 884 1236 931 et
1289 874 1464 930 sancti
1515 871 1795 928 Bonifatii.
1829 911 1844 926 .
1877 871 1989 925 ,⁸³⁵
2022 871 2076 926 in

501 971 670 1026 Fultla
697 969 818 1025 Kal.
845 968 969 1023 Mai.
1406 958 1412 963 ’

573 1060 734 1117 1045.
769 1057 950 1132 [aut]
981 1059 1065 1114 19.
1097 1055 1475 1112 Erkanbaldus
1524 1053 1811 1126 episcOpus
1857 1052 2076 1125 Mogon-

499 1149 647 1206 linus
669 1151 806 1206 obiit
831 1149 916 1204 16.
946 1148 1069 1205 Kal.
1099 1147 1250 1218 Sept.

576 1241 732 1296 10H.
762 1239 965 1313 [nun]
999 1240 1090 1294 20.
1135 1238 1303 1293 Aribo
1342 1235 1605 1292 successit
1645 1237 1931 1306 episcopus
1977 1250 2078 1288 an-

503 1335 589 1388 nis
615 1335 670 1397 9,
699 1333 982 1390 mensibus
1013 1333 1068 1386 6.

575 1426 734 1480 1045.
784 1422 1010 1497 [ιχῖιιι]
1042 1422 1134 1476 91.
1193 1419 1448 1494 [Eclipsis
1506 1420 1574 1451 ⁸³⁸
1603 1419 1733 1474 solis
1763 1419 1896 1473 hora
1931 1433 2074 1472 nona

503 1532 675 1573 verno
706 1513 1000 1586 tempore}

575 1608 736 1664 1016.
770 1605 988 1679 [uxxtv]
1019 1605 1110 1660 22.
1155 1603 1482 1659 Benedictus
1512 1618 1654 1676 papa
1700 1602 1837 1657 obiit
1873 1601 1924 1654 7.
1950 1599 2078 1654 ldus

499 1698 671 1768 April.
722 1696 1013 1753 Heinricus
1063 1695 1361 1764 imperator
1401 1694 1538 1749 obiit
1575 1693 1782 1749 2.1t1us
1811 1691 1958 1756 Julii,
1991 1708 2079 1745 se-

500 1791 794 1858 pultusque
819 1796 903 1843 est
933 1787 1200 1857 Bamberg
1231 1786 1323 1840 ⁸³⁷.
1351 1784 1626 1840 Jo/tamm
1665 1801 1822 1856 papa.
1851 1781 2079 1856 [Iulum-

503 1897 591 1934 ues
623 1879 744 1933 ιρι.
775 1877 963 1951 mpm}

577 1971 935 2026 Romanorum
983 1971 1072 2026 95.
1131 1970 1366 2041 regnavit
1425 1965 1762 2035 Cuonradus,
1828 1965 2072 2038 Francus

479 2080 702 2134 .generc,
729 2065 882 2118 armis
913 2063 999 2119 15.

571 2155 730 2210 10-17.
760 2153 951 2227 [lxxv]
983 2154 1033 2207 1.

582 2245 740 2301 1018.
773 2243 988 2318 [κχκνι]
1012 2243 1067 2300 2.

515 2335 670 2410 [ϐοά.
703 2337 756 2392 in
787 2352 983 2406 marg.,
1021 2332 1202 2391 Ciclus
1225 2333 1322 2401 27,
1355 2330 1848 2388 decennovennalis
1886 2329 2075 2400 incipit

1097 2427 1392 2483 indictione
1417 2423 1498 2498 9.]

581 2521 739 2578 1050.
772 2519 1034 2594 [uxxvm]
1073 2519 1128 2575 4.
1177 2519 1314 2592 [Ego
1361 2517 1435 2550 ⁸³⁸
1488 2515 1656 2572 miser
1697 2514 1977 2572 Marianus
2021 2515 2075 2569 in

496 2615 746 2688 peccatis
778 2613 855 2668 fui
885 2613 938 2667 in
964 2611 1068 2668 hoc
1097 2625 1242 2666 anno
1269 2606 1482 2680 natus.)

579 2705 736 2761 1055.
800 2701 1023 2777 [κχιχι]
1080 2703 1134 2756 7.
1185 2699 1354 2755 Aribo
1399 2701 1684 2770 episcopus
1735 2696 2074 2770 Mogontinus

496 2799 633 2854 obiit
656 2797 792 2855 feria
819 2797 871 2852 5.
902 2796 958 2852 8.
1000 2795 1122 2850 ldus
1149 2793 1319 2866 April.

569 2889 729 2947 1054.
756 2886 998 2962 [manu]
1026 2887 1078 2942 8.
1108 2886 1344 2944 Sanctus
1384 2888 1563 2944 Bardo
1604 2887 1870 2943 successit
1917 2887 2076 2942 annis

492 2983 588 3048 20,
644 2981 895 3038 baculum
943 2979 996 3033 5.
1043 2977 1163 3033 Kal.
1212 2976 1338 3034 Juni
1380 2979 1470 3036 die
1523 2986 1872 3050 pentecostes
1931 2977 2075 3031 acci-

497 3089 673 3142 piens.

482 3149 484 3153 ’
570 3161 728 3216 1055.
775 3159 1043 3233 [uxxxut]
1072 3158 1126 3215 9.
1175 3159 1377 3232 [Bardo
1417 3159 1489 3196 ⁸³⁹
1532 3158 1822 3230 episcopus
1870 3156 1939 3212 ab
1983 3155 2076 3212 Jo-

498 3254 681 3309 hanne
710 3271 847 3325 papa
879 3252 1178 3308 indictione
1219 3251 1305 3307 15.
1336 3265 1525 3307 mense
1579 3249 1804 3305 Januar.
1853 3249 2073 3321 pallium

504 3343 764 3416 accepit.)

481 3453 483 3455 ·
571 3437 730 3492 1056.
759 3436 1013 3510 [uxxxw]
1038 3437 1123 3490 10.
1151 3433 1477 3492 Mmlcoluim
1501 3436 1572 3468 ⁸⁸⁰
1597 3435 1853 3506 (151)rex
1880 3434 2078 3489 Scottrc

501 3531 642 3585 obiit
673 3529 724 3584 7.
752 3529 870 3584 Kal.
910 3527 1196 3584 Decembr.
1252 3528 1530 3596 Donchad,
1575 3527 1717 3583 ﬁlius
1761 3527 1885 3582 lilia:
1924 3526 2074 3598 (159.)

495 3624 636 3694 ejus,
664 3624 765 3680 sibi
789 3624 1055 3680 successit
1083 3624 1242 3679 annis
1268 3623 1324 3688 5,
1357 3623 1638 3680 mensibus
1666 3621 1720 3679 9.

571 3716 724 3772 1058.
757 3715 1008 3789 [uxxxvr]
1035 3716 1122 3771 12.
1153 3717 1383 3788 Propter
1417 3715 1736 3788 religionem
1768 3713 2074 3770 districtam

498 3808 948 3880 disciplinamque
985 3809 1210 3864 nimiam
1238 3817 1294 3864 et
1323 3817 1552 3879 propter
1578 3807 1796 3878 aliquos
1832 3805 2073 3871 Scottos,

497 3917 636 3973 quos
683 3916 867 3958 secum
927 3903 1163 3958 habebat
1217 3901 1405 3958 Helias
1469 3900 1690 3958 Scottus
1740 3901 1932 3966 abbas,
1982 3899 2111 3970 qui_

495 3997 892 4053 monaSterium
941 3997 1116 4052 sancti
1165 3995 1507 4051 Pantalionis
1537 4004 1591 4051 et
1622 3993 1796 4050 sancti
1849 3992 2072 4048 Martini

474 4083 550 4141 'in
578 4086 802 4144 Colonia
829 4089 1036 4158 pariter
1089 4087 1330 4158 regebat,
1393 4085 1689 4156 Piligrinus
1734 4084 2076 4143 Coloniensis

495 4183 802 4254 episcopus,
846 4183 1061 4238 iuvidiis
1099 4184 1163 4214 ’δι
1209 4183 1341 4238 viris
1382 4182 1690 4251 instigatus,
1731 4181 1898 4237 Helia
1956 4183 2067 4247 ait,

500 4277 604 4330 nisi
651 4292 817 4346 usque
856 4277 980 4331 dum
1033 4277 1148 4345 ipse
1192 4275 1488 4346 Piligrinus
1508 4275 1576 4330 de
1610 4285 1768 4330 curte
1809 4275 1961 4346 regia
1991 4289 2076 4329 re-

497 4368 773 4435 vertisset,
805 4383 905 4423 nec
933 4367 1115 4423 Helias
1149 4383 1328 4439 neque
1369 4367 1508 4423 alius
1546 4365 1768 4422 Scottus
1801 4367 1852 4421 in
1883 4383 2076 4422 mona-

504 4460 676 4515 sterio
708 4459 1040 4514 Pantalionis
1072 4460 1289 4516 fuisset.
1338 4459 1491 4515 Tunc
1549 4458 1732 4515 llelias
1778 4468 1946 4531 atque
1978 4446 2070 4515 alii

499 4550 672 4606 Scotti
745 4550 947 4621 quibus
1003 4552 1292 4623 episcopus
1351 4550 1488 4606 dixit
1541 4551 1902 4606 condixerunt
1948 4571 1960 4606 :
2024 4552 2070 4608 si

2181 618 2376 672 seopus
2417 600 2722 672 Piligrinus.
2755 601 2815 655 Et
2848 601 2919 656 ita
2952 601 3210 657 Dominus
3239 599 3533 672 complevit
3560 617 3576 667 ;
3599 614 3746 670 atque

2184 692 2369 747 Helias
2397 691 2504 746 duo
2534 693 2859 747 monasteria
2891 693 3158 763 regnarit.

2253 783 2408 838 1059.
2452 781 2742 855 [uxxxvn].
2786 783 2872 837 15.
2906 783 3202 854 Piligrinus
3239 783 3310 816 ⁸⁵³
3335 784 3630 854 episcopus
3655 782 3746 838 Co-

2181 873 2440 929 loniensis
2475 873 2612 928 obiit
2647 875 2678 930 8
2711 872 2832 928 Kal.
2878 873 3029 944 Sept.
3067 874 3433 929 Herimannus
3473 876 3746 944 episcopus

2179 964 2440 1020 succeSsit
2465 964 2620 1019 anuis
2649 964 2735 1019 19.
2759 962 2925 1036 [Brun
2947 963 3016 995 ⁸⁸⁸
3041 965 3326 1035 episeopus
3350 965 3749 1033 “'irziburgen-

2178 1056 2252 1110 sis
2288 1053 2469 1126 obiit.]
2521 1054 2754 1109 Sanetus
2793 1054 3230 1125 archiepiscopus
3265 1055 3461 1117 Bardo,
3507 1055 3748 1124 ιη’ωδειιιί

2177 1146 2430 1201 Conrado
2461 1147 2812 1213 imperatore,
2848 1147 3147 1204 indictione
3182 1147 3235 1212 5,
3271 1156 3473 1218 quarto
3508 1138 3597 1201 die
3639 1145 3750 1200 ldus

2178 1238 2494 1304 Novembr.,
2543 1241 2674 1294 feria
2718 1254 2932 1310 quoque
2971 1241 3183 1309 quinta,
3230 1241 3282 1294 in
3318 1255 3428 1310 qua
3472 1239 3612 1293 feria
3657 1242 3749 1292 cri-

2178 1330 2315 1384 sima
2343 1330 2412 1362 5“
2435 1339 2788 1385 consecratur
2815 1338 2867 1384 et
2901 1321 3066 1384 multa
3096 1330 3261 1384 etiam
3301 1338 3493 1384 sancta
3537 1338 3593 1384 et
3625 1329 3749 1382 bona

2176 1441 2339 1495 opera
2370 1424 2743 1495 perficiuntur,
2775 1423 2829 1478 in
2859 1440 2965 1493 qua
2990 1424 3240 1494 equidem
3280 1423 3544 1477 dominus
3579 1433 3751 1477 noster

2176 1517 2374 1574 Jhesus
2410 1517 2659 1573 Christus
2695 1517 2748 1571 in
2785 1532 2987 1587 corpus
3022 1532 3180 1571 suum
3211 1531 3410 1585 panem
3444 1525 3501 1568 et
3547 1515 3599 1568 in
3638 1531 3750 1568 san-

2177 1610 2394 1680 guinem
2431 1625 2586 1665 suum
2622 1612 2807 1664 vinum
2835 1609 2994 1663 nobis
3020 1608 3411 1673 sanctiﬁcarit,
3452 1608 3658 1678 quique
3679 1615 3751 1660 est

2178 1701 2293 1764 dies
2327 1699 2698 1756 ltonorabilior
2728 1700 2895 1755 totius
2921 1698 3235 1754 ebdomadae
3263 1709 3386 1769 post
3412 1698 3558 1752 diem
3589 1698 3750 1750 domi-

2178 1791 2380 1853 nicum,
2413 1789 2753 1844 consecravit
2777 1789 3165 1842 monasterium
3190 1786 3365 1855 sancti
3401 1785 3652 1848 Martini,
3678 1803 3755 1840 se-

2105 1874 2148 1933 B
2177 1883 2260 1937 dis
2285 1881 2738 1954 Mogontiaceusis
2765 1882 3284 1952 archiepiscopatus,
3318 1880 3487 1935 immo
3517 1882 3750 1936 omnium

2178 1975 2537 2042 Francorum,
2605 1974 2658 2028 in
2719 1973 2927 2028 honore
2991 1972 3160 2028 sancti
3228 1971 3454 2027 Martini
3525 1972 3754 2042 episcopi

2176 2077 2232 2124 et
2262 2067 2611 2131 confessoris,
2648 2081 2773 2122 cum
2800 2065 2984 2122 multis
3013 2065 3286 2136 episcopis
3315 2072 3485 2135 atque
3529 2079 3752 2120 venera-

2177 2160 2376 2217 bilibus
2406 2159 2553 2213 viris.

2250 2251 2405 2306 1061.
2446 2247 2702 2322 [struix]
2741 2247 2826 2303 15.
2868 2245 3188 2303 Cuonradus
3213 2253 3516 2314 imperator
3539 2243 3748 2298 oliiiti.

2177 2343 2299 2398 ldus
2333 2340 2480 2408 Juui,
2519 2340 2872 2411 sepultusque
2901 2349 2982 2393 est
3013 2337 3192 2406 Spira.
3237 2335 3557 2392 Richardus
3597 2339 3755 2391 abbas

2177 2435 2460 2492 Fuldensis
2483 2433 2659 2490 felicis
2677 2432 2953 2488 memoria:
2978 2431 3113 2487 obiit
3137 2429 3224 2485 15.
3247 2429 3370 2484 Kal.
3397 2429 3543 2500 Aug.
3574 2429 3671 2485 Hic
3693 2429 3754 2461 "‘

2177 2531 2339 2587 etiam
2388 2529 2588 2584 multos
2637 2535 2854 2584 sanctos
2900 2525 3228 2597 Scottigena:
3278 2525 3460 2597 gentis
3514 2525 3667 2578 viros
3708 2523 3754 2576 in

2176 2638 2463 2683 commune
2512 2623 2743 2679 fratrum
2789 2620 3044 2681 habebat.
3104 2627 3269 2690 atque
3315 2618 3659 2674 caminatam
3707 2626 3753 2670 et

2177 2715 2554 2773 dormitorium
2604 2712 2735 2785 ipsis
2776 2725 3023 2768 seorsum
3067 2709 3228 2764 simul
3270 2716 3326 2764 et
3371 2709 3519 2764 inter
3567 2708 3755 2763 fratres

2177 2807 2625 2865 subministrabat
2662 2806 2804 2862 sicut
2839 2811 3018 2876 pater.
3052 2800 3152 2858 Cui
3191 2801 3463 2858 successit
3504 2801 3750 2873 Sigiwart

2177 2899 2735 3044 ablljlzz'tsmanorum91.
2776 2983 3008 3056 regnavit
3055 2983 3363 3050 Heinr-ints,
3394 2982 3545 3052 ﬁlius
3587 2982 3752 3046 Caea-

2179 3082 2294 3135 radi
2326 3079 2679 3149 imperatoris,
2711 3079 2862 3132 annis
2893 3077 2978 3131 17.

2250 3170 2406 3226 1062.
2448 3168 2602 3243 [uxr]
2644 3171 2692 3222 1.
2743 3167 3036 3222 Donncbad
3078 3165 3147 3199 '"
3195 3181 3288 3221 rex
3332 3164 3544 3221 Scotia:
3576 3166 3630 3219 in
3670 3180 3754 3218 aa-

2137 3259 2149 3278 ‘
2182 3269 2368 3317 tumno
2411 3259 2680 3315 occiditur
2723 3256 2838 3330 [19.
2877 3256 2949 3289 ⁸⁸⁸
2990 3256 3112 3311 Kal.
3161 3254 3344 3327 Sept.]
3392 3271 3424 3309 a
3477 3255 3622 3310 duce
3667 3270 3757 3309 suo

2180 3353 2494 3411 Macbetbad
2539 3367 2659 3407 mae
2699 3349 3016 3416 Finnloech,
3055 3347 3141 3404 cui
3177 3348 3245 3379 ⁵⁵⁸
3281 3347 3558 3404 successit
3587 3345 3642 3401 in
3680 3361 3755 3401 re-

2178 3465 2338 3522 gnum
2370 3447 2528 3502 annis
2561 3446 2626 3500 17
2659 3443 2830 3517 (153).

2248 3539 2406 3596 106$.
2449 3536 2649 3610 [amt]
2702 3536 2757 3591 5.
2811 3533 2992 3591 llelias
3035 3532 3257 3589 Scottus
3304 3531 3483 3587 abbas
3530 3531 3666 3586 obiit
3708 3530 3756 3583 5.

2179 3633 2304 3688 ldus
2333 3630 2552 3701 Aprilis,
2588 3629 2671 3682 vir
2703 3627 2939 3698 prudens
2968 3631 3022 3679 et
3054 3623 3364 3694 religiosus,
3395 3632 3453 3677 et
3487 3623 3616 3676 ideo
3653 3635 3757 3674 mo-

2177 3723 2474 3780 nasterium
2503 3721 2674 3776 saneti
2710 3715 3051 3772 Pantalionis
3073 3730 3195 3770 cum
3221 3729 3342 3779 suo,
3377 3713 3432 3768 id
3466 3721 3554 3768 est
3590 3713 3758 3768 sancti

2178 3816 2418 3880 Martini,
2471 3813 2573 3870 sibi
2611 3813 2797 3867 datum
2853 3819 2958 3866 est.
3005 3807 3127 3878 Ipse
3171 3805 3441 3861 obtimum
3493 3805 3758 3861 missalem

2179 3910 2376 3964 librum
2406 3903 2654 3961 monachi
2683 3903 2845 3958 etiam
2876 3899 3101 3965 Franci,
3125 3898 3246 3954 sine
3275 3897 3502 3952 licentia
3527 3899 3758 3953 conscri-

2177 4013 2354 4076 ptum,
2421 4000 2476 4055 in
2536 4009 2826 4052 commune
2873 3991 3268 4049 monachorum
3313 3991 3368 4046 in
3433 3989 3761 4046 monasterio

2176 4094 2352 4152 sancti
2392 4089 2732 4148 Pantalionis
2770 4087 2894 4160 igne
2931 4082 3310 4154 comsumpsit,
3356 4097 3433 4138 ne
3465 4083 3609 4138 alius
3647 4082 3760 4136 sine

2177 4186 2394 4244 licentia
2430 4181 2802 4238 conscriberet
2835 4184 2929 4232 aut
2975 4174 3085 4231 tale
3118 4173 3328 4245 aliquid
3373 4171 3621 4230 fecisset.
3667 4170 3761 4226 Cui

2176 4276 2441 4334 successit
2477 4271 2724 4342 Majobus
2751 4268 2823 4302 “°
2865 4265 3110 4336 Scottus,
3147 4265 3301 4336 virgo
3332 4263 3558 4334 patiens
3588 4271 3643 4319 et
3682 4277 3763 4316 sa-

2175 4371 2354 4441 piens,
2380 4365 2539 4421 annis
2568 4363 2655 4418 18.

2252 4455 2410 4512 1065.
2451 4450 2670 4527 [unm]
2709 4450 2765 4505 4.
2794 4445 3165 4506 Animchadus
3196 4444 3424 4502 Scottus
3463 4444 3762 4500 monachus

2180 4558 2237 4604 et
2283 4547 2526 4603 inclusus
2567 4542 2703 4599 obiit
2743 4542 2798 4597 5.
2847 4538 2966 4595 Kal.
3016 4536 3303 4594 Februarii
3341 4537 3398 4591 in
3432 4536 3765 4590 monasterio

494 4641 747 4698 Christus
797 4643 848 4697 in
899 4644 1032 4714 ipsis
1092 4644 1192 4699 fuit
1254 4641 1558 4716 peregrinis
1596 4641 1666 4674 ⁸⁵⁹
1691 4657 1759 4698 ne
1813 4659 2067 4715 umquam
2105 4637 2149 4695 Ι)
2181 4638 2456 4696 Fuldensi.
2486 4636 2662 4705 Super
2690 4631 2844 4704 cujus
2869 4629 3216 4701 sepulchrum
3247 4627 3367 4683 visa
3403 4636 3534 4683 sunt
3562 4627 3762 4682 lumina

1797 4758 2034 4814 VARI/13
2066 4753 2468 4813 LECTIONES.

566 4874 636 4906 ⁸³⁵
664 4873 971 4927 vocabulum
1019 4889 1225 4928 erasum
1280 4882 1353 4928 est
1401 4872 1453 4927 1.
1535 4873 1607 4906 ⁸³⁸
1651 4874 1760 4930 alia
1789 4892 1951 4928 manu
1989 4875 2114 4930 add.
2154 4875 2203 4926 1.
2287 4871 2357 4903 ⁸³⁷
2409 4871 2461 4925 in
2494 4865 2728 4924 Babonis
2754 4870 2938 4918 monte
2963 4861 3002 4916 i.
3031 4856 3469 4930 Babenbcrcltﬁ.
3560 4858 3632 4930 ’ὃ
3661 4858 3764 4910 alia

487 4926 804 4999 manuadd.
835 4945 884 4999 1.
959 4944 1029 4975 ⁵³³
1053 4926 1164 4998 hinc
1187 4945 1238 4998 in
1265 4926 1436 5015 inm-9.
1467 4961 1625 5015 prope
1654 4926 2199 5014 liceantur,
2240 4945 2427 4998 desunt
2545 4940 2602 5015 5ζ
2675 4935 2885 5015 1"”th
2910 4937 3098 5015 (ίεξηηξ
3127 4930 3181 4983 ἓ·

489 5015 719 5066 νίίιὶοςίς
760 5015 814 5066 5.
873 5015 1210 5066 auorundam
1261 5002 1575 5066 invidorum.
1643 5002 2034 5066 monachorum
2087 5017 2152 5066 de
2187 5002 2526 5066 monasterio
2571 5012 2630 5064 S.
2675 5003 3025 5062 Pantaleonis
3065 5002 3120 5055 ‘2.

3576 4929 3646 4960 rs:
3688 4934 3763 4981 iu.

3223 5000 3293 5031 ’δ’
3340 5001 3663 5066 peregrinus
3715 5005 3759 5051 l.
