3934 5330
180 91 274 150 783

1378 89 1793 155 CllllONICON.
1816 120 1887 137 ι·-
1922 94 2047 152 LIB.
2086 95 2169 152 lll.

3306 96 3411 154 786

180 218 231 261 ct
256 204 549 277 psalmodia
571 204 777 259 audita.
799 204 973 275 Super
993 221 1152 277 quem
1174 220 1274 278 ego
1301 205 1574 262 Marianus
1595 207 1743 263 Scot-
1772 220 1817 280 Α
1846 209 2022 278 capita
2053 209 2279 265 feminas
2307 211 2815 267 Conversasdebere
2840 210 3173 283 prcdicabat.
3197 182 3413 270 earum-

177 310 260 352 tus
286 298 350 352 10
376 296 533 349 annis
557 294 814 361 inclusus,
841 310 1004 365 super
1027 296 1189 368 pedes
1214 297 1330 370 ejus
1358 310 1510 354 stans
1536 298 1734 355 cotidie

175 388 381 444 cantavi
426 388 638 442 missas.
671 386 1032 445 Williltelmus
1063 390 1361 444 monachus
1387 398 1441 445 et
1469 389 1737 460 presbiter

173 493 464 534 conversus
499 477 730 534 clericus
760 488 816 533 et
844 479 1079 549 sapiens,
1108 480 1409 537 districtius
1429 491 1488 536 et
1522 481 1735 552 religio-

175 571 279 625 sior
312 568 555 622 omnium
607 568 993 626 monachorum
1034 568 1403 637 Fuldensium,
1456 570 1600 625 sicut
1638 585 1735 626 nos

176 658 419 724 vidimus,
472 657 829 714 Animcadum
882 658 1088 731 rogavit
1144 669 1206 715 ut
1256 675 1315 717 se
1367 659 1731 717 benediceret.

175 747 362 805 Eadem
412 762 546 804 vero
585 748 698 819 ipsa
745 758 923 816 nocte,
958 749 1099 804 sicut
1145 749 1275 805 mihi
1314 750 1526 806 incluso
1569 765 1737 822 super

174 840 519 896 Animeadmn
552 839 914 905 conﬁrmavit,
952 842 1244 898 somniavit
1285 843 1643 899 Animcadum
1676 845 1732 900 in

172 948 263 988 suo
295 931 583 1007 sepulchro
603 941 836 989 stantem
863 934 1031 990 nimio
1054 933 1264 1007 fulgore
1304 937 1647 1004 candentem,
1679 947 1737 994 et

170 1038 377 1080 extensa
402 1023 501 1081 Sua
532 1040 694 1080 manu
724 1042 782 1081 se
811 1027 879 1082 ab
906 1041 972 1082 eo
1004 1026 1271 1082 benedici.
1295 1026 1541 1097 Cumque
1565 1028 1730 1083 etiam

173 1116 302 1172 fossa
332 1116 609 1187 sepulchri
636 1118 739 1173 mei
756 1116 910 1185 juxta
932 1117 1074 1173 latus
1099 1116 1216 1187 ejus
1242 1117 1295 1172 in
1316 1125 1474 1173 nocte
1495 1118 1733 1174 nondum

170 1208 420 1277 completa
464 1216 818 1278 permaneret
845 1217 1057 1279 aperta,
1096 1217 1260 1263 totam
1296 1208 1472 1279 ipsam
1519 1220 1731 1264 noctem

172 1297 410 1353 melliﬂuo
430 1298 604 1355 odore
630 1298 837 1355 scilicet
857 1298 1117 1355 conduxi.
1144 1296 1246 1367 Qui
1271 1299 1393 1371 quia
1422 1313 1546 1355 cum
1568 1298 1736 1355 lieen-

172 1392 237 1446 tia
270 1391 499 1448 senioris
553 1390 641 1446 sui
688 1392 905 1448 nomine
947 1390 1209 1448 Corcram
1262 1391 1316 1447 in
1367 1390 1536 1448 insola
1578 1392 1733 1450 Kelta

170 1483 435 1539 caritatem
467 1482 731 1540 fratribus
766 1482 917 1550 fecit,
950 1486 1142 1555 paucis
1164 1501 1296 1542 vero
1321 1487 1729 1543 remanentihus

1839 317 1946 371 que
1996 302 2196 356 scolam
2236 310 2303 356 et.
2341 301 2663 372 puellarum,
2713 316 3006 372 puerorum
3055 312 3111 359 et
3151 302 3412 367 laicnrmn

1838 390 2062 447 multant
2090 392 2322 448 habebat
2345 424 2410 434 -—
2442 394 2513 449 ob
2545 394 2597 449 id
2629 394 2696 449 de
2723 392 2981 449 llibcrnia
3011 393 3302 465 projectus.

1907 482 2063 537 1076.
2107 482 2283 557 [Iuv]
2316 484 2399 539 15.
2438 482 2547 539 Leo
2576 498 2711 555 papa
2743 485 2879 539 obiit
2913 486 2996 541 16.
3028 485 3147 540 Kal.
3182 485 3305 541 Mai.

1908 573 2064 629 1077.
2108 574 2266 648 [xcv]
2311 575 2392 630 l6.
2457 574 2629 630 Victor
2673 594 2809 648 papa
2863 576 2911 630 1.
2943 617 2956 629 .
2985 615 2999 631 .
3039 589 3158 648 post
3197 575 3413 633 Petrum

1833 667 2079 721 successit
2109 668 2261 722 annis
2291 666 2344 721 3.

1912 756 2066 813 1078.
2106 755 2285 831 [ιιινι]
2327 756 2412 812 17.
2455 755 2818 815 llerimaunus
2852 761 3139 833 episcopus
3174 761 3414 817 Colonia:

1834 844 1969 901 obiit
1992 846 2047 900 in
2068 845 2480 917 quadragesima
2507 846 2598 901 ⁸³⁸.
2626 847 2785 903 Auno
2814 850 3098 920 episcopus
3126 852 3407 907 successit.

1834 937 1949 1007 Ego
1984 934 2256 991 Harianus
2280 937 2597 1008 peregrinus
2630 938 2805 994 factus
2834 955 2932 1010 pro
2969 956 3134 1012 regno
3166 940 3407 1003 caeleste,

1832 1026 2067 1099 patriam
2116 1027 2355 1083 motuavi
2390 1028 2485 1096 ⁸⁸⁷,
2529 1037 2585 1083 et
2626 1028 2679 1084 in
2721 1029 2938 1086 Colonia
2979 1032 3032 1087 5.
3072 1031 3233 1099 feria,
3283 1032 3405 1089 Kal.

1831 1114 2081 1187 Augusti,
2135 1117 2430 1173 monachus
2472 1116 2715 1175 euectus.
2768 1120 3053 1177 Heinricus
3111 1124 3412 1195 imperator

1831 1207 1969 1263 obiit
1990 1210 2043 1262 5.
2076 1206 2210 1263 Νοη.
2242 1208 2510 1278 Octobris,
2535 1211 2882 1284 sepultusque
2908 1222 2993 1269 est
3024 1212 3203 1286 Spira,
3234 1215 3323 1271 ubi
3354 1229 3411 1272 ct

1832 1308 1989 1371 pater
2016 1300 2133 1372 ejus
2151 1297 2320 1371 jacet.
2968 1319 2973 1324 ·

1906 1390 2261 1447 Romanorum
2290 1391 2381 1450 95.
2406 1394 2634 1467 regnavit
2671 1392 2969 1463 IIcEnricus,
3001 1395 3144 1469 ﬁlius
3170 1397 3411 1458 lleinrici

1830 1480 2182 1548 imperatoris,
2214 1485 2367 1538 annis
2403 1485 2486 1541 10.

176 1579 282 1641 post
310 1573 445 1628 alios
486 1582 749 1630 exeuntes
786 1584 1081 1647 potumque
1113 1577 1441 1648 petentibus,
1471 1578 1585 1649 ipse
1609 1578 1727 1634 sine
1758 1594 1804 1654 Β
1905 1567 2060 1624 1079-
2100 1567 2299 1643 [Ill-VII]
2343 1572 2394 1627 1.
2436 1573 2621 1628 Victor
2666 1589 2802 1646 papa
2847 1576 2986 1632 obiit
3024 1574 3083 1631 5.
3131 1578 3252 1633 Kal.
3305 1578 3406 1650 Ag.

172 1660 369 1717 licentia
398 1662 638 1732 prebuit,
675 1671 732 1720 et
774 1663 897 1720 inde
933 1665 1096 1720 etiam
1136 1674 1263 1721 tunc
1308 1667 1448 1722 sicut
1491 1669 1728 1739 primum

173 1767 339 1828 potum
368 1756 575 1812 seniori
614 1756 781 1813 misit.
807 1755 935 1813 Ideo
978 1756 1065 1813 die
1102 1759 1342 1816 crastino
1370 1775 1475 1815 non
1518 1769 1727 1817 tantum

114 1842 119 1849 ’
172 1853 230 1904 de
256 1848 414 1905 insula
454 1848 635 1917 Kelta,
665 1849 760 1905 sed
796 1847 864 1904 de
897 1857 1005 1905 tota
1037 1848 1294 1906 Hibernia
1335 1850 1509 1920 ipsum
1548 1854 1731 1908 senior

176 1943 409 2011 projecil;
441 1942 585 2015 quod
629 1942 910 1998 humiliter
950 1942 1264 2014 complevit.
1306 1943 1382 1998 Ita
1428 1941 1730 2016 Tigernacb

174 2034 254 2088 ⁸⁸¹.
296 2033 436 2106 (151)
481 2034 763 2090 Borcltecb
802 2033 937 2090 mihi
993 2032 1246 2104 culpabili
1294 2032 1349 2090 in
1400 2033 1577 2106 aliqua
1624 2033 1728 2090 levi

174 2124 310 2195 culpa
339 2125 730 2196 pronuntiavit.

237 2215 361 2272 1066
395 2215 609 2291 [κων]
648 2216 701 2272 5.
748 2214 1063 2273 Benedictus
1091 2234 1229 2290 papa
1269 2216 1565 2273 Iohannem
1601 2234 1727 2273 suc-

175 2307 324 2362 cessit.
352 2306 449 2365 Hic
477 2324 604 2364 eum
635 2309 906 2379 papatiam
935 2325 1089 2364 suam
1120 2310 1394 2366 vendisset
1416 2310 1528 2380 δ’δ’,
1563 2308 1729 2365 ιιθίιιο

178 2400 304 2454 rieus
331 2400 626 2470 imperator
647 2399 888 2472 perrexit
914 2398 1165 2468 Romam,
1194 2408 1249 2455 et
1274 2416 1373 2472 pro
1392 2417 1459 2457 eo
1480 2400 1731 2456 Clemen-

178 2499 269 2544 tem
301 2492 578 2547 constituit
617 2507 833 2563 papam,
879 2507 1000 2548 enm
1039 2506 1106 2547 ex
1138 2507 1233 2547 ore
1274 2494 1445 2548 sancti
1479 2492 1624 2547 Petri
1670 2492 1723 2547 in

178 2579 374 2637 Simone
399 2598 564 2653 mago
598 2591 777 2638 emtor
812 2581 1019 2653 pariter
1048 2589 1103 2636 et
1140 2582 1390 2637 venditor
1429 2582 1729 2652 spiritualis

180 2672 347 2738 gratia:
372 2682 500 2729 sunt
527 2673 851 2729 anatemati.

181 2757 296 2830 {Cod
331 2763 379 2817 iu
414 2781 612 2837 marg.,
651 2763 834 2821 Ciclus
868 2763 958 2820 28.
999 2762 1492 2821 deeennoveunalis
1541 2763 1733 2836 incipit

725 2856 1019 2913 indictione
1046 2854 1159 2930 13.]

240 2946 379 3003 1067.
419 2948 612 3023 [lev]
649 2948 704 3004 6.

218 3034 382 3098 1068.
421 3042 637 3117 [nam]
677 3043 730 3099 7.
767 3042 1005 3100 Clemens
1034 3042 1085 3098 1.
1106 3080 1122 3098 .
1147 3082 1162 3098 .
1188 3041 1259 3075 ⁵³³
1284 3059 1424 3115 papa
1455 3053 1567 3115 post
1596 3044 1724 3099 bea-

182 3139 283 3185 tum.
307 3129 538 3191 Petrum.

241 3221 380 3282 1069.
428 3225 668 3302 [uxevtl]
722 3228 776 3285 8.
828 3224 1067 3283 Clemens
1118 3244 1259 3298 papa
1308 3227 1434 3282 obiit
1484 3226 1538 3281 7.
1591 3225 1722 3281 ldus

185 3310 411 3372 Octobris.
443 3317 593 3391 Bopo
627 3337 787 3391 papa,
809 3319 903 3392 qui
935 3329 983 3375 et
1009 3317 1298 3384 Damasus,
1325 3318 1591 3373 successit.
1620 3315 1722 3372 Nix

185 3400 228 3454 in
249 3406 511 3466 occidente
535 3410 594 3464 in
631 3417 840 3466 tantum
871 3417 931 3465 ut
954 3408 1118 3466 silvas
1146 3408 1421 3481 fregisset.

243 3493 383 3549 1070.
422 3497 683 3573 [usum]
721 3500 776 3557 9.
797 3499 976 3555 Bebba
995 3517 1132 3572 papa
1157 3500 1303 3555 obiit.
1330 3497 1434 3555 Leo
1458 3515 1597 3570 papa
1622 3498 1718 3554 1...

184 3592 278 3646 post
297 3583 520 3657 Petrum,
553 3592 799 3646 successit
823 3592 976 3647 anuis
1009 3590 1063 3647 6.

333 3692 351 3709 ‘
381 3691 483 3747 lste
511 3701 599 3764 est
621 3692 731 3748 Leo
763 3692 849 3747 ille
874 3693 964 3764 qui
988 3707 1186 3764 novum
1213 3697 1433 3747 cantum
1451 3689 1519 3747 de
1533 3698 1723 3746 sancto

273 3758 515 3833 Gregorio
540 3763 732 3836 Magno
754 3758 906 3820 fecit:
937 3763 1084 3817 addit
1111 3763 1168 3817 2.

246 3857 381 3917 1072.
422 3862 539 3938 [ιιι]
580 3866 668 3922 11.
723 3866 840 3922 Rex
888 3864 1110 3922 Scottia:
1170 3859 1488 3920 Macbetltad
1534 3861 1722 3919 Roma:

190 3961 433 4022 argentum
463 3958 793 4029 pauperibus
820 3958 1141 4015 seminando
1169 3955 1470 4013 distribuit.

248 4044 384 4103 1075.
420 4051 557 4126 [ιιι]
596 4051 686 4106 12.
727 4051 960 4108 Sanctus
988 4050 1163 4107 Bardo
1186 4050 1474 4122 episcopus
1500 4046 1726 4123 Mogon-

192 4132 312 4192 tiuus
335 4141 459 4197 obiit
479 4143 532 4198 4.
560 4143 682 4199 ldus
699 4143 871 4200 Junii.

1827 1656 2147 1731 [Maeliulteg
2164 1659 2244 1693 ‘“
2267 1662 2414 1735 (155)
2436 1665 2703 1719 occiditur
2726 1668 2776 1721 in
2800 1668 3058 1739 Augusto.
3090 1668 3257 1741 Lulag
3277 1687 3405 1725 sue—

1828 1751 1996 1805 cessit
2042 1759 2101 1806 et
2156 1753 2429 1809 occiditur
2471 1757 2523 1810 itt
2578 1753 2799 1821 Martio;
2855 1757 2940 1814 cui
2987 1757 3210 1815 Moelcol
3258 1761 3407 1832 (156)

1828 1843 2138 1917 successit.]
2186 1875 2255 1888 -—-
2306 1845 2642 1903 Moelcoluitn
2692 1850 2865 1922 (156),
2922 1850 3063 1907 lilius
3106 1852 3401 1917 Donchmtl,

1830 1932 1968 2003 regit
1992 1932 2275 1990 Scottiam.
2298 1966 2367 1975 —
2398 1936 2680 2010 [Ilouchad
2701 1940 2770 1972 m
2804 1940 2951 2012 (357)
2981 1942 3228 2012 regnavit
3251 1941 3410 2003 annis

1826 2022 1883 2089 5,
1933 2023 2037 2081 hoc
2070 2035 2157 2081 est
2194 2040 2226 2080 a
2267 2028 2432 2083 missa
2481 2029 2655 2085 sancti
2692 2030 2921 2085 Andreae
2965 2032 3031 2086 ad
3075 2033 3304 2087 eandem
3350 2041 3408 2087 et

1830 2116 2052 2190 insuper
2085 2120 2154 2177 ad
2185 2121 2526 2179 nativitatem
2564 2132 2766 2180 sancite
2797 2122 3000 2180 llas-im.
3028 2124 3154 2179 Inde
3187 2123 3409 2180 Maeliu-

1828 2202 1929 2284 lreg
1958 2216 2202 2285 regnavit
2228 2216 2387 2272 annis
2430 2216 2496 2271 17
2539 2216 2606 2271 ad
2636 2217 2884 2273 eamdem
2926 2217 3148 2272 missam
3195 2227 3400 2273 sancte

1831 2303 2031 2360 Mariae.
2061 2304 2261 2362 Lulach
2287 2322 2317 2361 a
2346 2307 2628 2362 nativitate
2646 2315 2847 2362 sancta:
2874 2305 3054 2362 Maria:
3084 2307 3150 2362 ad
3176 2308 3398 2362 missam

1830 2396 2000 2451 sancti
2033 2394 2250 2452 Patricii
2284 2396 2335 2452 in
2367 2411 2549 2453 mense
2569 2396 2759 2451 Martio
2786 2382 3049 2467 regnavit.
3073 2397 3209 2454 lude
3236 2396 3397 2453 Moci-

1826 2493 2028 2549 coluim
2070 2493 2310 2564 regnavit
2350 2493 2508 2549 annis
2541 2491 2611 2546 20
2654 2507 2824 2564 usque
2858 2495 2925 2548 ad
2965 2495 3185 2549 missam
3226 2493 3401 2573 sancti

1829 2584 2097 2658 Patricii.]
2739 2578 2747 2586 ’

1905 2676 2059 2732 1080.
2100 2674 2316 2751 [unm]
2366 2674 2421 2731 Ξ.
2463 2673 2759 2746 Stephanus
2798 2691 2934 2747 papa
2972 2674 3020 2727 1.
3046 2711 3091 2727 ..
3133 2673 3400 2727 success't.

1833 2764 2204 2823 Badaebrunna
2235 2767 2427 2823 civitas
2446 2780 2570 2822 cum
2596 2765 2804 2821 duobus
2838 2761 3202 2822 monasteriis.
3234 2761 3284 2815 id
3317 2768 3401 2815 est

1831 2859 2173 2930 episcopatus
2212 2866 2266 2912 et
2303 2856 2710 2920 monachorum,
2747 2853 2884 2911 feria
2927 2853 2981 2909 6.
3027 2862 3154 2908 ante
3198 2851 3405 2923 palmas

1751 2937 1794 2995 (ἒ
1828 2948 1954 3018 igne
1973 2948 2336 3003 consumitur.
2368 2947 2424 3002 lu
2454 2945 2779 3001 monasterio
2803 2955 2983 2999 autem
3013 2942 3402 2999 monachorum

1823 3046 1943 3094 erat
1967 3037 2237 3094 Paternus
2263 3038 2480 3093 nomine
2514 3035 2813 3093 monachus
2840 3034 3079 3099 Scottus,
3111 3032 3406 3102 multisque

1824 3127 1982 3184 annis
2012 3127 2274 3192 inclusus,
2309 3125 2401 3197 qui
2438 3125 2602 3180 etiam
2630 3124 3058 3181 combustionem
3093 3121 3380 3194 prenuntia

1823 3221 1938 3288 bat,
1970 3220 2216 3276 ambiens
2243 3220 2548 3275 martirium
2590 3235 2687 3290 pro
2727 3218 2875 3277 nullo
2917 3216 3051 3273 foris
3082 3217 3270 3281 exivit,
3304 3216 3402 3271 sed

1823 3312 1877 3367 in
1902 3327 1999 3367 sua
2025 3310 2262 3368 clausula
2296 3310 2615 3367 combustus
2640 3325 2736 3382 per
2766 3310 2943 3381 ignem
2966 3306 3318 3379 pertransivit
3347 3306 3405 3361 in

1824 3398 2194 3472 refrigerium.
2217 3398 2300 3472 De.
2318 3396 2471 3469 cujus
2489 3399 2654 3455 etiam
2677 3397 2963 3470 sepulchro
2988 3396 3236 3468 quaedam
3262 3397 3405 3452 bona

1824 3501 2147 3547 narrantur.
2178 3490 2315 3563 Ipsis
2355 3504 2486 3546 vero
2529 3490 2715 3546 statim
2749 3489 2964 3555 diebus,
3005 3487 3139 3544 feria
3179 3487 3234 3542 2.
3280 3497 3405 3559 post

1821 3598 2041 3641 octavas
2080 3584 2321 3657 pascha),
2352 3583 2540 3639 exiens
2572 3582 2639 3637 de
2674 3579 2899 3638 Colonia
2929 3597 3092 3636 causa
3118 3579 3407 3636 claudendi

1822 3691 1946 3731 cum
1973 3675 2170 3731 abbate
2198 3673 2467 3730 Fuldense
2496 3673 2564 3730 ad
2607 3672 2854 3739 Fuldam,
2892 3687 3054 3744 super
3081 3680 3306 3726 mattam
3348 3671 3404 3724 in

1822 3766 2061 3824 clausola
2097 3766 2290 3838 ipsius,
2329 3765 2418 3821 ubi
2448 3781 2609 3836 supra
2640 3765 2884 3821 eamdem
2928 3769 3151 3818 mattam
3184 3762 3410 3818 combu-

1822 3871 1937 3919 stus
1957 3868 2010 3916 et
2032 3874 2225 3933 passus
2245 3867 2351 3925 est,
2373 3873 2474 3931 ego
2499 3857 2673 3915 oravi.
2696 3887 2765 3898 —
2786 3855 3094 3928 Stephanus
3114 3853 3407 3927 papa‘obiit

1823 3953 1876 4009 4.
1927 3954 2048 4009 Kal.
2095 3951 2271 4025 April.
2322 3951 2583 4008 Nicotaus
2611 3965 2770 4024 papa.
2810 3978 2882 3990 -
2930 3948 3193 4004 Ecbertus
3235 3947 3409 4003 abbas

1823 4045 2125 4111 Fuldensis,
2173 4043 2305 4100 feria
2344 4043 2520 4111 tertia,
2553 4044 2687 4098 hora
2724 4043 2976 4114 septima,
3017 4037 3104 4095 15.
3146 4036 3266 4094 Kal.
3302 4037 3403 4094 De.

1820 4137 2060 4194 cembris
2083 4136 2238 4191 obiit.
2272 4132 2545 4207 Sigfridus
2571 4133 2837 4191 successit
2865 4134 2920 4189 in
2962 4132 3253 4188 nativitate
3296 4129 3401 4186 Do-

249 4226 384 4328 1071.
425 4231 583 4308 [ILII]
632 4235 720 4291 15.
775 4233 1072 4290 Liubuldus
1119 4233 1407 4305 episcopus
1453 4231 1724 4288 successit

1837 4230 1959 4286 mini
1992 4245 2134 4287 anno
2167 4231 2216 4285 1.

193 4316 324 4473 riguis
364 4320 416 4389 8,
461 4326 736 4382 mensibus
777 4325 834 4381 4.
882 4324 994 4397 Ego
1030 4323 1303 4381 Marianus
1346 4324 1588 4380 seculum
1634 4339 1725 4379 re-

256 4420 318 4460 lll.
1676 4414 1679 4417 ’

251 4494 390 4555 1075.
421 4502 596 4581 [antu]
639 4506 725 4563 14.
762 4506 878 4562 Aed
896 4505 1132 4563 clericus
1154 4505 1225 4538 ⁸³⁸
1254 4506 1519 4563 barbosus
1544 4505 1598 4560 in
1626 4504 1711 4560 lli.

196 4578 351 4646 bernia
386 4597 465 4650 vir
498 4578 649 4655 valde
685 4597 1081 4655 famosissimus
1128 4606 1185 4654 et
1228 4598 1378 4654 mirae
1419 4597 1695 4669 religionis

1899 4322 2054 4380 1081.
2096 4318 2271 4395 [uth]
2308 4321 2363 4377 5.
2405 4319 2518 4393 Ego
2544 4316 2815 4375 Marianas
2838 4317 3092 4391 indignus
3117 4330 3241 4372 cum
3279 4313 3404 4384 Sig-

1828 4416 1969 4473 frido
2008 4416 2207 4472 abbate
2249 4412 2506 4470 Fuldensi
2547 4412 2705 4485 juxta
2746 4426 2948 4483 corpus
2994 4409 3173 4467 sancti
3204 4406 3408 4463 Kiliani

1827 4507 2069 4564 martiris
2106 4504 2413 4562 Wirziburc
2458 4513 2811 4562 consecratus
2849 4504 2917 4559 ad
2958 4501 3407 4574 presbiteratum,

1826 4600 2049 4654 sabbato
2082 4598 2257 4655 medie
2284 4596 2712 4668 quadragesima:
2738 4594 2831 4661 ⁵⁸⁸,
2874 4596 2927 4651 5.
2965 4593 3091 4649 ldus
3118 4590 3324 4655 Martii,
3352 4598 3409 4643 et

197 4700 254 4714 --
276 4677 377 4749 ipse
399 4688 536 4744 enim
575 4689 805 4747 feminas
836 4698 892 4746 et
921 4689 1179 4763 puerulos
1215 4704 1366 4745 more
1394 4690 1716 4746 clericorum
1825 4690 1960 4745 feria
1990 4689 2045 4744 ϐ.
2089 4700 2213 4759 post
2235 4689 2609 4745 ascensionem
2642 4684 2881 4751 Domini,
2911 4685 3085 4755 pridie
3111 4683 3237 4739 ldus
3258 4681 3418 4743 Maii,

197 4776 465 4836 coronando
504 4779 574 4816 ³⁸⁸
611 4781 883 4851 tondebat,
928 4791 984 4840 et
1027 4796 1256 4838 coronas
1285 4798 1392 4838 non
1430 4780 1717 4851 velataque
1826 4779 2069 4837 inclusus
2090 4780 2144 4835 in
2166 4778 2336 4836 Fulda
2363 4793 2462 4851 per
2482 4792 2658 4835 annos
2682 4777 2769 4835 10.
2796 4775 3097 4834 Liuboldus
3121 4775 3411 4848 episcopus

1439 4893 1673 4950 VARle
1706 4890 2110 4950 LECTIONES.

257 4971 315 5061 Ὗ
348 4979 416 5061 ξω
449 4984 521 5061 ξε-
562 4990 635 5022 ⁸⁸⁸
673 4990 891 5046 emisset
906 4991 958 5047 2.
1038 4988 1254 5061 "1113.
1282 5008 1376 5045 suo
1407 4989 1588 5061 ordine
1613 4986 1949 5061 pergens};
1993 4985 2083 5061 ,βξ
2112 4983 2397 5061 ᾼζιιειξίευε
2422 4988 2478 5040 5.
2538 4983 2633 5061 _'"_
2667 4983 2736 5039 do
2770 4983 2821 5037 1.
2896 4975 3414 5061 ξ’θλιιιῇιξτπεθείιινῖ

202 5049 389 5134 291191-
413 5122 427 5134 _
455 5054 521 5090 ⁸⁸⁷
558 5061 593 5115 i.
619 5075 669 5116 e.
700 5065 955 5119 mutuavi.
1033 5059 1108 5093 ⁸⁸⁸
1132 5061 1242 5115 Ιιωε
1265 5063 1318 5118 in
1349 5060 1583 5130 marg.1.
1613 5047 1800 5114 unum
1829 5055 2133 5127 2.(2‘?)2"
2210 5056 2280 5088 ⁸³⁸
2318 5055 2586 5134 sequentia
2616 5056 2669 5108 in
2705 5069 2870 5123 marg.
2903 5049 3001 5120 inf-
3076 5049 3149 5082 ⁵⁶⁰
3188 5047 3415 5118 quam“-

202 5115 383 5176 llesimat
409 5122 455 5177 1.

1631 5199 1863 5258 NOTAE.

258 5293 383 5330 (Ιξιὶ
430 5306 542 5330 15--.
622 5328 659 5330 ..
725 5313 782 5330 mu
988 5318 1004 5330 .
1154 5315 1206 5330 οι.
1531 5314 1613 5330 ποι
1907 5311 2047 5330 Iuven
2096 5328 2121 5330 __
2334 5314 2465 5330 Innt‘
