3934 5330
471 179 570 238 τετ

1791 176 2072 235 MARIANI
2114 176 2350 238 SCOTTI

3627 173 3735 229 788

459 297 800 372 Mogontinus
837 293 972 353 obiit
1019 295 1152 350 l'eria
1186 292 1237 348 3.
1283 293 1334 348 7.
1378 293 1499 348 ldus
1551 292 1893 358 Decembris;
1943 295 2026 347 cui
2057 302 2102 358 Α
2133 273 2418 349 traderitis.
2444 293 2576 349 Cum
2605 263 2786 362 autem
2810 289 2982 347 nostri
3011 288 3384 361 promiserunt
3409 289 3540 344 dare
3567 297 3733 342 totam

463 391 730 461 Sigfridus
752 388 1035 444 successit.
1767 447 1783 464 .

534 481 692 537 1082.
729 477 884 551 lines]
913 478 965 532 4.
991 475 1258 547 Sigfridus
1281 473 1565 529 Fuldeusis
1587 473 1756 528 abbas
1775 473 2050 528 dominico

462 577 548 629 die
600 573 796 628 natalis
841 569 1053 625 Domini
1111 567 1177 622 de
1227 565 1394 620 Fulda
1449 567 1516 620 ad
1574 566 1777 635 regiam
1829 574 2042 620 curtem

461 665 676 727 exiens,
720 661 972 718 baculum
1022 658 1316 729 Mogontini
1364 657 1868 727 archiepisc0patus
1914 655 2050 710 feria

463 766 616 812 sexta
648 757 702 810 in
732 752 1018 824 epiphania
1049 749 1278 821 accepit,
1314 764 1465 820 papae
1496 749 1661 803 etiam
1694 759 1823 804 tunc
1845 747 2052 802 Nicolai

463 849 640 920 legato
665 845 995 909 Alexandro,
1023 843 1112 914 qui
1140 858 1245 897 non
1270 841 1426 912 longe
1448 851 1637 911 postea
1665 855 1800 911 papa
1825 837 2054 893 elleetus

463 949 567 1003 est,
612 939 717 993 hoc
755 937 897 992 idem
944 935 1000 990 in
1039 945 1195 989 curte
1244 934 1393 1004 regia
1441 941 1741 988 annuente.
1785 930 2054 986 Witratus

465 1032 704 1088 decanus
731 1025 1020 1084 Fuldensis
1046 1036 1168 1098 post
1197 1040 1319 1080 eum
1346 1025 1398 1078 in
1437 1021 1605 1079 Fulda
1638 1024 1806 1080 abbas
1834 1037 2052 1079 succes-

466 1119 538 1174 sit
562 1134 690 1174 ann.
724 1118 812 1174 10.
837 1117 1092 1174 Nicolaus
1119 1131 1257 1187 papa
1279 1115 1436 1172 obiit.
1470 1113 1769 1168 Alexander
1787 1131 1925 1185 papa
1954 1113 2051 1167 1...

467 1211 720 1265 successit
754 1210 910 1265 annis
938 1210 1027 1264 10.

539 1303 698 1358 1085.
738 1301 914 1375 [um]
936 1301 988 1356 5.
1019 1299 1264 1370 Majouus
1288 1301 1454 1355 abbas
1478 1298 1788 1354 Scottorum
1813 1297 2054 1353 Coloniae

468 1396 625 1452 obiit.
650 1399 682 1432 ⁴

614 1487 981 1630 [δίὲξόἰὲρρίιε
1037 1494 1159 1557 post
1207 1501 1329 1541 eum
1393 1485 1681 1540 successit.
1742 1483 1942 1537 addunt
1997 1480 2054 1535 2.

544 1650 701 1708 1085.
746 1649 966 1723 [nunt]
1005 1651 1060 1705 7.
1089 1652 1109 1672 ·

617 1767 670 1839 ἱ*
709 1766 889 1839 Ciclus
916 1765 1111 1839 solaris
1139 1776 1194 1839 et
1216 1767 1709 1839 decennrovennalis
1737 1767 1898 1824 simul
1925 1766 2058 1823 inci-

686 1838 862 1908 piunt.
894 1838 1022 1890 add.
1047 1837 1101 1891 2.
1138 1837 1238 1909 (2'.
1269 1838 1435 1911 2”?)1

547 1927 708 1990 1086.
751 1926 962 2000 [κικιν]
1002 1928 1055 1986 8.
1097 1927 1280 1984 Ciclus
1313 1945 1543 1998 magnus
1567 1929 1840 1999 paschalis
1874 1928 2061 2002 [tertio
2091 1971 2099 1981 .

475 2019 569 2096 m]
600 2022 788 2092 incipit
815 2022 1111 2078 indictione
1149 2022 1407 2076 secunda.
1433 2021 1584 2076 Multi
1618 2023 1813 2077 divites
1843 2032 1896 2076 ct
1930 2039 2062 2092 pau-

474 2126 636 2182 peres
684 2127 809 2168 cum
861 2112 1172 2185 Mogontino
1227 2113 1670 2184 archiepiscOpo,
1727 2113 2059 2182 Trajactensi

476 2206 763 2276 episcopo,
819 2205 1200 2276 Bambergensi
1254 2207 1511 2276 episcopo
1563 2215 1617 2260 et
1664 2204 2060 2260 Radisboneusi

478 2299 753 2369 episcopo,
793 2308 912 2368 post
939 2299 1221 2352 transitum
1249 2299 1421 2353 sancti
1452 2298 1692 2362 Martini,
1725 2297 2060 2354 Hierusalem

477 2391 602 2459 plus
625 2388 656 2442 7
691 2387 906 2442 milibus
928 2395 1306 2457 perrexerunt.
1336 2387 1436 2443 Ubi
1470 2402 1600 2442 vero
1635 2388 1870 2458 episcopi
1901 2389 2062 2443 sedc-

478 2479 634 2548 bant,
687 2481 922 2538 dorsalia
966 2480 1125 2553 pallia
1171 2481 1498 2550 pendebant,
1542 2481 1796 2536 scutellas
1842 2489 1894 2536 et
1933 2495 2064 2534 vasa

482 2589 645 2630 aurea
703 2583 760 2629 et
807 2583 1063 2644 argentea
1116 2573 1418 2638 habebant;
1473 2586 1537 2627 ex
1586 2571 1783 2642 quibus
1833 2569 2065 2642 gloriose

483 2667 824 2722 comidebant
855 2666 1058 2738 pariter
1086 2678 1142 2720 et
1170 2665 1448 2721 bibebant.

557 2758 714 2814 1087.
756 2755 945 2830 [Mva]
985 2757 1038 2812 9.
1080 2755 1317 2811 Arabitaa
1343 2770 1470 2811 vero
1498 2754 1640 2809 fama
1670 2753 1911 2824 pecuniae
1937 2767 2068 2808 con-

486 2849 721 2920 gregati,
760 2848 1064 2916 multosque
1095 2847 1460 2917 predictorum
1509 2847 1560 2900 in
1593 2859 1884 2917 parasceve
1917 2846 2065 2900 occi-

487 2941 677 2996 dentes
714 2939 905 3010 (Mart.
934 2939 1051 3009 25),
1080 2954 1202 2994 cum
1240 2955 1344 2994 non
1376 2939 1780 3004 sustinuerunt,
1813 2939 1864 2992 in
1901 2939 2069 3008 quod-

2152 399 2302 439 suam
2333 385 2648 456 peccuniam
2684 372 2787 438 nisi
2819 384 3018 439 victum
3047 424 3062 448 ,
3106 397 3277 452 usque
3314 381 3378 436 ad
3411 381 3738 436 christianos

2150 478 2344 533 ducem
2375 477 2719 532 Arabitarum
2761 491 2882 530 cum
2911 474 3044 529 viris
3075 473 3142 528 16
3183 473 3525 542 totidemque
3551 471 3740 539 gladiis

2153 569 2583 623 intromiserunt.
2618 566 2718 634 Qui
2752 581 2875 622 cum
2910 565 3134 621 vidisset
3165 564 3452 634 episcopos
3483 561 3742 631 gloriosos

2153 674 2274 712 cum
2303 657 2486 713 multis
2514 656 2791 723 militibus,
2817 666 2870 711 et
2898 655 3129 711 dorsalia
3161 653 3320 725 pallia
3352 653 3651 724 penlentia
3689 663 3746 707 et

2153 757 2335 804 cetera
2356 788 2372 815 ,
2420 748 2559 805 sicut
2585 745 2992 805 consuetudinis
3026 756 3109 803 est
3138 760 3477 818 paganorum
3513 760 3634 799 reos
3665 755 3743 799 te-

2154 853 2317 905 nere,
2348 841 2590 896 extendit
2616 839 2906 912 corrigiam
2952 840 3098 895 circa
3129 838 3325 894 collum
3373 837 3743 907 Bambergen-

2155 933 2229 986 sis
2256 933 2520 1004 episcopi,
2547 933 2700 1004 quasi
2729 932 2930 989 domini
2959 942 3264 988 nostrorum
3292 931 3672 1004 magnitudine
3695 939 3750 984 et

2155 1023 2554 1092 pulchritudine
2590 1024 2836 1095 corporis
2869 1022 3024 1092 ejus,
3061 1031 3116 1079 et
3155 1021 3274 1078 ait:
3319 1021 3399 1076 Tu
3439 1032 3490 1076 et
3531 1021 3631 1075 ista
3662 1031 3747 1074 tua

2155 1115 2330 1168 omnia
2371 1131 2486 1169 mea
2524 1122 2695 1169 erant.
2744 1113 3041 1184 Episcopus
3082 1127 3212 1168 vero
3259 1127 3356 1182 per
3393 1111 3744 1181 interpretem

2157 1203 2232 1257 ait
2256 1220 2268 1257 :
2296 1203 2438 1269 Quid
2467 1205 2596 1257 mihi
2626 1203 2830 1274 facies?
2855 1203 2920 1258 Et
2947 1203 3036 1259 ille
3063 1203 3197 1258 dixit
3227 1217 3242 1257 :
3275 1202 3449 1256 Istum
3473 1200 3746 1272 pulchrum

2157 1295 2467 1363 sanguinem
2497 1296 2724 1366 gutturis
2754 1296 2831 1349 tui
2859 1312 3040 1366 sugam
3061 1336 3075 1363 ,
3113 1305 3160 1348 et
3188 1298 3512 1365 suspendam
3545 1302 3594 1347 te
3623 1294 3745 1347 sinu

2157 1401 2320 1438 unum
2351 1402 2531 1440 canem
2568 1396 2688 1441 ante
2717 1386 3010 1441 castellum.
3053 1386 3206 1441 Tunc
3254 1387 3551 1456 episcopus
3579 1427 3593 1451 ,
3631 1401 3748 1455 pre-

2159 1476 2330 1532 henso
2357 1477 2531 1546 capite
2553 1476 2695 1546 ejus,
2730 1492 2836 1532 uno
2864 1477 3090 1548 colapho
3112 1477 3183 1509 ⁵⁸³
3212 1477 3534 1547 percutiens
3559 1477 3742 1531 ducem

2161 1567 2215 1623 in
2252 1575 2489 1634 terram;
2527 1583 2715 1624 omnes
2763 1568 2856 1624 alii
2899 1569 3048 1641 ligati
3090 1577 3237 1624 sunt.
3281 1567 3384 1636 Qui
3432 1584 3568 1624 vero
3614 1568 3750 1622 {oras

2088 1659 2136 1720 B
2163 1669 2319 1716 erant
2346 1662 2629 1718 audientes
2659 1663 2757 1717 ista
2778 1703 2793 1729 ,
2826 1662 3102 1718 irruerunt
3124 1678 3283 1733 supra
3311 1662 3622 1718 castellum.
3653 1661 3751 1716 Sed

2162 1751 2250 1807 isti
2281 1751 2426 1823 ligati
2454 1767 2614 1822 supra
2635 1767 2847 1806 murum
2874 1752 2976 1808 sub
3007 1753 3196 1824 gladiis
3231 1754 3344 1808 suis
3373 1763 3578 1808 contra
3604 1752 3748 1822 jacuo

2162 1842 2210 1897 la
2232 1857 2452 1898 suorum
2474 1843 2758 1914 suppositi,
2783 1854 3106 1915 rogaverunt
3137 1844 3276 1900 ﬁlios
3298 1853 3354 1898 et
3376 1845 3590 1900 amicos
3611 1860 3750 1906 suos,

2163 1936 2253 2005 qui
2285 1944 2497 1991 ceteros
2527 1936 2938 2007 prohibuerunt.
2970 1935 3096 1992 lude
3120 1937 3316 1993 bellum
3345 1937 3492 1992 inter
3513 1936 3745 1992 latrones

2164 2035 2345 2082 actum
2376 2034 2477 2094 est,
2519 2041 2641 2081 cum
2681 2025 2834 2081 multi
2871 2041 3056 2082 eorum
3086 2027 3364 2098 elegerunt
3403 2027 3744 2097 peccuniam,

2165 2120 2315 2176 multi
2351 2130 2535 2191 patres
2565 2128 2620 2175 et
2654 2119 2858 2175 amicos
2885 2134 3032 2175 suos.
3065 2119 3218 2176 Feria
3265 2135 3395 2175 vero
3432 2120 3470 2173 2
3512 2129 3633 2188 post
3657 2135 3748 2188 pa-

2166 2212 2294 2266 scha
2339 2209 2526 2282 (Mart.
2559 2209 2650 2279 28)
2695 2219 2943 2278 rogantes
2981 2223 3102 2263 eum
3149 2208 3237 2264 alii
3283 2209 3376 2279 qui
3420 2218 3748 2274 evaserunt,

2165 2301 2313 2356 venit
2341 2299 2449 2355 dux
2481 2300 2547 2355 de
2585 2298 2812 2353 Ramula
2853 2313 2975 2353 cum
3017 2297 3182 2352 multa
3226 2314 3426 2366 manu,
3480 2309 3537 2352 et
3571 2300 3751 2368 lugaus

2165 2395 2441 2459 Arabitas,
2476 2393 2685 2464 accepit
2709 2393 3034 2464 quingentos
3066 2392 3329 2448 bisantios
3357 2408 3562 2448 aureos
3591 2392 3665 2465 [id
3686 2392 3749 2423 ἐδ

2167 2497 2252 2543 est
2281 2487 2531 2542 denarios
2561 2484 2834 2558 magnos],
2867 2484 3246 2555 captivumque
3274 2484 3471 2540 ducem
3507 2484 3766 2557 Arabita:

2170 2594 2312 2642 rum,
2343 2578 2621 2634 inimicum
2653 2577 2822 2632 multo
2850 2585 3091 2646 tempore
3117 2576 3259 2646 regis
3285 2575 3749 2640 Sarracenorum;

2168 2679 2223 2724 et
2254 2669 2405 2724 duxit
2441 2669 2767 2726 christianos
2791 2667 3158 2734 Hierusalem,
3193 2677 3246 2723 et
3276 2668 3401 2722 inde
3424 2669 3496 2722 ad
3545 2683 3750 2721 navem.

2170 2759 2428 2815 Dominus
2467 2769 2647 2815 autem
2690 2767 2852 2814 vento
2890 2773 3153 2829 prospero
3200 2764 3423 2827 portans
3458 2773 3555 2812 eos
3597 2770 3752 2825 usque

2171 2853 2237 2907 ad
2279 2853 2638 2919 christianos;
2682 2867 2782 2907 nec
2832 2851 2938 2905 duo
2979 2850 3126 2906 milia
3171 2850 3237 2907 de
3285 2860 3495 2920 septem
3546 2850 3754 2903 milibus

2171 2943 2375 2997 reversi
2425 2951 2574 2998 sunt.
2607 2971 2680 2982 —
2721 2941 2838 2996 Nial
2877 2939 2948 2973 ⁵⁸⁸
2994 2955 3114 2996 mac
3159 2941 3410 2995 Eochoda
3466 2940 3620 3010 (158)
3669 2955 3755 2994 rex

489 3032 612 3085 dam
639 3031 708 3062 ’θ’
733 3030 1010 3085 castellum
1033 3044 1264 3084 vacuum
1297 3027 1628 3083 Carvasalim
1661 3029 1878 3082 nomine
1899 3029 2067 3082 nostri

2176 3034 2308 3090 Ulad
2350 3035 2487 3090 obiit
2529 3035 2604 3090 1d.
2653 3033 2993 3090 Novembris.
3026 3064 3090 3075 -—-
3129 3033 3294 3089 Grifri
3336 3049 3434 3089 rex
3477 3008 3758 3087 Britanno-

489 3124 776 3194 fugerunt;
825 3123 970 3193 quod
1016 3120 1373 3185 claudentes,
1425 3119 1692 3189 lapidibus
1739 3127 1794 3175 et
1839 3119 2072 3175 fustibus

491 3213 866 3269 detl’enderunt
905 3228 963 3268 se
1002 3219 1190 3267 contra
1227 3210 1408 3282 jacula
1452 3209 1800 3266 Arabitarum
1837 3226 2071 3281 queren-

495 3303 628 3360 tium
663 3314 908 3360 cunctam
934 3304 1248 3374 peccuniam
1269 3319 1455 3360 eorum
1483 3303 1568 3359 vel
1597 3305 1761 3358 vitam
1792 3303 1994 3374 pariter
2021 3311 2075 3358 et

492 3397 834 3469 peccuniam.
865 3396 1017 3453 Tunc
1042 3413 1177 3452 unus
1206 3398 1378 3453 bonus
1405 3396 1559 3453 miles
1585 3397 1734 3453 nullo
1763 3399 1922 3453 modo
1953 3412 2076 3466 pro-

495 3490 701 3546 hibitus
753 3507 782 3544 a
835 3490 1123 3562 sepulchro
1173 3489 1422 3557 Domini,
1474 3490 1650 3546 nudus
1704 3489 1836 3546 foris
1885 3489 2072 3545 exivit.

494 3584 735 3641 Arabiae
780 3600 909 3642 vero
959 3600 1080 3640 eum
1123 3585 1307 3641 statim
1357 3584 1708 3640 extendentes
1738 3573 1807 3639 'in
1860 3585 2076 3639 modum

497 3677 677 3730 crucis
714 3676 994 3746 supinum,
1025 3675 1274 3731 manibus
1311 3676 1409 3746 ipsi
1457 3684 1511 3731 et
1537 3676 1759 3746 pedibus
1805 3676 2079 3730 transﬁxis

498 3765 553 3821 in
592 3775 792 3822 terram
836 3768 1079 3824 clavibus
1125 3775 1496 3840 supertectum
1536 3767 1741 3822 ventris
1790 3766 1930 3821 intra
1974 3767 2079 3820 duo

498 3860 665 3916 latera
687 3901 700 3928 ,
741 3871 797 3917 et
831 3873 1083 3933 cooperta
1114 3863 1383 3918 viscerum
1424 3862 1492 3919 ab
1539 3860 1648 3916 imo
1676 3862 1881 3916 ventris
1912 3875 2080 3931 usque

500 3962 662 4022 gutur
689 3970 853 4029 super
892 3954 1085 4011 faciem
1117 3953 1234 4026 ejus
1262 3955 1651 4029 projecientes,
1679 3961 2077 4021 scrutaverunt,

500 4047 734 4121 qualiter
784 4049 1014 4107 humana
1068 4049 1278 4104 viscera
1337 4047 1641 4114 habentur;
1699 4047 1891 4103 deinde
1957 4061 2081 4104 eum

500 4140 845 4197 membratim
889 4141 1223 4209 dividentes,
1261 4142 1365 4196 dux
1406 4142 1641 4211 ipsorum
1673 4140 1904 4210 primum
1945 4138 2081 4210 lapi-

502 4231 626 4287 dem
657 4248 818 4303 super
845 4248 968 4288 eum
1000 4243 1056 4287 et
1085 4232 1454 4302 unusquisque
1497 4242 1615 4301 post
1647 4232 1793 4287 illum
1831 4230 2079 4302 proiecit.

504 4327 656 4385 Tunc
687 4328 886 4382 nostris
917 4328 1167 4382 omnibus
1199 4328 1265 4382 de
1294 4327 1514 4381 castello
1545 4325 1912 4388 intuentibus,
1937 4323 2086 4378 dixe-

505 4429 675 4479 runt:
721 4416 819 4473 Vos
858 4419 933 4472 ita
973 4420 1147 4486 erilis,
1184 4420 1228 4472 si
1266 4428 1425 4472 totum
1463 4418 1763 4488 peccuniam
1796 4415 1944 4471 nobis
1982 4431 2085 4468 non

2177 3143 2295 3182 rum
2340 3128 2474 3184 obiit
2515 3129 2570 3184 in
2614 3136 2890 3183 autumno.
2928 3159 3000 3169 —
3039 3128 3333 3183 Donnchad
3371 3127 3524 3200 (159)
3550 3168 3566 3193 ,
3627 3125 3756 3180 ﬁlius

2175 3219 2391 3288 Briain,
2433 3235 2530 3276 rex
2571 3220 2640 3277 de
2680 3219 2934 3276 Hibernia
2977 3229 3141 3292 atque
3187 3219 3566 3275 Echmarcach
3615 3219 3754 3290 (160)

2178 3328 2270 3370 rex
2304 3313 2568 3368 lnnarenn
2606 3312 2699 3380 ⁸⁸⁸,
2730 3313 2829 3368 viri
2869 3314 3009 3370 inter
3039 3328 3168 3368 suos
3198 3327 3304 3367 non
3339 3312 3631 3384 ignobiles,
3661 3311 3758 3366 Ro-

2180 3419 2325 3460 mam
2355 3405 2637 3460 venientes
2666 3404 2937 3460 obierunt.

2250 3495 2408 3552 1088.
2454 3494 2666 3570 [Μιχνι]
2712 3496 2799 3551 10.
2841 3495 3136 3551 Donnchad
3185 3495 3254 3528 “'
3301 3509 3366 3550 oa
3420 3493 3758 3565 Mathgamna

2181 3587 2228 3640 ri
2257 3585 2393 3643 Ulad
2423 3587 2572 3659 (-l6l)
2605 3589 2656 3642 in
2689 3587 2887 3658 templo
2916 3585 3223 3642 Bennchuir
3251 3585 3401 3658 (162)
3443 3602 3612 3641 verno
3639 3598 3761 3640 tem-

2181 3693 2312 3750 pore
2353 3678 2640 3734 occiditur.
2681 3677 2966 3732 Domnnall
3007 3692 3070 3732 0a
3103 3677 3319 3748 Loigsig
3347 3678 3391 3732 ri
3433 3677 3584 3732 Arad
3625 3676 3757 3749 (165)

2182 3768 2389 3824 iceneol
2437 3782 2645 3840 eogaen.
2703 3768 3052 3840 il‘eltigernmg
3117 3769 3308 3823 cluana
3342 3767 3462 3837 ejus
3503 3770 3757 3823 occissus.

2182 3860 2474 3916 Hetbartus
2514 3875 2613 3915 rex
2664 3860 2954 3930 Anglorum
3007 3859 3126 3931 plus
3163 3859 3235 3914 50
3286 3859 3449 3915 annis
3499 3873 3758 3930 regnans,

2182 3953 2316 4009 obiit
2346 3953 2399 4008 in
2430 3955 2612 4007 natale
2645 3952 2876 4008 Domini.

2257 4045 2414 4101 1089.
2459 4042 2690 4116 [sum]
2733 4045 2817 4098 11.
2844 4043 3074 4100 Araldus
3102 4043 3200 4098 sibi
3228 4043 3514 4098 successit.
3541 4041 3758 4098 Araldus

2186 4137 2491 4206 autem,qui
2508 4145 2561 4190 et
2579 4135 2790 4189 Arbach
2821 4134 3114 4189 vocabatur
3135 4133 3222 4199 ⁵⁸⁸,
3239 4149 3331 4188 rex
3357 4131 3761 4188 Nordmanndo-

2187 4243 2340 4294 rum,
2378 4230 2555 4283 minus
2583 4227 2727 4282 mille
2762 4227 2989 4281 navibus
3018 4226 3165 4285 venit
3205 4241 3392 4281 mense
3427 4223 3759 4294 Septembri,

2115 4321 2469 4412 DAnglicam
2516 4330 2714 4376 terram
2765 4329 3101 4391 regnaturus.
3154 4317 3254 4386 Qui
3298 4317 3536 4373 Eburaci
3583 4318 3634 4372 in
3682 4331 3759 4369 auo

2201 4424 2391 4469 tumno
2426 4413 2545 4483 plus
2577 4427 2738 4483 quam
2771 4411 2917 4466 mille
2945 4411 3202 4465 laicorum
3242 4419 3540 4479 centosque
3567 4407 3760 4479 presbi-

1779 4591 2010 4650 VARIE
2047 4590 2338 4648 LECTION
2347 4592 2449 4646 ES.

573 4737 640 4768 5"
684 4737 823 4807 deest
861 4737 933 4793 Η
1039 4737 1108 4770 ⁸⁸⁸
1135 4747 1352 4807 quotam
1388 4738 1440 4791 1.

503 4823 644 4876 reges
681 4805 988 4863 Hibernicas
1027 4805 1274 4876 spectant.

502 4876 552 4936 2.
599 4875 872 4934 Harmuch
900 4875 1077 4934 autem
1103 4879 1200 4932 2".
1236 4877 1486 4935 llarwich
1519 4880 1632 4949 Sig.

1526 4737 1596 4770 ⁸⁸³
1620 4736 1849 4807 colopho
1887 4737 1912 4789 1
1925 4773 1942 4790 .

2018 4735 2087 4768 ⁸⁸⁸
2118 4741 2520 4802 superscripta»:
2550 4731 2600 4784 1.

1383 4808 1454 4840 ⁸⁸⁸
1480 4799 1799 4910 inarennﬂl.
1829 4806 1968 4877 quod
1995 4807 2168 4930 nesﬁio
2199 4823 2268 4859 an
2301 4799 2431 4858 recte
2473 4801 2797 4872 explicarim.
2875 4801 2943 4833 ⁸⁸⁷
2982 4799 3248 4854 Har-aldus
3283 4799 3548 4869 llarl’ager
3595 4809 3760 4852 autem

1383 4879 1486 4930 rich
1519 4880 1632 4930 Sia.
1814 4880 1852 4930 i.
1885 4893 1932 4930 ε.
1964 4875 2080 4930 acie
2122 4891 2202 4930 us.

1814 4895 1852 4931 ι.
1885 4893 1932 4930 ε.
1964 4891 2202 4930 aeteuus.

2679 4730 2747 4762 ⁸⁵⁸
2779 4731 2889 4784 Ιιατ
2916 4730 3102 4784 desunt
3140 4728 3195 4783 2.
3233 4739 3287 4781 ut
3318 4727 3518 4797 reliqua
3556 4743 3672 4796 qum
3697 4726 3757 4777 ad

2023 5008 2249 5066 NOTAE.

580 5152 727 5226 (l58)
765 5153 807 5208 1.
847 5169 898 5210 e.
927 5153 1134 5209 Niallus
1169 5151 1311 5226 lilius
1344 5152 1574 5226 Eochodi
1597 5167 1700 5226 res
1733 5149 1993 5226 ῐῌιοπιίτῐέ-ἵ
2026 5157 2080 5203 et

509 5219 618 5305 quo
643 5219 720 5279 cf.
745 5226 1150 5330 Anr‘th‘qat‘tatuor
1177 5223 1444 5292 magistr.,
1471 5239 1524 5277 a.
1557 5222 1728 5287 1062;
1758 5221 1900 5275 Ann.
1936 5219 2085 5274 Ultov

2190 5147 2352 5209 citur,
2383 5145 2522 5199 Anu.
2551 5142 2733 5199 Ulton.
2762 5139 2854 5204 IV,
2887 5157 2939 5212 p.
2971 5140 3096 5196 542.

2261 5214 2408 5284 (161)
2449 5214 2487 5268 l.
2538 5230 2586 5269 e.
2633 5228 2737 5284 rex
2786 5209 3042 5276 Ultanize;
3091 5227 3141 5265 v.
3183 5209 3324 5265 Anu.
3375 5219 3616 5280 quatuor
3658 5223 3760 5261 ma-

2193 5283 2316 5330 nistl.
2348 5285 2431 5330 ΙΙΙ-
2461 5301 2514 5330 n-
2548 5283 2672 5330 (ΩΑ.
