3934 5330
133 273 231 329 7K!

1350 236 1759 347 CHRONCDN.
1801 290 2017 348 -—LiB.
2054 292 2142 352 ill.

3280 307 3389 365 790

137 402 364 443 ιυτοτιιιιι
406 386 548 444 bello
586 390 786 446 occidit
826 393 892 449 de
930 395 1134 468 Anglis.
1176 398 1405 456 Araldus
1447 418 1575 459 vero
1608 419 1700 460 rex
1734 408 1774 468 Α
1808 422 1967 477 quam
2004 410 2183 467 abbati
2216 410 2465 480 deberet,
2506 414 2768 473 violenter
2801 420 3129 491 compulsus,
3165 422 3388 496 Mogun-

137 478 419 548 Anglornm
462 496 587 551 cum,
625 492 829 552 septem
866 487 1052 542 aribus
1088 488 1158 522 ⁵⁶⁹
1192 490 1313 546 belli
1355 494 1535 549 statim
1580 512 1702 567 per—

135 568 292 631 venit,
322 576 377 621 et
404 583 528 622 cum
559 570 813 626 Arabium
855 574 1175 645 imparatum
1205 580 1408 650 absque
1445 582 1625 639 loricis
1652 593 1705 639 et

135 658 317 711 niteris
341 657 583 724 ejusdem
617 661 690 715 rei
726 661 1053 726 invenisset.
1082 668 1223 723 bello
1252 672 1480 737 occidit,
1523 685 1706 730 mense

132 747 339 801 Octobr.
367 746 731 804 Willihcimns
762 768 907 820 vero,
935 755 1024 825 qui
1053 766 1103 811 et
1129 756 1360 824 Bastart,
1390 777 1512 817 eum
1536 762 1702 820 Fran-

134 838 208 892 cis
240 839 445 894 intrant
496 842 708 896 interim
753 844 979 915 Anglos;
1027 850 1115 917 qui
1165 866 1287 906 cum
1330 855 1512 908 statim
1564 857 1703 911 bello

136 930 410 985 occidisset
446 931 703 986 Araldum
738 951 917 1006 regem
951 939 1263 1009 Anglorum,
1303 945 1439 1016 regit
1480 945 1698 1019 Anglos.

133 1020 255 1093 [lloc
285 1022 354 1052 "°
382 1038 529 1077 anno
558 1035 780 1081 cometae
805 1028 954 1083 stella
986 1032 1098 1085 visa
1129 1033 1257 1107 est.)

195 1114 342 1184 me.
385 1113 647 1189 [lLXVlll]
686 1117 771 1172 12.
820 1119 936 1176 Duo
970 1138 1124 1193 papa:
1170 1126 1221 1179 in
1268 1126 1467 1191 Roma,
1517 1131 1568 1185 id
1619 1142 1702 1185 est

132 1205 399 1274 episcopus
430 1202 764 1275 Parmensis,
792 1211 882 1279 qui
913 1214 1190 1282 expulsus.
1223 1225 1278 1270 et
1303 1217 1576 1279 Lucensis.
1610 1224 1698 1290 qui

132 1307 251 1361 papa
296 1290 543 1349 en‘ectus.
584 1326 653 1335 -—
698 1296 954 1355 Murcbad
1002 1301 1188 1359 Sciath
1236 1320 1400 1376 gucrr
1430 1309 1577 1377 (161)
1633 1327 1697 1366 ea

131 1381 302 1434 Briaen
336 1382 607 1439 occiditur
637 1401 821 1443 mense
853 1388 1001 1459 Sept.
1516 1400 1519 1405 ’

189 1472 335 1527 1091.
389 1470 610 1547 [letx]
669 1476 755 1530 15.
809 1476 1067 1535 Murchad
1124 1496 1189 1536 oa
1245 1481 1579 1542 Moelnamho
1630 1503 1695 1544 na

132 1563 304 1619 Briaen
352 1565 492 1620 obiit
544 1582 712 1623 verno
757 1578 996 1641 tempore
1043 1572 1213 1645 (165).
1261 1608 1331 1616 -
1369 1578 1485 1648 Ego
1535 1581 1699 1636 miser

133 1653 402 1720 hlariamts,
425 1656 643 1727 jnsionc
663 1662 899 1733 episcopi
916 1663 1219 1737 .Mogontini
1250 1677 1301 1724 et
1331 1671 1539 1726 abbatis
1562 1672 1695 1728 Ful-

133 1747 309 1811 densis,
344 1745 477 1802 feria
508 1748 542 1803 6
572 1761 697 1806 ante
718 1752 943 1821 palmas,
976 1756 1009 1809 5
1034 1755 1170 1812 Non.
1198 1758 1397 1829 Aprilis
1427 1762 1580 1833 (Apr.
1611 1765 1693 1833 5),

132 1846 237 1904 post
263 1853 429 1893 annos
466 1840 533 1895 10
569 1857 701 1897 mete
730 1844 1045 1903 inclusionis
1077 1850 1317 1917 solutus,
1359 1855 1427 1909 de
1456 1856 1696 1913 clausola

134 1926 180 1979 in
222 1926 379 1982 Fulda
417 1931 487 1984 ad
527 1929 855 2002 Mogontiam
901 1939 1222 1995 conductus.
1276 1944 1555 2001 Dedicatio
1599 1964 1692 2003 ca-

131 2016 262 2086 pellat
278 2018 534 2076 clausola:
570 2026 882 2081 monasterii
921 2031 1093 2084 sancti
1137 2030 1349 2088 Martini
1381 2035 1434 2091 in
1468 2036 1692 2109 Mogon-

132 2106 194 2158 tia
232 2107 287 2161 in
331 2108 538 2166 honore
583 2114 757 2168 sancti
794 2114 1164 2177 Bartholomei
1214 2126 1442 2194 apostoli
1493 2128 1526 2183 6
1561 2106 1697 2187 ldus

136 2195 272 2261 Salii,
313 2198 443 2254 feria
473 2200 508 2254 6
549 2200 688 2273 (Jul.
723 2204 844 2275 10),
879 2218 1188 2266 sanctorum
1224 2223 1431 2285 septem
1461 2216 1693 2276 fratrum

135 2288 180 2341 in
212 2289 519 2348 festivitate.
562 2293 619 2347 in
659 2311 763 2366 qua
801 2296 1037 2355 clausula
1084 2302 1270 2358 eodem
1312 2306 1398 2362 die
1440 2325 1539 2380 ego
1579 2311 1693 2367 Ma.

136 2379 298 2436 rianus
335 2398 429 2454 pro
463 2386 709 2454 peccatis
746 2387 881 2443 meis
922 2393 1155 2448 secundo
1191 2394 1451 2452 includor.
1484 2379 1692 2457 Conse-

136 2472 280 2526 cratio
316 2476 433 2529 novi
467 2482 789 2536 monasterii
823 2494 1025 2541 sanctze
1069 2487 1250 2545 Maria:
1298 2492 1352 2546 in
1399 2493 1688 2564 Mogontia.

136 2561 179 2615 9.
215 2562 329 2655 Kal.
360 2566 675 2628 Decembris
724 2574 888 2646 (Nov.
930 2579 1025 2652 25)
1052 2620 1066 2648 ,
1104 2581 1241 2639 feria
1284 2561 1518 2643 secunda
1545 2632 1561 2655 ,
1604 2561 1691 2646 dic

141 2655 286 2709 sancti
307 2654 622 2718 Clementis.

196 2747 337 2806 1092.
378 2752 572 2830 [nux]
617 2759 702 2813 M.
743 2759 941 2819 Scottis
982 2773 1036 2820 et
1081 2766 1308 2825 Francis
1352 2775 1689 2832 vastantibus

138 2834 323 2910 Anglos,
350 2843 735 2919 disperguntur
766 2861 818 2907 et
854 2853 1000 2910 fame
1028 2859 1333 2914 moriuntur
1358 2876 1687 2935 carnemque

136 2928 390 2989 humanam
436 2940 769 2999 manducare
813 2955 868 3000 et
914 2948 981 3003 ad
1020 2949 1122 3005 hoc
1172 2951 1418 3009 homines
1440 2955 1686 3012 occidere

137 3023 326 3082 condire
348 3041 616 3099 coguntur
645 3044 808 3105 atque
835 3026 1183 3109 suspendere.

1809 499 1937 554 tiam
1971 500 2025 556 8.
2058 500 2181 558 idus
2211 502 2521 562 Decembris
2553 508 2729 563 rediit.

1879 612 2034 669 1095.
2077 612 2335 689 [ιιιιχιιι]
2380 618 2463 672 17.
2491 618 2546 674 lu
2580 620 2680 677 hoc
2708 637 2849 678 anno
2874 628 3051 682 omnia
3077 627 3233 696 juxta
3262 647 3359 685 cur

1805 719 1924 760 sum
1948 706 2079 762 solis
2102 719 2157 763 et
2182 709 2318 765 lunae
2342 712 2609 768 habentur
2640 716 2777 771 sicut
2801 718 2853 771 in
2881 735 3024 774 anno
3054 721 3138 775 15.
3166 721 3386 785 Tiberii.

1807 797 1859 851 in
1881 813 1990 867 quo
2012 798 2312 869 baptizatus
2332 811 2417 858 est
2437 803 2716 871 Dominus,
2740 808 2789 861 id
2808 818 2891 865 est
2910 810 3025 872 dies
3042 811 3386 883 baptismatis

1804 890 1856 944 8.
1884 888 2007 945 ldus
2031 889 2297 957 Januarii,
2320 893 2622 964 epipbaniae
2644 898 2730 954 die
2755 899 3046 968 dominico,
3072 911 3127 958 et
3152 909 3389 962 crastino

1804 982 1891 1038 die
1918 981 2052 1038 feria
2081 984 2137 1038 2.
2172 984 2384 1042 initium
2414 988 2605 1060 jejunii
2636 991 2880 1058 Domini;
2918 996 3002 1051 15.
3034 997 3153 1053 Kal.
3183 1000 3385 1069 Martii,

1804 1073 1858 1129 in
1887 1074 1975 1132 die
2003 1075 2095 1131 40.
2124 1078 2205 1134 sui
2229 1078 2453 1150 jcjttttii,
2481 1082 2533 1138 6.
2569 1083 2734 1151 feria,
2769 1089 2993 1143 victoria
3026 1090 3141 1161 ejus
3169 1093 3236 1148 de
3270 1092 3388 1148 dia-

1801 1163 1925 1220 bolo
1955 1176 2212 1236 superato
2252 1169 2304 1225 in
2331 1171 2451 1241 gula
2480 1182 2535 1228 et
2562 1190 2695 1230 vana
2725 1176 2892 1248 gloria
2925 1189 3086 1251 atque
3125 1184 3384 1247 avaritia.

1804 1256 1857 1310 in
1895 1258 2092 1327 quibus
2133 1259 2377 1318 diabolus
2418 1264 2650 1334 primum
2691 1268 2861 1324 Adam
2909 1272 2960 1325 in
3006 1275 3193 1329 eadem
3243 1276 3377 1330 feria

1800 1347 2111 1413 prostravit.
2142 1347 2187 1403 Α
2220 1349 2545 1420 baptismate
2570 1354 2759 1427 itaque
2796 1358 3005 1416 Domini
3036 1362 3089 1417 in
3120 1379 3269 1419 armo
3293 1367 3380 1421 15.

1802 1430 2001 1491 Tiberii
2050 1437 2323 1509 hocusque
2372 1443 2477 1499 duo
2522 1448 2700 1518 magni
2749 1449 2907 1514 cicli,
2958 1453 3061 1508 hoc
3105 1463 3187 1509 est
3235 1459 3385 1515 mille

1800 1525 2075 1598 sexaginta
2134 1540 2369 1600 quatuor
2419 1536 2565 1590 anni.
2618 1568 2685 1578 —
2733 1538 3053 1599 ConchOlmr
3107 1546 3257 1618 (168)
3312 1565 3377 1605 oa

1798 1615 2208 1676 Maelsechnoell
2241 1637 2333 1677 rex
2370 1622 2494 1681 Midi
2531 1628 2583 1683 9.
2612 1629 2733 1683 Kal.
2776 1632 2945 1703 April.
2984 1615 3254 1695 dominico
3296 1642 3384 1697 de

1728 1747 1772 1807 Β
1797 1708 2098 1778 palmarum
2134 1714 2419 1771 occiditur.
2448 1747 2523 1759 --
2548 1721 2848 1779 Alexander
2881 1743 3018 1798 papa
3049 1730 3174 1783 obiit
3213 1734 3384 1787 dami-

1801 1801 1918 1856 m’co
1955 1804 2070 1869 die,
2112 1805 2199 1860 11.
2240 1805 2368 1862 Kal.
2417 1809 2546 1866 Mai.
2590 1811 2954 1873 llldibraudus
2989 1818 3257 1878 Romanus
3293 1842 3384 1879 ar-

1800 1891 2141 1950 chidiaconus
2171 1900 2441 1969 successit.

1870 2004 2025 2061 1096.
2068 2006 2318 2084 [nxxrv]
2360 2014 2443 2070 18.
2487 2015 2628 2089 Papa
2661 2023 2942 2102 predictus
2979 2025 3217 2084 decrevit
3253 2046 3380 2102 pre-

1797 2103 1953 2163 cepto
1978 2095 2122 2152 Petri
2154 2104 2380 2170 apostoli
2405 2114 2461 2159 et
2488 2111 2657 2163 sancti
2685 2100 3001 2179 Clementis,
3033 2126 3092 2172 ut
3115 2095 3298 2189 supra,
3327 2132 3382 2177 rt

1796 2191 2096 2248 catmnibus
2121 2206 2335 2264 patrum
2364 2215 2461 2268 per
2480 2200 2721 2258 bannum
2748 2205 2867 2273 Dei,
2896 2207 3041 2265 Petri
3070 2220 3125 2267 et
3151 2211 3300 2269 Pauli
3326 2229 3381 2269 ct

1795 2295 1985 2347 suum,
2028 2287 2271 2355 synodali
2302 2287 2509 2357 judicio
2552 2295 2840 2353 mtdtorum
2876 2301 3284 2373 episcoporum.
3326 2316 3384 2362 et

1795 2377 2170 2433 cantradiccns
2209 2380 2489 2439 interdixit
2519 2388 2862 2456 presbiteris,
2904 2380 3224 2453 diaconibus
3258 2414 3377 2453 om~

1794 2464 2059 2536 nihusque
2099 2468 2346 2537 clericis,
2390 2488 2589 2531 uxores
2638 2478 2838 2535 habere
2887 2492 2941 2536 et
2988 2486 3209 2541 omnino
3253 2504 3376 2541 cum

1792 2553 2006 2612 feminis
2030 2559 2295 2628 habitare,
2317 2564 2419 2619 nisi
2447 2581 2567 2620 cum
2592 2568 2671 2623 eis
2693 2585 2830 2641 quas
2856 2573 3038 2644 regula
3066 2576 3147 2630 vel
3172 2576 3375 2633 Nicena

1791 2651 2029 2719 synodus
2053 2657 2342 2711 concessit.
2370 2657 2618 2717 Decrevit
2639 2679 2853 2735 quoque
2892 2676 2950 2721 ut
2982 2670 3083 2724 sub
3108 2673 3375 2727 sententia

1789 2743 1961 2797 sancti
2012 2743 2158 2800 Petri
2199 2762 2320 2802 cum
2371 2748 2594 2809 Simone
2644 2755 2997 2813 damnaretur
3045 2776 3149 2816 non
3201 2764 3374 2818 solmn

1754 2858 1769 2879 .-
1787 2840 2003 2903 emptor
2049 2845 2105 2891 et
2152 2839 2404 2895 venditor
2444 2842 2706 2914 cujusque
2747 2851 3173 2907 consecrationis
3215 2852 3371 2908 oﬂicii

1790 2923 2174 2992 ecclesiastici,
2210 2928 2261 2983 id
2291 2939 2373 2987 est
2402 2933 2771 3005 episcopatus,
2807 2940 3228 3008 presbiteratus,
3260 2945 3375 2999 dia-

1789 3026 2036 3083 conatus,
2067 3020 2440 3090 prepositurae,
2470 3025 2793 3092 decanatize,
2837 3032 3079 3088 ecclesia:
3112 3035 3192 3089 vel
3223 3039 3371 3092 deci-

194 3113 330 3171 ωθδ.
371 3097 587 3194 [ήκω]
630 3097 737 3179 15⁸·
757 3124 906 3184 unus
929 3097 1293 3201 ’ριρτίεοωω’
1322 3135 1547 3194 Carolus
1589 3154 1685 3194 no_
1711 3097 1757 3162 C
1792 3107 2071 3173 mationis,
2105 3113 2199 3167 sed
2237 3114 2419 3170 socius
2459 3122 2894 3190 transgressoris.
2933 3123 3192 3184 Dominus
3224 3132 3370 3185 enim

141 3207 274 3275 mine,
306 3226 446 3269 more
484 3215 725 3274 Simonis
756 3221 896 3292 magi
921 3222 1015 3290 m,
1046 3224 1136 3293 qui
1173 3226 1370 3283 donum
1394 3231 1683 3300 spirituale

142 3311 220 3363 pro
256 3304 426 3369 precio
469 3308 684 3377 rogavit
727 3310 795 3365 ab
841 3314 1138 3382 apostolis,
1186 3332 1214 3372 a
1262 3334 1386 3390 rege
1430 3320 1684 3379 lleiurico

141 3395 431 3459 comparavit
478 3397 851 3469 episcopatum
901 3403 1136 3462 civitatis
1177 3406 1531 3467 Constantine.
1579 3413 1681 3482 Qui

140 3475 181 3528 in
208 3487 562 3543 conventiculo
586 3492 964 3563 episcoporum
1007 3508 1063 3552 et
1098 3500 1353 3556 abbatum
1399 3504 1451 3559 in
1492 3519 1681 3561 mona-

139 3570 274 3625 sterio
297 3580 457 3633 sancti
485 3579 705 3637 Martini
742 3584 1049 3657 Mogontiaa,
1080 3591 1132 3644 in
1163 3595 1532 3664 assumptione
1558 3615 1680 3657 san-

137 3668 217 3761 etae
240 3663 400 3724 Mariae
425 3669 573 3728 facto
599 3674 758 3744 (Anq.
792 3676 900 3747 15),
933 3695 961 3732 a
995 3681 1232 3752 Sigfrido
1270 3685 1678 3761 archiepiscopo

142 3748 403 3823 liogontino
437 3776 624 3818 coram
661 3780 785 3837 rege
816 3748 1081 3826 lleinrico
1110 3773 1386 3845 culpatus,
1422 3748 1548 3848 quia
1580 3748 1677 3854 per

138 3845 298 3903 ostium
339 3851 547 3911 Domini
593 3857 665 3890 m
705 3875 810 3915 non
860 3861 1123 3933 intravit,
1152 3867 1357 3938 absque
1404 3845 1594 3930 baculi;
1642 3892 1673 3932 a

139 3944 461 4002 conventiculo
488 3950 685 4016 exivit;
725 3952 920 4010 deinde
948 3967 1071 4027 post
1106 3973 1307 4015 annum
1338 3978 1444 4018 non
1482 3950 1634 4023 vixit.

195 4028 326 4086 1091.
361 4035 596 4111 [luxti]
638 4042 724 4095 16.
768 4042 1026 4102 Diarmait
1061 4047 1209 4121 (166)
1254 4065 1345 4106 rex
1377 4051 1581 4125 Lagcn.
1615 4058 1668 4114 8.

140 4113 236 4216 ldus
269 4121 413 4181 Febr.
457 4127 590 4185 feria
624 4135 860 4190 secunda
896 4113 1135 4194 occisa-us
1181 4113 1387 4197 Cuttlad
1428 4113 1576 4216 (l67)
1605 4113 1668 4204 na

1788 3201 1967 3256 dixit:
2003 3202 2183 3260 Gratis
2213 3210 2516 3278 accepistis,
2555 3215 2722 3283 gratia
2765 3216 2902 3271 date.
2939 3217 3090 3276 Unde
3132 3221 3200 3278 de
3241 3220 3371 3294 pre-

1786 3292 1929 3348 dicta
1962 3297 2168 3366 synodo
2196 3297 2355 3370 legati
2381 3317 2534 3372 papa:
2568 3305 2716 3360 missi
2747 3307 2812 3361 ad
2846 3305 3153 3366 Heinricum
3184 3292 3368 3386 regem

1786 3385 2184 3455 Romanorum,
2218 3391 2270 3446 id
2296 3401 2378 3446 est
2410 3394 2515 3449 duo
2557 3397 2794 3468 episcOpi
2825 3415 2948 3455 cum
2981 3403 3189 3474 regina,
3221 3385 3369 3477 regis

1783 3476 2026 3547 ejusdem
2059 3489 2256 3549 matre,
2285 3490 2346 3538 ut
2375 3491 2429 3539 et
2453 3486 2744 3544 universali
2773 3493 2980 3562 synodo
3003 3508 3185 3550 coram
3216 3476 3366 3567 rege,

1782 3570 2055 3626 communi
2095 3573 2338 3628 omnium
2369 3575 2747 3649 episcoporum
2779 3581 3069 3639 interdicto
3089 3625 3105 3652 ,
3135 3586 3365 3642 feminas

1781 3673 2098 3731 separarent
2124 3678 2155 3717 a
2183 3663 2429 3731 clericis,
2461 3677 2514 3723 et
2555 3670 2791 3727 maxime
2825 3688 2855 3728 a
2881 3675 3227 3744 presbiteris;
3262 3694 3361 3734 no-

1778 3753 1995 3808 luerunt
2013 3768 2133 3808 esse
2164 3753 2216 3808 in
2230 3757 2430 3825 pascha
2466 3773 2591 3813 cum
2630 3776 2756 3831 rege
2778 3762 2829 3816 in
2851 3764 3075 3821 civitate
3095 3767 3363 3841 Bamberg

1778 3845 1927 3917 (Apr.
1957 3845 2069 3917 20),
2100 3863 2201 3903 nec
2239 3847 2330 3921 [ne
2360 3849 2460 3904 Eo.
2488 3850 2685 3925 ΡΑτιι.)
2713 3854 2894 3911 cibum
2930 3859 3013 3915 vel
3044 3862 3359 3919 societatem

1776 3936 2069 3992 llermanni
2106 3938 2345 4008 ejusdem
2372 3940 2607 3997 civitatis
2631 3944 2902 4016 episcOpi,
2931 3948 3025 4018 qui
3053 3949 3179 4005 olim
3212 3967 3363 4007 com-

1774 4029 1987 4097 paravit
2010 4030 2384 4100 episcopatum
2408 4039 2468 4088 et
2505 4036 2733 4091 servivit
2766 4038 2876 4109 regi
2906 4039 2959 4093 in
2994 4040 3096 4095 hoc
3131 4045 3356 4112 pascha,

1774 4117 2060 4174 baberent.
2079 4149 2151 4161 ο-
2169 4118 2445 4192 {Donatus
2462 4123 2564 4192 "’,
2596 4125 2880 4198 episcopus
2905 4127 3080 4185 Dulim
3111 4132 3182 4166 ⁸⁷⁸
3211 4134 3357 4203 (169)

140 4202 334 4268 l'latbrte
358 4213 485 4273 feria
508 4230 661 4275 sexta
689 4222 743 4277 4.
769 4223 892 4280 ldus
912 4224 1070 4282 Febr.
1102 4202 1671 4309 occiditur.-;-Sigfri;
1770 4210 1905 4266 om“
1928 4211 2054 4267 “"5
2082 4211 2234 4285 Mni'l

140 4299 217 4402 Ilus
246 4306 507 4402 episcopus
545 4312 888 4387 Mogontinus
923 4317 976 4373 5.
1022 4321 1146 4378 ldus
1185 4322 1333 4394 Sept.
1375 4299 1666 4402 (Sept.v9),

1841 4323 2000 4381 1097.
2043 4323 2270 4400 [uLxxv]
2300 4328 2388 4385 19.
2441 4329 2576 4386 Cum
2628 4332 2855 4406 quidam
2888 4336 2966 4374 ³⁷⁸
3023 4337 3209 4396 clerici
3256 4343 3356 4397 sub

140 4388 207 4442 die
237 4394 517 4469 dominico,
542 4406 699 4474 quasi
731 4422 893 4462 causa
933 4411 1194 4467 orationis
1228 4388 1280 4468 in
1319 4388 1574 4497 Galitiam
1600 4388 1666 4477 ald
1695 4443 1747 4505 ο
1770 4388 2063 4471 sententia‘
2095 4388 2364 4473 interdicti
2430 4420 2710 4490 apostolici
2771 4423 3033 4483 libentius
3088 4444 3209 4497 esse
3258 4447 3348 4485 Vu-

141 4478 301 4505 ξυμ.--
402 4492 423 4505 -
522 4496 537 4505 ..
899 4501 910 4505 -
1016 4502 1039 4505 μ

140 4478 357 4545 Sanctum
388 4492 651 4552 Iacobum
695 4501 960 4570 perrexit.
1001 4502 1135 4559 Cum
1166 4514 1350 4562 autem
1395 4492 1667 4568 monaste-

1769 4505 2011 4573 luerunt,
2039 4522 2201 4577 quam
2231 4506 2463 4566 feminas
2496 4521 2557 4567 et
2603 4528 2802 4571 uxores
2832 4531 3046 4583 carere,
3076 4521 3232 4577 utvel
3261 4538 3356 4591 per

142 4572 251 4631 rium
276 4587 643 4644 monachorum
681 4593 825 4662 quod
853 4602 937 4650 est
976 4594 1241 4653 Cluaneca
1278 4600 1549 4658 dominico
1576 4602 1665 4661 die
1768 4597 1908 4654 alios
1921 4572 2344 4669 castigarentur,
2373 4602 2614 4659 decrevit
2639 4620 2775 4677 papa
2797 4607 3053 4678 synodica
3084 4609 3354 4681 legatione

141 4672 240 4718 ante
272 4670 470 4732 missam
505 4682 677 4736 sancti
713 4682 993 4741 Michaelis
1036 4687 1203 4758 (Sept.
1251 4689 1343 4763 25)
1380 4703 1554 4761 esset,
1592 4697 1665 4751 in-

144 4760 261 4815 trans
286 4764 566 4827 claustrum
606 4776 811 4844 respuit
849 4778 1112 4833 seculum.
1146 4779 1252 4836 Sed
1293 4784 1420 4839 dum
1466 4801 1665 4843 merce-

1768 4692 1931 4746 etiam
1959 4691 2062 4746 hoe
2097 4705 2259 4758 anno,
2301 4701 2354 4746 ut
2382 4694 2622 4763 predicto
2656 4713 2797 4753 anno
2824 4700 3003 4756 nullus
3024 4702 3355 4773 christianus

1770 4783 1983 4837 audiret
2008 4783 2227 4838 m’ssam
2250 4781 2519 4852 coniugati
2555 4788 3028 4855 presbiteii.-—i7.
3058 4790 3100 4845 K
3122 4793 3180 4849 τι.
3211 4794 3348 4864 Aug.

144 4847 255 4904 uarii
295 4851 642 4929 Magontinua:
683 4866 1053 4937 episcopatum
1106 4886 1423 4943 comparare
1464 4877 1665 4932 vellent
1764 4873 2211 4932 obiitWidradns
2237 4870 2404 4930 abbas
2428 4875 2732 4934 Fuldensis.
2761 4880 2781 4900 ‘

142 4941 313 5012 Precio,
340 4946 593 5023 Sigfridus
625 4955 684 5010 in
714 4956 1018 5015 obedientia
1049 4960 1120 4993 ⁸⁷³
1150 4941 1328 5020 sancti
1360 4965 1660 5034 Benedicti,

1950 4968 1967 4989 ⁹
1990 4966 2320 5023 Ruozelinus
2350 4975 2468 5037 post
2488 4984 2609 5024 eum
2637 4972 2917 5027 successit.
2944 4972 3149 5049 addunt
3178 4976 3229 5029 2.
3247 4975 3349 5028 2".

1395 5058 1630 5119 VARIAE
1680 5060 2083 5121 LECTIONES.
