3934 5330
532 283 629 381 rut

1793 275 1800 280 ’
1834 312 2120 368 ιιΑιιιΑΝι
2160 311 2402 368 suom

3685 299 3791 354 793

604 437 756 493 1008.
801 437 1050 511 [mam]
1088 439 1176 496 ‘20.
1212 439 1267 494 ln
1297 438 1368 471 ⁵⁷⁸
1395 439 1495 492 hoc
1522 451 1662 490 antro
1687 434 1950 490 dominica
1981 449 2101 504 pas-

2219 431 2395 486 lucem
2417 429 2729 483 Suasvorum
2755 435 2914 496 'supcr
2941 442 2997 480 sc
3024 425 3397 491 constituunt,
3432 430 3487 476 et
3518 421 3786 476 dmuiltirc

532 529 613 583 sio
648 529 942 583 secundum
980 544 1197 584 cursum
1227 528 1355 583 solis
1389 537 1442 582 et
1477 526 1615 580 luna:
1655 523 1812 579 tertio
1854 523 2104 587 habetur,

2208 523 2398 578 media:
2431 521 2855 593 quadragesima:
2892 518 3077 591 (Mart.
3105 518 3218 587 2(3).
3263 515 3545 585 Mogonlia
3581 526 3782 583 ungunt

534 623 636 675 hoc
679 629 763 676 est
791 637 822 674 a
853 619 1100 691 passione
1137 619 1336 676 Christi
1373 621 1477 676 duo
1519 617 1698 690 magni
1735 615 1856 672 cicli
1878 657 1895 683 ,
1936 615 1988 671 id
2025 623 2106 671 est
2207 615 2260 670 in
2284 612 2722 686 rcgem,viasque
2749 611 2867 681 Alpi
2889 611 3089 667 montis
3107 617 3294 665 contra
3326 606 3646 662 Heinricum
3679 623 3711 657 r.
3737 617 3767 656 u

534 711 673 766 1064
709 712 857 766 anni.

532 811 818 884 Octoginta
846 811 918 845 ""
947 813 1160 869 ducenti
1190 827 1396 868 necnon
1425 812 1571 868 milia
1597 812 1835 881 quinque

532 903 796 958 Constant
824 915 1016 961 omnes
1040 904 1168 959 anni
1195 910 1406 975 tempus
1431 916 1602 973 usque
1627 901 1730 957 hoc
1752 901 1944 956 Adam.

532 993 758 1051 Multum
785 995 935 1067 (170)
963 996 1033 1051 ob
1058 1003 1342 1066 excerptos
1371 993 1599 1065 legimus
1627 992 1942 1047 barbaricos

534 1089 710 1163 Reges
730 1089 1106 1162 iustiﬁcandos
1131 1097 1390 1160 gestaque
1421 1085 1636 1142 turbida
1664 1097 1883 1156 egenos.-

531 1245 735 1318 Collige
758 1245 995 1302 litteram
1023 1193 1385 1310 angam-tiam,
1411 1242 1612 1298 volvito
1640 1255 1933 1307 summam,

531 1335 740 1393 Existat
768 1342 1088 1392 numeratus
1120 1343 1340 1400 auctor;
1371 1334 1513 1390 intra
1541 1331 1788 1404 require,

537 1488 740 1547 ﬂectus
765 1503 956 1546 omnes
985 1500 1072 1544 me
1098 1487 1218 1542 tulit
1552 1485 1743 1542 ordine
1771 1484 1966 1540 laudis.

603 1600 760 1658 1099.
802 1598 1075 1673 [chxvn]
1136 1598 1228 1653 2|.
1267 1597 1323 1653 In
1357 1597 1588 1653 concilio
1607 1596 1677 1652 24
1714 1595 2112 1666 episcoporum,

533 1694 794 1751 abbatum
849 1692 1245 1761 multorumque
1293 1690 1650 1755 clericorum,
1705 1686 1987 1742 Vurmatia
2041 1687 2114 1718 ⁸⁷³

536 1801 727 1843 mense
774 1783 953 1840 Martii
984 1784 1131 1840 facto
1157 1782 1327 1854 (171),
1371 1790 1624 1852 presente
1680 1779 1932 1835 Heinrico
1966 1793 2111 1849 rege,

2208 704 2382 759 niunt.
2409 703 2535 758 Haec
2569 718 2692 758 cum
2720 701 2972 772 cognovit
3015 700 3319 767 Heinricus,
3350 714 3449 770 per
3487 695 3789 764 Aquileiam

2210 795 2573 852 Radisbonam
2599 804 2719 866 post
2737 796 2910 865 pacha
2944 793 3212 864 pervenit,
3242 801 3295 846 et
3316 791 3384 844 ad
3417 787 3715 845 Rodulium
3743 789 3776 838 i-

2211 887 2466 944 Suaviam
2497 896 2685 944 contra
2743 902 2802 943 se
2837 895 3050 943 certare
3091 892 3447 955 temptantem
3497 880 3795 936 festinavit.

2211 979 2344 1035 Cum
2373 993 2499 1035 vero
2522 977 2785 1035 Rodulfus
2807 977 2962 1047 fugit,
2993 974 3278 1032 lleinricus
3314 973 3580 1028 Suaviam
3605 972 3792 1040 proda-

2211 1070 2309 1124 vit.
2338 1069 2736 1128 Convenientcs
2762 1082 2976 1140 quoque
2998 1066 3141 1123 circa
3175 1064 3380 1119 Renum
3406 1064 3557 1118 inter
3587 1059 3798 1129 Mogon-

2212 1159 2342 1214 tiam
2367 1168 2423 1215 et
2452 1158 2811 1215 Wormatiam
2842 1172 3029 1213 mense
3066 1155 3203 1228 Aug.
3248 1168 3492 1226 pugnare
3519 1149 3796 1224 prohibiti.

2210 1247 2580 1305 Conventione
2603 1264 2820 1320 quoque
2837 1249 2890 1303 in
2914 1247 3104 1304 eodem
3134 1245 3252 1302 loco
3276 1244 3417 1300 [acti
3441 1245 3494 1298 in
3521 1241 3644 1297 Kal.
3669 1239 3794 1294 Nov.

2214 1341 2376 1412 (Nov.
2408 1341 2508 1415 1.),
2541 1341 2808 1397 Rodulfus
2857 1341 3112 1398 lieinrico
3158 1339 3334 1394 oriam
3380 1352 3490 1392 non
3528 1335 3680 1391 venit
3708 1333 3794 1386 3".

2214 1430 2498 1488 Hcinricus
2525 1431 2779 1488 Suaviam
2824 1430 2893 1463 ⁵⁸⁷
2934 1429 3182 1501 predavit
3217 1436 3272 1483 et
3302 1425 3532 1483 castella
3559 1439 3662 1495 per
3691 1424 3796 1480 hie-

2213 1543 2352 1583 mem
2381 1527 2560 1598 fregit.

2287 1621 2438 1676 uor.
2469 1600 2718 1694 [κικιις]
2745 1618 2836 1674 23.
2869 1617 3148 1690 Gregorius
3181 1616 3419 1690 muri)
3433 1632 3602 1687 papa,
3632 1615 3796 1684 quiet

2214 1711 2536 1768 lllibrandus
2582 1711 2868 1783 cpiscopus
2893 1751 2909 1777 ,
2940 1727 3118 1765 servus
3145 1709 3216 1742 ³⁸⁵
3243 1725 3523 1764 seruorum
3561 1707 3684 1768 Dei,
3715 1723 3797 1775 per

2217 1815 2377 1858 totum
2403 1803 2650 1858 Italicum
2685 1819 2898 1874 regnum
2929 1811 2975 1858 et
3002 1801 3406 1864 Teutonicorum
3445 1799 3548 1865 ⁸⁸⁸,
3575 1799 3796 1851 debitam

537 1880 811 1933 decretum
851 1884 935 1930 esl
986 1884 1046 1930 m
1073 1875 1310 1930 bammm
1356 1870 1632 1926 “libram”
1663 1870 1732 1947 ﬂ:
1758 1885 1909 1941 1³³9³⁵
1938 1869 2116 1924 "unus
2147 1862 2188 1919 Β
2217 1907 2396 1952 sancto
2435 1895 2593 1951 Petro
2646 1862 2991 1950 obedientiam
3044 1862 3401 1949 exhibentibus
3451 1862 3794 1960 apostolicam

536 1976 774 2033 curaret,
806 1983 904 2024 nec
936 1981 1070 2038 papa
1103 1973 1265 2021 esset.
1303 1963 1447 2035 Papa
1475 1978 1605 2018 vero
1642 1976 1822 2033 regem
1849 1977 1970 2022 cum
1999 1960 2113 2016 suis

534 2062 589 2118 in
622 2061 1030 2134 quadragesima
1061 2058 1234 2114 tribus
1275 2055 1763 2112 cxcommunicavit
1816 2054 2014 2118 causis,
2043 2053 2111 2108 ob

535 2153 813 2208 infamiam
869 2159 1213 2223 peccatorum
1262 2163 1505 2213 suorum,
1543 2154 1600 2202 et
1652 2146 1912 2201 unitatem
1960 2159 2112 2198 suam

533 2261 657 2302 cum
705 2243 1035 2307 simoniacis,
1077 2249 1132 2297 et
1177 2241 1314 2296 hanc
1356 2239 1622 2294 scisuram
1674 2236 1920 2292 ecclesiae
1971 2236 2113 2290 inter

533 2351 726 2407 papam
767 2343 821 2390 et
846 2333 1000 2388 alios.
1033 2331 1164 2387 lude
1190 2345 1354 2386 causa
1385 2329 1537 2400 quasi
1563 2328 1709 2399 justa
1739 2327 2002 2398 primates
2026 2341 2111 2381 re-

533 2429 622 2497 gni
646 2426 799 2497 quasi
828 2421 1374 2481 excommunicatom
1403 2419 1782 2477 contradicunt
1810 2418 1944 2489 regi,
1974 2427 2116 2473 tctu-

534 2527 746 2590 ptantes
779 2531 903 2571 eum
941 2512 1205 2585 projecire
1251 2527 1439 2584 regno.
1481 2539 1556 2556 -
1581 2509 1734 2583 [Bilis
1760 2509 1848 2576 ⁵⁸⁸,
1884 2508 2023 2564 ῐηὶιῖι
2049 2524 2113 2562 .m

532 2611 769 2683 Boponis
806 2617 862 2666 et
898 2605 1182 2664 Gotobaldi
1237 2604 1424 2671 frater,
1461 2603 1770 2675 Wirziburg
1814 2602 1984 2658 sancti
2021 2600 2115 2654 Ki-

533 2704 664 2759 liani
709 2701 1006 2759 canonicus
1032 2699 1126 2766 ⁸⁸³,
1157 2698 1398 2754 muribus
1444 2706 1500 2752 et
1546 2705 1689 2752 etate
1715 2703 1770 2751 et
1806 2696 2116 2750 cantatione

534 2794 835 2856 laudabilis,
870 2793 924 2847 in
971 2791 1139 2847 choro
1174 2791 1398 2845 multum
1433 2789 1602 2856 utilis,
1660 2789 1786 2844 dum
1826 2789 2112 2844 Deceml.r.

537 2883 895 2952 mensejacuit
915 2891 1159 2938 mortuus
1187 2882 1429 2937 clamans
1455 2889 1507 2936 et
1547 2895 1768 2950 gemens
1795 2880 1860 2934 de
1890 2879 2119 2932 terrori-

532 2977 635 3033 bus
657 2984 717 3031 et'
735 2973 1122 3031 minationibus
1137 2980 1193 3027 et
1213 2971 1478 3026 calumnis
1497 2970 1766 3040 presentis
1786 2967 2007 3034 diaboli,
2044 2966 2115 3023 ob

535 3083 692 3122 suam
753 3063 1117 3121 cantationem
1184 3061 1590 3118 misserahiliter
1649 3059 1946 3126 laboravit;
2005 3075 2113 3115 non

532 3158 677 3214 enim
693 3170 864 3211 vacua
893 3152 1279 3210 vociferatione
1303 3151 1544 3222 falsaque
1585 3150 1890 3205 litterarum
1922 3150 2115 3204 multa-

541 3270 660 3307 rum
693 3250 999 3321 adiectione
1028 3249 1098 3282 ⁵⁸³
1121 3263 1282 3318 super
1310 3262 1472 3302 unam
1499 3245 1732 3300 litteram
1763 3244 1847 3298 vel
1879 3242 2117 3313 pulchri-
2145 3222 2184 3278 C

538 3344 722 3399 tudine
761 3342 901 3406 soni,
932 3339 1025 3396 sed
1075 3339 1238 3394 corde
1282 3338 1410 3392 trito
1437 3351 1534 3407 per
1572 3336 1777 3391 intenta
1809 3335 1971 3390 verba
2006 3333 2116 3405 pla-

537 3443 692 3490 Catus
731 3432 890 3488 Deus.
925 3429 1078 3499 Quod
1110 3429 1273 3500 igitur
1301 3428 1454 3499 quasi
1492 3428 1734 3498 angelus.
1781 3466 1794 3480 .
1835 3463 1852 3480 .
1895 3467 1908 3480 .
1946 3466 1961 3483 .
2004 3466 2018 3481 .
2047 3428 2116 3460 m

535 3526 760 3598 pulchre
780 3538 992 3594 semper
1018 3523 1072 3578 in
1105 3521 1274 3578 choro
1325 3521 1580 3585 cantavit,
1626 3519 1921 3576 moriturus
1949 3535 1980 3573 a
2001 3519 2119 3575 dia-

538 3618 662 3676 bolo
701 3617 941 3689 carpitus
967 3615 1166 3671 acriter
1186 3613 1258 3646 ⁸⁸⁵
1286 3614 1510 3670 audivit.
1540 3612 1561 3684 ]

605 3732 768 3788 1100.
800 3728 1092 3805 [uLxxrut]
1107 3727 1497 3784 22.Heinricus
1519 3742 1648 3797 ergo
1670 3742 1762 3782 rex
1790 3736 1844 3784 et
1866 3727 2116 3783 lllihran-

535 3827 638 3883 dus
668 3842 803 3898 papa
831 3824 1213 3881 convenientes
1260 3836 1444 3876 mense
1481 3820 1673 3875 Martio
1706 3819 1854 3892 (172)
1889 3821 1941 3875 in
1973 3820 2120 3875 Lon-

535 3917 817 3986 gobardia.
861 3931 954 3970 rex
985 3930 1013 3968 a
1060 3928 1198 3984 papa
1235 3913 1555 3968 solutionem
1593 3910 1774 3976 banni,
1821 3927 1958 3982 papa
1987 3926 2128 3970 vero.

537 4007 718 4062 sedem
742 4004 1092 4074 apostolicam
1124 4020 1154 4058 a
1189 4018 1315 4072 rege
1344 4003 1572 4071 accepit.
1601 4002 1996 4057 Convenientes
2023 4017 2118 4056 au-

539 4105 646 4150 tem
678 4094 841 4150 Suavi
866 4103 922 4149 et
942 4093 1186 4150 Saxones
1204 4103 1259 4149 et
1289 4091 1448 4162 Walp
1472 4093 1577 4147 dux
1633 4091 1974 4156 Boariorum,
2004 4093 2118 4162 cpi-

537 4187 688 4258 scopi
723 4195 927 4258 septem
953 4185 1019 4241 de
1062 4185 1368 4240 Saxonibus
1388 4194 1442 4239 ct
1487 4185 1577 4240 alii
1607 4198 1724 4250 sex,
1763 4183 2116 4250 Pataviensis,

538 4278 1004 4349 Salsabogiensis,
1056 4277 1574 4348 Wirziburgiensis.
1626 4275 2020 4333 Vurmatiensis
2064 4287 2120 4332 et

536 4371 923 4444 Mogontiensis
956 4369 1216 4442 episc0pi,
1241 4369 1390 4435 juxta
1415 4369 1678 4424 Bambcrc
1704 4368 1780 4442 [in
1801 4370 2120 4441 marg.For-

534 4460 709 4534 Item.)
721 4461 990 4517 dominica
1013 4460 1168 4516 tertia
1185 4458 1332 4532 (175)
1364 4461 1812 4532 quadragesimze,
1831 4460 2118 4518 Rodulfum

2216 1989 2647 2043 benedictionem.
2680 1986 2741 2042 Si
2765 1987 2852 2057 qui
2878 1996 2998 2040 sunt
3047 1985 3318 2054 presbiteri
3375 1983 3456 2038 uel
3482 1982 3701 2036 diaconi
3728 1979 3797 2031 rei

2215 2078 2544 2143 subdiaconi,
2567 2077 2654 2150 qui
2683 2077 2890 2145 iaceant
2911 2077 2964 2131 in
2981 2076 3196 2131 crimine
3219 2074 3625 2142 fornicationis,
3650 2073 3796 2124 inter-

2215 2171 2436 2225 dicimus
2462 2170 2535 2225 eis
2555 2186 2620 2225 ea:
2662 2177 2810 2240 parte
2847 2167 3212 2238 omnipotentis
3263 2165 3360 2218 Dei
3402 2175 3451 2219 et
3492 2164 3796 2217 auctoritate

2217 2262 2384 2314 sancti
2413 2257 2559 2314 Petri
2590 2258 2860 2313 introitum
2902 2257 3154 2321 ecclesite,
3190 2271 3351 2324 usque
3381 2254 3514 2307 dum
3547 2253 3793 2322 peniteent

2216 2360 2262 2404 et
2299 2349 2588 2405 emendem.
2623 2347 2684 2403 Si
2708 2347 2798 2420 qui
2846 2364 2965 2402 vero
2994 2348 3046 2401 in
3084 2356 3294 2417 peccato
3340 2360 3439 2398 suo
3476 2357 3794 2414 persererare

2217 2440 2519 2507 maluerint,
2557 2440 2732 2494 nullus
2762 2449 2986 2494 vestrum
3019 2436 3240 2508 oﬁicium
3283 2452 3470 2490 eorum
3507 2432 3743 2487 ausculta
3770 2447 3793 2484 ε

2215 2541 2481 2602 presumat
2511 2574 2528 2598 ,
2557 2533 2680 2603 quia
2703 2529 2988 2584 benedictio
3025 2527 3169 2581 illius
3210 2525 3429 2580 vertitur
3475 2526 3536 2577 in
3585 2524 3791 2576 maid;-

2217 2624 2461 2686 ctionem,
2492 2632 2537 2677 et
2568 2621 2737 2676 oratio
2763 2621 2816 2674 in
2851 2628 3144 2689 peceatum,
3173 2627 3398 2672 testante
3441 2615 3679 2670 Domino
3715 2630 3792 2684 per

2215 2701 2542 2789 praphetam,
2582 2731 2600 2764 ‹
2633 2710 2971 2773 Maledicam,
3023 2709 3209 2780 inquit.
3244 2706 3698 2763 benedictionibus
3724 2722 3792 2758 re-

2217 2810 2360 2864 stris.
2399 2806 2712 2862 illcinricns
2737 2819 2832 2859 rex
2856 2804 2908 2858 in
2934 2811 3282 2874 pentecosten
3321 2800 3621 2872 Mogontize
3651 2801 3792 2868 ac,»

2218 2901 2298 2954 nit
2325 2897 2668 2954 lllibrandum
2711 2911 2904 2967 papam
2937 2894 3047 2966 (an.
3092 2895 3248 2961 1080,
3285 2893 3398 2949 Mai
3430 2892 3552 2961 5|),
3586 2902 3642 2947 et
3672 2892 3792 2960 Vag-

2218 2993 2429 3048 hcrtum
2459 2991 2770 3045 Ravennate
2791 2989 3103 3060 episcopum
3135 2987 3188 3042 in
3217 2987 3515 3042 nativitate
3542 2985 3794 3041 Johannis

2219 3073 2367 3158 (Jun.
2394 3085 2484 3156 24)
2518 3083 2764 3154 baptista:
2798 3082 3022 3139 Pressea
3060 3082 3129 3114 ³³⁸
3175 3079 3323 3153 (175)
3362 3081 3688 3152 episcopatu
3711 3096 3792 3149 pro

2221 3192 2286 3234 eo
2317 3175 2444 3232 facit
2490 3191 2703 3247 papam.
2738 3171 3022 3228 Rodolfurn
3062 3187 3273 3242 quoque
3291 3186 3476 3242 regem
3528 3170 3790 3225 Saxonum

2217 3267 2414 3322 occicit
2436 3267 2574 3322 bello
2598 3265 2925 3331 Merscburc,
2969 3266 3058 3322 ubi
3084 3274 3138 3322 et
3158 3265 3404 3336 sepultus
3427 3263 3556 3319 ldus
3579 3262 3786 3320 Octolr.

2217 3360 2487 3433 Mogontia
2517 3377 2638 3418 cum
2681 3362 2851 3418 muris
2882 3361 2997 3417 Kal.
3028 3361 3312 3417 Decembr.
3369 3372 3521 3417 terre
3548 3374 3697 3416 metu
3726 3363 3787 3414 ita

2219 3469 2504 3516 concussa,
2533 3463 2591 3510 ut
2633 3454 2686 3508 in
2717 3454 3050 3509 monasterio
3073 3453 3244 3508 sancti
3276 3451 3520 3510 Victoris
3547 3455 3701 3524 quasi
3721 3454 3788 3507 di-

2219 3546 2397 3600 medio
2423 3546 2656 3601 miliario
2702 3561 2732 3600 a
2786 3545 3055 3618 Mogontia
3083 3555 3354 3601 mortuum
3393 3554 3544 3604 terra
3590 3563 3788 3602 sursum

2218 3656 2340 3696 cum
2362 3640 2560 3696 feretro
2581 3640 2869 3710 proiceret.

2291 3731 2447 3786 1103.
2490 3730 2738 3804 [anxxt]
2782 3732 2873 3786 25.
2920 3730 3204 3787 Heiuricus
3231 3744 3326 3784 rex
3374 3744 3406 3783 a
3453 3737 3789 3798 pentecostes!

2217 3822 2407 3878 diebus
2461 3823 2875 3893 quadragesima
2924 3822 3149 3876 Romam
3204 3831 3394 3876 contra
3453 3820 3790 3874 “litua-tum

2219 3931 2410 3987 papam
2438 3925 2709 3987 expugnat
2737 3913 2893 3986 (Mai.
2923 3914 2995 3968 2'5
3015 3913 3194 3984 Jnn.),
3229 3929 3334 3968 non
3376 3914 3586 3968 intrare
3616 3911 3790 3981 petivit

2219 4007 2310 4062 ‘9’.
2341 4007 2610 4078 Mogontia
2656 4006 2848 4062 civitas
2903 4006 3043 4061 intra
3084 4013 3308 4060 octavas
3353 4015 3788 4075 pentecostenex

2219 4107 2369 4169 parte
2393 4097 2598 4168 majore
2622 4107 2678 4153 et
2708 4097 3092 4153 monasterium
3123 4096 3429 4167 episcopale
3453 4097 3671 4166 aliaque
3699 4095 3788 4148 Ira

2222 4191 2550 4246 monasteria
2580 4190 2701 4262 igne
2731 4200 3010 4246 consumta
3037 4188 3236 4261 (Aug)
3263 4187 3426 4244 Suevi
3457 4189 3514 4244 in
3547 4199 3788 4242 autunno

2219 4279 2492 4334 Cuonradi
2520 4279 2744 4334 fratrem
2777 4279 3190 4344 llerimannum,
3236 4277 3481 4334 lleinrici
3528 4277 3598 4333 de
3623 4277 3786 4332 Laelia

2220 4371 2289 4404 ⁸³³
2319 4371 2506 4427 fratris
2529 4371 2718 4438 filium,
2750 4387 2849 4442 pro
2885 4371 3117 4427 Rodulfo
3159 4371 3372 4426 faciunt
3426 4385 3639 4442 regem,
3666 4368 3785 4423 etin

2220 4463 2502 4518 nativitate
2533 4461 2742 4519 Domini
2767 4463 2820 4519 in
2853 4461 3089 4520 Saxonia
3109 4463 3330 4534 ungitur
3355 4462 3412 4518 in
3437 4476 3651 4532 regem.

1840 4617 2076 4678 VARl/E
2117 4619 2518 4679 LECTIO‘NES.

610 4731 682 4818 Ψ
715 4732 992 4816 Marianas
1037 4735 1147 4788 [nec
1181 4735 1372 4859 ad{eeit
1420 4745 1696 4806 antequam
1745 4753 1798 4788 a.
1849 4735 2004 4790 1096.
2057 4735 2265 4806 (1074.)
2311 4754 2421 4809 sqq.
2457 4739 2731 4793 historiam
2767 4738 3004 4808 scripsit,
3034 4738 3214 4810 hisque
3249 4738 3535 4792 chronieon
3575 4735 3786 4806 primum

610 4822 742 4859 uisse
768 4804 989 4859 videtur.
1081 4805 1147 4838 ³⁷⁷
1197 4807 1238 4859 Λ
1268 4823 1278 4857 ι
1310 4805 1480 4859 Adam
1527 4819 1696 4859 usuue
1763 4805 1906 4859 hunc
1946 4821 2143 4859 annum
2208 4816 2333 4859 sunt
2393 4823 2654 4859 annorum
2705 4809 2851 4859 milia
2917 4809 3154 4859 auirmue
3210 4817 3265 4859 et
3309 4809 3537 4859 insuner
3587 4804 3784 4859 ducenti

538 4804 742 4879 [iniisse
768 4804 989 4879 videtur.
1045 4805 1148 4879 _"’"’_
1197 4804 1278 4860 Ah
1307 4805 1480 4879 Adam
1527 4804 1696 4879 usque
1763 4805 1906 4879 hunc
1946 4804 2143 4879 annitm
2180 4804 2654 4879 isunt'annorum
2705 4804 2879 4863 milia'
2917 4804 3154 4879 quinque
3210 4817 3265 4862 et
3309 4809 3537 4878 insuper
3577 4804 3784 4879 ducenti

537 4873 810 4944 octoginta
838 4876 874 4928 2
899 4875 999 4929 2¹·.
1034 4873 1255 4943 Reliqua
1282 4877 1487 4929 desunt.

1591 4876 1665 4908 ⁵⁷⁸
1695 4875 1927 4929 urmatia
1967 4877 2012 4928 l.
2065 4887 2113 4929 et
2173 4876 2334 4945 infra.

2418 4879 2487 4911 ⁸⁷⁹
2534 4878 2767 4933 illibrani
2799 4879 2848 4933 1.
2933 4875 3020 4911 τεο
3067 4875 3460 4934 ’θχοοηῖοαεαιὸ
3497 4881 3541 4932 l.
3650 4875 3710 4907 ¹⁸¹
3737 4875 3783 4926 in

539 4948 745 5034 magiae
774 4947 824 5003 1.
853 4947 1037 5034 desunt
1082 4946 1197 5034 τςις.
1273 4948 1343 4980 ⁸⁸³
1385 4947 1747 5034 cirttonze’ni.
1780 4947 1802 5000 ?
1889 4946 2025 5034 "'Ii.
2080 4963 2125 4999 e.
2157 4947 2481 5034 adiectione.
2555 4949 2644 5034 1".
2672 4948 2769 5019 legt
2801 4951 2974 5021 nequit
3009 4951 3063 5004 1.
3122 4949 3192 4983 ⁵⁸⁸
3232 4965 3336 5002 non
3357 4948 3515 5018 plane
3541 4954 3782 5034 constant.
