3934 5330
81 283 184 340 797

851 279 1264 339 CHRONICON.
1290 311 1359 321 —
1382 278 1470 336 EX
1513 278 1674 335 FLOF

1791 279 1876 335 ’ΠΙ
1918 279 2423 338 WIGORNIENSIS
2463 281 2639 337 lllST.

3248 279 3350 338 798

76 398 257 454 fuerat
275 406 497 454 vocatus
516 397 654 479 Odo,
668 396 950 468 episcOpus
973 397 1302 462 “ostiensis;
1323 407 1377 451 et
1390 396 1663 458 Clemens.
1694 399 1739 456 Α
1768 397 1981 465 pascha:
1994 413 2244 469 magnum
2260 397 2546 452 concilium
2565 394 2734 451 tenuit
2758 393 2958 449 Romm.
2977 393 3033 478 lu
3046 409 3152 464 quo
3165 395 3352 450 recis's

77 493 168 559 qui
227 489 514 546 Wibertus
588 489 886 560 appellatus
949 489 1148 552 fuerat,
1230 487 1672 556 archiepiscopus

75 581 632 648 Ravennensis.Qu:e
659 596 766 645 res,
810 589 868 634 ut
920 582 986 634 dc
1037 580 1157 634 aliis
1211 580 1392 634 mundi
1431 581 1673 650 partibus

76 674 361 739 sileamus,
390 686 487 744 per
506 671 688 745 plures
717 687 888 727 annos
909 672 1196 728 ecclesiam
1222 671 1428 741 Anglia:
1453 671 1505 725 in
1554 681 1673 724 tan-

74 775 190 820 tim
217 768 530 837 occupavit,
562 775 617 820 ut
650 781 715 820 ex
744 782 850 835 quo
871 765 1184 833 Gregoius,
1239 767 1331 833 qui
1378 774 1432 819 et
1487 764 1672 819 Hilde-

72 858 344 922 ltrandus,
378 856 664 912 defunctus
708 855 830 921 fuit,
881 855 1012 926 nulli
1056 857 1358 926 loco-papa:
1404 871 1573 924 usque
1607 857 1673 911 ad

71 947 178 1001 hoc
226 957 444 1017 tempus
488 947 642 1002 subdi
685 946 770 1001 vel
824 925 1048 1002 obedire
1092 925 1344 1002 voluerit.
1395 947 1672 1002 Urbanum

70 1053 174 1107 pro
229 1039 437 1094 vicario
491 1038 636 1094 beati
669 1037 815 1093 Petri
844 1037 993 1093 ltalia
1042 1037 1323 1109 Galliaque
1367 1036 1484 1106 jam
1517 1037 1672 1094 rece-

66 1141 348 1201 perat.....

143 1220 306 1275 lll8.
358 1220 569 1296 [κίονι]
634 1222 819 1279 4οη...
889 1223 1143 1280 Urbanus
1219 1239 1357 1294 papa
1407 1223 1557 1278 venit
1617 1224 1671 1278 in

71 1308 335 1379 Galliam,
373 1319 429 1365 et
485 1312 624 1381 apud
674 1312 892 1368 Clarum
934 1323 1170 1368 montem
1221 1312 1672 1384 quadragesimali

73 1413 324 1474 tempore
353 1406 563 1474 synodo
596 1404 893 1470 celebrata,
932 1406 999 1460 ad
1043 1406 1269 1472 Turcas,
1316 1405 1671 1471 Sarracenos,

72 1493 417 1566 Turcopolos
447 1495 690 1568 aliosque
727 1513 970 1568 paganos
1008 1497 1377 1564 debellandos,
1423 1497 1669 1554 Hierusa-

69 1586 181 1641 lem
219 1588 494 1656 prolicisci
528 1590 776 1644 hortatus
815 1600 899 1648 est
931 1590 1279 1646 christianos.
1331 1588 1496 1658 Cujus
1541 1591 1674 1645 hor-

71 1685 191 1731 tatu
220 1693 350 1732 mox
378 1678 431 1732 in
483 1678 596 1748 ipsa
658 1681 864 1750 synodo
914 1694 1098 1736 comes
1128 1679 1311 1736 Sancti
1343 1681 1513 1752 Egidii
1547 1681 1675 1736 Bai-

73 1768 338 1836 mandus,
374 1777 430 1824 et
461 1745 580 1824 cum
611 1745 855 1826 eo-multi
883 1771 971 1826 alii
1005 1787 1166 1827 cruce
1195 1745 1415 1828 Christi
1452 1772 1670 1843 signati,
1706 1745 1746 1802 Β

73 1861 573 1929 peregrinationem
604 1876 662 1917 se
685 1877 781 1932 pro
807 1863 918 1916 Deo
948 1863 1225 1918 subituros
1265 1871 1320 1918 et
1349 1863 1492 1934 quod
1546 1879 1672 1917 sua-

73 1961 226 2004 serat
256 1961 581 2021 peracturos
611 1951 1034 2022 spoponderunt.
1080 1951 1287 2020 Quibus
1335 1952 1556 2019 auditis,
1605 1953 1672 2010 de

71 2042 252 2107 ltalia,
295 2042 612 2110 Germania,
649 2041 844 2107 Gallia,
884 2043 1098 2114 Anglia,
1153 2045 1333 2098 ueteri
1387 2043 1669 2099 christiani

73 2137 139 2190 al
173 2137 407 2190 eandem
436 2135 825 2206 profectionem
849 2136 1101 2192 certatim
1128 2152 1185 2190 se
1213 2150 1490 2208 paravere.
1524 2137 1671 2204 Quo-

75 2247 197 2284 ιιιξη
236 2236 404 2287 duces
431 2240 488 2285 et
519 2231 778 2300 primates
803 2233 1030 2287 extitere
1074 2231 1360 2287 Podiensis
1385 2232 1674 2301 episcopus

77 2324 354 2385 Airnerus,
394 2323 700 2378 llostiensis
757 2324 1042 2394 episcopus
1087 2339 1208 2379 cum
1255 2323 1374 2380 aliis
1405 2325 1674 2394 episcOpis

76 2429 244 2480 q"am
301 2414 573 2485 pluribus,
621 2413 814 2469 I‘e'rus
868 2415 1188 2481 monachus,
1238 2414 1390 2485 llngo
1431 2415 1669 2484 Magnus.

75 2507 310 2578 Ρὶιῖὶρρί
370 2505 519 2577 regis
575 2505 909 2561 Francorum
967 2522 1280 2578 germanus,
1333 2508 1441 2562 dux
1480 2507 1675 2562 Lotha-

76 2598 122 2652 ri
147 2599 282 2652 -nsis
308 2597 654 2662 Godelridus,
687 2596 1053 2662 Carnotensis,
1094 2613 1277 2654 comes
1307 2595 1672 2667 Sthephanus,

79 2688 226 2744 Nord
254 2705 339 2743 ra:
361 2704 555 2745 norum
593 2703 776 2746 eomes
799 2689 1094 2753 Robertus,
1122 2689 1469 2745 Flandrensis
1492 2705 1676 2745 comes

83 2781 374 2846 Biberius,
451 2782 557 2836 duo
621 2783 865 2851 germani
932 2779 1212 2837 Godelridi
1285 2782 1438 2836 ducis
1491 2796 1676 2836 comes

84 2873 412 2928 l'listichius
477 2872 835 2928 Bononiensis
890 2881 946 2927 et
994 2872 1326 2936 Baldvvinus,
1388 2873 1676 2942 praalictns

81 2979 111 3017 c
132 2978 266 3017 anes
299 2961 654 3028 Reimundus,
684 2961 1050 3028 Boemundus,
1123 2961 1348 3017 lloberti
1389 2961 1674 3018 Guiscardi

83 3052 320 3109 lilius....

155 3146 315 3198 “20.
345 3143 600 3218 [atxcvnt]
643 3145 714 3200 42
873 3145 1160 3201 Antiochia
1210 3145 1406 3201 civitas
1454 3161 1483 3200 a
1533 3145 1676 3201 chri-

86 3237 284 3290 stianis
331 3236 384 3290 5.
437 3235 619 3292 Nonas
653 3236 817 3304 Junii,
869 3237 1003 3292 l'eria
1052 3247 1267 3308 quarta,
1299 3246 1452 3309 capta
1484 3247 1584 3293 est.
1620 3237 1676 3292 ln

87 3342 194 3393 qua
259 3328 451 3398 paucis
505 3328 698 3386 diebus
751 3331 1036 3387 transactis
1091 3330 1297 3396 lancea,
1335 3345 1437 3400 qua
1492 3330 1676 3384 mundi

89 3419 340 3472 Salvator
367 3419 419 3473 in
449 3423 631 3476 crucis
659 3421 899 3490 patibulo
929 3423 1171 3493 pendens
1212 3421 1522 3476 vulneratus
1553 3421 1672 3480 fuit.

86 3511 302 3566 Andrca
332 3513 579 3582 apostolo
605 3522 915 3569 sanctorum
947 3513 1237 3568 mitissimo
1290 3512 1584 3574 revelante,
1621 3513 1677 3567 in

87 3602 322 3657 ecclesia
347 3604 522 3658 sancti
555 3603 699 3658 Petri
727 3603 952 3674 apostoli
1011 3603 1224 3658 inventa
1254 3612 1356 3658 cst.
1401 3602 1567 3672 Cujus
1597 3601 1681 3657 in-

85 3693 339 3748 ventione
369 3693 488 3750 elui
522 3694 654 3749 tiani
706 3695 952 3750 animati.
1017 3694 1050 3748 4
1099 3693 1215 3748 Kal.
1247 3692 1394 3758 Julii,
1431 3691 1566 3748 feria
1595 3709 1681 3749 se-

92 3787 291 3849 cunda,
318 3799 504 3842 secum
538 3787 682 3841 illam
724 3786 1053 3852 deterentes,
1079 3787 1144 3841 de
1166 3785 1384 3840 civitate
1403 3787 1677 3852 exierunt,

89 3886 146 3930 et
195 3892 320 3931 cum
378 3879 608 3951 paganis
675 3879 859 3950 prtelio
913 3879 1226 3944 commisso,
1277 3877 1675 3946 Curbaranum,

90 3967 389 4040 principem
413 3971 622 4027 militia:
640 3971 846 4027 soldani
873 3971 1092 4035 Persia,
1123 3979 1176 4026 ct
1197 3970 1424 4035 Turcos,
1448 3969 1676 4037 Arabes,

92 4058 145 4114 S.
167 4075 447 4128 rraeenos,
477 4061 820 4130 Publicanos,
847 4061 1138 4126 Azimatos,
1165 4060 1378 4128 Persas,
1407 4062 1680 4132 Agulanos

90 4161 144 4205 et
182 4152 319 4209 alias
348 4153 548 4208 multas
577 4162 764 4225 gentes
792 4154 845 4208 in
881 4169 975 4208 ore
1003 4153 1087 4223 gla
1110 4152 1162 4206 lii
1193 4150 1466 4223 fugantes,
1497 4151 1681 4207 multis

93 4245 309 4301 milibus
339 4259 406 4301 ex
435 4246 517 4302 eis
540 4245 756 4309 occisis,
791 4246 882 4300 Dei
905 4245 1109 4300 virtute
1143 4243 1357 4314 plenam
1392 4244 1679 4300 victoriam

91 4338 418 4394 habuerunt.
446 4338 712 4409 Splendor
734 4337 986 4394 insolitus
1015 4353 1112 4409 per
1136 4345 1303 4393 totam
1328 4337 1443 4394 fere
1465 4349 1679 4397 noctem

89 4431 122 4485 5
173 4429 294 4486 Kal.
334 4427 588 4487 Odobris
631 4430 971 4490 emicuit.....
1006 4428 1252 4502 Rogerus
1300 4430 1407 4486 dux
1450 4430 1678 4500 Apuliae,

91 4524 329 4580 adunato
355 4524 549 4596 grandi
582 4523 845 4590 exercitu,
869 4521 1179 4594 Capuanam
1218 4523 1493 4578 civitatem
1521 4539 1550 4578 a
1578 4539 1677 4580 sua

90 4616 291 4673 ditione
314 4616 651 4672 resilientem
680 4616 912 4673 obsedit.
940 4615 1190 4673 Urbanus
1210 4615 1678 4686 papa,comitante

90 4724 270 4766 secum
307 4709 705 4766 Dorohernensi
735 4711 1146 4782 archiepiscopo
1171 4708 1452 4777 Anselmo,
1502 4720 1560 4766 ut
1601 4711 1676 4767 illi

91 4802 400 4868 mandarat,
451 4801 520 4857 ad
572 4801 861 4858 concilium
913 4801 1056 4872 quod
1111 4801 1252 4874 apud
1305 4801 1503 4856 Barum
1557 4801 1673 4856 ιω.

89 4893 335 4952 Octobris
345 4893 610 4951 celebrari
626 4895 925 4960 constituit,
941 4894 1322 4966 proliscicitur.
1342 4893 1396 4948 In
1421 4908 1528 4963 quo
1549 4909 1677 4949 con-

92 4988 211 5044 cilio
241 4988 480 5058 plurima
507 4987 574 5043 de
603 4987 709 5044 ﬁde
733 4987 999 5044 catholica
1027 4989 1096 5044 ab
1147 4986 1448 5058 apostolico
1473 4984 1678 5042 diserta

91 5088 214 5133 sunt
245 5077 481 5151 facunda
524 5081 788 5134 oratione.
840 5076 941 5133 Ubi
979 5077 1142 5133 etiam
1188 5085 1333 5132 mota
1377 5073 1679 5146 quaesdonc

93 5183 151 5202 Διν
188 5179 342 5202 nni-In
379 5169 691 5202 lincunt-unam
747 5170 1055 5202 otvnnnnlinn
1091 5170 1410 5202 naandnnilnla
1446 5167 1678 5202 nrnhhra

1776 489 2080 545 recidendis
2125 499 2178 545 et
2231 490 2446 545 statutis
2504 486 2834 551 statuendis,
2891 487 2943 541 in
3003 487 3349 544 adversarios

1775 590 1974 636 sanctae
2019 582 2261 637 ecclesia:
2313 581 2890 637 excommunicationis
2940 581 3263 635 sententiam
3298 582 3353 636 in

1775 689 1964 728 omnes
2014 674 2180 731 laicos
2223 675 2572 730 investituras
2631 673 2984 729 ecclesiarum
3037 675 3249 740 dantes,
3297 682 3353 728 et

1774 781 1962 821 omnes
2017 768 2233 822 easdem
2290 767 2639 821 investituras
2698 765 2764 820 de
2832 766 3083 820 manibus
3141 765 3351 820 illorum

1775 861 2140 928 accipientes,
2203 874 2412 913 necnon
2465 874 2655 914 omnes
2701 859 2751 913 in
2812 857 3046 912 olIieium
3108 858 3186 912 sic
3240 857 3352 911 dati

1776 950 1997 1006 honoris
2028 948 2336 1019 hujusmodi
2387 959 2790 1014 consecrantes,
2833 964 2954 1004 cum
2988 958 3100 1004 toto
3129 947 3354 1003 consilio

1773 1058 1909 1112 papa
1934 1041 2162 1096 intorsit.
2199 1041 2303 1094 Eos
2328 1055 2543 1111 quoque
2591 1039 2952 1095 anathematis
2999 1039 3214 1094 vinculo
3241 1037 3358 1092 cola

1775 1132 1962 1203 ligavit
1989 1133 2118 1204 ,qui
2164 1147 2264 1202 pro
2301 1131 2686 1186 ecclesiasticis
2735 1132 3031 1186 honoribus
3087 1130 3355 1184 laicorum

1775 1226 2024 1281 homines
2049 1224 2201 1288 fiunt,
2235 1225 2442 1286 dicens.
2490 1225 2650 1278 nimis
2697 1224 3005 1279 execrabile
3049 1223 3240 1285 videri,
3294 1229 3356 1275 ut
3425 1277 3441 1286 ,

1776 1333 1999 1383 manus,
2031 1332 2148 1387 qua:
2172 1318 2224 1372 in
2257 1327 2462 1371 tantam
2491 1316 2838 1370 eminentiam
2868 1322 3247 1378 excreverant,
3272 1321 3355 1377 ut,

1775 1410 1918 1480 quod
1953 1408 2081 1463 nulli
2113 1407 2424 1479 angelorum
2455 1421 2771 1462 concessum
2797 1415 2912 1470 est,
2963 1406 3127 1458 Deum
3159 1412 3354 1458 cuncta

1775 1512 2048 1559 creantein
2078 1517 2177 1557 suo
2225 1499 2500 1571 signaculo
2544 1509 2731 1554 creent
2785 1507 2841 1553 et
2891 1497 3120 1552 eundem
3181 1496 3354 1566 ipsum

1773 1609 1874 1666 pro
1901 1594 2269 1664 redemptione
2299 1601 2354 1646 et
2383 1591 2556 1646 salute
2580 1600 2748 1645 totius
2793 1588 2977 1643 mundi
3009 1588 3204 1642 summi
3261 1587 3352 1640 Dei

1776 1687 1944 1757 patris
1971 1685 2248 1740 obtutibus
2271 1683 2524 1747 oll'erant,
2569 1683 2620 1736 in
2671 1682 2809 1736 hanc
2861 1679 3211 1750 ignominiam
3263 1677 3357 1732 de-

1778 1779 2081 1842 trudantur,
2107 1785 2165 1832 ut
2199 1775 2406 1831 ancilla:
2436 1776 2566 1830 [iant
2609 1789 2794 1828 earnm
2827 1786 3104 1834 manuum,
3135 1784 3254 1840 qua:
3269 1769 3358 1821 die

1774 1887 1837 1927 ac
1893 1882 2050 1926 nocte
2094 1868 2367 1925 obscmnis
2415 1867 2754 1923 contactibus
2820 1863 3192 1933 inquinamur,
3243 1859 3360 1912 sive

1776 1963 1983 2031 rapinis
2045 1976 2110 2016 ac
2168 1961 2379 2030 injuste
2430 1958 2753 2029 sanguinum
2829 1952 3075 2010 ell‘nsioni
3134 1949 3360 2006 addicta:

1774 2055 2258 2112 cbmmaculantur.
2311 2051 2462 2119 Fiat,
2489 2052 2611 2117 ﬁat,
2646 2051 2714 2104 ab
2755 2048 3004 2103 omnibus
3046 2053 3130 2100 est
3159 2043 3362 2098 clama-

1777 2158 1924 2213 ttun;
1966 2154 2021 2202 et
2066 2146 2120 2201 in
2151 2146 2235 2200 his
2271 2143 2559 2199 concilium
2593 2150 3028 2196 consummatum
3060 2143 3166 2190 est.
3222 2132 3356 2188 Post

1775 2241 1888 2296 hare
1933 2239 2370 2309 archiepiscopus
2417 2235 2735 2305 Lng'lttnttm
2767 2229 3078 2301 perrexit...

1846 2336 1970 2391 ldus
2020 2333 2168 2399 Julii,
2221 2332 2352 2387 feria
2383 2331 2567 2402 quinta
2600 2323 2941 2382 Hierusalem
2966 2337 2994 2374 a
3035 2316 3362 2390 Christianis

1777 2443 1931 2501 capta
1956 2438 2060 2491 est,
2093 2435 2142 2480 et
2177 2434 2296 2496 post
2343 2425 2458 2478 haec
2501 2422 2556 2477 ll
2616 2419 2732 2474 Kal.
2765 2414 3012 2487 Augusti,
3049 2413 3235 2466 eadem
3283 2407 3365 2461 fe-

1777 2521 1881 2587 ria,
1910 2518 2283 2575 Lothariensis
2326 2516 2436 2570 dux
2465 2511 2788 2570 Godel'ridus
2820 2508 2887 2563 ab
2941 2503 3086 2560 omni
3119 2501 3358 2556 exercitu

1779 2614 1831 2669 in
1869 2627 2045 2682 regem
2076 2618 2159 2665 est
2195 2609 2420 2664 electus.
2452 2635 2524 2647 —
2575 2603 2823 2660 Urbanus
2851 2613 2985 2670 papa
3028 2595 3061 2650 4
3097 2593 3218 2648 Kal.
3249 2593 3359 2682 Au-

1778 2681 1943 2775 gusti,
1969 2700 2100 2756 feria
2135 2699 2340 2771 quinta,
2371 2697 2525 2752 obiit.
2557 2724 2628 2735 -
2657 2688 2952 2748 Christiani
2989 2701 3116 2741 cunt
3145 2681 3360 2736 Amira-

1779 2797 1914 2861 viso,
1951 2793 2194 2865 principe
2223 2790 2426 2845 militiae
2451 2798 2507 2844 et
2536 2787 2772 2842 secundo
2800 2784 2851 2838 in
2884 2787 3156 2852 potestate
3195 2777 3361 2831 totius

1779 2887 1926 2958 regni
1975 2885 2118 2956 regis
2161 2881 2486 2952 Babylonire,
2539 2886 2665 2932 ante
2720 2875 2992 2931 civitatem
3033 2868 3360 2925 Ascalonam

1777 2981 1814 3036 2
1882 2978 2003 3033 ldus
2057 2974 2319 3044 Augusti,
2371 2971 2560 3028 eadetn
2611 2969 2785 3032 feria,
2845 2964 3044 3020 bellum
3101 2960 3362 3015 habentes

1705 3090 1750 3152 ρ
1785 3071 2101 3130 maximum.
2126 3067 2344 3123 Christo
2374 3064 2659 3134 largiente,
2704 3059 2860 3132 potiti
2889 3064 3014 3112 sunt
3036 3054 3362 3109 victoria.—

1781 3166 2076 3230 Paschalis,
2106 3164 2191 3219 vir
2226 3161 2584 3223 venerandus,
2615 3158 2704 3228 qui
2735 3157 2802 3210 ab
2840 3151 3198 3207 Ilildebrando
3224 3163 3362 3217 papa

1780 3261 2066 3332 presbyter
2089 3257 2262 3310 fuerat
2305 3253 2608 3313 ordinatus,
2636 3248 2935 3302 allomano
2981 3241 3174 3332 pepulo
3223 3240 3358 3332 Idib.

1781 3330 2005 3420 Augusti
2033 3345 2255 3410 electus,
2281 3343 2368 3397 die
2389 3339 2654 3411 sequenti,
2673 3339 2724 3393 id
2745 3345 2826 3392 est
2846 3336 2908 3390 l9
2927 3332 3042 3388 Kal.
3059 3330 3360 3402 Septemb.,

1781 3443 1914 3497 feria
1947 3440 2116 3510 prima
2145 3479 2160 3505 ,
2201 3437 2251 3490 in
2276 3449 2469 3505 papam
2499 3440 2582 3486 est
2607 3435 3023 3485 consecratus...

1853 3534 2010 3590 “22.
2037 3530 2153 3605 [uc]
2189 3531 2277 3585 M.
2308 3527 2558 3584 Clemens
2583 3539 2752 3596 papa,
2801 3521 2893 3593 qui
2946 3529 2996 3575 et
3053 3514 3362 3578 Wibertus,

1782 3627 1982 3682 obiit...

1853 3716 2064 3770 Interea
2113 3709 2452 3767 Hierusalem
2515 3708 2733 3763 domum
2801 3703 3080 3760 redierunt
3131 3695 3382 3752 comites.

1781 3805 2054 3861 Bobertus
2114 3799 2468 3856 Flandrensis
2519 3806 2573 3853 et
2621 3794 2946 3851 Eustachius
3005 3785 3364 3844 Bononiensis

1783 3895 2056 3966 primitus;
2106 3891 2228 3948 dein
2257 3888 2691 3944 Normannorum
2721 3899 2905 3940 comes
2935 3881 3206 3936 Robertns
3235 3891 3362 3931 citur

1781 4002 1970 4055 uxore,
2007 4001 2168 4058 quam
2213 3984 2317 4040 sibi
2377 3982 2432 4038 in
2478 3980 2662 4037 Sicilia
2713 3981 3157 4050 desponsaverat,
3203 3984 3364 4042 repa-

1783 4090 2034 4225 trlilé‘fi.
2055 4165 2194 4241 [stet]
2240 4166 2330 4221 45.
2363 4163 2534 4219 Filius
2579 4159 2853 4218 Eustachii
2885 4155 3117 4215 senioris
3147 4151 3368 4210 comitis

1783 4261 2163 4326 Bononiensis,
2219 4257 2545 4315 Gt-del'ridus
2591 4271 2686 4310 rex
2720 4249 3236 4322 Hierosolymorum,
3272 4243 3369 4314 qui

1781 4364 2088 4426 praepotens
2109 4353 2397 4410 exstiterat
2425 4351 2532 4405 dux
2568 4346 3022 4408 Lothariensium,
3046 4342 3187 4397 diem
3213 4338 3369 4395 clau-

1711 4439 1760 4499 D
1786 4447 1858 4503 sit
1885 4445 2157 4509 ultimum,
2206 4451 2262 4498 et
2292 4441 2343 4495 in
2373 4439 2600 4496 ecclesia
2631 4437 2967 4508 Golgothana
3012 4430 3255 4502 sepultus
3283 4443 3370 4483 re-

1783 4537 2035 4611 quiescit.
2064 4535 2230 4606 Cujus
2259 4543 2380 4605 post
2407 4533 2610 4588 obitum
2639 4529 2924 4585 christiani
2963 4524 3205 4580 unanimi
3230 4537 3366 4577 con-

1783 4633 1902 4688 silio
1933 4630 2048 4701 ejus
2071 4642 2387 4702 germanum
2436 4625 2537 4681 sibi
2584 4625 2636 4679 in
2686 4638 2865 4694 regem
2913 4619 3194 4689 elegerunt
3247 4612 3367 4668 Bal-

1781 4725 2029 4781 duinum.

1857 4815 2012 4872 H28.
2056 4811 2230 4888 [κατι]
2267 4811 2396 4868 58...
2437 4809 2554 4876 Quo
2595 4823 2736 4862 anno
2787 4806 2928 4861 facta
2952 4813 3034 4859 est
3055 4801 3216 4857 nimis
3244 4813 3370 4855 exe-

1781 4909 2002 4967 crabilis
2033 4905 2309 4962 contentio
2349 4904 2491 4958 inter
2529 4903 2912 4971 imperatorem
2956 4898 3022 4953 de
3047 4891 3375 4950 Alemannia

1775 5012 1829 5058 et
1861 5001 2026 5057 lilium
2057 4999 2238 5068 ejus...

1856 5094 2222 5148 Romanorum
2275 5086 2365 5144 96.
2419 5086 2688 5142 Henricus
2737 5091 2962 5155 quartus
3035 5079 3209 5143 obiit,
3284 5074 3376 5131 cui

3175 5169 3298 5194 ..ιη

1790 5186 1836 5202 AI
