3934 5330
555 206 659 268 799
683 231 692 242 τ

1928 221 2214 284 ΜΔΜΛΝΙ
2255 226 2498 289 SCOTTI

3723 243 3816 299 800

554 318 760 386 clinium
788 327 1133 386 fes-Iivitatcm
1169 331 1220 385 in
1251 347 1442 404 αιιιιιιο
1481 333 1910 400 celebraverunt,
1945 355 2133 409 pacem
2163 349 2208 405 Α
2240 358 2509 402 crameuto
2538 348 3199 419 confirmaveruntdomino
3225 349 3531 422 imperatori
3559 349 3815 409 Henrico.-

552 437 674 477 cum
704 436 769 476 eo
809 419 957 480 fecit.
998 420 1111 477 Hoc
1140 432 1320 479 autem
1377 425 1536 479 modo
1581 427 1947 482 reconciliatio
1991 430 2135 486 inter

550 527 733 587 regem
752 523 807 574 et
833 516 1108 574 dominum
1153 533 1346 586 papam
1379 517 1517 572 facta
1549 531 1649 582 θεῖ,
1697 529 1752 574 c’.
1794 521 1900 576 hoc
1938 532 2020 577 est
2045 521 2133 592 ju-

548 617 852 667 ramcntum
892 607 1034 678 regis
1088 604 1234 678 (179)
1271 623 1283 662 :
1315 608 1423 677 Ego
1495 608 1754 664 Henricus
1823 612 2130 668 rexliberos

543 697 806 758 dimittam
835 695 869 752 4
916 696 994 751 vel
1021 697 1054 751 5
1078 697 1208 766 feria
1235 699 1476 768 proxima
1529 701 1800 756 dominum
1840 719 2032 774 papam
2081 714 2130 760 et

543 790 806 858 episcows
827 799 874 843 et
905 788 1222 852 cardinales,
1255 799 1302 844 et
1333 807 1511 846 omnes
1539 793 1774 862 captivos
1809 805 1856 848 et
1898 795 2124 861 obsides,

541 879 632 948 qui
642 895 737 948 pro
766 895 825 933 eo
855 878 943 934 vel.
969 890 1091 935 cum
1132 896 1190 942 eo
1219 881 1358 948 capti
1389 893 1546 948 sunt,
1574 899 1783 938 securos
1805 885 2025 953 produci
2051 887 2129 958 fa-

539 970 673 1022 ciant
706 968 849 1024 intra
874 978 1052 1039 portas
1081 965 1487 1024 Transtiberino:
1516 971 1760 1036 civitatis,
1791 990 1884 1028 nec
1907 974 2125 1032 ulterius

537 1060 742 1129 capiam
771 1069 861 1116 aut
891 1061 1008 1131 capi
1027 1063 1326 1131 permittam
1355 1079 1440 1116 eos
1462 1063 1618 1133 quiin
1648 1063 1902 1133 fidelitate
1921 1067 2122 1122 domini

487 1217 494 1224 ,
535 1169 686 1223 papa:
725 1151 1002 1208 Paschalis
1053 1164 1397 1225 permanent,
1445 1165 1493 1207 et
1543 1154 1734 1225 papula
1785 1155 2024 1211 Romano
2072 1167 2121 1212 et

540 1241 947 1300 Transtiberinte
998 1254 1044 1300 et
1063 1243 1251 1300 insula:
1299 1245 1521 1300 civitatis
1555 1261 1733 1315 pacem
1772 1257 1820 1301 et
1864 1247 2119 1304 securita-

534 1347 634 1394 tem
653 1337 888 1404 servabo,
911 1347 1018 1393 tam
1043 1354 1133 1406 per
1168 1353 1247 1391 me
1275 1354 1432 1409 quam
1461 1354 1622 1404 meos,
1649 1349 1696 1392 et
1718 1339 1772 1394 in
1797 1343 2034 1407 personis
2068 1351 2117 1398 et

531 1424 587 1484 in
619 1427 788 1491 rebus,
811 1428 900 1498 qui
916 1427 1046 1481 mihi
1059 1443 1237 1496 pacem
1259 1429 1592 1482 servaverint.
1617 1427 1902 1483 Dominum
1924 1447 2116 1501 papam

535 1511 847 1579 Paschalem
882 1516 1109 1586 fideliter
1129 1517 1412 1587 adjuvabo,
1441 1528 1496 1572 ut
1549 1529 1803 1589 papatum
1852 1521 2024 1590 quiete
2065 1531 2114 1576 et

531 1623 711 1660 secure
755 1616 946 1672 teneat,
1001 1607 1318 1677 patrimonia
1370 1617 1415 1661 et
1455 1610 1809 1677 possessiones
1853 1608 2112 1667 Romana:

2237 434 2428 490 Petrus
2488 438 2790 497 Parmensis
2865 444 3154 515 episcopus,
3230 443 3445 501 Centius
3504 445 3817 502 Sabiniensis

2235 531 2529 600 episcopus,
2566 531 2820 590 Robertus
2843 535 3129 592 cardinalis
3158 537 3342 593 Sancti
3369 537 3590 594 Eusebii
3614 581 3631 605 ,
3661 540 3816 595 Bani-

2231 620 2402 690 facius
2433 625 2716 681 cardinalis
2739 623 2922 684 Sancti
2953 627 3124 683 alorci
3141 671 3156 694 ,
3183 629 3502 685 Anastasius
3529 633 3809 687 cardinalis

2232 709 2411 766 Sancti
2457 713 2764 788 Clementis,
2817 717 3098 791 Gregorius
3141 720 3432 776 cardinalis
3493 721 3812 778 Sanctorum

2229 805 2582 869 apostolorum
2611 807 2755 863 Petri
2773 819 2820 864 et
2845 808 3026 878 Pauli,
3053 811 3174 865 item
3201 808 3484 884 Gregorius
3523 814 3812 869 cardinalis

2233 891 2413 948 Sancti
2453 893 2758 969 Grisogoni,
2790 896 3024 956 Joannes
3052 903 3340 959 cardinalis
3375 902 3594 960 Sanctae
3625 904 3811 960 Poten-

2226 985 2419 1051 tianw,
2450 986 2642 1045 Rhisus
2680 992 2970 1049 cardinalis
3010 992 3191 1049 Sancti
3232 994 3529 1063 Laurentii,
3557 997 3811 1054 Rainerts

2224 1078 2509 1134 cardinalis
2571 1080 2883 1138 Sanctorum
2935 1085 3232 1141 Marcellini
3281 1097 3330 1142 et
3380 1086 3552 1152 Petri,
3631 1089 3810 1146 Vitalis

2223 1171 2509 1226 cardinalis
2539 1188 2735 1230 sanctre
2772 1175 3013 1234 Balbina:
3033 1220 3048 1242 ,
3080 1179 3269 1244 Danao
3308 1182 3602 1238 cardinalis
3637 1183 3810 1240 Sancti

2223 1252 2466 1327 Martini,
2519 1261 2847 1322 Theobaldus
2897 1269 3185 1324 cardinalis
3245 1269 3474 1326 Joannis
3529 1283 3577 1327 et
3637 1271 3808 1326 Pulli.

2218 1347 2454 1406 Joannes
2480 1353 2735 1410 diaconus
2764 1353 3199 1414 Sanctia-Maria:
3226 1360 3281 1414 in
3305 1363 3486 1416 schola
3515 1362 3730 1419 Greece.

2278 1438 2558 1499 Paschalis
2574 1446 2621 1516 (l
2632 1447 2664 1501 8
2677 1446 2722 1518 ι)
2736 1449 3025 1526 episcopus,
3039 1467 3215 1507 serrus
3231 1467 3501 1508 servorum
3523 1453 3643 1521 Dei,
3657 1459 3807 1510 caris-

2215 1537 2350 1592 sima
2381 1538 2435 1592 in
2483 1539 2692 1597 Christo
2737 1543 2851 1612 filio
2911 1529 3140 1600 Henrico
3189 1544 3600 1602 Teutonicoruns
3633 1552 3740 1621 regi
3767 1562 3804 1604 et

2215 1644 2307 1696 per
2329 1628 2426 1684 Dei
2471 1633 2641 1701 operis
2689 1635 2918 1705 gratiam
2961 1633 3317 1691 Romanorum
3366 1639 3679 1708 imperatori
3716 1659 3802 1694 au-

529 1700 783 1763 ccciesirc,
821 1715 938 1770 qua:
971 1698 1183 1766 abstuli,
1225 1700 1514 1765 restituam,
1553 1710 1739 1754 cuncta
1765 1718 1882 1772 qua:
1923 1701 2104 1758 habere

2213 1731 2362 1788 gusto
2397 1698 2620 1778 salutem
2649 1698 2709 1779 etv
2729 1727 3066 1796 apostolicam
3112 1727 3543 1785 benedictionem.
3582 1730 3801 1802 Regnum

529 1790 677 1843 debet
708 1806 851 1844 more
873 1799 1257 1846 antecessorum
1282 1807 1513 1845 meorum
1538 1807 1844 1863 recuperare
1865 1803 1911 1846 et
1932 1803 2112 1849 tenere

527 1879 788 1950 adjuvabo
835 1880 968 1934 bona
990 1880 1114 1950 fide,
1162 1891 1207 1936 et
1237 1881 1449 1936 domino
1491 1899 1642 1952 papa:
1690 1881 1938 1937 Paschali
1977 1884 2102 1938 obe.

526 1969 960 2037 dientiam,salvo
987 1971 1182 2026 honore
1206 1972 1349 2042 regni
1379 1981 1426 2026 et
1457 1972 1681 2041 imperii,
1710 1972 1843 2026 sicut
1866 1973 2112 2044 catholici

525 2062 860 2130 imperatores
883 2061 1153 2115 catholicis
1179 2061 1510 2131 pontificibus
1540 2060 1811 2116 Romanis.
1843 2061 1973 2118 "rec
2005 2081 2111 2118 om-

525 2155 612 2207 nia
635 2153 913 2208 observabo
939 2153 1072 2209 bona
1099 2152 1350 2222 ﬁde,siue
1367 2152 1554 2222 fraude
1568 2163 1613 2206 et
1631 2151 2014 2224 maloingeuio.
2040 2155 2114 2208 Et

523 2245 608 2300 isti
629 2254 750 2298 sunt
761 2243 1030 2314 juratores
1043 2261 1105 2299 ea:
1116 2255 1262 2315 parte
1281 2245 1444 2314 ipsius
1459 2244 1592 2314 regis
1618 2257 1635 2296 :
1670 2241 1985 2300 Fredericus
2005 2244 2111 2300 (ἴυ-

523 2337 772 2394 loniensis
796 2339 1245 2410 archiepiscopus,
1295 2337 1632 2394 Gebehardus
1688 2338 1990 2395 Tridentius
2037 2343 2108 2376 ⁸⁸³

520 2433 812 2502 episcopus,
865 2431 1176 2486 But-[tardus
1215 2432 1283 2463 °”
1325 2430 1758 2488 llouasteriensis
1807 2434 2104 2504 episcopus,

519 2521 701 2578 Bruno
723 2522 986 2588 Spirensis
1012 2523 1281 2593 episcopus
1299 2561 1314 2590 ,
1352 2522 1595 2576 Albertus
1622 2523 1992 2588 cancellarius,
2022 2540 2110 2579 co-

517 2632 626 2672 mes
668 2614 1065 2682 Heremannus,
1100 2613 1416 2670 Fredericus
1465 2631 1634 2669 comes
1681 2616 1980 2686 palatinus,
2006 2616 2106 2671 Be-

517 2708 789 2777 reugarius
811 2723 1002 2773 comes,
1025 2707 1335 2777 Bonifacius
1362 2707 1550 2761 martia
1570 2707 1661 2772 ω,
1677 2707 1917 2763 Albertus
1935 2727 2104 2764 comes

516 2797 582 2852 de
606 2796 954 2864 Blandriaco,
983 2784 1294 2851 Fredericus
1322 2811 1490 2852 comes
1509 2835 1524 2864 ,
1556 2795 1874 2868 Godefridus
1909 2814 2100 2866 comes,

517 2888 832 2946 Warnerius
863 2889 1053 2942 martia
1077 2887 1167 2942 6“.

545 3027 554 3032 -
585 2999 843 3055 Dominus
867 2998 1015 3071 (I80)
1040 2967 1179 3069 papa
1202 2997 1479 3054 Paschalis
1496 2997 1599 3054 156
1613 3000 1858 3054 concedet
1888 3001 2101 3056 domino

2215 1821 2440 1864 vestrum
2469 1823 2665 1868 sancta
2696 1814 2950 1870 Romana:
2989 1817 3219 1871 ecclesia:
3246 1818 3591 1889 singulariter
3647 1824 3800 1875 coha-

2214 1914 2324 1956 rere
2355 1903 2625 1974 dispositio
2656 1905 2831 1962 divina
2861 1908 3153 1962 constituit.
3197 1905 3628 1965 Prtedecessores
3658 1914 3801 1966 vestri

2209 1993 2518 2061 probitatem
2542 2011 2659 2048 cum
2681 1996 2971 2065 prudentia:
2995 1998 3267 2062 amplioris
3297 2003 3475 2070 gratia
3508 2019 3574 2056 ac
3609 2002 3799 2056 Roma-

2212 2099 2293 2138 na:
2321 2084 2461 2138 urbis
2491 2103 2738 2140 coronam
2783 2098 2832 2142 et
2879 2089 3154 2160 imperium
3201 2093 3470 2146 consecuti
3531 2103 3676 2148 sunt.
3720 2096 3794 2149 Ad

2210 2175 2359 2245 cujus
2411 2177 2648 2233 videlicet
2692 2196 2902 2236 corona:
2929 2191 2977 2236 et
3035 2182 3241 2252 imperii
3285 2185 3612 2254 dignitatem
3661 2197 3795 2241 tuan

2207 2285 2409 2340 quoque
2435 2287 2728 2340 personam,
2759 2273 2840 2342 ﬁli
2865 2275 3162 2330 carrissime
3202 2275 3453 2339 Henrice,
3509 2295 3607 2347 per
3644 2283 3798 2334 nostri

2209 2360 2487 2414 sacerdotii
2516 2362 2865 2418 ministerium
2897 2365 3145 2436 majestas
3167 2366 3341 2421 divina
3358 2369 3624 2437 provexit.
3653 2369 3794 2424 Illam

2208 2439 2366 2520 igitur
2392 2450 2663 2521 dignitatis
2698 2457 3139 2526 prazrogativam,
3180 2473 3339 2528 quam
3390 2461 3792 2525 prwdecessom

2206 2543 2370 2595 nostri
2419 2543 2601 2598 vestris
2627 2546 3115 2614 pra’decessoribus,
3159 2548 3432 2604 catholicis
3472 2551 3788 2621 imperatori-

2207 2633 2320 2698 bus,
2352 2647 2716 2692 concesserunt
2764 2648 2814 2692 et
2856 2637 3242 2710 privilegiorum
3267 2641 3481 2711 paginis
3513 2645 3786 2713 conﬁrma-

2207 2736 2403 2791 verunt,
2433 2743 2527 2782 nos
2556 2744 2758 2799 quoque
2781 2729 3052 2786 dilectioni
3073 2741 3177 2787 tua:
3207 2734 3572 2802 concedimus,
3596 2748 3644 2790 et
3669 2756 3794 2808 pra-

2203 2819 2363 2873 sentis
2413 2820 2673 2892 privilegii
2706 2823 2900 2893 pagina
2953 2824 3347 2894 conﬁrmamus,
3416 2837 3474 2881 ut
3517 2833 3664 2900 regni
3716 2835 3787 2885 tui

2201 2913 2452 2983 episcopis
2482 2913 2560 2968 vel
2602 2915 2898 2983 abbatibus,
2959 2917 3118 2975 libere
3159 2931 3351 2990 prtvter
3397 2922 3704 2980 violentiam
3747 2939 3786 2981 et

2201 3007 2492 3074 symoniam
2517 3005 2716 3072 elec:is,
2754 3009 3119 3066 iuvestiturant
3145 3012 3300 3083 virgae
3331 3025 3384 3068 et
3404 3018 3603 3072 annuli
3623 3020 3785 3086 confe-

516 3094 624 3163 regi
646 3092 872 3148 Henrico
901 3103 948 3147 et
973 3108 1129 3161 regno
1178 3092 1315 3163 ejus,
1343 3101 1394 3146 et
1429 3091 1699 3162 privilegio
1728 3109 1824 3147 suo
1851 3093 1946 3148 sub
1973 3109 2101 3146 ana-
2129 3088 2172 3147 C
2206 3112 2312 3149 ras.
2347 3094 2472 3151 Post
2500 3099 2878 3155 investitionem
2919 3118 3038 3158 vero
3072 3106 3320 3160 canonice
3345 3112 3783 3164 consecrationem

513 3188 739 3240 themate
786 3183 1120 3252 confirmabit
1181 3195 1228 3238 et
1286 3184 1690 3250 corroborabit,
1729 3186 1969 3256 episcopo
2021 3186 2096 3240 vel

519 3277 706 3332 abbate
730 3277 891 3331 libere
913 3277 1076 3330 electo
1104 3276 1216 3330 sine
1246 3277 1484 3346 syntonia
1519 3293 1736 3331 assensu
1765 3278 1920 3350 regis,
1950 3277 2095 3349 quod

512 3368 757 3422 dominus
794 3383 885 3421 rex
905 3383 1024 3422 eum
1055 3365 1253 3422 annulo
1282 3377 1334 3421 et
1381 3368 1528 3438 virga
1571 3368 1832 3425 investiat.
1879 3369 2097 3441 Episco-

511 3472 612 3529 pus
637 3467 811 3512 autem
837 3457 915 3511 vel
942 3457 1102 3516 abbas
1130 3474 1161 3510 a
1190 3474 1306 3529 rege
1333 3458 1624 3525 investitus,
1671 3459 1830 3517 libere
1873 3445 2094 3531 accipiat

511 3549 952 3605 consecrationem
978 3551 1042 3603 ab
1081 3550 1318 3621 episcopo
1360 3552 1429 3605 ad
1467 3567 1618 3623 quem
1659 3553 1991 3623 pertinuerit.
2035 3550 2096 3606 Si

507 3643 627 3715 quis
651 3658 770 3697 vero
799 3641 988 3698 aclero
1034 3652 1080 3696 et
1111 3641 1303 3712 populo
1343 3642 1598 3714 eligatur,
1641 3645 1744 3698 nisi
1771 3662 1804 3697 a
1845 3661 1962 3716 rege
2009 3644 2095 3698 in-

510 3736 788 3800 vestiatur,
826 3751 860 3788 a
914 3735 1114 3789 nemine
1147 3744 1497 3802 consecretur,
1549 3745 1597 3789 et
1630 3737 2007 3805 archiepiscopi
2045 3743 2093 3789 ct

505 3829 730 3901 episcopi
766 3828 1053 3882 libertatem
1105 3827 1327 3882 habeant
1377 3829 1716 3883 consecrandi
1771 3846 1802 3883 a
1857 3845 1972 3899 rege
2007 3829 2092 3882 iu—

505 3919 733 3983 vestitos.
789 3916 962 3986 Super
1003 3919 1082 3971 his
1130 3917 1288 3984 etiam
1337 3917 1580 3990 dominus
1627 3934 1764 3988 papa
1812 3916 2092 3972 Paschalis

505 4027 607 4064 non
642 4007 944 4079 inquietabit
985 4007 1256 4061 dominum
1288 3991 1464 4077 regem
1498 4005 1811 4072 Henricum,
1844 4023 1936 4088 nec
1979 4009 2092 4077 ejus

503 4100 1093 4174 regnumetimperium.
1130 4099 1380 4154 Dominus
1409 4116 1544 4170 papa
1578 4098 1851 4154 Paschalis
1876 4115 1976 4154 nou
2013 4100 2093 4153 in-

500 4195 750 4256 quietabit
797 4193 1065 4246 dominum
1092 4206 1261 4262 regem
1305 4189 1616 4257 Henricum,
1649 4207 1739 4245 nec
1768 4191 1881 4262 ejus
1930 4195 2092 4260 impc-

501 4288 639 4341 rium
704 4284 779 4340 vel
821 4299 1057 4353 regnum,
1100 4282 1165 4336 de
1207 4282 1512 4336 investitura
1577 4283 1966 4352 episcopatuum
2019 4279 2094 4337 vel

500 4377 862 4440 abbatiarum,
894 4389 1056 4444 neque
1090 4373 1153 4426 de
1182 4373 1381 4442 injuria
1415 4374 1515 4428 sibi
1551 4373 1702 4428 illata
1745 4382 1792 4428 et
1833 4374 1964 4439 suis,
2006 4391 2093 4428 ne-

2197 3189 2421 3258 accipiat
2475 3190 2541 3243 ab
2585 3191 2853 3264 episcopo,
2885 3194 2954 3249 ad
2995 3211 3150 3266 quem
3191 3197 3534 3267 pertinuerit.
3593 3201 3784 3271 Siquis

2195 3291 2367 3334 autem
2391 3298 2422 3334 a
2453 3279 2592 3336 clero
2608 3293 2655 3338 et
2686 3285 2880 3355 populo
2920 3297 3273 3356 pratertuum
3301 3307 3585 3346 assensum
3607 3293 3782 3347 electus

2194 3370 2378 3440 fuerit,
2410 3374 2513 3428 nisi
2553 3393 2588 3429 a
2628 3385 2676 3430 te
2707 3376 3014 3433 investiatur
3041 3377 3061 3444 ',
3110 3397 3142 3433 a
3182 3381 3387 3436 nemine
3437 3396 3780 3440 consecretur.

2196 3461 2337 3518 Sane
2375 3466 2600 3536 episcopi
2632 3465 2708 3522 vel
2733 3469 3112 3541 archiepiscopi
3141 3471 3434 3527 libertatem
3464 3476 3708 3538 habeant,
3749 3494 3781 3530 a

2192 3563 2241 3608 te
2286 3555 2547 3610 investitos
2597 3559 2864 3630 episcopos
2912 3561 2988 3616 vel
3043 3562 3257 3616 abbates
3304 3567 3566 3621 canonice
3616 3585 3782 3622 conse-

2193 3647 2398 3701 crandi.
2425 3646 2844 3706 Prterlecessores
2873 3653 3008 3708 enim
3054 3655 3208 3709 vestri
3233 3655 3486 3711 ecclesias
3517 3659 3660 3729 regni
3701 3661 3784 3712 sui

2194 3739 2354 3809 tantis
2379 3739 2635 3810 regalium
2661 3760 2876 3797 suorum
2915 3743 3179 3814 beneﬁciis
3220 3748 3585 3817 ampliorum,
3633 3762 3686 3804 ut
3713 3769 3786 3804 re-

2193 3845 2352 3900 gnum
2384 3832 2552 3901 ipsum
2588 3835 2944 3904 episcOporum
2977 3836 3201 3891 maxime
3231 3837 3307 3892 vel
3340 3839 3600 3896 abbatum
3647 3860 3782 3912 prcr-

2194 3923 2295 3977 diis
2313 3933 2544 3994 oporteat
2571 3927 2907 3993 communiri,
2944 3937 2993 3982 et
3038 3939 3154 3999 post
3186 3929 3363 4001 plures
3412 3935 3779 4002 dissensiones,

2193 4031 2310 4086 qua:
2376 4015 2711 4071 electionibus
2767 4035 2903 4087 saepe
2969 4021 3312 4093 contingunt,
3403 4027 3572 4096 regali
3638 4046 3784 4098 opor-

2195 4114 2300 4158 teat
2367 4105 2639 4176 majestate
2691 4110 2968 4180 compesci.
3019 4109 3193 4176 Quam
3253 4113 3318 4167 ob
3368 4130 3479 4170 rem
3547 4120 3776 4187 pruden-

2195 4196 2283 4248 tiae
2327 4205 2377 4250 et
2429 4198 2748 4266 potestativa:
2795 4216 2938 4254 curre
2981 4201 3134 4257 debes
3194 4203 3432 4261 solicitus
3495 4210 3780 4274 imminere,

2197 4294 2253 4340 ut
2308 4285 2558 4344 Romana:
2595 4289 2826 4346 ecclesia:
2879 4292 3133 4349 celsitudo
3183 4304 3233 4350 et
3282 4307 3599 4357 ca'terarum
3635 4303 3781 4358 salu

2196 4393 2475 4454 prcestante
2519 4385 2746 4440 Domino
2776 4385 3036 4456 beneficiis
3081 4401 3130 4444 et
3169 4393 3396 4448 servitiis
3426 4405 3775 4452 amemur.

496 4486 600 4540 que
649 4466 864 4537 aliquod
914 4463 1114 4518 malum
1152 4465 1328 4518 reddet
1368 4464 1466 4518 sibi
1517 4463 1593 4520 vel
1642 4464 1805 4519 alicui
1834 4473 2084 4535 ‘persoucv
2114 4480 2162 4540 υ
2189 4472 2371 4545 Siqua
2395 4478 2569 4546 agitur
2592 4475 2946 4533 ecclesiastica
2974 4478 3049 4535 vel
3068 4480 3322 4536 secuturis
3363 4500 3595 4553 persona
3634 4488 3768 4540 hanc

499 4575 595 4629 pro
623 4559 724 4612 hac
753 4572 911 4610 causa
945 4595 961 4621 ,
993 4564 1040 4609 et
1065 4555 1270 4626 penitus
1301 4554 1355 4609 in
1381 4570 1660 4626 personam
1693 4556 1827 4627 regis
1862 4555 2082 4612 IIenrici

500 4664 766 4721 nunquam
790 4647 1068 4702 anathema
1096 4657 1246 4717 ponet
1276 4687 1290 4713 ,
1322 4664 1413 4702 nec
1438 4648 1751 4712 remanebit,
1783 4648 1837 4703 in
1868 4648 2080 4704 domino

498 4759 655 4812 papa,
681 4741 807 4812 quin
834 4749 1040 4794 coronet
1076 4756 1215 4806 eum,
1270 4741 1404 4794 sicut
1437 4742 1492 4795 in
1533 4740 1718 4795 ordine
1762 4743 2077 4810 continetur,

499 4843 545 4888 et
570 4851 784 4906 regnum
819 4844 866 4888 et
893 4833 1166 4903 imperium
1195 4833 1348 4904 officii
1388 4835 1470 4888 sui
1511 4832 1710 4888 auxilio
1744 4849 1861 4888 eum
1906 4845 2080 4890 tenete

496 4923 764 4993 adjuvabit
793 4940 887 4994 pro
932 4940 1081 4993 posse
1119 4939 1236 4988 suo,
1280 4933 1327 4977 et
1356 4923 1466 4978 haec
1497 4923 1803 4995 adimplebit
1832 4925 2076 4980 dominus

492 5020 629 5084 pupa
657 5017 769 5072 sine
795 5014 984 5085 fraude
1008 5025 1053 5070 et
1085 5014 1223 5070 malo
1259 5015 1486 5087 ingenio.
1533 5015 1661 5071 Herc
1709 5027 1830 5072 sunt
1860 5017 2076 5071 nomina

2189 4572 2380 4618 nostra:
2406 4565 2749 4620 concessionis
2772 4567 3017 4637 paginam
3069 4571 3352 4625 temerario
3403 4589 3544 4626 ausu
3571 4591 3775 4643 perver-

2185 4661 2292 4708 tere
2313 4655 2650 4724 temptaverit,
2681 4657 3031 4714 anathematis
3062 4659 3287 4722 vinculo,
3346 4663 3452 4717 nisi
3474 4665 3773 4734 resipuerit,

2183 4744 2495 4812 innodetur,
2542 4748 2755 4803 honoris
2790 4766 2996 4821 quoque
3023 4768 3084 4806 ac
3111 4752 3388 4825 dignitatis
3419 4772 3534 4810 suae
3558 4764 3765 4824 pericu-

2183 4833 2292 4888 lum
2315 4836 2564 4905 patiatur.
2600 4835 2938 4893 Observantes
2971 4849 3146 4894 autem
3191 4842 3558 4897 misericordia
3592 4844 3771 4897 dein:

2186 4927 2464 4992 custodiat,
2489 4937 2538 4982 et
2546 4945 2821 4999 personam
2843 4938 3248 5002 potestatemque
3265 4943 3410 4988 tuam
3432 4935 3504 4988 ad
3526 4935 3770 4990 honorem

2183 5034 2336 5072 suum
2371 5028 2419 5074 et
2446 5018 2665 5090 gloriam
2688 5020 2908 5090 feliciter
2936 5023 3194 5093 imperare
3232 5027 3504 5081 concedat.
