3934 5330
93 372 195 430 805

829 375 1246 438 LANDULFUS
1285 379 1626 438 CLEltICUS
1667 379 2244 442 MEDIOLANENSIS.
2277 379 2661 442 --N01'ITIA.

3272 385 3378 442 806

95 493 147 544 in
188 503 349 560 quam
382 489 484 545 hoc
527 491 863 545 conveniret.
898 491 1054 546 Patet
1105 502 1284 547 tamen
1340 492 1488 546 locus
1545 495 1683 546 inter
1713 498 1756 554 Λ
1788 504 2007 564 possent
2029 536 2044 556 ,
2077 493 2270 552 deinde
2305 511 2333 548 a
2366 494 2644 566 Walperto
2681 495 2998 552 continuam
3046 497 3378 553 narrationis

93 581 412 636 Anselmntn
437 583 528 650 qui
564 597 616 637 a.
648 583 784 636 1100
816 584 1088 639 invenitur
1114 586 1212 657 (5),
1259 594 1313 640 et
1335 585 1572 641 Olricum
1595 587 1685 654 qui

94 690 142 725 a.
181 674 323 727 1110
361 673 568 728 electus
596 682 698 728 est.
739 675 926 745 Neque
965 692 1094 732 vero
1139 677 1276 732 ultra
1313 679 1456 732 hunc
1485 693 1687 731 annum

95 763 427 817 descendere
469 779 788 834 possumus,
838 782 960 821 cum
997 775 1117 836 post
1159 766 1430 823 Heriberti
1458 777 1686 825 mortem

96 853 284 923 (1045)
331 868 451 924 qua:
491 856 573 910 sui
609 856 779 926 ipsius
810 857 1142 926 temporibus
1166 860 1447 914 evenerint
1468 874 1528 914 se
1555 860 1690 914 scri-

100 958 315 1017 pturum
346 962 468 1002 esse
491 949 751 1016 spondeat
781 965 818 1003 ιι
841 991 853 1013 ,
884 949 983 1014 54,
1036 949 1217 1004 multis
1245 961 1557 1020 quassatum
1595 952 1692 1006 tri-

100 1037 466 1093 bulationibus
490 1041 645 1109 quasi
675 1041 788 1110 ipse
812 1056 933 1094 cum
963 1041 1154 1096 ordine
1177 1057 1275 1098 suo
1305 1044 1374 1098 sit
1403 1058 1692 1114 perpessus

96 1133 197 1201 {4).
235 1130 354 1188 Non
389 1142 570 1188 tamen
593 1173 608 1197 ,
655 1143 715 1188 ιιι
740 1133 1029 1200 Arnulfus,
1063 1136 1203 1190 inter
1227 1133 1375 1205 ipsas
1407 1152 1491 1190 res
1515 1143 1692 1206 gestis

96 1225 348 1296 scripsit,
391 1227 640 1296 quamvis
677 1227 873 1282 mirum
906 1227 1122 1282 sitcum
1157 1244 1419 1298 nusquam
1457 1229 1692 1284 mentio-

98 1335 222 1372 nem
250 1317 448 1374 fecisse
474 1334 652 1374 rerum
679 1321 941 1375 memoria
963 1322 1231 1390 pratcipue
1257 1321 1540 1392 dignarum
1570 1337 1691 1392 qum

97 1421 220 1480 post
251 1428 302 1466 a.
330 1411 469 1467 1085
498 1412 843 1478 acciderunt,
875 1422 929 1468 et
956 1428 1171 1469 carmen
1201 1413 1339 1469 libro
1379 1429 1413 1469 ιι
1443 1416 1690 1485 praemis-

99 1520 218 1558 sum
253 1505 395 1560 inter
418 1506 624 1560 medias
651 1505 974 1560 tttrhasillas
994 1507 1254 1577 scriptum
1283 1522 1402 1562 esse
1423 1507 1689 1562 videatur.

97 1597 235 1653 Nam
262 1601 490 1655 comites
525 1600 660 1656 duos
691 1601 927 1672 majores
955 1602 1100 1656 sedis
1133 1601 1508 1657 Ambrosiana:
1535 1607 1693 1658 ober—

98 1702 312 1759 rantes,
340 1708 478 1763 quos
503 1693 574 1748 ibi
602 1702 1026 1760 commemorat,
1063 1693 1415 1750 Gotofredutn
1446 1703 1501 1749 et
1534 1695 1692 1750 Atto-

100 1798 225 1839 uem
257 1800 376 1840 esse
398 1787 693 1856 suspiceris
709 1828 722 1854 ,
767 1788 947 1859 itaque
975 1789 1058 1844 his
1080 1788 1387 1845 viventibus
1407 1803 1532 1845 eum
1556 1789 1694 1844 scri-

1789 587 1988 641 seriem
2036 601 2264 643 exorsus
2311 596 2414 644 est.
2455 588 2860 644 Postremornm
2902 589 3020 659 ipse
3051 589 3206 645 testis
3232 588 3332 644 fuit
3357 627 3374 651 ,

1789 676 1893 731 a’ia
1921 693 1951 730 a
1978 677 2283 734 videntibus
2309 679 2611 749 comperuit
2655 679 2770 752 (7),
2796 695 2859 735 ea
2885 690 3065 736 autem
3101 694 3222 749 qme
3249 687 3379 734 ante

1789 779 1991 822 annum
2041 767 2177 822 1045
2225 769 2576 836 acciderunt,
2635 770 2804 826 multo
2851 771 3050 827 sudore
3098 772 3378 841 multoque

1789 857 2010 925 labore,
2075 860 2328 930 antiquos
2393 861 2719 916 sciscitando
2775 874 2964 916 omnes
3006 875 3069 917 se
3114 859 3384 930 reperisse

1791 950 2016 1014 asserit,
2055 959 2110 1006 et
2137 951 2414 1006 civitatum
2443 951 2608 1007 Italiae
2653 952 2818 1007 totius
2850 950 3111 1007 librorum
3151 951 3384 1023 paginas

1791 1043 2042 1097 rimando
2073 1057 2194 1098 esse
2225 1051 2524 1099 scrutatum
2559 1043 2659 1114 (8).
2710 1043 2786 1098 Ex
2823 1042 2909 1100 bis
2943 1043 3106 1115 igitur
3142 1042 3256 1114 ipse
3297 1041 3380 1098 in-

1791 1133 1968 1200 dicat,
2009 1145 2206 1206 praeter
2236 1135 2577 1206 Scriptttram
2613 1152 2825 1192 sacram
2849 1145 2906 1192 et
2933 1137 3234 1203 Ambrosii,
3266 1135 3379 1193 Au-

1793 1227 2022 1296 gustini,
2061 1226 2308 1298 Gregorii
2360 1226 2536 1299 Magni
2576 1239 2740 1296 opera
2777 1227 3109 1302 theologica,
3147 1242 3377 1300 quorum

1793 1317 1940 1372 locos
1962 1316 2265 1389 largissime
2303 1316 2493 1383 affert,
2521 1317 2730 1372 Paulini
2773 1317 2950 1373 Vitam
2972 1318 3242 1374 Ambrosii
3273 1318 3376 1388 (9),

1791 1409 2036 1479 Gregorii
2077 1409 2384 1480 liegislrum
2410 1409 2522 1481 (l0)
2551 1418 2605 1465 et
2634 1409 2883 1481 Dialogos
2905 1409 3046 1481 (ll),
3077 1411 3272 1469 librum
3304 1411 3380 1468 De

1792 1500 1899 1555 situ
1926 1499 2075 1554 urbis
2105 1500 2386 1556 Mediolani
2421 1517 2543 1557 cum
2569 1500 2707 1556 Vitis
2740 1500 3038 1569 primorum
3065 1503 3378 1573 pontiﬁcum

1794 1593 1941 1663 (12),
1991 1603 2046 1646 et
2089 1593 2400 1649 Pontilicale
2450 1593 2813 1649 Romanorum
2857 1593 3125 1665 GeStaque
3164 1595 3380 1668 Longo-

1791 1687 2080 1744 bardorum
2110 1689 2258 1757 (13);
2291 1689 2384 1745 sed
2411 1689 2478 1744 ad
2517 1689 2631 1744 haec
2670 1688 2884 1760 ablegat
2918 1688 3096 1760 potius
3145 1689 3380 1746 lectores

1793 1798 1954 1853 quatn
1992 1791 2049 1836 ιιι
2080 1783 2194 1852 ipse
2217 1799 2284 1838 ex
2318 1783 2384 1838 iis
2407 1782 2678 1848 hauserit;
2720 1798 2914 1838 versus
2946 1793 3205 1852 prmterea
3235 1782 3383 1840 basi-

97 1878 295 1945 psisse.
329 1877 436 1934 sed
483 1855 548 1934 de
599 1890 790 1936 ιιευιιιο
844 1855 1061 1952 quando
1110 1883 1307 1939 οδίειιει
1354 1894 1692 1955 compertum
1724 1855 1769 1914 Β
1797 1873 1912 1928 lica:
1957 1871 2271 1928 Nazariana:
2310 1882 2366 1928 et
2413 1873 2733 1943 cenotaphio
2763 1872 3055 1928 Frontonis
3097 1863 3385 1942 inscriptos

100 1969 400 2035 habemus,
443 1979 498 2024 et
531 1971 719 2026 eadem
750 1973 982 2042 partium
1032 1973 1208 2028 studia
1245 1989 1340 2048 per
1370 1975 1528 2046 longa
1561 1982 1696 2029 tem-

100 2075 232 2129 pora
263 2060 694 2119 Mediolanenses
720 2064 896 2121 adhuc
932 2065 1242 2121 exercuisse
1267 2105 1282 2132 ,
1334 2081 1400 2121 ex
1442 2065 1695 2122 Landulft

101 2170 132 2207 ει
167 2154 224 2209 S.
263 2154 432 2210 Paulo
461 2155 699 2212 Historia
731 2159 1006 2216 discimus.
1033 2161 1229 2216 Misera
1260 2177 1424 2231 quam
1449 2161 1698 2232 deplorat

103 2248 236 2301 cleri
261 2247 610 2306 Ambrosiani
633 2253 902 2318 conditio,
933 2256 1072 2311 bene
1093 2255 1346 2319 convenit
1366 2255 1698 2325 temporibus

101 2339 389 2397 Grosolani
411 2383 426 2408 ,
457 2344 550 2413 qui
575 2360 668 2415 per
688 2361 740 2401 a.
767 2345 1074 2402 11021112
1095 2349 1278 2404 sedem
1310 2347 1454 2403 illam
1485 2357 1698 2418 pertur-

102 2433 277 2496 bavit,
322 2443 384 2489 ut
413 2437 490 2489 ait
517 2446 709 2492 auctor
742 2437 980 2509 Catalogi
1021 2455 1143 2496 mox
1182 2441 1396 2497 edendi.
1441 2440 1587 2495 Nihil
1641 2440 1694 2494 in

103 2523 353 2579 Landulﬁ
377 2527 550 2582 nostri
581 2541 745 2599 opere
773 2528 970 2600 legitur
995 2531 1138 2602 quod
1166 2547 1274 2586 non
1298 2531 1488 2586 eodem
1512 2532 1696 2587 omnia

104 2624 352 2686 tempore
375 2617 578 2689 scripta
605 2633 724 2675 esse
751 2623 970 2691 probet;
1008 2622 1230 2679 deduxit
1256 2632 1438 2677 autem
1477 2637 1596 2677 eam
1630 2621 1695 2676 ad

103 2723 303 2761 annum
342 2725 516 2780 usque
549 2710 716 2779 1085,
769 2720 946 2782 etut,
999 2714 1100 2782 50,
1162 2715 1240 2770 rei
1292 2715 1536 2770 meminit
1580 2729 1698 2784 qua:

101 2801 602 2857 secundoAnselmi
629 2803 696 2860 IV
713 2821 855 2861 anno
873 2807 1083 2875 evenit,
1114 2807 1151 2862 i.
1177 2821 1227 2862 e.
1254 2806 1392 2864 1099
1422 2807 1505 2863 vel
1535 2807 1693 2863 1100.

104 2891 257 2959 Quod
309 2909 435 2949 cum
481 2904 671 2965 postea
726 2898 998 2955 addidisse
1060 2900 1324 2970 potuerit,
1385 2899 1488 2956 alia
1535 2915 1697 2957 causa

103 2985 452 3056 acccditqua:
469 2986 584 3055 jam
600 2989 666 3044 de
682 2990 843 3046 rebus
871 2991 1003 3046 satis
1017 2993 1241 3048 remotis
1273 3007 1394 3047 eum
1417 2993 1700 3063 scripsisse

101 3075 317 3143 prodat.
350 3076 486 3132 Nam
513 3096 636 3134 cum
664 3091 966 3152 temporum
987 3083 1233 3138 ordinem
1258 3084 1456 3154 ubique
1475 3099 1699 3154 prorsus

103 3167 440 3237 neglexerit,
476 3169 563 3223 vel
594 3170 646 3224 in
677 3171 745 3227 iis
773 3187 895 3242 qua;
933 3172 986 3227 in
1020 3183 1266 3229 extremo
1285 3188 1449 3243 opere
1479 3175 1654 3246 tetigit
1680 3217 1694 3240 ,

104 3259 409 3318 fo:dissitne
433 3263 617 3318 omnia
644 3251 1001 3334 perturbavit.
1044 3266 1340 3324 Tedaldum
1385 3270 1563 3336 enim,
1604 3270 1698 3342 qui

105 3366 154 3403 a.
198 3351 342 3406 1075
367 3353 810 3426 archiepiscopus
847 3357 1025 3413 factus
1053 3369 1133 3413 est
1164 3402 1179 3427 ,
1221 3371 1346 3415 ante
1379 3363 1702 3418 electionem

105 3445 291 3513 pnelio
329 3445 572 3503 adfuisse
603 3459 818 3518 narrat,
867 3467 975 3522 quo
1020 3451 1308 3510 Heinricus
1336 3471 1429 3510 rex
1461 3455 1703 3512 Saxones

105 3537 407 3604 devicerit;
462 3540 516 3594 in
539 3541 728 3597 eodem
759 3553 941 3598 autem
979 3546 1167 3616 prmlio
1197 3547 1488 3602 Rodulfnm
1523 3564 1702 3619 regem

105 3632 347 3684 occisum
397 3643 523 3688 esse
567 3633 753 3690 refert.
804 3635 912 3692 Nec
968 3637 1138 3693 multo
1182 3639 1374 3694 melius
1420 3641 1702 3710 sequentia

105 3724 402 3779 ordinavit.
447 3726 627 3794 Quare
652 3729 782 3784 mihi
810 3731 1028 3800 quidem
1062 3731 1355 3788 verisimile
1395 3748 1515 3788 esse
1557 3733 1706 3788 vide-

111 3829 197 3872 tur
223 3819 554 3875 Landitlintn
586 3838 768 3878 senem
790 3821 901 3891 jam
932 3824 1133 3879 factum
1155 3866 1169 3889 ,
1202 3841 1325 3880 cum
1363 3826 1702 3881 adversario-

108 3929 225 3966 ram
255 3912 425 3968 factio
448 3914 646 3969 dudum
676 3916 1074 3984 praevaluisset,
1116 3917 1281 3972 animi
1329 3918 1705 3990 aegritudinem

107 4005 273 4058 solari
319 4003 559 4060 voluisse
613 4008 949 4078 expositione
1000 4023 1288 4065 causarum
1338 4025 1459 4080 quae
1500 4009 1707 4066 clerum

108 4099 177 4152 de
198 4108 346 4152 statu
379 4113 481 4152 suo
515 4097 843 4167 dejecerant.
884 4102 989 4158 Eas
1013 4103 1160 4159 enim
1190 4105 1464 4160 memoriae
1489 4120 1600 4161 sure
1627 4103 1705 4176 (5)

109 4189 347 4244 ﬁrmiter
397 4189 665 4247 inhaerere
713 4193 822 4260 ait,
879 4208 1023 4250 nunc
1072 4209 1202 4250 vero
1255 4196 1322 4249 ad
1362 4203 1705 4266 posterorum

113 4285 337 4338 tutelam
384 4282 582 4338 litteris
620 4300 740 4341 sese
769 4301 889 4342 esse
928 4287 1396 4358 consignaturum.
1455 4289 1512 4344 ld
1540 4303 1706 4343 unum

111 4376 366 4443 mireris,
395 4377 540 4447 quod
566 4376 693 4433 talia
715 4379 951 4450 dirigere
981 4380 1195 4436 licuerit
1223 4380 1288 4435 ad
1322 4382 1707 4454 archipresby-

114 4477 289 4522 ternm
318 4469 652 4540 praevalente
677 4481 832 4541 parte
848 4471 1124 4542 pontiﬁcia
1147 4474 1396 4529 electum.
1424 4474 1467 4529 N
1490 4475 1707 4530 :minem

1798 1967 1934 2038 (li).
1959 1967 2162 2022 Verum
2196 1977 2392 2037 praeter
2426 1968 2542 2022 hzec
2568 1983 2636 2033 ιι,
2672 1968 2703 2023 8
2725 2007 2740 2033 ,
2767 1974 3160 2022 commemorat
3183 1965 3382 2021 librum

1796 2061 1886 2130 qni
1921 2058 2124 2114 Genuse
2172 2059 2423 2116 inventus
2468 2060 2566 2124 sit,
2607 2059 2836 2113 eundem
2869 2058 2921 2114 ni
2950 2057 3106 2112 fallor
3134 2072 3296 2128 quem
3328 2055 3383 2110 in

1798 2153 1905 2208 line
1929 2152 2132 2223 prologi
2164 2151 2344 2208 verbis
2385 2153 2674 2208 admodum
2705 2152 2951 2208 obscuris
2997 2152 3268 2222 designat.
3301 2149 3383 2206 Ex

1797 2249 1900 2304 hoc
1931 2249 2096 2318 igitur
2124 2251 2261 2305 libro
2293 2249 2630 2303 narrationes
2667 2246 2862 2302 fabulis
2884 2245 3068 2317 plenas
3094 2244 3160 2301 de
3188 2245 3386 2316 priscis

1798 2339 2054 2394 Ecclesia:
2086 2338 2502 2394 Mediolauensis
2540 2337 2701 2403 fatis,
2749 2337 2948 2407 quibus
2991 2335 3163 2404 prima
3205 2334 3388 2404 operis

1796 2448 1923 2504 pars
1990 2431 2189 2488 referta
2239 2440 2353 2496 est,
2412 2431 2623 2485 videtur
2650 2423 2920 2485 hausisse.
2980 2427 3180 2483 Verum
3217 2426 3384 2481 etiam

1796 2525 2037 2595 singulos
2059 2539 2246 2580 earum
2279 2531 2531 2578 auctores
2553 2522 2815 2578 discimus
2842 2537 2906 2578 ex
2933 2518 3384 2592 inscriptionibus

1797 2619 2066 2689 capitum:
2099 2619 2272 2687 ipsum
2295 2615 2641 2670 Ambrosium
2662 2655 2678 2681 ,
2706 2613 2920 2668 Dalium
2940 2654 2956 2677 ,
2984 2610 3382 2673 Constantium,

1802 2711 2178 2776 Benedictum,
2194 2709 2480 2774 Thomam,
2505 2708 2786 2779 episcopos
2806 2703 3253 2762 Mediolanenses.
3277 2700 3386 2756 Sed

1797 2801 1990 2856 harum
2036 2800 2451 2870 inscriptionum
2501 2797 2635 2853 fides
2685 2794 2972 2851 admodum
3023 2792 3108 2848 est
3155 2791 3384 2848 incerta.

1797 2894 2055 2950 Codicum
2114 2908 2252 2965 quos
2307 2891 2553 2947 novimus
2599 2889 2776 2945 nullus
2814 2887 3026 2944 excedit
3077 2901 3201 2942 saec.
3249 2899 3381 2951 xw,

1798 3002 2095 3057 eorumque
2120 2987 2353 3042 maxima
2384 2993 2471 3040 est
2511 2985 2567 3039 in
2605 2981 2775 3038 titulis
2799 2979 3040 3051 capitutn
3075 2976 3384 3034 diversitas.

1800 3083 1848 3138 ls
1883 3099 2042 3154 quem
2084 3081 2150 3136 Β.
2189 3095 2475 3145 vocamus,
2518 3077 2682 3147 capiti
2708 3091 2802 3141 ιιι,
2843 3074 2942 3140 50,
2976 3071 3190 3128 titulum
3216 3083 3390 3142 appo-

1801 3178 1937 3237 suit,
1970 3190 1997 3228 a
2024 3172 2289 3229 l.andulfo
2315 3181 2463 3228 certe
2509 3187 2614 3225 non
2659 3169 2951 3240 scriptum,
2981 3165 3077 3221 sed
3105 3163 3268 3219 etiam
3299 3161 3344 3214 Α
3367 3206 3384 3230 ,

1805 3285 1870 3332 ιι,
1915 3268 2014 3333 50,
2077 3266 2282 3336 praebet
2340 3262 2744 3333 inscriptionem
2799 3273 2962 3329 quam
3007 3273 3038 3312 a
3084 3254 3388 3326 posteriore

1802 3359 1984 3428 aliquo
2022 3357 2322 3428 profectam
2366 3369 2488 3409 esse
2533 3351 2784 3422 equidem
2825 3349 3000 3404 habeo
3045 3359 3386 3416 persuasum.

1801 3447 1922 3502 Jam
1961 3463 2089 3503 vero
2121 3457 2372 3502 auctores
2400 3445 2520 3499 illos
2540 3457 2679 3514 quos
2701 3441 2754 3496 in
2791 3439 2922 3496 solis
2945 3438 3186 3509 capitum
3216 3435 3390 3490 titulis

1803 3540 2072 3610 ascriptos
2135 3539 2470 3604 invenimus,
2534 3549 2727 3608 parum
2785 3531 3080 3588 verisimile
3139 3529 3386 3591 videtur,

1804 3648 2065 3702 nusquam
2084 3647 2114 3684 a
2131 3629 2394 3687 Landulfo
2417 3630 2470 3685 in
2494 3631 2609 3700 ipso
2631 3628 2920 3684 verborum
2942 3631 3195 3680 contextu
3224 3620 3394 3676 fuisse

1803 3734 2257 3783 commemoratos
2283 3754 2355 3766 —
2393 3733 2455 3780 ut
2481 3721 2931 3780 commemoravit
2967 3717 3291 3789 Gregorium
3315 3742 3388 3757 ο·-

1805 3821 1849 3876 si
1881 3831 1988 3874 tam
2025 3819 2319 3889 locupletes
2352 3818 2438 3873 vel
2472 3816 2756 3873 habuisset
2787 3813 2872 3869 vel
2911 3813 3172 3867 ﬁnxisset.
3204 3809 3392 3877 itaque

1807 3911 1861 3966 in
1888 3926 2006 3966 eam
2039 3911 2259 3965 omnino
2286 3909 2487 3964 inclino
2525 3907 2883 3972 sententiam,
2921 3901 3242 3958 Landulfum
3293 3901 3389 3955 ali-

1807 4006 2017 4075 quoties
2046 4004 2263 4075 quidem
2297 4003 2567 4058 indiculos
2589 4001 2856 4071 capitibus
2891 3997 3240 4068 ascripsisse,
3287 4009 3394 4048 eac-

1809 4106 1956 4154 teros
2001 4109 2179 4153 autem
2217 4112 2246 4151 a
2285 4095 2680 4168 posterioribus
2715 4107 2835 4149 esse
2870 4091 3130 4162 adiectos.
3191 4089 3255 4143 Et
3287 4087 3396 4156 pri-

1808 4209 1954 4249 mum
2006 4192 2222 4262 quidem
2261 4192 2404 4260 quol
2433 4205 2481 4246 c.
2512 4206 2560 4251 ι,
2619 4189 2720 4253 11,
2777 4201 2806 4241 a
2851 4185 2912 4238 Β.
2945 4181 3234 4238 Ambrosio
3274 4193 3395 4234 esse

1809 4287 2008 4343 dicitur
2034 4326 2049 4351 ,
2079 4283 2364 4340 manifesto
2391 4282 2684 4338 absurdum
2710 4287 2815 4344 est,
2839 4277 2991 4346 Quod
3021 4292 3078 4342 ι,
3118 4275 3180 4340 4,
3210 4273 3394 4328 Sermo

1809 4376 2107 4433 Constantii
2138 4375 2482 4440 inscribitur,
2510 4381 2692 4428 ortum
2715 4385 2838 4426 esse
2864 4376 3085 4438 apparet
3111 4381 3176 4421 ex
3215 4361 3396 4418 verbis

1811 4473 1964 4528 initio
1987 4487 2035 4527 c.
2060 4471 2094 4527 8
2123 4471 2263 4526 male
2290 4467 2597 4524 intellectis.
2621 4463 2968 4520 Benedictum
2996 4467 3173 4515 autem
3203 4474 3274 4521 ιι,
3306 4454 3394 4522 lii,

111 4562 291 4616 adhuc
315 4569 500 4615 tantas
524 4577 612 4617 res
637 4564 952 4620 scribendas
987 4565 1088 4620 sibi
1118 4568 1412 4637 sumpsisse
1437 4569 1706 4638 queritur,
1737 4582 1785 4641 ι)
1813 4566 1931 4636 ipse
1967 4563 2320 4634 ascripserit,
2369 4578 2491 4617 cum
2543 4559 2633 4615 hic
2677 4558 2730 4614 in
2773 4558 2887 4626 ipsa
2920 4555 3166 4610 oratione
3196 4566 3398 4606 nomen

111 4656 253 4711 unde
280 4653 497 4710 Arnulﬁ
525 4670 660 4725 opus
679 4671 802 4711 eum
833 4657 1056 4713 latuisse
1081 4671 1324 4730 apparet.
1381 4661 1499 4730 Ipse
1526 4671 1708 4715 autem

112 4747 522 4812 reminiscens,
585 4756 642 4801 ut
684 4749 761 4803 ait
810 4749 938 4821 (6);
995 4766 1028 4806 e
1083 4759 1287 4822 quanta
1339 4753 1711 4824 magnitudine

111 4839 444 4908 quantisque
471 4839 769 4894 honoribus
792 4840 970 4896 clerus
990 4843 1294 4908 cecidisset,
1320 4844 1504 4899 sedule
1527 4845 1708 4899 omnia

112 4930 339 4984 contulit
377 4945 502 5000 quae
536 4930 772 5001 priscam
804 4931 921 5002 ejus
949 4933 1410 5006 magnificentiam
1437 4933 1710 4992 illustrare

180 5132 259 5210 (5)
301 5130 432 5210 inde
461 5131 529 5186 ab
559 5147 630 5210 ειζ
635 5131 790 5210 1006.
805 5140 925 5210 post
948 5131 1153 5210 Gothel‘
1155 5135 1339 5210 regum
1363 5134 1538 5210 quia

1813 4660 2048 4723 indicet,
2093 4672 2215 4728 quae
2258 4666 2436 4711 tamen
2467 4653 2634 4708 multo
2665 4657 2786 4723 post
2809 4663 2933 4703 eum
2976 4656 3220 4716 tempore
3251 4658 3399 4698 com-

1813 4753 1990 4824 posita
2041 4757 2144 4805 est.
2196 4748 2386 4819 Capita
2428 4760 2558 4800 vero
2581 4760 2628 4807 r,
2694 4741 2890 4806 1οο14,
2945 4754 3066 4808 qua:
3123 4735 3308 4791 Sermo
3332 4732 3400 4786 Β.

1817 4843 2030 4897 Thamar
2064 4841 2466 4903 inscribuntur,
2533 4834 2878 4890 inveniuntur
2916 4830 3080 4884 etiam
3136 4826 3188 4880 in
3217 4825 3404 4880 codice

1814 4951 1939 4992 szec.
1995 4949 2125 4999 xttt,
2188 4946 2349 5004 quem
2404 4927 2612 4985 Novum
2669 4923 2958 4980 Beroldum
3021 4925 3251 4983 vocant,
3315 4917 3410 4974 sed

1889 5136 1962 5207 (7)
2009 5132 2117 5210 ΡΠ»
2139 5135 2304 5210 ἔθα--
