  <div class='ocr_page' id='page_1' title='image "/cluster/home/n/w/nwhite01/storage/ocr_20150623/147/hvd.32044010574002/409.png"; bbox 0 0 3934 5330; ppageno 0'>
   <div class='ocr_carea' id='block_1_1' title="bbox 619 135 644 191">
    <p class='ocr_par' dir='ltr' id='par_1_1' title="bbox 619 135 644 191">
     <span class='ocr_line' id='line_1_1' title="bbox 619 135 644 191; baseline 0 0"><span class='ocrx_word' id='word_1_1' title='bbox 619 135 644 191; x_wconf 75' lang='grc' dir='ltr'><strong>ι</strong></span> 
     </span>
    </p>
   </div>
   <div class='ocr_carea' id='block_1_2' title="bbox 549 375 651 431">
    <p class='ocr_par' dir='ltr' id='par_1_2' title="bbox 549 375 651 431">
     <span class='ocr_line' id='line_1_2' title="bbox 549 375 651 431; baseline -0.02 0"><span class='ocrx_word' id='word_1_2' title='bbox 549 375 651 431; x_wconf 83' lang='grc'><strong>807</strong></span> 
     </span>
    </p>
   </div>
   <div class='ocr_carea' id='block_1_3' title="bbox 1509 369 3014 433">
    <p class='ocr_par' dir='ltr' id='par_1_3' title="bbox 1509 369 3014 433">
     <span class='ocr_line' id='line_1_3' title="bbox 1509 369 3014 433; baseline 0.001 -6"><span class='ocrx_word' id='word_1_3' title='bbox 1509 369 1922 428; x_wconf 68' lang='lat' dir='ltr'><strong>LANDlTLFUS</strong></span> <span class='ocrx_word' id='word_1_4' title='bbox 1958 370 2300 433; x_wconf 76' lang='lat' dir='ltr'><strong>CLENCUS</strong></span> <span class='ocrx_word' id='word_1_5' title='bbox 2341 371 2914 432; x_wconf 68' lang='lat' dir='ltr'><strong>MEDIOLANENSIS.</strong></span> <span class='ocrx_word' id='word_1_6' title='bbox 3012 427 3014 429; x_wconf 71' lang='grc'><strong>,</strong></span> 
     </span>
    </p>
   </div>
   <div class='ocr_carea' id='block_1_4' title="bbox 3733 367 3830 423">
    <p class='ocr_par' dir='ltr' id='par_1_4' title="bbox 3733 367 3830 423">
     <span class='ocr_line' id='line_1_4' title="bbox 3733 367 3830 423; baseline 0.01 -1"><span class='ocrx_word' id='word_1_7' title='bbox 3733 367 3830 423; x_wconf 68' lang='grc' dir='ltr'><strong>ΜΒ</strong></span> 
     </span>
    </p>
   </div>
   <div class='ocr_carea' id='block_1_5' title="bbox 547 480 3829 563">
    <p class='ocr_par' dir='ltr' id='par_1_5' title="bbox 547 480 3829 563">
     <span class='ocr_line' id='line_1_5' title="bbox 547 480 3829 563; baseline -0.004 -17"><span class='ocrx_word' id='word_1_8' title='bbox 547 489 793 546; x_wconf 82' lang='lat' dir='ltr'><strong>auctoris</strong></span> <span class='ocrx_word' id='word_1_9' title='bbox 859 504 928 544; x_wconf 92' lang='lat' dir='ltr'><strong>no</strong></span> <span class='ocrx_word' id='word_1_10' title='bbox 951 488 1076 545; x_wconf 75' lang='lat' dir='ltr'><strong>uiue</strong></span> <span class='ocrx_word' id='word_1_11' title='bbox 1136 505 1243 544; x_wconf 88' lang='lat' dir='ltr'><strong>non</strong></span> <span class='ocrx_word' id='word_1_12' title='bbox 1300 489 1578 558; x_wconf 86' lang='lat' dir='ltr'><strong>inscripta.</strong></span> <span class='ocrx_word' id='word_1_13' title='bbox 1652 489 1914 545; x_wconf 88' lang='lat' dir='ltr'><strong>Thomam</strong></span> <span class='ocrx_word' id='word_1_14' title='bbox 1962 499 2141 546; x_wconf 85' lang='lat' dir='ltr'><strong>autem</strong></span> <span class='ocrx_word' id='word_1_15' title='bbox 2173 501 2217 556; x_wconf 78' lang='grc' dir='ltr'><strong>Α</strong></span> <span class='ocrx_word' id='word_1_16' title='bbox 2249 492 2327 548; x_wconf 86' lang='lat' dir='ltr'><strong>las</strong></span> <span class='ocrx_word' id='word_1_17' title='bbox 2349 492 2572 548; x_wconf 89' lang='lat' dir='ltr'><strong>minime</strong></span> <span class='ocrx_word' id='word_1_18' title='bbox 2596 494 2891 563; x_wconf 83' lang='lat' dir='ltr'><strong>castigato,</strong></span> <span class='ocrx_word' id='word_1_19' title='bbox 2924 490 3016 562; x_wconf 99' lang='lat' dir='ltr'><strong>qui</strong></span> <span class='ocrx_word' id='word_1_20' title='bbox 3050 489 3102 545; x_wconf 89' lang='lat' dir='ltr'><strong>in</strong></span> <span class='ocrx_word' id='word_1_21' title='bbox 3125 485 3409 544; x_wconf 80' lang='lat' dir='ltr'><strong>codicibus</strong></span> <span class='ocrx_word' id='word_1_22' title='bbox 3440 480 3648 540; x_wconf 75' lang='lat' dir='ltr'><strong>nostris</strong></span> <span class='ocrx_word' id='word_1_23' title='bbox 3669 481 3829 536; x_wconf 80' lang='lat' dir='ltr'><strong>etiam</strong></span> 
     </span>
    </p>
   </div>
   <div class='ocr_carea' id='block_1_6' title="bbox 549 578 2142 651">
    <p class='ocr_par' dir='ltr' id='par_1_6' title="bbox 549 578 2142 651">
     <span class='ocr_line' id='line_1_6' title="bbox 549 578 2142 651; baseline 0.001 -15"><span class='ocrx_word' id='word_1_24' title='bbox 549 581 1023 651; x_wconf 78' lang='lat' dir='ltr'><strong>archiepiscopum</strong></span> <span class='ocrx_word' id='word_1_25' title='bbox 1052 593 1114 633; x_wconf 89' lang='lat' dir='ltr'><strong>ea</strong></span> <span class='ocrx_word' id='word_1_26' title='bbox 1145 578 1388 634; x_wconf 79' lang='lat' dir='ltr'><strong>scribere</strong></span> <span class='ocrx_word' id='word_1_27' title='bbox 1415 579 1636 635; x_wconf 89' lang='lat' dir='ltr'><strong>minime</strong></span> <span class='ocrx_word' id='word_1_28' title='bbox 1667 583 1940 650; x_wconf 79' lang='lat' dir='ltr'><strong>potuisse,</strong></span> <span class='ocrx_word' id='word_1_29' title='bbox 1980 597 2142 638; x_wconf 89' lang='lat' dir='ltr'><strong>nemo</strong></span> 
     </span>
    </p>
   </div>
   <div class='ocr_carea' id='block_1_7' title="bbox 543 671 2140 744">
    <p class='ocr_par' dir='ltr' id='par_1_7' title="bbox 543 671 2140 744">
     <span class='ocr_line' id='line_1_7' title="bbox 543 671 2140 744; baseline 0.001 -17"><span class='ocrx_word' id='word_1_30' title='bbox 543 674 644 744; x_wconf 73' lang='lat' dir='ltr'><strong>qui</strong></span> <span class='ocrx_word' id='word_1_31' title='bbox 677 689 740 729; x_wconf 90' lang='lat' dir='ltr'><strong>ea</strong></span> <span class='ocrx_word' id='word_1_32' title='bbox 773 672 962 742; x_wconf 86' lang='lat' dir='ltr'><strong>legerit</strong></span> <span class='ocrx_word' id='word_1_33' title='bbox 991 671 1251 739; x_wconf 77' lang='lat' dir='ltr'><strong>ambiget.</strong></span> <span class='ocrx_word' id='word_1_34' title='bbox 1303 671 1464 727; x_wconf 89' lang='lat' dir='ltr'><strong>Solus</strong></span> <span class='ocrx_word' id='word_1_35' title='bbox 1506 672 1674 740; x_wconf 90' lang='lat' dir='ltr'><strong>igitur</strong></span> <span class='ocrx_word' id='word_1_36' title='bbox 1709 682 1878 727; x_wconf 86' lang='lat' dir='ltr'><strong>restat</strong></span> <span class='ocrx_word' id='word_1_37' title='bbox 1923 673 2140 736; x_wconf 86' lang='lat' dir='ltr'><strong>Datius,</strong></span> 
     </span>
    </p>
   </div>
   <div class='ocr_carea' id='block_1_8' title="bbox 545 762 2142 836">
    <p class='ocr_par' dir='ltr' id='par_1_8' title="bbox 545 762 2142 836">
     <span class='ocr_line' id='line_1_8' title="bbox 545 762 2142 836; baseline -0.001 -16"><span class='ocrx_word' id='word_1_38' title='bbox 545 767 640 821; x_wconf 74' lang='lat' dir='ltr'><strong>&#39;cui</strong></span> <span class='ocrx_word' id='word_1_39' title='bbox 676 766 851 836; x_wconf 90' lang='lat' dir='ltr'><strong>capita</strong></span> <span class='ocrx_word' id='word_1_40' title='bbox 879 766 933 829; x_wconf 80' lang='grc'><strong>1,</strong></span> <span class='ocrx_word' id='word_1_41' title='bbox 963 763 1032 826; x_wconf 71' lang='lat'><strong>2,</strong></span> <span class='ocrx_word' id='word_1_42' title='bbox 1061 762 1096 816; x_wconf 72' lang='grc'><strong>4</strong></span> <span class='ocrx_word' id='word_1_43' title='bbox 1118 803 1133 828; x_wconf 91' lang='grc'>,</span> <span class='ocrx_word' id='word_1_44' title='bbox 1170 763 1269 828; x_wconf 69' lang='lat' dir='ltr'><strong>i2,</strong></span> <span class='ocrx_word' id='word_1_45' title='bbox 1302 763 1400 826; x_wconf 79' lang='grc'><strong>15.</strong></span> <span class='ocrx_word' id='word_1_46' title='bbox 1455 764 1798 828; x_wconf 89' lang='lat' dir='ltr'><strong>tribuuntur;</strong></span> <span class='ocrx_word' id='word_1_47' title='bbox 1863 773 1919 819; x_wconf 88' lang='lat' dir='ltr'><strong>at</strong></span> <span class='ocrx_word' id='word_1_48' title='bbox 1977 763 2142 828; x_wconf 82' lang='lat' dir='ltr'><strong>falso,</strong></span> 
     </span>
    </p>
   </div>
   <div class='ocr_carea' id='block_1_9' title="bbox 545 853 2144 929">
    <p class='ocr_par' dir='ltr' id='par_1_9' title="bbox 545 853 2144 929">
     <span class='ocr_line' id='line_1_9' title="bbox 545 853 2144 929; baseline 0.001 -21"><span class='ocrx_word' id='word_1_49' title='bbox 545 865 616 909; x_wconf 74' lang='grc' dir='ltr'><strong>ἰιι</strong></span> <span class='ocrx_word' id='word_1_50' title='bbox 663 856 863 910; x_wconf 89' lang='lat' dir='ltr'><strong>dudum</strong></span> <span class='ocrx_word' id='word_1_51' title='bbox 913 855 1282 924; x_wconf 83' lang='lat' dir='ltr'><strong>probaverunt</strong></span> <span class='ocrx_word' id='word_1_52' title='bbox 1330 853 1444 909; x_wconf 78' lang='lat' dir='ltr'><strong>VV.</strong></span> <span class='ocrx_word' id='word_1_53' title='bbox 1497 855 1605 910; x_wconf 92' lang='lat' dir='ltr'><strong>DD.</strong></span> <span class='ocrx_word' id='word_1_54' title='bbox 1651 855 1978 911; x_wconf 80' lang='lat' dir='ltr'><strong>Muratorius</strong></span> <span class='ocrx_word' id='word_1_55' title='bbox 2033 855 2144 929; x_wconf 79' lang='lat' dir='ltr'><strong>(l5)</strong></span> 
     </span>
    </p>
   </div>
   <div class='ocr_carea' id='block_1_10' title="bbox 555 943 2147 1016">
    <p class='ocr_par' dir='ltr' id='par_1_10' title="bbox 555 943 2147 1016">
     <span class='ocr_line' id='line_1_10' title="bbox 555 943 2147 1016; baseline 0.001 -16"><span class='ocrx_word' id='word_1_56' title='bbox 555 956 612 1000; x_wconf 84' lang='lat' dir='ltr'><strong>et</strong></span> <span class='ocrx_word' id='word_1_57' title='bbox 656 945 951 1016; x_wconf 81' lang='lat' dir='ltr'><strong>Fumagalli</strong></span> <span class='ocrx_word' id='word_1_58' title='bbox 1002 943 1135 1016; x_wconf 80' lang='lat' dir='ltr'><strong>(l6).</strong></span> <span class='ocrx_word' id='word_1_59' title='bbox 1199 944 1343 1000; x_wconf 82' lang='lat' dir='ltr'><strong>Dalii</strong></span> <span class='ocrx_word' id='word_1_60' title='bbox 1386 945 1686 1000; x_wconf 79' lang='lat' dir='ltr'><strong>Landulfus</strong></span> <span class='ocrx_word' id='word_1_61' title='bbox 1721 947 2001 1012; x_wconf 88' lang='lat' dir='ltr'><strong>meminit,</strong></span> <span class='ocrx_word' id='word_1_62' title='bbox 2050 947 2147 1002; x_wconf 82' lang='lat' dir='ltr'><strong>sed</strong></span> 
     </span>
    </p>
   </div>
   <div class='ocr_carea' id='block_1_11' title="bbox 555 1037 2148 1111">
    <p class='ocr_par' dir='ltr' id='par_1_11' title="bbox 555 1037 2148 1111">
     <span class='ocr_line' id='line_1_11' title="bbox 555 1037 2148 1111; baseline -0.003 -15"><span class='ocrx_word' id='word_1_63' title='bbox 555 1056 625 1096; x_wconf 86' lang='lat' dir='ltr'><strong>ne</strong></span> <span class='ocrx_word' id='word_1_64' title='bbox 655 1042 880 1094; x_wconf 80' lang='lat' dir='ltr'><strong>verbum</strong></span> <span class='ocrx_word' id='word_1_65' title='bbox 908 1039 1126 1108; x_wconf 87' lang='lat' dir='ltr'><strong>quidem</strong></span> <span class='ocrx_word' id='word_1_66' title='bbox 1159 1038 1226 1093; x_wconf 93' lang='lat' dir='ltr'><strong>de</strong></span> <span class='ocrx_word' id='word_1_67' title='bbox 1260 1038 1478 1109; x_wconf 84' lang='lat' dir='ltr'><strong>scriptis</strong></span> <span class='ocrx_word' id='word_1_68' title='bbox 1499 1040 1619 1108; x_wconf 92' lang='lat' dir='ltr'><strong>ejus</strong></span> <span class='ocrx_word' id='word_1_69' title='bbox 1658 1039 2018 1111; x_wconf 76' lang='lat' dir='ltr'><strong>prol‘crt(l7).</strong></span> <span class='ocrx_word' id='word_1_70' title='bbox 2043 1037 2148 1092; x_wconf 86' lang='lat' dir='ltr'><strong>lta-</strong></span> 
     </span>
    </p>
   </div>
   <div class='ocr_carea' id='block_1_12' title="bbox 544 1129 2146 1202">
    <p class='ocr_par' dir='ltr' id='par_1_12' title="bbox 544 1129 2146 1202">
     <span class='ocr_line' id='line_1_12' title="bbox 544 1129 2146 1202; baseline -0.001 -16"><span class='ocrx_word' id='word_1_71' title='bbox 544 1148 662 1202; x_wconf 82' lang='lat' dir='ltr'><strong>que</strong></span> <span class='ocrx_word' id='word_1_72' title='bbox 685 1131 828 1188; x_wconf 88' lang='lat' dir='ltr'><strong>nulla</strong></span> <span class='ocrx_word' id='word_1_73' title='bbox 857 1129 977 1200; x_wconf 84' lang='lat' dir='ltr'><strong>ejus</strong></span> <span class='ocrx_word' id='word_1_74' title='bbox 999 1129 1158 1201; x_wconf 86' lang='lat' dir='ltr'><strong>culpa</strong></span> <span class='ocrx_word' id='word_1_75' title='bbox 1194 1131 1441 1185; x_wconf 81' lang='lat' dir='ltr'><strong>evenisse</strong></span> <span class='ocrx_word' id='word_1_76' title='bbox 1473 1132 1710 1186; x_wconf 78' lang='lat' dir='ltr'><strong>arbitror</strong></span> <span class='ocrx_word' id='word_1_77' title='bbox 1761 1140 1818 1185; x_wconf 91' lang='lat' dir='ltr'><strong>ut</strong></span> <span class='ocrx_word' id='word_1_78' title='bbox 1844 1147 1948 1185; x_wconf 89' lang='lat' dir='ltr'><strong>non</strong></span> <span class='ocrx_word' id='word_1_79' title='bbox 1973 1131 2146 1185; x_wconf 89' lang='lat' dir='ltr'><strong>solum</strong></span> 
     </span>
    </p>
   </div>
   <div class='ocr_carea' id='block_1_13' title="bbox 556 1221 2148 1293">
    <p class='ocr_par' dir='ltr' id='par_1_13' title="bbox 556 1221 2148 1293">
     <span class='ocr_line' id='line_1_13' title="bbox 556 1221 2148 1293; baseline -0.001 -15"><span class='ocrx_word' id='word_1_80' title='bbox 556 1224 646 1279; x_wconf 90' lang='lat' dir='ltr'><strong>illa</strong></span> <span class='ocrx_word' id='word_1_81' title='bbox 667 1223 866 1293; x_wconf 84' lang='lat' dir='ltr'><strong>capita,</strong></span> <span class='ocrx_word' id='word_1_82' title='bbox 894 1221 989 1277; x_wconf 90' lang='lat' dir='ltr'><strong>sed</strong></span> <span class='ocrx_word' id='word_1_83' title='bbox 1013 1229 1183 1276; x_wconf 92' lang='lat' dir='ltr'><strong>totum</strong></span> <span class='ocrx_word' id='word_1_84' title='bbox 1207 1236 1340 1292; x_wconf 90' lang='lat' dir='ltr'><strong>opus</strong></span> <span class='ocrx_word' id='word_1_85' title='bbox 1365 1221 1502 1276; x_wconf 90' lang='lat' dir='ltr'><strong>miro</strong></span> <span class='ocrx_word' id='word_1_86' title='bbox 1516 1223 1749 1292; x_wconf 90' lang='lat' dir='ltr'><strong>quodam</strong></span> <span class='ocrx_word' id='word_1_87' title='bbox 1773 1237 1961 1277; x_wconf 88' lang='lat' dir='ltr'><strong>errore</strong></span> <span class='ocrx_word' id='word_1_88' title='bbox 1995 1222 2148 1278; x_wconf 75' lang='lat' dir='ltr'><strong>Dstio</strong></span> 
     </span>
    </p>
   </div>
   <div class='ocr_carea' id='block_1_14' title="bbox 544 1313 2143 1371">
    <p class='ocr_par' dir='ltr' id='par_1_14' title="bbox 544 1313 2143 1371">
     <span class='ocr_line' id='line_1_14' title="bbox 544 1313 2143 1371; baseline -0.001 -1"><span class='ocrx_word' id='word_1_89' title='bbox 544 1316 645 1371; x_wconf 87' lang='lat' dir='ltr'><strong>.isti</strong></span> <span class='ocrx_word' id='word_1_90' title='bbox 675 1316 1065 1370; x_wconf 87' lang='lat' dir='ltr'><strong>tribuerentur.</strong></span> <span class='ocrx_word' id='word_1_91' title='bbox 1097 1313 1282 1368; x_wconf 88' lang='lat' dir='ltr'><strong>Codici</strong></span> <span class='ocrx_word' id='word_1_92' title='bbox 1332 1313 1399 1368; x_wconf 82' lang='grc' dir='ltr'><em>Β.</em></span> <span class='ocrx_word' id='word_1_93' title='bbox 1445 1315 1770 1369; x_wconf 83' lang='lat' dir='ltr'><strong>Franciscus</strong></span> <span class='ocrx_word' id='word_1_94' title='bbox 1798 1313 2064 1370; x_wconf 82' lang='lat' dir='ltr'><strong>Castellus</strong></span> <span class='ocrx_word' id='word_1_95' title='bbox 2092 1330 2143 1368; x_wconf 88' lang='lat' dir='ltr'><strong>a.</strong></span> 
     </span>
    </p>
   </div>
   <div class='ocr_carea' id='block_1_15' title="bbox 541 1406 2148 1481">
    <p class='ocr_par' dir='ltr' id='par_1_15' title="bbox 541 1406 2148 1481">
     <span class='ocr_line' id='line_1_15' title="bbox 541 1406 2148 1481; baseline -0.005 -14"><span class='ocrx_word' id='word_1_96' title='bbox 541 1411 694 1467; x_wconf 71' lang='grc'><strong>’1574</strong></span> <span class='ocrx_word' id='word_1_97' title='bbox 729 1410 1041 1481; x_wconf 87' lang='lat' dir='ltr'><strong>inscripsit:</strong></span> <span class='ocrx_word' id='word_1_98' title='bbox 1081 1407 1342 1463; x_wconf 82' lang='lat' dir='ltr'><strong>Chronica</strong></span> <span class='ocrx_word' id='word_1_99' title='bbox 1371 1407 1508 1462; x_wconf 80' lang='lat' dir='ltr'><strong>Datii</strong></span> <span class='ocrx_word' id='word_1_100' title='bbox 1535 1407 1912 1478; x_wconf 71' lang='lat' dir='ltr'><strong>archiepiscopi</strong></span> <span class='ocrx_word' id='word_1_101' title='bbox 1943 1406 2148 1461; x_wconf 75' lang='lat' dir='ltr'><strong>Medio-</strong></span> 
     </span>
    </p>
   </div>
   <div class='ocr_carea' id='block_1_16' title="bbox 539 1500 2144 1578">
    <p class='ocr_par' dir='ltr' id='par_1_16' title="bbox 539 1500 2144 1578">
     <span class='ocr_line' id='line_1_16' title="bbox 539 1500 2144 1578; baseline -0.004 -17"><span class='ocrx_word' id='word_1_102' title='bbox 539 1506 666 1561; x_wconf 63' lang='lat' dir='ltr'><strong>‘lom‘</strong></span> <span class='ocrx_word' id='word_1_103' title='bbox 694 1516 996 1578; x_wconf 78' lang='lat' dir='ltr'><strong>nuncupata</strong></span> <span class='ocrx_word' id='word_1_104' title='bbox 1023 1506 1136 1573; x_wconf 78' lang='lat' dir='ltr'><strong>(i8)</strong></span> <span class='ocrx_word' id='word_1_105' title='bbox 1159 1545 1172 1569; x_wconf 95' lang='lat'><strong>,</strong></span> <span class='ocrx_word' id='word_1_106' title='bbox 1202 1513 1255 1558; x_wconf 88' lang='lat' dir='ltr'><strong>et</strong></span> <span class='ocrx_word' id='word_1_107' title='bbox 1287 1511 1433 1558; x_wconf 87' lang='lat' dir='ltr'><strong>recte</strong></span> <span class='ocrx_word' id='word_1_108' title='bbox 1464 1503 1716 1574; x_wconf 87' lang='lat' dir='ltr'><strong>quidem,</strong></span> <span class='ocrx_word' id='word_1_109' title='bbox 1747 1519 1868 1556; x_wconf 90' lang='lat' dir='ltr'><strong>cum</strong></span> <span class='ocrx_word' id='word_1_110' title='bbox 1893 1517 2012 1556; x_wconf 87' lang='lat' dir='ltr'><strong>eam</strong></span> <span class='ocrx_word' id='word_1_111' title='bbox 2032 1500 2144 1570; x_wconf 88' lang='lat' dir='ltr'><strong>jam</strong></span> 
     </span>
    </p>
   </div>
   <div class='ocr_carea' id='block_1_17' title="bbox 555 1594 2146 1656">
    <p class='ocr_par' dir='ltr' id='par_1_17' title="bbox 555 1594 2146 1656">
     <span class='ocr_line' id='line_1_17' title="bbox 555 1594 2146 1656; baseline -0.004 -1"><span class='ocrx_word' id='word_1_112' title='bbox 555 1601 718 1656; x_wconf 88' lang='lat' dir='ltr'><strong>initio</strong></span> <span class='ocrx_word' id='word_1_113' title='bbox 745 1614 874 1653; x_wconf 70' lang='lat' dir='ltr'><strong>saec.</strong></span> <span class='ocrx_word' id='word_1_114' title='bbox 905 1613 993 1651; x_wconf 76' lang='lat' dir='ltr'><strong>xw</strong></span> <span class='ocrx_word' id='word_1_115' title='bbox 1020 1597 1121 1650; x_wconf 87' lang='lat' dir='ltr'><strong>hoc</strong></span> <span class='ocrx_word' id='word_1_116' title='bbox 1155 1595 1370 1649; x_wconf 89' lang='lat' dir='ltr'><strong>nomine</strong></span> <span class='ocrx_word' id='word_1_117' title='bbox 1404 1595 1692 1649; x_wconf 87' lang='lat' dir='ltr'><strong>vocitatam</strong></span> <span class='ocrx_word' id='word_1_118' title='bbox 1713 1594 1878 1649; x_wconf 88' lang='lat' dir='ltr'><strong>fuisse</strong></span> <span class='ocrx_word' id='word_1_119' title='bbox 1912 1601 2146 1649; x_wconf 85' lang='lat' dir='ltr'><strong>constet.</strong></span> 
     </span>
    </p>
   </div>
   <div class='ocr_carea' id='block_1_18' title="bbox 540 1688 2147 1748">
    <p class='ocr_par' dir='ltr' id='par_1_18' title="bbox 540 1688 2147 1748">
     <span class='ocr_line' id='line_1_18' title="bbox 540 1688 2147 1748; baseline -0.004 0"><span class='ocrx_word' id='word_1_120' title='bbox 540 1693 694 1748; x_wconf 71' lang='lat' dir='ltr'><strong>Nam</strong></span> <span class='ocrx_word' id='word_1_121' title='bbox 740 1689 1050 1747; x_wconf 81' lang='lat' dir='ltr'><strong>Galvaneus</strong></span> <span class='ocrx_word' id='word_1_122' title='bbox 1077 1691 1144 1745; x_wconf 90' lang='lat' dir='ltr'><strong>de</strong></span> <span class='ocrx_word' id='word_1_123' title='bbox 1173 1688 1221 1742; x_wconf 89' lang='lat' dir='ltr'><strong>la</strong></span> <span class='ocrx_word' id='word_1_124' title='bbox 1267 1688 1509 1742; x_wconf 81' lang='lat' dir='ltr'><strong>Flamma</strong></span> <span class='ocrx_word' id='word_1_125' title='bbox 1555 1688 1696 1742; x_wconf 90' lang='lat' dir='ltr'><strong>inter</strong></span> <span class='ocrx_word' id='word_1_126' title='bbox 1729 1696 1981 1742; x_wconf 81' lang='lat' dir='ltr'><strong>auctores</strong></span> <span class='ocrx_word' id='word_1_127' title='bbox 2016 1701 2147 1742; x_wconf 88' lang='lat' dir='ltr'><strong>suos</strong></span> 
     </span>
    </p>
   </div>
   <div class='ocr_carea' id='block_1_19' title="bbox 556 1776 2144 1862">
    <p class='ocr_par' dir='ltr' id='par_1_19' title="bbox 556 1776 2144 1862">
     <span class='ocr_line' id='line_1_19' title="bbox 556 1776 2144 1862; baseline -0.006 -23"><span class='ocrx_word' id='word_1_128' title='bbox 556 1785 814 1862; x_wconf 83' lang='lat' dir='ltr'><strong>nominat_</strong></span> <span class='ocrx_word' id='word_1_129' title='bbox 866 1782 1088 1836; x_wconf 72' lang='lat' dir='ltr'><strong>Datiutn‘</strong></span> <span class='ocrx_word' id='word_1_130' title='bbox 1131 1787 1186 1834; x_wconf 91' lang='lat' dir='ltr'><strong>et</strong></span> <span class='ocrx_word' id='word_1_131' title='bbox 1232 1778 1571 1849; x_wconf 81' lang='lat' dir='ltr'><strong>Antulphum</strong></span> <span class='ocrx_word' id='word_1_132' title='bbox 1630 1777 1777 1848; x_wconf 80' lang='lat' dir='ltr'><strong>(i9),</strong></span> <span class='ocrx_word' id='word_1_133' title='bbox 1825 1787 1883 1832; x_wconf 89' lang='lat' dir='ltr'><strong>et</strong></span> <span class='ocrx_word' id='word_1_134' title='bbox 1931 1776 2144 1831; x_wconf 88' lang='lat' dir='ltr'><strong>Datium</strong></span> 
     </span>
    </p>
   </div>
   <div class='ocr_carea' id='block_1_20' title="bbox 2247 578 3828 654">
    <p class='ocr_par' dir='ltr' id='par_1_20' title="bbox 2247 578 3828 654">
     <span class='ocr_line' id='line_1_20' title="bbox 2247 578 3828 654; baseline -0.006 -18"><span class='ocrx_word' id='word_1_135' title='bbox 2247 582 2419 638; x_wconf 90' lang='lat' dir='ltr'><strong>multo</strong></span> <span class='ocrx_word' id='word_1_136' title='bbox 2449 583 2622 654; x_wconf 85' lang='lat' dir='ltr'><strong>magis</strong></span> <span class='ocrx_word' id='word_1_137' title='bbox 2651 583 2978 653; x_wconf 84' lang='lat' dir='ltr'><strong>depravatus</strong></span> <span class='ocrx_word' id='word_1_138' title='bbox 3021 588 3122 638; x_wconf 85' lang='lat' dir='ltr'><strong>est.</strong></span> <span class='ocrx_word' id='word_1_139' title='bbox 3153 579 3192 634; x_wconf 91' lang='lat' dir='ltr'><strong>Ii</strong></span> <span class='ocrx_word' id='word_1_140' title='bbox 3223 578 3369 635; x_wconf 85' lang='lat' dir='ltr'><strong>enim</strong></span> <span class='ocrx_word' id='word_1_141' title='bbox 3413 581 3666 632; x_wconf 81' lang='lat' dir='ltr'><strong>recentes</strong></span> <span class='ocrx_word' id='word_1_142' title='bbox 3687 581 3828 637; x_wconf 83' lang='lat' dir='ltr'><strong>sunt,</strong></span> 
     </span>
    </p>
   </div>
   <div class='ocr_carea' id='block_1_21' title="bbox 2247 665 3832 741">
    <p class='ocr_par' dir='ltr' id='par_1_21' title="bbox 2247 665 3832 741">
     <span class='ocr_line' id='line_1_21' title="bbox 2247 665 3832 741; baseline -0.006 -11"><span class='ocrx_word' id='word_1_143' title='bbox 2247 687 2304 730; x_wconf 89' lang='lat' dir='ltr'><strong>et</strong></span> <span class='ocrx_word' id='word_1_144' title='bbox 2331 688 2397 730; x_wconf 86' lang='lat' dir='ltr'><strong>ex</strong></span> <span class='ocrx_word' id='word_1_145' title='bbox 2424 690 2530 730; x_wconf 90' lang='lat' dir='ltr'><strong>uno</strong></span> <span class='ocrx_word' id='word_1_146' title='bbox 2551 690 2742 730; x_wconf 87' lang='lat' dir='ltr'><strong>omnes</strong></span> <span class='ocrx_word' id='word_1_147' title='bbox 2771 673 3046 730; x_wconf 82' lang='lat' dir='ltr'><strong>ﬂuxerunt</strong></span> <span class='ocrx_word' id='word_1_148' title='bbox 3066 714 3081 740; x_wconf 89' lang='lat'><strong>,</strong></span> <span class='ocrx_word' id='word_1_149' title='bbox 3118 671 3234 741; x_wconf 87' lang='lat' dir='ltr'><strong>jam</strong></span> <span class='ocrx_word' id='word_1_150' title='bbox 3266 668 3460 726; x_wconf 89' lang='lat' dir='ltr'><strong>mutilo</strong></span> <span class='ocrx_word' id='word_1_151' title='bbox 3484 709 3504 735; x_wconf 93' lang='lat'><strong>,</strong></span> <span class='ocrx_word' id='word_1_152' title='bbox 3536 682 3662 723; x_wconf 84' lang='lat' dir='ltr'><strong>nam</strong></span> <span class='ocrx_word' id='word_1_153' title='bbox 3691 665 3832 721; x_wconf 87' lang='lat' dir='ltr'><strong>lacu-</strong></span> 
     </span>
    </p>
   </div>
   <div class='ocr_carea' id='block_1_22' title="bbox 2248 761 3832 838">
    <p class='ocr_par' dir='ltr' id='par_1_22' title="bbox 2248 761 3832 838">
     <span class='ocr_line' id='line_1_22' title="bbox 2248 761 3832 838; baseline -0.006 -16"><span class='ocrx_word' id='word_1_154' title='bbox 2248 781 2334 822; x_wconf 74' lang='lat' dir='ltr'><strong>nte</strong></span> <span class='ocrx_word' id='word_1_155' title='bbox 2354 775 2720 822; x_wconf 86' lang='lat' dir='ltr'><strong>extremorum</strong></span> <span class='ocrx_word' id='word_1_156' title='bbox 2749 767 2988 838; x_wconf 86' lang='lat' dir='ltr'><strong>capitum</strong></span> <span class='ocrx_word' id='word_1_157' title='bbox 3009 765 3262 822; x_wconf 83' lang='lat' dir='ltr'><strong>omnibus</strong></span> <span class='ocrx_word' id='word_1_158' title='bbox 3285 777 3414 834; x_wconf 68' lang='lat' dir='ltr'><strong>qua:</strong></span> <span class='ocrx_word' id='word_1_159' title='bbox 3443 761 3701 818; x_wconf 84' lang='lat' dir='ltr'><strong>novimus</strong></span> <span class='ocrx_word' id='word_1_160' title='bbox 3729 773 3832 814; x_wconf 71' lang='grc' dir='ltr'><strong>ιιιι⁴</strong></span> 
     </span>
    </p>
   </div>
   <div class='ocr_carea' id='block_1_23' title="bbox 2249 842 3828 924">
    <p class='ocr_par' dir='ltr' id='par_1_23' title="bbox 2249 842 3828 924">
     <span class='ocr_line' id='line_1_23' title="bbox 2249 842 3828 924; baseline -0.006 -16"><span class='ocrx_word' id='word_1_161' title='bbox 2249 853 2546 924; x_wconf 79' lang='lat' dir='ltr'><strong>nuscriptis</strong></span> <span class='ocrx_word' id='word_1_162' title='bbox 2574 862 2701 910; x_wconf 84' lang='lat' dir='ltr'><strong>sunt</strong></span> <span class='ocrx_word' id='word_1_163' title='bbox 2725 867 3060 910; x_wconf 86' lang='lat' dir='ltr'><strong>communes.</strong></span> <span class='ocrx_word' id='word_1_164' title='bbox 3091 849 3276 922; x_wconf 82' lang='lat' dir='ltr'><strong>Neque</strong></span> <span class='ocrx_word' id='word_1_165' title='bbox 3310 863 3379 904; x_wconf 76' lang='lat' dir='ltr'><strong>ex</strong></span> <span class='ocrx_word' id='word_1_166' title='bbox 3405 845 3668 904; x_wconf 79' lang='lat' dir='ltr'><strong>Galvanei</strong></span> <span class='ocrx_word' id='word_1_167' title='bbox 3695 842 3761 899; x_wconf 80' lang='lat' dir='ltr'><strong>de</strong></span> <span class='ocrx_word' id='word_1_168' title='bbox 3785 845 3828 898; x_wconf 80' lang='lat' dir='ltr'><strong>ia</strong></span> 
     </span>
    </p>
   </div>
   <div class='ocr_carea' id='block_1_24' title="bbox 2235 937 3831 1014">
    <p class='ocr_par' dir='ltr' id='par_1_24' title="bbox 2235 937 3831 1014">
     <span class='ocr_line' id='line_1_24' title="bbox 2235 937 3831 1014; baseline -0.006 -14"><span class='ocrx_word' id='word_1_169' title='bbox 2235 945 2492 1000; x_wconf 62' lang='lat' dir='ltr'><strong>Flamma</strong></span> <span class='ocrx_word' id='word_1_170' title='bbox 2517 945 2700 1002; x_wconf 83' lang='lat' dir='ltr'><strong>verbis</strong></span> <span class='ocrx_word' id='word_1_171' title='bbox 2739 959 2865 1001; x_wconf 90' lang='lat' dir='ltr'><strong>eum</strong></span> <span class='ocrx_word' id='word_1_172' title='bbox 2895 945 3188 1001; x_wconf 85' lang='lat' dir='ltr'><strong>emendare</strong></span> <span class='ocrx_word' id='word_1_173' title='bbox 3227 955 3519 1014; x_wconf 80' lang='lat' dir='ltr'><strong>possumus</strong></span> <span class='ocrx_word' id='word_1_174' title='bbox 3543 979 3560 1004; x_wconf 90' lang='lat'><strong>,</strong></span> <span class='ocrx_word' id='word_1_175' title='bbox 3605 953 3767 1007; x_wconf 77' lang='lat' dir='ltr'><strong>quam</strong></span> <span class='ocrx_word' id='word_1_176' title='bbox 3792 937 3831 991; x_wconf 82' lang='lat' dir='ltr'><strong>is</strong></span> 
     </span>
    </p>
   </div>
   <div class='ocr_carea' id='block_1_25' title="bbox 2250 1029 3829 1097">
    <p class='ocr_par' dir='ltr' id='par_1_25' title="bbox 2250 1029 3829 1097">
     <span class='ocr_line' id='line_1_25' title="bbox 2250 1029 3829 1097; baseline -0.004 -4"><span class='ocrx_word' id='word_1_177' title='bbox 2250 1040 2413 1093; x_wconf 85' lang='lat' dir='ltr'><strong>verba</strong></span> <span class='ocrx_word' id='word_1_178' title='bbox 2443 1038 2690 1097; x_wconf 84' lang='lat' dir='ltr'><strong>Landulli</strong></span> <span class='ocrx_word' id='word_1_179' title='bbox 2721 1053 2846 1097; x_wconf 88' lang='lat' dir='ltr'><strong>raro</strong></span> <span class='ocrx_word' id='word_1_180' title='bbox 2868 1047 3074 1094; x_wconf 89' lang='lat' dir='ltr'><strong>tantum</strong></span> <span class='ocrx_word' id='word_1_181' title='bbox 3107 1035 3432 1093; x_wconf 76' lang='lat' dir='ltr'><strong>servaverit.</strong></span> <span class='ocrx_word' id='word_1_182' title='bbox 3454 1029 3829 1094; x_wconf 71' lang='lat' dir='ltr'><strong>Vitchi-iaidi,</strong></span> 
     </span>
    </p>
   </div>
   <div class='ocr_carea' id='block_1_26' title="bbox 2248 1125 3829 1203">
    <p class='ocr_par' dir='ltr' id='par_1_26' title="bbox 2248 1125 3829 1203">
     <span class='ocr_line' id='line_1_26' title="bbox 2248 1125 3829 1203; baseline -0.006 -16"><span class='ocrx_word' id='word_1_183' title='bbox 2248 1131 2405 1200; x_wconf 85' lang='lat' dir='ltr'><strong>cujus</strong></span> <span class='ocrx_word' id='word_1_184' title='bbox 2433 1141 2624 1188; x_wconf 88' lang='lat' dir='ltr'><strong>auctor</strong></span> <span class='ocrx_word' id='word_1_185' title='bbox 2643 1131 2820 1203; x_wconf 87' lang='lat' dir='ltr'><strong>aliqua</strong></span> <span class='ocrx_word' id='word_1_186' title='bbox 2853 1131 3099 1186; x_wconf 88' lang='lat' dir='ltr'><strong>Landulll</strong></span> <span class='ocrx_word' id='word_1_187' title='bbox 3145 1130 3324 1201; x_wconf 85' lang='lat' dir='ltr'><strong>capita</strong></span> <span class='ocrx_word' id='word_1_188' title='bbox 3359 1129 3418 1184; x_wconf 86' lang='lat' dir='ltr'><strong>in</strong></span> <span class='ocrx_word' id='word_1_189' title='bbox 3460 1125 3829 1197; x_wconf 74' lang='lat' dir='ltr'><strong>compendium</strong></span> 
     </span>
    </p>
   </div>
   <div class='ocr_carea' id='block_1_27' title="bbox 2250 1219 3828 1294">
    <p class='ocr_par' dir='ltr' id='par_1_27' title="bbox 2250 1219 3828 1294">
     <span class='ocr_line' id='line_1_27' title="bbox 2250 1219 3828 1294; baseline -0.005 -16"><span class='ocrx_word' id='word_1_190' title='bbox 2250 1224 2480 1294; x_wconf 86' lang='lat' dir='ltr'><strong>redegit.</strong></span> <span class='ocrx_word' id='word_1_191' title='bbox 2508 1240 2616 1280; x_wconf 90' lang='lat' dir='ltr'><strong>non</strong></span> <span class='ocrx_word' id='word_1_192' title='bbox 2647 1224 2821 1293; x_wconf 82' lang='lat' dir='ltr'><strong>major</strong></span> <span class='ocrx_word' id='word_1_193' title='bbox 2839 1234 2924 1280; x_wconf 87' lang='lat' dir='ltr'><strong>est</strong></span> <span class='ocrx_word' id='word_1_194' title='bbox 2949 1223 3176 1280; x_wconf 82' lang='lat' dir='ltr'><strong>utilitas.</strong></span> <span class='ocrx_word' id='word_1_195' title='bbox 3201 1222 3328 1278; x_wconf 84' lang='lat' dir='ltr'><strong>Loci</strong></span> <span class='ocrx_word' id='word_1_196' title='bbox 3358 1231 3547 1278; x_wconf 86' lang='lat' dir='ltr'><strong>autem</strong></span> <span class='ocrx_word' id='word_1_197' title='bbox 3575 1219 3828 1274; x_wconf 75' lang='lat' dir='ltr'><strong>Ambrosii</strong></span> 
     </span>
    </p>
   </div>
   <div class='ocr_carea' id='block_1_28' title="bbox 2251 1311 3827 1388">
    <p class='ocr_par' dir='ltr' id='par_1_28' title="bbox 2251 1311 3827 1388">
     <span class='ocr_line' id='line_1_28' title="bbox 2251 1311 3827 1388; baseline -0.005 -18"><span class='ocrx_word' id='word_1_198' title='bbox 2251 1325 2308 1370; x_wconf 86' lang='lat' dir='ltr'><strong>et</strong></span> <span class='ocrx_word' id='word_1_199' title='bbox 2334 1316 2563 1370; x_wconf 89' lang='lat' dir='ltr'><strong>aliorum</strong></span> <span class='ocrx_word' id='word_1_200' title='bbox 2590 1317 2916 1387; x_wconf 89' lang='lat' dir='ltr'><strong>scriptorum</strong></span> <span class='ocrx_word' id='word_1_201' title='bbox 2944 1331 3081 1388; x_wconf 89' lang='lat' dir='ltr'><strong>quos</strong></span> <span class='ocrx_word' id='word_1_202' title='bbox 3116 1314 3274 1370; x_wconf 77' lang='lat' dir='ltr'><strong>ali&#39;ert</strong></span> <span class='ocrx_word' id='word_1_203' title='bbox 3293 1354 3310 1378; x_wconf 90' lang='lat'><strong>,</strong></span> <span class='ocrx_word' id='word_1_204' title='bbox 3339 1329 3466 1369; x_wconf 88' lang='lat' dir='ltr'><strong>cum</strong></span> <span class='ocrx_word' id='word_1_205' title='bbox 3498 1311 3625 1365; x_wconf 83' lang='lat' dir='ltr'><strong>aliis</strong></span> <span class='ocrx_word' id='word_1_206' title='bbox 3659 1325 3827 1364; x_wconf 80' lang='lat' dir='ltr'><strong>exem-</strong></span> 
     </span>
    </p>
   </div>
   <div class='ocr_carea' id='block_1_29' title="bbox 2233 1400 3828 1476">
    <p class='ocr_par' dir='ltr' id='par_1_29' title="bbox 2233 1400 3828 1476">
     <span class='ocr_line' id='line_1_29' title="bbox 2233 1400 3828 1476; baseline -0.004 -19"><span class='ocrx_word' id='word_1_207' title='bbox 2233 1405 2484 1476; x_wconf 78' lang='lat' dir='ltr'><strong>plaribus</strong></span> <span class='ocrx_word' id='word_1_208' title='bbox 2508 1406 2688 1464; x_wconf 85' lang='lat' dir='ltr'><strong>collati</strong></span> <span class='ocrx_word' id='word_1_209' title='bbox 2719 1408 3011 1462; x_wconf 87' lang='lat' dir='ltr'><strong>ostendunt</strong></span> <span class='ocrx_word' id='word_1_210' title='bbox 3060 1407 3222 1461; x_wconf 85' lang='lat' dir='ltr'><strong>verba</strong></span> <span class='ocrx_word' id='word_1_211' title='bbox 3255 1405 3308 1459; x_wconf 92' lang='lat' dir='ltr'><strong>in</strong></span> <span class='ocrx_word' id='word_1_212' title='bbox 3335 1402 3622 1458; x_wconf 64' lang='lat' dir='ltr'><strong>codicibtn</strong></span> <span class='ocrx_word' id='word_1_213' title='bbox 3647 1400 3828 1453; x_wconf 78' lang='lat' dir='ltr'><strong>nostris</strong></span> 
     </span>
    </p>
   </div>
   <div class='ocr_carea' id='block_1_30' title="bbox 2248 1491 3827 1569">
    <p class='ocr_par' dir='ltr' id='par_1_30' title="bbox 2248 1491 3827 1569">
     <span class='ocr_line' id='line_1_30' title="bbox 2248 1491 3827 1569; baseline -0.007 -17"><span class='ocrx_word' id='word_1_214' title='bbox 2248 1497 2538 1554; x_wconf 89' lang='lat' dir='ltr'><strong>admodum</strong></span> <span class='ocrx_word' id='word_1_215' title='bbox 2554 1514 2677 1555; x_wconf 90' lang='lat' dir='ltr'><strong>esse</strong></span> <span class='ocrx_word' id='word_1_216' title='bbox 2708 1500 2893 1553; x_wconf 88' lang='lat' dir='ltr'><strong>vitiata</strong></span> <span class='ocrx_word' id='word_1_217' title='bbox 2917 1499 3062 1569; x_wconf 57' lang='grc' dir='ltr'><strong>(ἂι),</strong></span> <span class='ocrx_word' id='word_1_218' title='bbox 3093 1497 3186 1554; x_wconf 82' lang='lat' dir='ltr'><strong>sed</strong></span> <span class='ocrx_word' id='word_1_219' title='bbox 3211 1493 3491 1565; x_wconf 79' lang='lat' dir='ltr'><strong>corrigere</strong></span> <span class='ocrx_word' id='word_1_220' title='bbox 3515 1491 3654 1546; x_wconf 78' lang='lat' dir='ltr'><strong>nihil</strong></span> <span class='ocrx_word' id='word_1_221' title='bbox 3683 1507 3827 1544; x_wconf 77' lang='lat' dir='ltr'><strong>ausus</strong></span> 
     </span>
    </p>
   </div>
   <div class='ocr_carea' id='block_1_31' title="bbox 2231 1585 3825 1664">
    <p class='ocr_par' dir='ltr' id='par_1_31' title="bbox 2231 1585 3825 1664">
     <span class='ocr_line' id='line_1_31' title="bbox 2231 1585 3825 1664; baseline -0.008 -16"><span class='ocrx_word' id='word_1_222' title='bbox 2231 1607 2404 1659; x_wconf 66' lang='lat' dir='ltr'><strong>sum,</strong></span> <span class='ocrx_word' id='word_1_223' title='bbox 2451 1605 2574 1649; x_wconf 88' lang='lat' dir='ltr'><strong>cum</strong></span> <span class='ocrx_word' id='word_1_224' title='bbox 2625 1594 2863 1650; x_wconf 81' lang='lat' dir='ltr'><strong>auctoris</strong></span> <span class='ocrx_word' id='word_1_225' title='bbox 2891 1593 3059 1664; x_wconf 81' lang='lat' dir='ltr'><strong>ipsius</strong></span> <span class='ocrx_word' id='word_1_226' title='bbox 3085 1590 3417 1662; x_wconf 79' lang='lat' dir='ltr'><strong>negligentia</strong></span> <span class='ocrx_word' id='word_1_227' title='bbox 3455 1585 3668 1642; x_wconf 81' lang='lat' dir='ltr'><strong>eisdem</strong></span> <span class='ocrx_word' id='word_1_228' title='bbox 3713 1585 3825 1639; x_wconf 74' lang='lat' dir='ltr'><strong>locis</strong></span> 
     </span>
    </p>
   </div>
   <div class='ocr_carea' id='block_1_32' title="bbox 2249 1677 3824 1758">
    <p class='ocr_par' dir='ltr' id='par_1_32' title="bbox 2249 1677 3824 1758">
     <span class='ocr_line' id='line_1_32' title="bbox 2249 1677 3824 1758; baseline -0.008 -18"><span class='ocrx_word' id='word_1_229' title='bbox 2249 1685 2537 1743; x_wconf 87' lang='lat' dir='ltr'><strong>manifesta</strong></span> <span class='ocrx_word' id='word_1_230' title='bbox 2589 1695 2882 1756; x_wconf 84' lang='lat' dir='ltr'><strong>appareat,</strong></span> <span class='ocrx_word' id='word_1_231' title='bbox 2933 1686 3027 1758; x_wconf 90' lang='lat' dir='ltr'><strong>qui</strong></span> <span class='ocrx_word' id='word_1_232' title='bbox 3086 1699 3137 1740; x_wconf 91' lang='lat' dir='ltr'><strong>e.</strong></span> <span class='ocrx_word' id='word_1_233' title='bbox 3187 1699 3241 1754; x_wconf 87' lang='lat' dir='ltr'><strong>g.</strong></span> <span class='ocrx_word' id='word_1_234' title='bbox 3290 1681 3552 1736; x_wconf 89' lang='lat' dir='ltr'><strong>eumdem</strong></span> <span class='ocrx_word' id='word_1_235' title='bbox 3597 1677 3824 1746; x_wconf 75' lang='lat' dir='ltr'><strong>Gregorii</strong></span> 
     </span>
    </p>
   </div>
   <div class='ocr_carea' id='block_1_33' title="bbox 2228 1774 3823 1849">
    <p class='ocr_par' dir='ltr' id='par_1_33' title="bbox 2228 1774 3823 1849">
     <span class='ocr_line' id='line_1_33' title="bbox 2228 1774 3823 1849; baseline -0.008 -15"><span class='ocrx_word' id='word_1_236' title='bbox 2228 1777 2426 1834; x_wconf 77' lang='lat' dir='ltr'><strong>-locutn</strong></span> <span class='ocrx_word' id='word_1_237' title='bbox 2459 1790 2541 1836; x_wconf 90' lang='lat' dir='ltr'><strong>ter</strong></span> <span class='ocrx_word' id='word_1_238' title='bbox 2567 1778 2747 1834; x_wconf 85' lang='lat' dir='ltr'><strong>attulit</strong></span> <span class='ocrx_word' id='word_1_239' title='bbox 2773 1777 2920 1849; x_wconf 76' lang='lat'><strong>(25),</strong></span> <span class='ocrx_word' id='word_1_240' title='bbox 2980 1776 3075 1832; x_wconf 88' lang='lat' dir='ltr'><strong>sed</strong></span> <span class='ocrx_word' id='word_1_241' title='bbox 3120 1788 3337 1845; x_wconf 86' lang='lat' dir='ltr'><strong>semper</strong></span> <span class='ocrx_word' id='word_1_242' title='bbox 3375 1774 3456 1828; x_wconf 86' lang='lat' dir='ltr'><strong>ita</strong></span> <span class='ocrx_word' id='word_1_243' title='bbox 3483 1779 3823 1840; x_wconf 80' lang='lat' dir='ltr'><strong>corruptum,</strong></span> 
     </span>
    </p>
   </div>
   <div class='ocr_carea' id='block_1_34' title="bbox 556 1853 3824 1940">
    <p class='ocr_par' dir='ltr' id='par_1_34' title="bbox 556 1853 3824 1940">
     <span class='ocr_line' id='line_1_34' title="bbox 556 1853 3824 1940; baseline -0.004 -9"><span class='ocrx_word' id='word_1_244' title='bbox 556 1885 748 1931; x_wconf 78' lang='lat' dir='ltr'><strong>lestem</strong></span> <span class='ocrx_word' id='word_1_245' title='bbox 773 1854 999 1929; x_wconf 78' lang='lat' dir='ltr'><strong>advocat</strong></span> <span class='ocrx_word' id='word_1_246' title='bbox 1034 1871 1122 1926; x_wconf 84' lang='lat' dir='ltr'><strong>ubi</strong></span> <span class='ocrx_word' id='word_1_247' title='bbox 1151 1886 1237 1926; x_wconf 89' lang='lat' dir='ltr'><strong>res</strong></span> <span class='ocrx_word' id='word_1_248' title='bbox 1261 1885 1328 1925; x_wconf 74' lang='lat' dir='ltr'><strong>ev</strong></span> <span class='ocrx_word' id='word_1_249' title='bbox 1366 1867 1612 1926; x_wconf 80' lang='lat' dir='ltr'><strong>Landulﬂ</strong></span> <span class='ocrx_word' id='word_1_250' title='bbox 1643 1869 1870 1924; x_wconf 86' lang='lat' dir='ltr'><strong>historia</strong></span> <span class='ocrx_word' id='word_1_251' title='bbox 1900 1877 2144 1938; x_wconf 82' lang='lat' dir='ltr'><strong>sumptas</strong></span> <span class='ocrx_word' id='word_1_252' title='bbox 2175 1853 2223 1915; x_wconf 70' lang='grc' dir='ltr'><strong>Β</strong></span> <span class='ocrx_word' id='word_1_253' title='bbox 2251 1883 2310 1928; x_wconf 86' lang='grc' dir='ltr'><strong>ιιι</strong></span> <span class='ocrx_word' id='word_1_254' title='bbox 2335 1887 2495 1929; x_wconf 88' lang='lat' dir='ltr'><strong>sensu</strong></span> <span class='ocrx_word' id='word_1_255' title='bbox 2522 1879 2729 1926; x_wconf 86' lang='lat' dir='ltr'><strong>careat.</strong></span> <span class='ocrx_word' id='word_1_256' title='bbox 2761 1871 2937 1926; x_wconf 85' lang='lat' dir='ltr'><strong>Etiam</strong></span> <span class='ocrx_word' id='word_1_257' title='bbox 2981 1868 3277 1940; x_wconf 74' lang='lat' dir='ltr'><strong>Scriptum</strong></span> <span class='ocrx_word' id='word_1_258' title='bbox 3307 1881 3485 1921; x_wconf 72' lang='lat' dir='ltr'><strong>sacra:</strong></span> <span class='ocrx_word' id='word_1_259' title='bbox 3526 1863 3824 1932; x_wconf 76' lang='lat' dir='ltr'><strong>locos.un</strong></span> 
     </span>
    </p>
   </div>
   <div class='ocr_carea' id='block_1_35' title="bbox 554 1961 2142 2035">
    <p class='ocr_par' dir='ltr' id='par_1_35' title="bbox 554 1961 2142 2035">
     <span class='ocr_line' id='line_1_35' title="bbox 554 1961 2142 2035; baseline -0.006 -13"><span class='ocrx_word' id='word_1_260' title='bbox 554 1966 729 2022; x_wconf 68' lang='lat' dir='ltr'><strong>aﬂ&#39;ct&#39;t.</strong></span> <span class='ocrx_word' id='word_1_261' title='bbox 763 1966 917 2021; x_wconf 87' lang='lat' dir='ltr'><strong>Circa</strong></span> <span class='ocrx_word' id='word_1_262' title='bbox 940 1966 1080 2020; x_wconf 92' lang='lat' dir='ltr'><strong>idem</strong></span> <span class='ocrx_word' id='word_1_263' title='bbox 1109 1963 1552 2035; x_wconf 86' lang='lat' dir='ltr'><strong>tempuscodices</strong></span> <span class='ocrx_word' id='word_1_264' title='bbox 1574 1963 1747 2018; x_wconf 87' lang='lat' dir='ltr'><strong>nostri</strong></span> <span class='ocrx_word' id='word_1_265' title='bbox 1779 1961 1967 2031; x_wconf 88' lang='lat' dir='ltr'><strong>scripti</strong></span> <span class='ocrx_word' id='word_1_266' title='bbox 1993 1970 2142 2025; x_wconf 88' lang='lat' dir='ltr'><strong>sunt,</strong></span> 
     </span>
    </p>
   </div>
   <div class='ocr_carea' id='block_1_36' title="bbox 538 2053 2144 2128">
    <p class='ocr_par' dir='ltr' id='par_1_36' title="bbox 538 2053 2144 2128">
     <span class='ocr_line' id='line_1_36' title="bbox 538 2053 2144 2128; baseline -0.002 -16"><span class='ocrx_word' id='word_1_267' title='bbox 538 2059 645 2128; x_wconf 54' lang='lat' dir='ltr'><strong>Iqui</strong></span> <span class='ocrx_word' id='word_1_268' title='bbox 700 2056 853 2116; x_wconf 82' lang='lat' dir='ltr'><strong>Datio</strong></span> <span class='ocrx_word' id='word_1_269' title='bbox 890 2055 1284 2126; x_wconf 80' lang='lat' dir='ltr'><strong>archiepiscopi</strong></span> <span class='ocrx_word' id='word_1_270' title='bbox 1333 2067 1528 2110; x_wconf 88' lang='lat' dir='ltr'><strong>nomen</strong></span> <span class='ocrx_word' id='word_1_271' title='bbox 1569 2054 1833 2109; x_wconf 91' lang='lat' dir='ltr'><strong>tribuunt.</strong></span> <span class='ocrx_word' id='word_1_272' title='bbox 1886 2053 2144 2123; x_wconf 87' lang='lat' dir='ltr'><strong>Sequenti</strong></span> 
     </span>
    </p>
   </div>
   <div class='ocr_carea' id='block_1_37' title="bbox 554 2142 2146 2214">
    <p class='ocr_par' dir='ltr' id='par_1_37' title="bbox 554 2142 2146 2214">
     <span class='ocr_line' id='line_1_37' title="bbox 554 2142 2146 2214; baseline -0.004 -11"><span class='ocrx_word' id='word_1_273' title='bbox 554 2149 758 2204; x_wconf 73' lang='lat' dir='ltr'><strong>stt-culo</strong></span> <span class='ocrx_word' id='word_1_274' title='bbox 790 2155 985 2202; x_wconf 88' lang='lat' dir='ltr'><strong>auctor</strong></span> <span class='ocrx_word' id='word_1_275' title='bbox 1005 2145 1145 2201; x_wconf 76' lang='lat' dir='ltr'><strong>Vita:</strong></span> <span class='ocrx_word' id='word_1_276' title='bbox 1170 2145 1447 2201; x_wconf 77' lang='lat' dir='ltr'><strong>Mathildis</strong></span> <span class='ocrx_word' id='word_1_277' title='bbox 1476 2145 1639 2200; x_wconf 87' lang='lat' dir='ltr'><strong>verba</strong></span> <span class='ocrx_word' id='word_1_278' title='bbox 1663 2142 1910 2200; x_wconf 86' lang='lat' dir='ltr'><strong>Landulli</strong></span> <span class='ocrx_word' id='word_1_279' title='bbox 1937 2143 2146 2214; x_wconf 68' lang='lat' dir='ltr'><strong>profert</strong></span> 
     </span>
    </p>
   </div>
   <div class='ocr_carea' id='block_1_38' title="bbox 532 2237 2144 2312">
    <p class='ocr_par' dir='ltr' id='par_1_38' title="bbox 532 2237 2144 2312">
     <span class='ocr_line' id='line_1_38' title="bbox 532 2237 2144 2312; baseline -0.005 -14"><span class='ocrx_word' id='word_1_280' title='bbox 532 2258 586 2298; x_wconf 87' lang='lat' dir='ltr'><strong>-e</strong></span> <span class='ocrx_word' id='word_1_281' title='bbox 617 2259 637 2292; x_wconf 72' lang='grc' dir='ltr'><strong>ι</strong></span> <span class='ocrx_word' id='word_1_282' title='bbox 677 2241 816 2296; x_wconf 85' lang='lat' dir='ltr'><strong>libro</strong></span> <span class='ocrx_word' id='word_1_283' title='bbox 839 2240 930 2312; x_wconf 90' lang='lat' dir='ltr'><strong>qtti</strong></span> <span class='ocrx_word' id='word_1_284' title='bbox 968 2239 1163 2294; x_wconf 89' lang='lat' dir='ltr'><strong>Darius</strong></span> <span class='ocrx_word' id='word_1_285' title='bbox 1185 2238 1489 2310; x_wconf 87' lang='lat' dir='ltr'><strong>appellatur</strong></span> <span class='ocrx_word' id='word_1_286' title='bbox 1515 2257 1534 2290; x_wconf 85' lang='grc' dir='ltr'><strong>ι</strong></span> <span class='ocrx_word' id='word_1_287' title='bbox 1562 2237 1695 2308; x_wconf 68' lang='grc'><strong>(20),</strong></span> <span class='ocrx_word' id='word_1_288' title='bbox 1732 2237 1946 2293; x_wconf 89' lang='lat' dir='ltr'><strong>Datium</strong></span> <span class='ocrx_word' id='word_1_289' title='bbox 1981 2238 2144 2292; x_wconf 86' lang='lat' dir='ltr'><strong>etiam</strong></span> 
     </span>
    </p>
   </div>
   <div class='ocr_carea' id='block_1_39' title="bbox 531 2327 2150 2399">
    <p class='ocr_par' dir='ltr' id='par_1_39' title="bbox 531 2327 2150 2399">
     <span class='ocr_line' id='line_1_39' title="bbox 531 2327 2150 2399; baseline -0.004 -10"><span class='ocrx_word' id='word_1_290' title='bbox 531 2332 926 2389; x_wconf 78' lang='lat' dir='ltr'><strong>-Bernardinus</strong></span> <span class='ocrx_word' id='word_1_291' title='bbox 949 2329 1143 2385; x_wconf 79' lang='lat' dir='ltr'><strong>Curius</strong></span> <span class='ocrx_word' id='word_1_292' title='bbox 1162 2344 1290 2391; x_wconf 87' lang='lat' dir='ltr'><strong>eum</strong></span> <span class='ocrx_word' id='word_1_293' title='bbox 1308 2329 1568 2399; x_wconf 81' lang='lat' dir='ltr'><strong>appellat.</strong></span> <span class='ocrx_word' id='word_1_294' title='bbox 1604 2327 1758 2384; x_wconf 89' lang='lat' dir='ltr'><strong>Unde</strong></span> <span class='ocrx_word' id='word_1_295' title='bbox 1781 2328 1896 2384; x_wconf 70' lang='lat' dir='ltr'><strong>haec</strong></span> <span class='ocrx_word' id='word_1_296' title='bbox 1917 2327 2150 2398; x_wconf 84' lang='lat' dir='ltr'><strong>appella-</strong></span> 
     </span>
    </p>
   </div>
   <div class='ocr_carea' id='block_1_40' title="bbox 554 2420 2148 2494">
    <p class='ocr_par' dir='ltr' id='par_1_40' title="bbox 554 2420 2148 2494">
     <span class='ocr_line' id='line_1_40' title="bbox 554 2420 2148 2494; baseline -0.004 -16"><span class='ocrx_word' id='word_1_297' title='bbox 554 2426 634 2479; x_wconf 90' lang='lat' dir='ltr'><strong>tio</strong></span> <span class='ocrx_word' id='word_1_298' title='bbox 665 2435 781 2480; x_wconf 88' lang='lat' dir='ltr'><strong>orta</strong></span> <span class='ocrx_word' id='word_1_299' title='bbox 814 2423 922 2489; x_wconf 87' lang='lat' dir='ltr'><strong>sit,</strong></span> <span class='ocrx_word' id='word_1_300' title='bbox 973 2421 1522 2494; x_wconf 83' lang='lat' dir='ltr'><strong>prorsusobscurum</strong></span> <span class='ocrx_word' id='word_1_301' title='bbox 1565 2428 1668 2478; x_wconf 82' lang='lat' dir='ltr'><strong>est.</strong></span> <span class='ocrx_word' id='word_1_302' title='bbox 1713 2420 1984 2489; x_wconf 81' lang='lat' dir='ltr'><strong>Nusquam</strong></span> <span class='ocrx_word' id='word_1_303' title='bbox 2014 2434 2148 2489; x_wconf 74' lang='lat' dir='ltr'><strong>prte-</strong></span> 
     </span>
    </p>
   </div>
   <div class='ocr_carea' id='block_1_41' title="bbox 553 2511 2146 2585">
    <p class='ocr_par' dir='ltr' id='par_1_41' title="bbox 553 2511 2146 2585">
     <span class='ocr_line' id='line_1_41' title="bbox 553 2511 2146 2585; baseline -0.003 -15"><span class='ocrx_word' id='word_1_304' title='bbox 553 2526 705 2572; x_wconf 88' lang='lat' dir='ltr'><strong>terea</strong></span> <span class='ocrx_word' id='word_1_305' title='bbox 739 2515 961 2571; x_wconf 79' lang='lat' dir='ltr'><strong>verbum</strong></span> <span class='ocrx_word' id='word_1_306' title='bbox 990 2514 1048 2568; x_wconf 83' lang='lat' dir='ltr'><strong>fit</strong></span> <span class='ocrx_word' id='word_1_307' title='bbox 1074 2514 1140 2570; x_wconf 89' lang='lat' dir='ltr'><strong>de</strong></span> <span class='ocrx_word' id='word_1_308' title='bbox 1170 2513 1392 2585; x_wconf 87' lang='lat' dir='ltr'><strong>scriptis</strong></span> <span class='ocrx_word' id='word_1_309' title='bbox 1425 2511 1586 2582; x_wconf 88' lang='lat' dir='ltr'><strong>hujus</strong></span> <span class='ocrx_word' id='word_1_310' title='bbox 1614 2513 1897 2579; x_wconf 90' lang='lat' dir='ltr'><strong>Datii,uisi</strong></span> <span class='ocrx_word' id='word_1_311' title='bbox 1925 2513 2068 2582; x_wconf 89' lang='lat' dir='ltr'><strong>quod</strong></span> <span class='ocrx_word' id='word_1_312' title='bbox 2095 2512 2146 2566; x_wconf 89' lang='lat' dir='ltr'><strong>in</strong></span> 
     </span>
    </p>
   </div>
   <div class='ocr_carea' id='block_1_42' title="bbox 552 2604 2146 2681">
    <p class='ocr_par' dir='ltr' id='par_1_42' title="bbox 552 2604 2146 2681">
     <span class='ocr_line' id='line_1_42' title="bbox 552 2604 2146 2681; baseline -0.006 -12"><span class='ocrx_word' id='word_1_313' title='bbox 552 2613 739 2670; x_wconf 84' lang='lat' dir='ltr'><strong>Gestis</strong></span> <span class='ocrx_word' id='word_1_314' title='bbox 773 2608 1095 2666; x_wconf 89' lang='lat' dir='ltr'><strong>Pontificum</strong></span> <span class='ocrx_word' id='word_1_315' title='bbox 1127 2609 1241 2681; x_wconf 72' lang='lat'><strong>(‘2!)</strong></span> <span class='ocrx_word' id='word_1_316' title='bbox 1285 2616 1342 2664; x_wconf 91' lang='lat' dir='ltr'><strong>et</strong></span> <span class='ocrx_word' id='word_1_317' title='bbox 1375 2608 1430 2663; x_wconf 87' lang='lat' dir='ltr'><strong>itt</strong></span> <span class='ocrx_word' id='word_1_318' title='bbox 1466 2605 1704 2664; x_wconf 82' lang='lat' dir='ltr'><strong>Historia</strong></span> <span class='ocrx_word' id='word_1_319' title='bbox 1754 2605 1992 2662; x_wconf 89' lang='lat' dir='ltr'><strong>miscella</strong></span> <span class='ocrx_word' id='word_1_320' title='bbox 2037 2604 2146 2676; x_wconf 75' lang='grc'><strong>(22)</strong></span> 
     </span>
    </p>
   </div>
   <div class='ocr_carea' id='block_1_43' title="bbox 557 2697 2147 2777">
    <p class='ocr_par' dir='ltr' id='par_1_43' title="bbox 557 2697 2147 2777">
     <span class='ocr_line' id='line_1_43' title="bbox 557 2697 2147 2777; baseline -0.008 -16"><span class='ocrx_word' id='word_1_321' title='bbox 557 2720 732 2777; x_wconf 83' lang='lat' dir='ltr'><strong>pauca</strong></span> <span class='ocrx_word' id='word_1_322' title='bbox 762 2703 929 2758; x_wconf 85' lang='lat' dir='ltr'><strong>verba</strong></span> <span class='ocrx_word' id='word_1_323' title='bbox 956 2701 1005 2757; x_wconf 90' lang='lat' dir='ltr'><strong>ei</strong></span> <span class='ocrx_word' id='word_1_324' title='bbox 1039 2701 1379 2768; x_wconf 86' lang='lat' dir='ltr'><strong>tribuuntur,</strong></span> <span class='ocrx_word' id='word_1_325' title='bbox 1409 2716 1531 2770; x_wconf 63' lang='lat' dir='ltr'><strong>qua‘</strong></span> <span class='ocrx_word' id='word_1_326' title='bbox 1553 2715 1620 2756; x_wconf 84' lang='lat' dir='ltr'><strong>ex</strong></span> <span class='ocrx_word' id='word_1_327' title='bbox 1655 2697 1882 2768; x_wconf 86' lang='lat' dir='ltr'><strong>epistola</strong></span> <span class='ocrx_word' id='word_1_328' title='bbox 1913 2698 2147 2766; x_wconf 90' lang='lat' dir='ltr'><strong>quadam</strong></span> 
     </span>
    </p>
   </div>
   <div class='ocr_carea' id='block_1_44' title="bbox 539 2789 2146 2868">
    <p class='ocr_par' dir='ltr' id='par_1_44' title="bbox 539 2789 2146 2868">
     <span class='ocr_line' id='line_1_44' title="bbox 539 2789 2146 2868; baseline -0.005 -16"><span class='ocrx_word' id='word_1_329' title='bbox 539 2804 771 2868; x_wconf 64' lang='lat' dir='ltr'><strong>“sumpta</strong></span> <span class='ocrx_word' id='word_1_330' title='bbox 794 2809 915 2850; x_wconf 88' lang='lat' dir='ltr'><strong>esse</strong></span> <span class='ocrx_word' id='word_1_331' title='bbox 943 2793 1212 2848; x_wconf 90' lang='lat' dir='ltr'><strong>videntur.</strong></span> <span class='ocrx_word' id='word_1_332' title='bbox 1244 2792 1427 2863; x_wconf 89' lang='lat' dir='ltr'><strong>Itaque</strong></span> <span class='ocrx_word' id='word_1_333' title='bbox 1467 2832 1490 2858; x_wconf 80' lang='lat'><strong>,</strong></span> <span class='ocrx_word' id='word_1_334' title='bbox 1512 2802 1571 2847; x_wconf 90' lang='lat' dir='ltr'><strong>ut</strong></span> <span class='ocrx_word' id='word_1_335' title='bbox 1597 2791 1847 2860; x_wconf 88' lang='lat' dir='ltr'><strong>equidem</strong></span> <span class='ocrx_word' id='word_1_336' title='bbox 1872 2789 2146 2855; x_wconf 76' lang='lat' dir='ltr'><strong>existimo,</strong></span> 
     </span>
    </p>
   </div>
   <div class='ocr_carea' id='block_1_45' title="bbox 532 2882 2148 2955">
    <p class='ocr_par' dir='ltr' id='par_1_45' title="bbox 532 2882 2148 2955">
     <span class='ocr_line' id='line_1_45' title="bbox 532 2882 2148 2955; baseline -0.006 -10"><span class='ocrx_word' id='word_1_337' title='bbox 532 2888 858 2945; x_wconf 71' lang='lat' dir='ltr'><strong>rLaudulfus</strong></span> <span class='ocrx_word' id='word_1_338' title='bbox 886 2902 974 2943; x_wconf 89' lang='lat' dir='ltr'><strong>res</strong></span> <span class='ocrx_word' id='word_1_339' title='bbox 1012 2900 1183 2955; x_wconf 87' lang='lat' dir='ltr'><strong>usque</strong></span> <span class='ocrx_word' id='word_1_340' title='bbox 1217 2885 1285 2939; x_wconf 84' lang='lat' dir='ltr'><strong>ad</strong></span> <span class='ocrx_word' id='word_1_341' title='bbox 1327 2901 1398 2951; x_wconf 89' lang='lat' dir='ltr'><strong>ll,</strong></span> <span class='ocrx_word' id='word_1_342' title='bbox 1439 2884 1510 2939; x_wconf 76' lang='lat'><strong>35</strong></span> <span class='ocrx_word' id='word_1_343' title='bbox 1563 2893 1815 2940; x_wconf 88' lang='lat' dir='ltr'><strong>narratas</strong></span> <span class='ocrx_word' id='word_1_344' title='bbox 1858 2882 2054 2953; x_wconf 86' lang='lat' dir='ltr'><strong>partim</strong></span> <span class='ocrx_word' id='word_1_345' title='bbox 2082 2897 2148 2937; x_wconf 84' lang='lat' dir='ltr'><strong>ex</strong></span> 
     </span>
    </p>
   </div>
   <div class='ocr_carea' id='block_1_46' title="bbox 528 2975 2150 3053">
    <p class='ocr_par' dir='ltr' id='par_1_46' title="bbox 528 2975 2150 3053">
     <span class='ocr_line' id='line_1_46' title="bbox 528 2975 2150 3053; baseline -0.004 -16"><span class='ocrx_word' id='word_1_346' title='bbox 528 3011 534 3018; x_wconf 95' lang='lat'><strong>-</strong></span> <span class='ocrx_word' id='word_1_347' title='bbox 557 2982 948 3053; x_wconf 87' lang='lat' dir='ltr'><strong>scriptiouibus</strong></span> <span class='ocrx_word' id='word_1_348' title='bbox 971 2993 1106 3050; x_wconf 88' lang='lat' dir='ltr'><strong>quas</strong></span> <span class='ocrx_word' id='word_1_349' title='bbox 1129 2978 1354 3044; x_wconf 85' lang='lat' dir='ltr'><strong>invenit,</strong></span> <span class='ocrx_word' id='word_1_350' title='bbox 1381 2978 1477 3033; x_wconf 88' lang='lat' dir='ltr'><strong>sed</strong></span> <span class='ocrx_word' id='word_1_351' title='bbox 1494 2985 1552 3030; x_wconf 91' lang='lat' dir='ltr'><strong>ttt</strong></span> <span class='ocrx_word' id='word_1_352' title='bbox 1576 2985 1731 3032; x_wconf 86' lang='lat' dir='ltr'><strong>erant</strong></span> <span class='ocrx_word' id='word_1_353' title='bbox 1755 2977 1824 3031; x_wconf 88' lang='lat' dir='ltr'><strong>ab</strong></span> <span class='ocrx_word' id='word_1_354' title='bbox 1837 2975 2150 3032; x_wconf 88' lang='lat' dir='ltr'><strong>auctoribus</strong></span> 
     </span>
    </p>
   </div>
   <div class='ocr_carea' id='block_1_47' title="bbox 557 3067 2149 3145">
    <p class='ocr_par' dir='ltr' id='par_1_47' title="bbox 557 3067 2149 3145">
     <span class='ocr_line' id='line_1_47' title="bbox 557 3067 2149 3145; baseline -0.005 -15"><span class='ocrx_word' id='word_1_355' title='bbox 557 3075 662 3145; x_wconf 84' lang='lat' dir='ltr'><strong>ipsi</strong></span> <span class='ocrx_word' id='word_1_356' title='bbox 711 3072 1000 3143; x_wconf 74' lang='lat' dir='ltr'><strong>incognitis</strong></span> <span class='ocrx_word' id='word_1_357' title='bbox 1031 3071 1375 3142; x_wconf 61' lang='lat' dir='ltr'><strong>compositae,</strong></span> <span class='ocrx_word' id='word_1_358' title='bbox 1407 3069 1569 3124; x_wconf 79' lang='lat' dir='ltr'><strong>nullis</strong></span> <span class='ocrx_word' id='word_1_359' title='bbox 1597 3077 1882 3125; x_wconf 89' lang='lat' dir='ltr'><strong>auctorum</strong></span> <span class='ocrx_word' id='word_1_360' title='bbox 1910 3067 2149 3124; x_wconf 88' lang='lat' dir='ltr'><strong>nomini-</strong></span> 
     </span>
    </p>
   </div>
   <div class='ocr_carea' id='block_1_48' title="bbox 528 3161 2146 3239">
    <p class='ocr_par' dir='ltr' id='par_1_48' title="bbox 528 3161 2146 3239">
     <span class='ocr_line' id='line_1_48' title="bbox 528 3161 2146 3239; baseline -0.004 -16"><span class='ocrx_word' id='word_1_361' title='bbox 528 3169 663 3224; x_wconf 82' lang='lat' dir='ltr'><strong>.bus</strong></span> <span class='ocrx_word' id='word_1_362' title='bbox 685 3167 977 3239; x_wconf 88' lang='lat' dir='ltr'><strong>appositis,</strong></span> <span class='ocrx_word' id='word_1_363' title='bbox 1022 3164 1222 3235; x_wconf 83' lang='lat' dir='ltr'><strong>partim</strong></span> <span class='ocrx_word' id='word_1_364' title='bbox 1265 3180 1330 3219; x_wconf 84' lang='lat' dir='ltr'><strong>ex</strong></span> <span class='ocrx_word' id='word_1_365' title='bbox 1377 3163 1785 3218; x_wconf 86' lang='lat' dir='ltr'><strong>narrationibus</strong></span> <span class='ocrx_word' id='word_1_366' title='bbox 1828 3177 1949 3232; x_wconf 65' lang='lat' dir='ltr'><strong>quae</strong></span> <span class='ocrx_word' id='word_1_367' title='bbox 1986 3161 2146 3232; x_wconf 81' lang='lat' dir='ltr'><strong>vulgo</strong></span> 
     </span>
    </p>
   </div>
   <div class='ocr_carea' id='block_1_49' title="bbox 558 3228 2220 3328">
    <p class='ocr_par' dir='ltr' id='par_1_49' title="bbox 558 3228 2220 3328">
     <span class='ocr_line' id='line_1_49' title="bbox 558 3228 2220 3328; baseline -0.004 -13"><span class='ocrx_word' id='word_1_368' title='bbox 558 3228 906 3323; x_wconf 77' lang='lat' dir='ltr'><strong>ferebantur,</strong></span> <span class='ocrx_word' id='word_1_369' title='bbox 951 3228 1281 3328; x_wconf 77' lang='lat' dir='ltr'><strong>composuit;</strong></span> <span class='ocrx_word' id='word_1_370' title='bbox 1317 3270 1536 3311; x_wconf 88' lang='lat' dir='ltr'><strong>carmen</strong></span> <span class='ocrx_word' id='word_1_371' title='bbox 1567 3255 1634 3310; x_wconf 90' lang='lat' dir='ltr'><strong>de</strong></span> <span class='ocrx_word' id='word_1_372' title='bbox 1660 3228 1883 3310; x_wconf 76' lang='lat' dir='ltr'><strong>Alberto</strong></span> <span class='ocrx_word' id='word_1_373' title='bbox 1907 3269 2033 3326; x_wconf 84' lang='lat' dir='ltr'><strong>rege</strong></span> <span class='ocrx_word' id='word_1_374' title='bbox 2063 3228 2147 3310; x_wconf 69' lang='lat' dir='ltr'><strong>vel</strong></span> <span class='ocrx_word' id='word_1_375' title='bbox 2174 3228 2220 3290; x_wconf 65' lang='grc' dir='ltr'>ε</span> 
     </span>
    </p>
   </div>
   <div class='ocr_carea' id='block_1_50' title="bbox 528 3347 2146 3424">
    <p class='ocr_par' dir='ltr' id='par_1_50' title="bbox 528 3347 2146 3424">
     <span class='ocr_line' id='line_1_50' title="bbox 528 3347 2146 3424; baseline -0.004 -14"><span class='ocrx_word' id='word_1_376' title='bbox 528 3383 530 3386; x_wconf 93' lang='grc'><strong>-</strong></span> <span class='ocrx_word' id='word_1_377' title='bbox 558 3355 824 3424; x_wconf 85' lang='lat' dir='ltr'><strong>scriptum</strong></span> <span class='ocrx_word' id='word_1_378' title='bbox 848 3352 932 3407; x_wconf 90' lang='lat' dir='ltr'><strong>vel</strong></span> <span class='ocrx_word' id='word_1_379' title='bbox 956 3351 1134 3406; x_wconf 88' lang='lat' dir='ltr'><strong>adhuc</strong></span> <span class='ocrx_word' id='word_1_380' title='bbox 1155 3365 1184 3404; x_wconf 88' lang='lat' dir='ltr'><strong>a</strong></span> <span class='ocrx_word' id='word_1_381' title='bbox 1208 3349 1556 3421; x_wconf 87' lang='lat' dir='ltr'><strong>popularibus</strong></span> <span class='ocrx_word' id='word_1_382' title='bbox 1578 3349 1688 3404; x_wconf 90' lang='lat' dir='ltr'><strong>suis</strong></span> <span class='ocrx_word' id='word_1_383' title='bbox 1713 3349 1989 3405; x_wconf 87' lang='lat' dir='ltr'><strong>decantari</strong></span> <span class='ocrx_word' id='word_1_384' title='bbox 2015 3347 2146 3404; x_wconf 83' lang='lat' dir='ltr'><strong>soli-</strong></span> 
     </span>
    </p>
   </div>
   <div class='ocr_carea' id='block_1_51' title="bbox 563 3439 2148 3512">
    <p class='ocr_par' dir='ltr' id='par_1_51' title="bbox 563 3439 2148 3512">
     <span class='ocr_line' id='line_1_51' title="bbox 563 3439 2148 3512; baseline -0.004 -13"><span class='ocrx_word' id='word_1_385' title='bbox 563 3455 718 3510; x_wconf 84' lang='lat' dir='ltr'><strong>tum,</strong></span> <span class='ocrx_word' id='word_1_386' title='bbox 747 3459 869 3500; x_wconf 89' lang='lat' dir='ltr'><strong>eum</strong></span> <span class='ocrx_word' id='word_1_387' title='bbox 902 3441 1292 3512; x_wconf 87' lang='lat' dir='ltr'><strong>interposuisse</strong></span> <span class='ocrx_word' id='word_1_388' title='bbox 1321 3440 1579 3504; x_wconf 83' lang='lat' dir='ltr'><strong>arbitror.</strong></span> <span class='ocrx_word' id='word_1_389' title='bbox 1614 3439 1674 3493; x_wconf 90' lang='lat' dir='ltr'><strong>ln</strong></span> <span class='ocrx_word' id='word_1_390' title='bbox 1720 3440 1977 3494; x_wconf 85' lang='lat' dir='ltr'><strong>continua</strong></span> <span class='ocrx_word' id='word_1_391' title='bbox 2026 3447 2148 3508; x_wconf 88' lang='lat' dir='ltr'><strong>post</strong></span> 
     </span>
    </p>
   </div>
   <div class='ocr_carea' id='block_1_52' title="bbox 556 3531 2149 3605">
    <p class='ocr_par' dir='ltr' id='par_1_52' title="bbox 556 3531 2149 3605">
     <span class='ocr_line' id='line_1_52' title="bbox 556 3531 2149 3605; baseline -0.002 -15"><span class='ocrx_word' id='word_1_392' title='bbox 556 3533 900 3605; x_wconf 77' lang='lat' dir='ltr'><strong>Walpertum</strong></span> <span class='ocrx_word' id='word_1_393' title='bbox 929 3532 1263 3587; x_wconf 88' lang='lat' dir='ltr'><strong>narrationis</strong></span> <span class='ocrx_word' id='word_1_394' title='bbox 1288 3532 1432 3588; x_wconf 84' lang='lat' dir='ltr'><strong>serie</strong></span> <span class='ocrx_word' id='word_1_395' title='bbox 1471 3531 1732 3586; x_wconf 80' lang='lat' dir='ltr'><strong>librorum</strong></span> <span class='ocrx_word' id='word_1_396' title='bbox 1771 3545 1874 3600; x_wconf 90' lang='lat' dir='ltr'><strong>ope</strong></span> <span class='ocrx_word' id='word_1_397' title='bbox 1902 3531 2149 3587; x_wconf 84' lang='lat' dir='ltr'><strong>caruisse</strong></span> 
     </span>
    </p>
   </div>
   <div class='ocr_carea' id='block_1_53' title="bbox 523 3623 2147 3698">
    <p class='ocr_par' dir='ltr' id='par_1_53' title="bbox 523 3623 2147 3698">
     <span class='ocr_line' id='line_1_53' title="bbox 523 3623 2147 3698; baseline 0.001 -20"><span class='ocrx_word' id='word_1_398' title='bbox 523 3637 528 3661; x_wconf 71' lang='grc' dir='ltr'>ε</span> <span class='ocrx_word' id='word_1_399' title='bbox 560 3625 808 3690; x_wconf 79' lang='lat' dir='ltr'><strong>videtur,</strong></span> <span class='ocrx_word' id='word_1_400' title='bbox 847 3623 1090 3679; x_wconf 87' lang='lat' dir='ltr'><strong>referens</strong></span> <span class='ocrx_word' id='word_1_401' title='bbox 1117 3639 1237 3694; x_wconf 68' lang='lat' dir='ltr'><strong>quae</strong></span> <span class='ocrx_word' id='word_1_402' title='bbox 1272 3623 1540 3679; x_wconf 89' lang='lat' dir='ltr'><strong>audiendo</strong></span> <span class='ocrx_word' id='word_1_403' title='bbox 1569 3633 1940 3694; x_wconf 84' lang='lat' dir='ltr'><strong>compererat,</strong></span> <span class='ocrx_word' id='word_1_404' title='bbox 1975 3625 2147 3698; x_wconf 79' lang='lat' dir='ltr'><strong>donec</strong></span> 
     </span>
    </p>
   </div>
   <div class='ocr_carea' id='block_1_54' title="bbox 526 3713 2146 3788">
    <p class='ocr_par' dir='ltr' id='par_1_54' title="bbox 526 3713 2146 3788">
     <span class='ocr_line' id='line_1_54' title="bbox 526 3713 2146 3788; baseline -0.002 -13"><span class='ocrx_word' id='word_1_405' title='bbox 526 3739 530 3743; x_wconf 93' lang='grc'><strong>·</strong></span> <span class='ocrx_word' id='word_1_406' title='bbox 562 3734 655 3775; x_wconf 88' lang='lat' dir='ltr'><strong>res</strong></span> <span class='ocrx_word' id='word_1_407' title='bbox 682 3717 972 3788; x_wconf 77' lang='lat' dir='ltr'><strong>attingeret</strong></span> <span class='ocrx_word' id='word_1_408' title='bbox 999 3731 1134 3786; x_wconf 86' lang='lat' dir='ltr'><strong>quas</strong></span> <span class='ocrx_word' id='word_1_409' title='bbox 1164 3716 1280 3786; x_wconf 88' lang='lat' dir='ltr'><strong>ipse</strong></span> <span class='ocrx_word' id='word_1_410' title='bbox 1309 3714 1540 3770; x_wconf 82' lang='lat' dir='ltr'><strong>videndo</strong></span> <span class='ocrx_word' id='word_1_411' title='bbox 1559 3725 1913 3785; x_wconf 80' lang='lat' dir='ltr'><strong>cognoverat.</strong></span> <span class='ocrx_word' id='word_1_412' title='bbox 1947 3713 2146 3772; x_wconf 84' lang='lat' dir='ltr'><strong>Verum</strong></span> 
     </span>
    </p>
   </div>
   <div class='ocr_carea' id='block_1_55' title="bbox 521 3808 2146 3876">
    <p class='ocr_par' dir='ltr' id='par_1_55' title="bbox 521 3808 2146 3876">
     <span class='ocr_line' id='line_1_55' title="bbox 521 3808 2146 3876; baseline -0.002 -9"><span class='ocrx_word' id='word_1_413' title='bbox 521 3819 530 3832; x_wconf 88' lang='lat'><strong>‘</strong></span> <span class='ocrx_word' id='word_1_414' title='bbox 555 3821 616 3868; x_wconf 86' lang='lat' dir='ltr'><strong>et</strong></span> <span class='ocrx_word' id='word_1_415' title='bbox 643 3812 696 3866; x_wconf 91' lang='lat' dir='ltr'><strong>in</strong></span> <span class='ocrx_word' id='word_1_416' title='bbox 725 3811 808 3866; x_wconf 91' lang='lat' dir='ltr'><strong>his</strong></span> <span class='ocrx_word' id='word_1_417' title='bbox 829 3820 882 3865; x_wconf 90' lang='lat' dir='ltr'><strong>et</strong></span> <span class='ocrx_word' id='word_1_418' title='bbox 900 3810 952 3864; x_wconf 92' lang='lat' dir='ltr'><strong>in</strong></span> <span class='ocrx_word' id='word_1_419' title='bbox 985 3809 1093 3864; x_wconf 87' lang='lat' dir='ltr'><strong>illis</strong></span> <span class='ocrx_word' id='word_1_420' title='bbox 1113 3809 1406 3864; x_wconf 83' lang='lat' dir='ltr'><strong>admodum</strong></span> <span class='ocrx_word' id='word_1_421' title='bbox 1431 3808 1655 3865; x_wconf 84' lang='lat' dir='ltr'><strong>licenter</strong></span> <span class='ocrx_word' id='word_1_422' title='bbox 1681 3819 1948 3876; x_wconf 88' lang='lat' dir='ltr'><strong>versatus,</strong></span> <span class='ocrx_word' id='word_1_423' title='bbox 1979 3810 2146 3865; x_wconf 85' lang='lat' dir='ltr'><strong>multa</strong></span> 
     </span>
    </p>
   </div>
   <div class='ocr_carea' id='block_1_56' title="bbox 523 3900 2148 3977">
    <p class='ocr_par' dir='ltr' id='par_1_56' title="bbox 523 3900 2148 3977">
     <span class='ocr_line' id='line_1_56' title="bbox 523 3900 2148 3977; baseline -0.001 -18"><span class='ocrx_word' id='word_1_424' title='bbox 523 3927 530 3932; x_wconf 86' lang='lat'><strong>-</strong></span> <span class='ocrx_word' id='word_1_425' title='bbox 556 3903 920 3977; x_wconf 83' lang='lat' dir='ltr'><strong>ampliﬁcasse</strong></span> <span class='ocrx_word' id='word_1_426' title='bbox 954 3911 1008 3958; x_wconf 88' lang='lat' dir='ltr'><strong>et</strong></span> <span class='ocrx_word' id='word_1_427' title='bbox 1039 3901 1095 3957; x_wconf 90' lang='lat' dir='ltr'><strong>in</strong></span> <span class='ocrx_word' id='word_1_428' title='bbox 1129 3900 1307 3971; x_wconf 86' lang='lat' dir='ltr'><strong>majus</strong></span> <span class='ocrx_word' id='word_1_429' title='bbox 1337 3902 1555 3957; x_wconf 78' lang='lat' dir='ltr'><strong>auxisse</strong></span> <span class='ocrx_word' id='word_1_430' title='bbox 1582 3901 1802 3958; x_wconf 88' lang='lat' dir='ltr'><strong>videtur</strong></span> <span class='ocrx_word' id='word_1_431' title='bbox 1821 3901 1971 3972; x_wconf 75' lang='lat'><strong>(25),</strong></span> <span class='ocrx_word' id='word_1_432' title='bbox 2004 3903 2148 3958; x_wconf 90' lang='lat' dir='ltr'><strong>inter</strong></span> 
     </span>
    </p>
   </div>
   <div class='ocr_carea' id='block_1_57' title="bbox 517 3996 2149 4070">
    <p class='ocr_par' dir='ltr' id='par_1_57' title="bbox 517 3996 2149 4070">
     <span class='ocr_line' id='line_1_57' title="bbox 517 3996 2149 4070; baseline -0.002 -16"><span class='ocrx_word' id='word_1_433' title='bbox 517 4023 520 4026; x_wconf 55' lang='grc' dir='ltr'><strong><em>ί</em></strong></span> <span class='ocrx_word' id='word_1_434' title='bbox 555 4014 682 4070; x_wconf 78' lang='lat' dir='ltr'><strong>qua:</strong></span> <span class='ocrx_word' id='word_1_435' title='bbox 703 3997 974 4070; x_wconf 67' lang='lat' dir='ltr'><strong>praecipue</strong></span> <span class='ocrx_word' id='word_1_436' title='bbox 997 3997 1280 4052; x_wconf 80' lang='lat' dir='ltr'><strong>censenda:</strong></span> <span class='ocrx_word' id='word_1_437' title='bbox 1301 4004 1428 4052; x_wconf 87' lang='lat' dir='ltr'><strong>sunt</strong></span> <span class='ocrx_word' id='word_1_438' title='bbox 1448 3997 1726 4052; x_wconf 85' lang='lat' dir='ltr'><strong>orationes</strong></span> <span class='ocrx_word' id='word_1_439' title='bbox 1751 3997 1953 4067; x_wconf 89' lang='lat' dir='ltr'><strong>passim</strong></span> <span class='ocrx_word' id='word_1_440' title='bbox 1981 3996 2149 4052; x_wconf 82' lang='lat' dir='ltr'><strong>inser-</strong></span> 
     </span>
    </p>
   </div>
   <div class='ocr_carea' id='block_1_58' title="bbox 556 4088 2147 4161">
    <p class='ocr_par' dir='ltr' id='par_1_58' title="bbox 556 4088 2147 4161">
     <span class='ocr_line' id='line_1_58' title="bbox 556 4088 2147 4161; baseline -0.001 -15"><span class='ocrx_word' id='word_1_441' title='bbox 556 4101 663 4157; x_wconf 69' lang='lat' dir='ltr'><strong>tae,</strong></span> <span class='ocrx_word' id='word_1_442' title='bbox 687 4105 824 4161; x_wconf 86' lang='lat' dir='ltr'><strong>quas</strong></span> <span class='ocrx_word' id='word_1_443' title='bbox 852 4090 1036 4146; x_wconf 83' lang='lat' dir='ltr'><strong>nescio</strong></span> <span class='ocrx_word' id='word_1_444' title='bbox 1059 4098 1238 4146; x_wconf 88' lang='lat' dir='ltr'><strong>utrunt</strong></span> <span class='ocrx_word' id='word_1_445' title='bbox 1271 4089 1385 4160; x_wconf 88' lang='lat' dir='ltr'><strong>ipse</strong></span> <span class='ocrx_word' id='word_1_446' title='bbox 1425 4089 1530 4145; x_wconf 88' lang='lat' dir='ltr'><strong>sibi</strong></span> <span class='ocrx_word' id='word_1_447' title='bbox 1575 4088 1932 4153; x_wconf 83' lang='lat' dir='ltr'><strong>confinxerit,</strong></span> <span class='ocrx_word' id='word_1_448' title='bbox 1977 4103 2046 4145; x_wconf 91' lang='lat' dir='ltr'><strong>an</strong></span> <span class='ocrx_word' id='word_1_449' title='bbox 2077 4090 2147 4146; x_wconf 88' lang='lat' dir='ltr'><strong>ab</strong></span> 
     </span>
    </p>
   </div>
   <div class='ocr_carea' id='block_1_59' title="bbox 554 4178 2148 4251">
    <p class='ocr_par' dir='ltr' id='par_1_59' title="bbox 554 4178 2148 4251">
     <span class='ocr_line' id='line_1_59' title="bbox 554 4178 2148 4251; baseline 0 -16"><span class='ocrx_word' id='word_1_450' title='bbox 554 4181 684 4237; x_wconf 82' lang='lat' dir='ltr'><strong>aliis</strong></span> <span class='ocrx_word' id='word_1_451' title='bbox 699 4190 951 4251; x_wconf 85' lang='lat' dir='ltr'><strong>acceptas</strong></span> <span class='ocrx_word' id='word_1_452' title='bbox 980 4178 1286 4250; x_wconf 86' lang='lat' dir='ltr'><strong>receperit:</strong></span> <span class='ocrx_word' id='word_1_453' title='bbox 1320 4195 1446 4234; x_wconf 88' lang='lat' dir='ltr'><strong>nam</strong></span> <span class='ocrx_word' id='word_1_454' title='bbox 1470 4179 1544 4234; x_wconf 88' lang='lat' dir='ltr'><strong>ita</strong></span> <span class='ocrx_word' id='word_1_455' title='bbox 1570 4194 1757 4236; x_wconf 78' lang='lat' dir='ltr'><strong>revera</strong></span> <span class='ocrx_word' id='word_1_456' title='bbox 1784 4181 2000 4235; x_wconf 81' lang='lat' dir='ltr'><strong>habitas</strong></span> <span class='ocrx_word' id='word_1_457' title='bbox 2025 4195 2148 4235; x_wconf 86' lang='lat' dir='ltr'><strong>esse</strong></span> 
     </span>
    </p>
   </div>
   <div class='ocr_carea' id='block_1_60' title="bbox 554 4269 2142 4341">
    <p class='ocr_par' dir='ltr' id='par_1_60' title="bbox 554 4269 2142 4341">
     <span class='ocr_line' id='line_1_60' title="bbox 554 4269 2142 4341; baseline -0.003 -15"><span class='ocrx_word' id='word_1_458' title='bbox 554 4271 686 4341; x_wconf 82' lang='lat' dir='ltr'><strong>quis</strong></span> <span class='ocrx_word' id='word_1_459' title='bbox 712 4271 934 4326; x_wconf 85' lang='lat' dir='ltr'><strong>credat?</strong></span> <span class='ocrx_word' id='word_1_460' title='bbox 960 4270 1283 4341; x_wconf 82' lang='lat' dir='ltr'><strong>Temporutu</strong></span> <span class='ocrx_word' id='word_1_461' title='bbox 1311 4270 1558 4324; x_wconf 84' lang='lat' dir='ltr'><strong>ordinem</strong></span> <span class='ocrx_word' id='word_1_462' title='bbox 1586 4284 1855 4340; x_wconf 89' lang='lat' dir='ltr'><strong>nusquam</strong></span> <span class='ocrx_word' id='word_1_463' title='bbox 1899 4269 2142 4334; x_wconf 85' lang='lat' dir='ltr'><strong>curavit,</strong></span> 
     </span>
    </p>
   </div>
   <div class='ocr_carea' id='block_1_61' title="bbox 553 4359 2250 4433">
    <p class='ocr_par' dir='ltr' id='par_1_61' title="bbox 553 4359 2250 4433">
     <span class='ocr_line' id='line_1_61' title="bbox 553 4359 2250 4433; baseline -0.001 -17"><span class='ocrx_word' id='word_1_464' title='bbox 553 4372 619 4416; x_wconf 80' lang='lat' dir='ltr'><strong>et</strong></span> <span class='ocrx_word' id='word_1_465' title='bbox 641 4362 872 4433; x_wconf 89' lang='lat' dir='ltr'><strong>partium</strong></span> <span class='ocrx_word' id='word_1_466' title='bbox 897 4361 1076 4415; x_wconf 86' lang='lat' dir='ltr'><strong>studio</strong></span> <span class='ocrx_word' id='word_1_467' title='bbox 1095 4368 1328 4416; x_wconf 79' lang='lat' dir='ltr'><strong>etccatus</strong></span> <span class='ocrx_word' id='word_1_468' title='bbox 1349 4375 1378 4412; x_wconf 91' lang='lat' dir='ltr'><strong>a</strong></span> <span class='ocrx_word' id='word_1_469' title='bbox 1404 4360 1631 4416; x_wconf 84' lang='lat' dir='ltr'><strong>veritate</strong></span> <span class='ocrx_word' id='word_1_470' title='bbox 1653 4359 1952 4430; x_wconf 65' lang='lat' dir='ltr'><strong>saapissime</strong></span> <span class='ocrx_word' id='word_1_471' title='bbox 1973 4359 2148 4415; x_wconf 87' lang='lat' dir='ltr'><strong>disce-</strong></span> <span class='ocrx_word' id='word_1_472' title='bbox 2203 4417 2206 4420; x_wconf 49' lang='lat'><strong>.</strong></span> <span class='ocrx_word' id='word_1_473' title='bbox 2247 4421 2250 4424; x_wconf 45' lang='grc'><em>,</em></span> 
     </span>
    </p>
   </div>
   <div class='ocr_carea' id='block_1_62' title="bbox 554 4447 2150 4518">
    <p class='ocr_par' dir='ltr' id='par_1_62' title="bbox 554 4447 2150 4518">
     <span class='ocr_line' id='line_1_62' title="bbox 554 4447 2150 4518; baseline -0.004 -12"><span class='ocrx_word' id='word_1_474' title='bbox 554 4451 671 4514; x_wconf 83' lang='lat' dir='ltr'><strong>dit,</strong></span> <span class='ocrx_word' id='word_1_475' title='bbox 702 4459 762 4503; x_wconf 89' lang='grc' dir='ltr'><strong>ιιι</strong></span> <span class='ocrx_word' id='word_1_476' title='bbox 784 4451 836 4504; x_wconf 89' lang='lat' dir='ltr'><strong>in</strong></span> <span class='ocrx_word' id='word_1_477' title='bbox 865 4464 1044 4505; x_wconf 89' lang='lat' dir='ltr'><strong>rerum</strong></span> <span class='ocrx_word' id='word_1_478' title='bbox 1077 4449 1302 4504; x_wconf 87' lang='lat' dir='ltr'><strong>historia</strong></span> <span class='ocrx_word' id='word_1_479' title='bbox 1335 4450 1615 4504; x_wconf 86' lang='lat' dir='ltr'><strong>condenda</strong></span> <span class='ocrx_word' id='word_1_480' title='bbox 1643 4451 1731 4506; x_wconf 91' lang='lat' dir='ltr'><strong>vix</strong></span> <span class='ocrx_word' id='word_1_481' title='bbox 1769 4464 1836 4504; x_wconf 90' lang='lat' dir='ltr'><strong>eo</strong></span> <span class='ocrx_word' id='word_1_482' title='bbox 1863 4449 1939 4503; x_wconf 86' lang='lat' dir='ltr'><strong>uti</strong></span> <span class='ocrx_word' id='word_1_483' title='bbox 1976 4447 2150 4518; x_wconf 83' lang='lat' dir='ltr'><strong>possi-</strong></span> 
     </span>
    </p>
   </div>
   <div class='ocr_carea' id='block_1_63' title="bbox 560 4539 2149 4612">
    <p class='ocr_par' dir='ltr' id='par_1_63' title="bbox 560 4539 2149 4612">
     <span class='ocr_line' id='line_1_63' title="bbox 560 4539 2149 4612; baseline -0.001 -17"><span class='ocrx_word' id='word_1_484' title='bbox 560 4556 719 4607; x_wconf 87' lang='lat' dir='ltr'><strong>mus,</strong></span> <span class='ocrx_word' id='word_1_485' title='bbox 750 4549 900 4595; x_wconf 87' lang='lat' dir='ltr'><strong>certe</strong></span> <span class='ocrx_word' id='word_1_486' title='bbox 926 4539 1132 4610; x_wconf 83' lang='lat' dir='ltr'><strong>singula</strong></span> <span class='ocrx_word' id='word_1_487' title='bbox 1157 4554 1382 4612; x_wconf 71' lang='lat' dir='ltr'><strong>qumque</strong></span> <span class='ocrx_word' id='word_1_488' title='bbox 1410 4541 1824 4598; x_wconf 83' lang='lat' dir='ltr'><strong>accuratissime</strong></span> <span class='ocrx_word' id='word_1_489' title='bbox 1854 4540 2149 4597; x_wconf 85' lang='lat' dir='ltr'><strong>debeamus</strong></span> 
     </span>
    </p>
   </div>
   <div class='ocr_carea' id='block_1_64' title="bbox 558 4633 900 4688">
    <p class='ocr_par' dir='ltr' id='par_1_64' title="bbox 558 4633 900 4688">
     <span class='ocr_line' id='line_1_64' title="bbox 558 4633 900 4688; baseline -0.006 0"><span class='ocrx_word' id='word_1_490' title='bbox 558 4633 900 4688; x_wconf 77' lang='lat' dir='ltr'><strong>examinare.</strong></span> 
     </span>
    </p>
   </div>
   <div class='ocr_carea' id='block_1_65' title="bbox 631 4723 2142 4799">
    <p class='ocr_par' dir='ltr' id='par_1_65' title="bbox 631 4723 2142 4799">
     <span class='ocr_line' id='line_1_65' title="bbox 631 4723 2142 4799; baseline -0.001 -17"><span class='ocrx_word' id='word_1_491' title='bbox 631 4725 900 4782; x_wconf 83' lang='lat' dir='ltr'><strong>Sermone</strong></span> <span class='ocrx_word' id='word_1_492' title='bbox 921 4727 1089 4780; x_wconf 90' lang='lat' dir='ltr'><strong>utitur</strong></span> <span class='ocrx_word' id='word_1_493' title='bbox 1115 4723 1402 4798; x_wconf 74' lang='lat' dir='ltr'><strong>negligeuti</strong></span> <span class='ocrx_word' id='word_1_494' title='bbox 1423 4735 1481 4781; x_wconf 88' lang='lat' dir='ltr'><strong>et</strong></span> <span class='ocrx_word' id='word_1_495' title='bbox 1506 4728 1571 4784; x_wconf 90' lang='lat' dir='ltr'><strong>ad</strong></span> <span class='ocrx_word' id='word_1_496' title='bbox 1595 4727 1965 4799; x_wconf 63' lang='lat' dir='ltr'><strong>grammaticae</strong></span> <span class='ocrx_word' id='word_1_497' title='bbox 1986 4742 2142 4798; x_wconf 82' lang='lat' dir='ltr'><strong>regu-</strong></span> 
     </span>
    </p>
   </div>
   <div class='ocr_carea' id='block_1_66' title="bbox 629 4905 2143 4983">
    <p class='ocr_par' dir='ltr' id='par_1_66' title="bbox 629 4905 2143 4983">
     <span class='ocr_line' id='line_1_66' title="bbox 629 4905 2143 4983; baseline 0.003 -22"><span class='ocrx_word' id='word_1_498' title='bbox 629 4905 844 4983; x_wconf 78' lang='lat' dir='ltr'><strong>(l_5)__ln</strong></span> <span class='ocrx_word' id='word_1_499' title='bbox 891 4908 1188 4979; x_wconf 82' lang='lat' dir='ltr'><strong>appendice</strong></span> <span class='ocrx_word' id='word_1_500' title='bbox 1238 4909 1502 4966; x_wconf 82' lang='lat' dir='ltr'><strong>Anecdot.</strong></span> <span class='ocrx_word' id='word_1_501' title='bbox 1538 4911 1656 4966; x_wconf 73' lang='grc' dir='ltr'>ιτυι.</span> <span class='ocrx_word' id='word_1_502' title='bbox 1687 4911 1742 4977; x_wconf 90' lang='grc' dir='ltr'>ι,</span> <span class='ocrx_word' id='word_1_503' title='bbox 1791 4921 1846 4965; x_wconf 93' lang='lat' dir='ltr'><strong>ct</strong></span> <span class='ocrx_word' id='word_1_504' title='bbox 1884 4910 2037 4983; x_wconf 68' lang='lat' dir='ltr'><strong>praef.</strong></span> <span class='ocrx_word' id='word_1_505' title='bbox 2077 4910 2143 4965; x_wconf 89' lang='lat' dir='ltr'><strong>ad</strong></span> 
     </span>
    </p>
   </div>
   <div class='ocr_carea' id='block_1_67' title="bbox 557 4976 902 5034">
    <p class='ocr_par' dir='ltr' id='par_1_67' title="bbox 557 4976 902 5034">
     <span class='ocr_line' id='line_1_67' title="bbox 557 4976 902 5034; baseline -0.006 0"><span class='ocrx_word' id='word_1_506' title='bbox 557 4976 902 5034; x_wconf 82' lang='lat' dir='ltr'><strong>Landulfum.</strong></span> 
     </span>
    </p>
   </div>
   <div class='ocr_carea' id='block_1_68' title="bbox 633 5049 2046 5120">
    <p class='ocr_par' dir='ltr' id='par_1_68' title="bbox 633 5049 2046 5120">
     <span class='ocr_line' id='line_1_68' title="bbox 633 5049 2046 5120; baseline 0.002 -18"><span class='ocrx_word' id='word_1_507' title='bbox 633 5051 744 5120; x_wconf 84' lang='lat' dir='ltr'><strong>(l6)</strong></span> <span class='ocrx_word' id='word_1_508' title='bbox 783 5049 1060 5120; x_wconf 66' lang='lat' dir='ltr'><strong>Anticltita</strong></span> <span class='ocrx_word' id='word_1_509' title='bbox 1083 5049 1760 5120; x_wconf 60' lang='lat' dir='ltr'><strong>Longohardico-ililanesi</strong></span> <span class='ocrx_word' id='word_1_510' title='bbox 1793 5051 1890 5116; x_wconf 82' lang='lat' dir='ltr'><strong>lli,</strong></span> <span class='ocrx_word' id='word_1_511' title='bbox 1922 5052 2046 5107; x_wconf 79' lang='grc'><strong>555.</strong></span> 
     </span>
    </p>
   </div>
   <div class='ocr_carea' id='block_1_69' title="bbox 593 5119 2143 5200">
    <p class='ocr_par' dir='ltr' id='par_1_69' title="bbox 593 5119 2143 5200">
     <span class='ocr_line' id='line_1_69' title="bbox 593 5119 2143 5200; baseline 0.002 -25"><span class='ocrx_word' id='word_1_512' title='bbox 593 5192 603 5198; x_wconf 87' lang='lat'>_</span> <span class='ocrx_word' id='word_1_513' title='bbox 632 5119 1034 5200; x_wconf 77' lang='lat' dir='ltr'><strong>(i7)__Quinimo</strong></span> <span class='ocrx_word' id='word_1_514' title='bbox 1063 5122 1104 5200; x_wconf 60' lang='grc' dir='ltr'><strong>Ι9</strong></span> <span class='ocrx_word' id='word_1_515' title='bbox 1138 5119 1231 5188; x_wconf 74' lang='lat'><strong>12,</strong></span> <span class='ocrx_word' id='word_1_516' title='bbox 1255 5123 1385 5200; x_wconf 76' lang='lat' dir='ltr'><strong>dicit</strong></span> <span class='ocrx_word' id='word_1_517' title='bbox 1413 5137 1471 5178; x_wconf 89' lang='lat' dir='ltr'><strong>se</strong></span> <span class='ocrx_word' id='word_1_518' title='bbox 1493 5133 1613 5200; x_wconf 73' lang='lat' dir='ltr'><strong>post</strong></span> <span class='ocrx_word' id='word_1_519' title='bbox 1642 5124 1919 5192; x_wconf 66' lang='lat' dir='ltr'><strong>estpositos</strong></span> <span class='ocrx_word' id='word_1_520' title='bbox 1957 5124 2143 5178; x_wconf 76' lang='lat' dir='ltr'><strong>Eccle-</strong></span> 
     </span>
    </p>
   </div>
   <div class='ocr_carea' id='block_1_70' title="bbox 2173 4603 2226 4663">
    <p class='ocr_par' dir='ltr' id='par_1_70' title="bbox 2173 4603 2226 4663">
     <span class='ocr_line' id='line_1_70' title="bbox 2173 4603 2226 4663; baseline 0 0"><span class='ocrx_word' id='word_1_521' title='bbox 2173 4603 2226 4663; x_wconf 78' lang='grc' dir='ltr'><strong>Ι)</strong></span> 
     </span>
    </p>
   </div>
   <div class='ocr_carea' id='block_1_71' title="bbox 2249 1957 3824 2029">
    <p class='ocr_par' dir='ltr' id='par_1_71' title="bbox 2249 1957 3824 2029">
     <span class='ocr_line' id='line_1_71' title="bbox 2249 1957 3824 2029; baseline -0.01 -7"><span class='ocrx_word' id='word_1_522' title='bbox 2249 1983 2316 2022; x_wconf 82' lang='lat' dir='ltr'><strong>ex</strong></span> <span class='ocrx_word' id='word_1_523' title='bbox 2353 1968 2614 2023; x_wconf 89' lang='lat' dir='ltr'><strong>memoria</strong></span> <span class='ocrx_word' id='word_1_524' title='bbox 2642 1963 2916 2028; x_wconf 86' lang='lat' dir='ltr'><strong>laudavit,</strong></span> <span class='ocrx_word' id='word_1_525' title='bbox 2950 1963 3023 2018; x_wconf 89' lang='lat' dir='ltr'><strong>ita</strong></span> <span class='ocrx_word' id='word_1_526' title='bbox 3072 1974 3460 2029; x_wconf 82' lang='lat' dir='ltr'><strong>nonnunquam</strong></span> <span class='ocrx_word' id='word_1_527' title='bbox 3516 1957 3745 2010; x_wconf 79' lang='lat' dir='ltr'><strong>mutavit</strong></span> <span class='ocrx_word' id='word_1_528' title='bbox 3777 1966 3824 2007; x_wconf 88' lang='lat' dir='ltr'><strong>ut</strong></span> 
     </span>
    </p>
   </div>
   <div class='ocr_carea' id='block_1_72' title="bbox 2239 2048 3823 2128">
    <p class='ocr_par' dir='ltr' id='par_1_72' title="bbox 2239 2048 3823 2128">
     <span class='ocr_line' id='line_1_72' title="bbox 2239 2048 3823 2128; baseline -0.011 -14"><span class='ocrx_word' id='word_1_529' title='bbox 2239 2061 2334 2114; x_wconf 80' lang='lat' dir='ltr'><strong>&#39;vix</strong></span> <span class='ocrx_word' id='word_1_530' title='bbox 2371 2074 2466 2113; x_wconf 89' lang='lat' dir='ltr'><strong>eos</strong></span> <span class='ocrx_word' id='word_1_531' title='bbox 2496 2071 2794 2128; x_wconf 79' lang='lat' dir='ltr'><strong>agnoscas;</strong></span> <span class='ocrx_word' id='word_1_532' title='bbox 2833 2053 3038 2125; x_wconf 89' lang='lat' dir='ltr'><strong>aliquot</strong></span> <span class='ocrx_word' id='word_1_533' title='bbox 3084 2052 3286 2108; x_wconf 82' lang='lat' dir='ltr'><strong>frustra</strong></span> <span class='ocrx_word' id='word_1_534' title='bbox 3328 2049 3565 2106; x_wconf 87' lang='lat' dir='ltr'><strong>omnino</strong></span> <span class='ocrx_word' id='word_1_535' title='bbox 3600 2048 3823 2117; x_wconf 69' lang='lat' dir='ltr'><strong>quasivi.</strong></span> 
     </span>
    </p>
   </div>
   <div class='ocr_carea' id='block_1_73' title="bbox 2251 2140 3826 2218">
    <p class='ocr_par' dir='ltr' id='par_1_73' title="bbox 2251 2140 3826 2218">
     <span class='ocr_line' id='line_1_73' title="bbox 2251 2140 3826 2218; baseline -0.011 -11"><span class='ocrx_word' id='word_1_536' title='bbox 2251 2151 2354 2208; x_wconf 74' lang='lat' dir='ltr'><strong>Sed</strong></span> <span class='ocrx_word' id='word_1_537' title='bbox 2403 2150 2568 2204; x_wconf 90' lang='lat' dir='ltr'><strong>libros</strong></span> <span class='ocrx_word' id='word_1_538' title='bbox 2615 2149 2812 2218; x_wconf 84' lang='lat' dir='ltr'><strong>quibus</strong></span> <span class='ocrx_word' id='word_1_539' title='bbox 2848 2163 2978 2202; x_wconf 90' lang='lat' dir='ltr'><strong>usus</strong></span> <span class='ocrx_word' id='word_1_540' title='bbox 3031 2153 3116 2202; x_wconf 83' lang='lat' dir='ltr'><strong>est</strong></span> <span class='ocrx_word' id='word_1_541' title='bbox 3158 2145 3225 2198; x_wconf 92' lang='lat' dir='ltr'><strong>ab</strong></span> <span class='ocrx_word' id='word_1_542' title='bbox 3265 2143 3388 2198; x_wconf 91' lang='lat' dir='ltr'><strong>aliis</strong></span> <span class='ocrx_word' id='word_1_543' title='bbox 3438 2140 3826 2211; x_wconf 65' lang='lat' dir='ltr'><strong>exemplaribus</strong></span> 
     </span>
    </p>
   </div>
   <div class='ocr_carea' id='block_1_74' title="bbox 2249 2231 3823 2314">
    <p class='ocr_par' dir='ltr' id='par_1_74' title="bbox 2249 2231 3823 2314">
     <span class='ocr_line' id='line_1_74' title="bbox 2249 2231 3823 2314; baseline -0.011 -15"><span class='ocrx_word' id='word_1_544' title='bbox 2249 2244 2584 2314; x_wconf 87' lang='lat' dir='ltr'><strong>aliquantum</strong></span> <span class='ocrx_word' id='word_1_545' title='bbox 2609 2241 2852 2296; x_wconf 86' lang='lat' dir='ltr'><strong>diversos</strong></span> <span class='ocrx_word' id='word_1_546' title='bbox 2886 2239 3056 2294; x_wconf 82' lang='lat' dir='ltr'><strong>fuisse</strong></span> <span class='ocrx_word' id='word_1_547' title='bbox 3079 2243 3339 2308; x_wconf 86' lang='lat' dir='ltr'><strong>apparet,</strong></span> <span class='ocrx_word' id='word_1_548' title='bbox 3377 2233 3519 2288; x_wconf 92' lang='lat' dir='ltr'><strong>alios</strong></span> <span class='ocrx_word' id='word_1_549' title='bbox 3551 2231 3823 2304; x_wconf 73' lang='lat' dir='ltr'><strong>pseudepi-</strong></span> 
     </span>
    </p>
   </div>
   <div class='ocr_carea' id='block_1_75' title="bbox 2251 2324 3825 2407">
    <p class='ocr_par' dir='ltr' id='par_1_75' title="bbox 2251 2324 3825 2407">
     <span class='ocr_line' id='line_1_75' title="bbox 2251 2324 3825 2407; baseline -0.011 -13"><span class='ocrx_word' id='word_1_550' title='bbox 2251 2338 2488 2407; x_wconf 73' lang='lat' dir='ltr'><strong>graphus</strong></span> <span class='ocrx_word' id='word_1_551' title='bbox 2518 2335 2718 2399; x_wconf 89' lang='lat' dir='ltr'><strong>luisse,</strong></span> <span class='ocrx_word' id='word_1_552' title='bbox 2745 2333 2798 2388; x_wconf 90' lang='lat' dir='ltr'><strong>in</strong></span> <span class='ocrx_word' id='word_1_553' title='bbox 2825 2333 3022 2404; x_wconf 89' lang='lat' dir='ltr'><strong>quibus</strong></span> <span class='ocrx_word' id='word_1_554' title='bbox 3051 2346 3102 2386; x_wconf 90' lang='lat' dir='ltr'><strong>e.</strong></span> <span class='ocrx_word' id='word_1_555' title='bbox 3134 2345 3189 2402; x_wconf 83' lang='lat' dir='ltr'><strong>g.</strong></span> <span class='ocrx_word' id='word_1_556' title='bbox 3227 2327 3526 2400; x_wconf 84' lang='lat' dir='ltr'><strong>Augustini</strong></span> <span class='ocrx_word' id='word_1_557' title='bbox 3581 2325 3742 2380; x_wconf 83' lang='lat' dir='ltr'><strong>verba</strong></span> <span class='ocrx_word' id='word_1_558' title='bbox 3772 2324 3825 2377; x_wconf 83' lang='lat' dir='ltr'><strong>de</strong></span> 
     </span>
    </p>
   </div>
   <div class='ocr_carea' id='block_1_76' title="bbox 2253 2425 2886 2492">
    <p class='ocr_par' dir='ltr' id='par_1_76' title="bbox 2253 2425 2886 2492">
     <span class='ocr_line' id='line_1_76' title="bbox 2253 2425 2886 2492; baseline -0.008 -8"><span class='ocrx_word' id='word_1_559' title='bbox 2253 2430 2402 2484; x_wconf 85' lang='lat' dir='ltr'><strong>ranis</strong></span> <span class='ocrx_word' id='word_1_560' title='bbox 2425 2444 2487 2484; x_wconf 86' lang='grc' dir='ltr'><strong>ιιι</strong></span> <span class='ocrx_word' id='word_1_561' title='bbox 2514 2469 2528 2492; x_wconf 89' lang='grc'><em>,</em></span> <span class='ocrx_word' id='word_1_562' title='bbox 2564 2427 2628 2492; x_wconf 88' lang='lat'><strong>8,</strong></span> <span class='ocrx_word' id='word_1_563' title='bbox 2661 2425 2886 2481; x_wconf 88' lang='lat' dir='ltr'><strong>invenit.</strong></span> 
     </span>
    </p>
   </div>
   <div class='ocr_carea' id='block_1_77' title="bbox 2329 2507 3821 2576">
    <p class='ocr_par' dir='ltr' id='par_1_77' title="bbox 2329 2507 3821 2576">
     <span class='ocr_line' id='line_1_77' title="bbox 2329 2507 3821 2576; baseline -0.01 -1"><span class='ocrx_word' id='word_1_564' title='bbox 2329 2519 2507 2576; x_wconf 83' lang='lat' dir='ltr'><strong>Editio</strong></span> <span class='ocrx_word' id='word_1_565' title='bbox 2535 2518 2800 2572; x_wconf 86' lang='lat' dir='ltr'><strong>hactenus</strong></span> <span class='ocrx_word' id='word_1_566' title='bbox 2823 2516 2986 2570; x_wconf 88' lang='lat' dir='ltr'><strong>unica</strong></span> <span class='ocrx_word' id='word_1_567' title='bbox 3040 2514 3095 2569; x_wconf 91' lang='lat' dir='ltr'><strong>in</strong></span> <span class='ocrx_word' id='word_1_568' title='bbox 3142 2509 3424 2567; x_wconf 79' lang='lat' dir='ltr'><strong>Muratorii</strong></span> <span class='ocrx_word' id='word_1_569' title='bbox 3481 2507 3591 2563; x_wconf 86' lang='lat' dir='ltr'><strong>SS.</strong></span> <span class='ocrx_word' id='word_1_570' title='bbox 3642 2507 3821 2562; x_wconf 67' lang='lat' dir='ltr'><strong>Reru-</strong></span> 
     </span>
    </p>
   </div>
   <div class='ocr_carea' id='block_1_78' title="bbox 2251 2600 3823 2682">
    <p class='ocr_par' dir='ltr' id='par_1_78' title="bbox 2251 2600 3823 2682">
     <span class='ocr_line' id='line_1_78' title="bbox 2251 2600 3823 2682; baseline -0.01 -12"><span class='ocrx_word' id='word_1_571' title='bbox 2251 2615 2371 2670; x_wconf 85' lang='lat' dir='ltr'><strong>ltal.</strong></span> <span class='ocrx_word' id='word_1_572' title='bbox 2408 2612 2514 2668; x_wconf 86' lang='lat' dir='ltr'><strong>vol.</strong></span> <span class='ocrx_word' id='word_1_573' title='bbox 2541 2611 2610 2667; x_wconf 79' lang='lat' dir='ltr'><strong>IV</strong></span> <span class='ocrx_word' id='word_1_574' title='bbox 2639 2625 2733 2682; x_wconf 88' lang='lat' dir='ltr'><strong>per</strong></span> <span class='ocrx_word' id='word_1_575' title='bbox 2775 2608 3056 2664; x_wconf 81' lang='lat' dir='ltr'><strong>Horatium</strong></span> <span class='ocrx_word' id='word_1_576' title='bbox 3112 2605 3370 2662; x_wconf 82' lang='lat' dir='ltr'><strong>Blaueum</strong></span> <span class='ocrx_word' id='word_1_577' title='bbox 3417 2610 3614 2659; x_wconf 88' lang='lat' dir='ltr'><strong>curata</strong></span> <span class='ocrx_word' id='word_1_578' title='bbox 3668 2600 3823 2656; x_wconf 79' lang='lat' dir='ltr'><strong>estad</strong></span> 
     </span>
    </p>
   </div>
   <div class='ocr_carea' id='block_1_79' title="bbox 2251 2693 3823 2773">
    <p class='ocr_par' dir='ltr' id='par_1_79' title="bbox 2251 2693 3823 2773">
     <span class='ocr_line' id='line_1_79' title="bbox 2251 2693 3823 2773; baseline -0.011 -10"><span class='ocrx_word' id='word_1_579' title='bbox 2251 2708 2388 2763; x_wconf 84' lang='lat' dir='ltr'><strong>duos</strong></span> <span class='ocrx_word' id='word_1_580' title='bbox 2406 2705 2621 2762; x_wconf 85' lang='lat' dir='ltr'><strong>codices</strong></span> <span class='ocrx_word' id='word_1_581' title='bbox 2647 2702 3114 2773; x_wconf 85' lang='lat' dir='ltr'><strong>metropolitauos,</strong></span> <span class='ocrx_word' id='word_1_582' title='bbox 3135 2712 3368 2771; x_wconf 87' lang='lat' dir='ltr'><strong>quorum</strong></span> <span class='ocrx_word' id='word_1_583' title='bbox 3382 2695 3528 2751; x_wconf 89' lang='lat' dir='ltr'><strong>alter</strong></span> <span class='ocrx_word' id='word_1_584' title='bbox 3550 2694 3665 2764; x_wconf 87' lang='lat' dir='ltr'><strong>jam</strong></span> <span class='ocrx_word' id='word_1_585' title='bbox 3684 2693 3823 2765; x_wconf 84' lang='lat' dir='ltr'><strong>periit</strong></span> 
     </span>
    </p>
   </div>
   <div class='ocr_carea' id='block_1_80' title="bbox 2251 2787 3823 2872">
    <p class='ocr_par' dir='ltr' id='par_1_80' title="bbox 2251 2787 3823 2872">
     <span class='ocr_line' id='line_1_80' title="bbox 2251 2787 3823 2872; baseline -0.01 -18"><span class='ocrx_word' id='word_1_586' title='bbox 2251 2800 2387 2872; x_wconf 70' lang='lat'><strong>(:26).</strong></span> <span class='ocrx_word' id='word_1_587' title='bbox 2418 2796 2934 2858; x_wconf 8' lang='lat' dir='ltr'><strong>Muratoriusjautca</strong></span> <span class='ocrx_word' id='word_1_588' title='bbox 2981 2795 3034 2849; x_wconf 89' lang='lat' dir='ltr'><strong>in</strong></span> <span class='ocrx_word' id='word_1_589' title='bbox 3061 2807 3216 2848; x_wconf 90' lang='lat' dir='ltr'><strong>usum</strong></span> <span class='ocrx_word' id='word_1_590' title='bbox 3261 2805 3418 2846; x_wconf 90' lang='lat' dir='ltr'><strong>suum</strong></span> <span class='ocrx_word' id='word_1_591' title='bbox 3475 2787 3823 2857; x_wconf 68' lang='lat' dir='ltr'><strong>descripserat</strong></span> 
     </span>
    </p>
   </div>
   <div class='ocr_carea' id='block_1_81' title="bbox 2252 2877 3817 2954">
    <p class='ocr_par' dir='ltr' id='par_1_81' title="bbox 2252 2877 3817 2954">
     <span class='ocr_line' id='line_1_81' title="bbox 2252 2877 3817 2954; baseline -0.013 -6"><span class='ocrx_word' id='word_1_592' title='bbox 2252 2891 2526 2950; x_wconf 69' lang='lat' dir='ltr'><strong>recentius</strong></span> <span class='ocrx_word' id='word_1_593' title='bbox 2571 2887 2702 2948; x_wconf 85' lang='lat' dir='ltr'><strong>bibl.</strong></span> <span class='ocrx_word' id='word_1_594' title='bbox 2733 2885 3110 2942; x_wconf 63' lang='lat' dir='ltr'><strong>Ambrosianus</strong></span> <span class='ocrx_word' id='word_1_595' title='bbox 3161 2880 3570 2954; x_wconf 80' lang='lat' dir='ltr'><strong>apograpbutn.</strong></span> <span class='ocrx_word' id='word_1_596' title='bbox 3601 2877 3742 2946; x_wconf 85' lang='lat' dir='ltr'><strong>quod</strong></span> <span class='ocrx_word' id='word_1_597' title='bbox 3769 2891 3817 2928; x_wconf 73' lang='lat' dir='ltr'><strong>es</strong></span> 
     </span>
    </p>
   </div>
   <div class='ocr_carea' id='block_1_82' title="bbox 2250 2971 3821 3044">
    <p class='ocr_par' dir='ltr' id='par_1_82' title="bbox 2250 2971 3821 3044">
     <span class='ocr_line' id='line_1_82' title="bbox 2250 2971 3821 3044; baseline -0.01 -5"><span class='ocrx_word' id='word_1_598' title='bbox 2250 2984 2515 3040; x_wconf 88' lang='lat' dir='ltr'><strong>alterutro</strong></span> <span class='ocrx_word' id='word_1_599' title='bbox 2567 2981 2780 3036; x_wconf 90' lang='lat' dir='ltr'><strong>illorum</strong></span> <span class='ocrx_word' id='word_1_600' title='bbox 2828 2977 3050 3034; x_wconf 82' lang='lat' dir='ltr'><strong>ﬂuxisse</strong></span> <span class='ocrx_word' id='word_1_601' title='bbox 3097 2975 3448 3032; x_wconf 80' lang='lat' dir='ltr'><strong>existimabat</strong></span> <span class='ocrx_word' id='word_1_602' title='bbox 3504 2973 3650 3044; x_wconf 69' lang='lat'><strong>(27).</strong></span> <span class='ocrx_word' id='word_1_603' title='bbox 3706 2971 3821 3025; x_wconf 78' lang='lat' dir='ltr'><strong>Ean</strong></span> 
     </span>
    </p>
   </div>
   <div class='ocr_carea' id='block_1_83' title="bbox 2249 3063 3821 3137">
    <p class='ocr_par' dir='ltr' id='par_1_83' title="bbox 2249 3063 3821 3137">
     <span class='ocr_line' id='line_1_83' title="bbox 2249 3063 3821 3137; baseline -0.013 -4"><span class='ocrx_word' id='word_1_604' title='bbox 2249 3076 2618 3132; x_wconf 81' lang='lat' dir='ltr'><strong>Bethmannus</strong></span> <span class='ocrx_word' id='word_1_605' title='bbox 2667 3080 2851 3128; x_wconf 90' lang='lat' dir='ltr'><strong>noster</strong></span> <span class='ocrx_word' id='word_1_606' title='bbox 2894 3078 3110 3127; x_wconf 79' lang='lat' dir='ltr'><strong>secutus</strong></span> <span class='ocrx_word' id='word_1_607' title='bbox 3136 3077 3240 3134; x_wconf 85' lang='lat' dir='ltr'><strong>est,</strong></span> <span class='ocrx_word' id='word_1_608' title='bbox 3285 3077 3340 3122; x_wconf 90' lang='lat' dir='ltr'><strong>et</strong></span> <span class='ocrx_word' id='word_1_609' title='bbox 3371 3080 3487 3137; x_wconf 79' lang='lat' dir='ltr'><strong>pra:</strong></span> <span class='ocrx_word' id='word_1_610' title='bbox 3541 3063 3821 3136; x_wconf 72' lang='lat' dir='ltr'><strong>apographi</strong></span> 
     </span>
    </p>
   </div>
   <div class='ocr_carea' id='block_1_84' title="bbox 2250 3155 3822 3242">
    <p class='ocr_par' dir='ltr' id='par_1_84' title="bbox 2250 3155 3822 3242">
     <span class='ocr_line' id='line_1_84' title="bbox 2250 3155 3822 3242; baseline -0.01 -17"><span class='ocrx_word' id='word_1_611' title='bbox 2250 3169 2368 3239; x_wconf 88' lang='lat' dir='ltr'><strong>ejus</strong></span> <span class='ocrx_word' id='word_1_612' title='bbox 2386 3169 2500 3242; x_wconf 76' lang='lat' dir='ltr'><strong>(A‘)</strong></span> <span class='ocrx_word' id='word_1_613' title='bbox 2532 3167 2635 3223; x_wconf 81' lang='lat' dir='ltr'><strong>fide</strong></span> <span class='ocrx_word' id='word_1_614' title='bbox 2658 3166 2841 3222; x_wconf 87' lang='lat' dir='ltr'><strong>Blanci</strong></span> <span class='ocrx_word' id='word_1_615' title='bbox 2873 3174 3078 3220; x_wconf 87' lang='lat' dir='ltr'><strong>textum</strong></span> <span class='ocrx_word' id='word_1_616' title='bbox 3113 3161 3341 3219; x_wconf 88' lang='lat' dir='ltr'><strong>minoris</strong></span> <span class='ocrx_word' id='word_1_617' title='bbox 3367 3160 3689 3216; x_wconf 76' lang='lat' dir='ltr'><strong>testimavit.</strong></span> <span class='ocrx_word' id='word_1_618' title='bbox 3734 3155 3822 3210; x_wconf 81' lang='lat' dir='ltr'><strong>Sed</strong></span> 
     </span>
    </p>
   </div>
   <div class='ocr_carea' id='block_1_85' title="bbox 2252 3248 3824 3327">
    <p class='ocr_par' dir='ltr' id='par_1_85' title="bbox 2252 3248 3824 3327">
     <span class='ocr_line' id='line_1_85' title="bbox 2252 3248 3824 3327; baseline -0.01 -12"><span class='ocrx_word' id='word_1_619' title='bbox 2252 3260 2532 3316; x_wconf 83' lang='lat' dir='ltr'><strong>mihicum</strong></span> <span class='ocrx_word' id='word_1_620' title='bbox 2563 3256 2774 3327; x_wconf 85' lang='lat' dir='ltr'><strong>aliquas</strong></span> <span class='ocrx_word' id='word_1_621' title='bbox 2805 3256 3067 3313; x_wconf 89' lang='lat' dir='ltr'><strong>lectiones</strong></span> <span class='ocrx_word' id='word_1_622' title='bbox 3087 3270 3156 3312; x_wconf 84' lang='lat' dir='ltr'><strong>ex</strong></span> <span class='ocrx_word' id='word_1_623' title='bbox 3198 3254 3318 3308; x_wconf 86' lang='lat' dir='ltr'><strong>cod.</strong></span> <span class='ocrx_word' id='word_1_624' title='bbox 3363 3255 3432 3308; x_wconf 80' lang='grc' dir='ltr'><strong>Α.</strong></span> <span class='ocrx_word' id='word_1_625' title='bbox 3487 3249 3636 3320; x_wconf 89' lang='lat' dir='ltr'><strong>apud</strong></span> <span class='ocrx_word' id='word_1_626' title='bbox 3687 3248 3824 3302; x_wconf 75' lang='lat' dir='ltr'><strong>Blu-</strong></span> 
     </span>
    </p>
   </div>
   <div class='ocr_carea' id='block_1_86' title="bbox 2251 3338 3824 3421">
    <p class='ocr_par' dir='ltr' id='par_1_86' title="bbox 2251 3338 3824 3421">
     <span class='ocr_line' id='line_1_86' title="bbox 2251 3338 3824 3421; baseline -0.01 -13"><span class='ocrx_word' id='word_1_627' title='bbox 2251 3367 2378 3408; x_wconf 83' lang='lat' dir='ltr'><strong>cuni</strong></span> <span class='ocrx_word' id='word_1_628' title='bbox 2402 3349 2594 3406; x_wconf 90' lang='lat' dir='ltr'><strong>allatas</strong></span> <span class='ocrx_word' id='word_1_629' title='bbox 2619 3348 2786 3421; x_wconf 47' lang='lat' dir='ltr'><strong>(28),.a</strong></span> <span class='ocrx_word' id='word_1_630' title='bbox 2815 3347 3027 3405; x_wconf 73' lang='lat' dir='ltr'><strong>caneris</strong></span> <span class='ocrx_word' id='word_1_631' title='bbox 3059 3346 3218 3419; x_wconf 87' lang='lat' dir='ltr'><strong>plane</strong></span> <span class='ocrx_word' id='word_1_632' title='bbox 3251 3345 3499 3400; x_wconf 87' lang='lat' dir='ltr'><strong>diversas</strong></span> <span class='ocrx_word' id='word_1_633' title='bbox 3546 3357 3675 3398; x_wconf 84' lang='lat' dir='ltr'><strong>esse</strong></span> <span class='ocrx_word' id='word_1_634' title='bbox 3723 3338 3824 3393; x_wconf 82' lang='lat' dir='ltr'><strong>ani-</strong></span> 
     </span>
    </p>
   </div>
   <div class='ocr_carea' id='block_1_87' title="bbox 2251 3434 3823 3504">
    <p class='ocr_par' dir='ltr' id='par_1_87' title="bbox 2251 3434 3823 3504">
     <span class='ocr_line' id='line_1_87' title="bbox 2251 3434 3823 3504; baseline -0.008 -8"><span class='ocrx_word' id='word_1_635' title='bbox 2251 3441 2671 3504; x_wconf 87' lang='lat' dir='ltr'><strong>madverterem,</strong></span> <span class='ocrx_word' id='word_1_636' title='bbox 2701 3439 2804 3495; x_wconf 92' lang='lat' dir='ltr'><strong>hoc</strong></span> <span class='ocrx_word' id='word_1_637' title='bbox 2838 3454 2945 3494; x_wconf 91' lang='lat' dir='ltr'><strong>non</strong></span> <span class='ocrx_word' id='word_1_638' title='bbox 2971 3437 3043 3494; x_wconf 87' lang='lat' dir='ltr'><strong>ita</strong></span> <span class='ocrx_word' id='word_1_639' title='bbox 3067 3445 3280 3493; x_wconf 89' lang='lat' dir='ltr'><strong>certum</strong></span> <span class='ocrx_word' id='word_1_640' title='bbox 3303 3435 3485 3490; x_wconf 88' lang='lat' dir='ltr'><strong>visum</strong></span> <span class='ocrx_word' id='word_1_641' title='bbox 3521 3444 3638 3497; x_wconf 83' lang='lat' dir='ltr'><strong>est;</strong></span> <span class='ocrx_word' id='word_1_642' title='bbox 3663 3434 3823 3502; x_wconf 81' lang='lat' dir='ltr'><strong>itaque</strong></span> 
     </span>
    </p>
   </div>
   <div class='ocr_carea' id='block_1_88' title="bbox 2249 3527 3824 3598">
    <p class='ocr_par' dir='ltr' id='par_1_88' title="bbox 2249 3527 3824 3598">
     <span class='ocr_line' id='line_1_88' title="bbox 2249 3527 3824 3598; baseline -0.003 -11"><span class='ocrx_word' id='word_1_643' title='bbox 2249 3531 2436 3588; x_wconf 85' lang='lat' dir='ltr'><strong>Blanci</strong></span> <span class='ocrx_word' id='word_1_644' title='bbox 2459 3531 2641 3587; x_wconf 87' lang='lat' dir='ltr'><strong>varias</strong></span> <span class='ocrx_word' id='word_1_645' title='bbox 2675 3531 2960 3598; x_wconf 83' lang='lat' dir='ltr'><strong>lectiones,</strong></span> <span class='ocrx_word' id='word_1_646' title='bbox 2989 3532 3092 3588; x_wconf 80' lang='lat' dir='ltr'><strong>etsi</strong></span> <span class='ocrx_word' id='word_1_647' title='bbox 3133 3530 3419 3586; x_wconf 89' lang='lat' dir='ltr'><strong>intextum</strong></span> <span class='ocrx_word' id='word_1_648' title='bbox 3451 3543 3553 3584; x_wconf 86' lang='lat' dir='ltr'><strong>eas</strong></span> <span class='ocrx_word' id='word_1_649' title='bbox 3603 3527 3824 3594; x_wconf 73' lang='lat' dir='ltr'><strong>recipere</strong></span> 
     </span>
    </p>
   </div>
   <div class='ocr_carea' id='block_1_89' title="bbox 2252 3618 3825 3688">
    <p class='ocr_par' dir='ltr' id='par_1_89' title="bbox 2252 3618 3825 3688">
     <span class='ocr_line' id='line_1_89' title="bbox 2252 3618 3825 3688; baseline -0.007 -7"><span class='ocrx_word' id='word_1_650' title='bbox 2252 3641 2378 3681; x_wconf 90' lang='lat' dir='ltr'><strong>raro</strong></span> <span class='ocrx_word' id='word_1_651' title='bbox 2400 3641 2564 3681; x_wconf 90' lang='lat' dir='ltr'><strong>ausus</strong></span> <span class='ocrx_word' id='word_1_652' title='bbox 2590 3625 2717 3688; x_wconf 87' lang='lat' dir='ltr'><strong>sim,</strong></span> <span class='ocrx_word' id='word_1_653' title='bbox 2753 3633 2930 3679; x_wconf 80' lang='lat' dir='ltr'><strong>tamen</strong></span> <span class='ocrx_word' id='word_1_654' title='bbox 2962 3623 3266 3680; x_wconf 65' lang='lat' dir='ltr'><strong>auertendas</strong></span> <span class='ocrx_word' id='word_1_655' title='bbox 3313 3636 3439 3680; x_wconf 83' lang='lat' dir='ltr'><strong>esse</strong></span> <span class='ocrx_word' id='word_1_656' title='bbox 3481 3621 3640 3686; x_wconf 82' lang='lat' dir='ltr'><strong>duxi,</strong></span> <span class='ocrx_word' id='word_1_657' title='bbox 3693 3618 3825 3673; x_wconf 83' lang='lat' dir='ltr'><strong>initio</strong></span> 
     </span>
    </p>
   </div>
   <div class='ocr_carea' id='block_1_90' title="bbox 2249 3714 3823 3793">
    <p class='ocr_par' dir='ltr' id='par_1_90' title="bbox 2249 3714 3823 3793">
     <span class='ocr_line' id='line_1_90' title="bbox 2249 3714 3823 3793; baseline -0.007 -15"><span class='ocrx_word' id='word_1_658' title='bbox 2249 3737 2462 3788; x_wconf 85' lang='lat' dir='ltr'><strong>omnes.</strong></span> <span class='ocrx_word' id='word_1_659' title='bbox 2502 3722 2699 3778; x_wconf 88' lang='lat' dir='ltr'><strong>deinde</strong></span> <span class='ocrx_word' id='word_1_660' title='bbox 2723 3737 2843 3793; x_wconf 63' lang='lat' dir='ltr'><strong>quae</strong></span> <span class='ocrx_word' id='word_1_661' title='bbox 2867 3719 3085 3792; x_wconf 86' lang='lat' dir='ltr'><strong>majoris</strong></span> <span class='ocrx_word' id='word_1_662' title='bbox 3109 3717 3365 3774; x_wconf 83' lang='lat' dir='ltr'><strong>momenti</strong></span> <span class='ocrx_word' id='word_1_663' title='bbox 3393 3725 3605 3773; x_wconf 86' lang='lat' dir='ltr'><strong>essent.</strong></span> <span class='ocrx_word' id='word_1_664' title='bbox 3637 3714 3739 3770; x_wconf 85' lang='lat' dir='ltr'><strong>Sed</strong></span> <span class='ocrx_word' id='word_1_665' title='bbox 3759 3714 3823 3782; x_wconf 63' lang='grc' dir='ltr'><strong>ἱρν</strong></span> 
     </span>
    </p>
   </div>
   <div class='ocr_carea' id='block_1_91' title="bbox 2249 3808 3823 3885">
    <p class='ocr_par' dir='ltr' id='par_1_91' title="bbox 2249 3808 3823 3885">
     <span class='ocr_line' id='line_1_91' title="bbox 2249 3808 3823 3885; baseline -0.01 -13"><span class='ocrx_word' id='word_1_666' title='bbox 2249 3830 2364 3872; x_wconf 81' lang='lat' dir='ltr'><strong>sam</strong></span> <span class='ocrx_word' id='word_1_667' title='bbox 2391 3831 2537 3870; x_wconf 86' lang='lat' dir='ltr'><strong>nunc</strong></span> <span class='ocrx_word' id='word_1_668' title='bbox 2566 3811 2906 3885; x_wconf 82' lang='lat' dir='ltr'><strong>proferamus</strong></span> <span class='ocrx_word' id='word_1_669' title='bbox 2926 3812 3173 3869; x_wconf 87' lang='lat' dir='ltr'><strong>codicum</strong></span> <span class='ocrx_word' id='word_1_670' title='bbox 3219 3808 3676 3878; x_wconf 83' lang='lat' dir='ltr'><strong>descriptionem,</strong></span> <span class='ocrx_word' id='word_1_671' title='bbox 3704 3823 3823 3877; x_wconf 62' lang='lat' dir='ltr'><strong>qua—</strong></span> 
     </span>
    </p>
   </div>
   <div class='ocr_carea' id='block_1_92' title="bbox 2250 3899 3388 3962">
    <p class='ocr_par' dir='ltr' id='par_1_92' title="bbox 2250 3899 3388 3962">
     <span class='ocr_line' id='line_1_92' title="bbox 2250 3899 3388 3962; baseline -0.006 -2"><span class='ocrx_word' id='word_1_672' title='bbox 2250 3905 2354 3962; x_wconf 89' lang='lat' dir='ltr'><strong>letn</strong></span> <span class='ocrx_word' id='word_1_673' title='bbox 2384 3905 2538 3962; x_wconf 91' lang='lat' dir='ltr'><strong>nobis</strong></span> <span class='ocrx_word' id='word_1_674' title='bbox 2571 3903 2943 3960; x_wconf 86' lang='lat' dir='ltr'><strong>Bethmannus</strong></span> <span class='ocrx_word' id='word_1_675' title='bbox 2970 3899 3314 3957; x_wconf 88' lang='lat' dir='ltr'><strong>transmisit:</strong></span> <span class='ocrx_word' id='word_1_676' title='bbox 3376 3910 3388 3922; x_wconf 84' lang='lat'><strong>‘</strong></span> 
     </span>
    </p>
   </div>
   <div class='ocr_carea' id='block_1_93' title="bbox 2321 3989 3824 4069">
    <p class='ocr_par' dir='ltr' id='par_1_93' title="bbox 2321 3989 3824 4069">
     <span class='ocr_line' id='line_1_93' title="bbox 2321 3989 3824 4069; baseline -0.005 -19"><span class='ocrx_word' id='word_1_677' title='bbox 2321 3994 2438 4069; x_wconf 78' lang='lat' dir='ltr'><strong>[A.]</strong></span> <span class='ocrx_word' id='word_1_678' title='bbox 2464 3995 2649 4052; x_wconf 77' lang='lat' dir='ltr'><strong>Codex</strong></span> <span class='ocrx_word' id='word_1_679' title='bbox 2674 3995 2804 4050; x_wconf 89' lang='lat' dir='ltr'><strong>olim</strong></span> <span class='ocrx_word' id='word_1_680' title='bbox 2839 3993 3087 4050; x_wconf 73' lang='lat' dir='ltr'><strong>ecclesia:</strong></span> <span class='ocrx_word' id='word_1_681' title='bbox 3116 3989 3554 4062; x_wconf 67' lang='lat' dir='ltr'><strong>metropolitanze</strong></span> <span class='ocrx_word' id='word_1_682' title='bbox 3587 3989 3824 4046; x_wconf 61' lang='lat' dir='ltr'><strong>Mediol..-</strong></span> 
     </span>
    </p>
   </div>
   <div class='ocr_carea' id='block_1_94' title="bbox 2248 4081 3821 4156">
    <p class='ocr_par' dir='ltr' id='par_1_94' title="bbox 2248 4081 3821 4156">
     <span class='ocr_line' id='line_1_94' title="bbox 2248 4081 3821 4156; baseline -0.003 -13"><span class='ocrx_word' id='word_1_683' title='bbox 2248 4088 2453 4152; x_wconf 84' lang='lat' dir='ltr'><strong>nensis,</strong></span> <span class='ocrx_word' id='word_1_684' title='bbox 2485 4086 2626 4143; x_wconf 89' lang='lat' dir='ltr'><strong>idem</strong></span> <span class='ocrx_word' id='word_1_685' title='bbox 2648 4100 2809 4156; x_wconf 86' lang='lat' dir='ltr'><strong>quem</strong></span> <span class='ocrx_word' id='word_1_686' title='bbox 2839 4084 2895 4140; x_wconf 91' lang='lat' dir='ltr'><strong>in</strong></span> <span class='ocrx_word' id='word_1_687' title='bbox 2923 4084 3129 4140; x_wconf 84' lang='lat' dir='ltr'><strong>Arnulti</strong></span> <span class='ocrx_word' id='word_1_688' title='bbox 3153 4083 3382 4139; x_wconf 84' lang='lat' dir='ltr'><strong>historia</strong></span> <span class='ocrx_word' id='word_1_689' title='bbox 3411 4081 3448 4137; x_wconf 83' lang='lat'><strong>5</strong></span> <span class='ocrx_word' id='word_1_690' title='bbox 3478 4083 3821 4154; x_wconf 68' lang='lat' dir='ltr'><strong>signarum.</strong></span> 
     </span>
    </p>
   </div>
   <div class='ocr_carea' id='block_1_95' title="bbox 2243 4173 3823 4251">
    <p class='ocr_par' dir='ltr' id='par_1_95' title="bbox 2243 4173 3823 4251">
     <span class='ocr_line' id='line_1_95' title="bbox 2243 4173 3823 4251; baseline -0.003 -18"><span class='ocrx_word' id='word_1_691' title='bbox 2243 4180 2357 4250; x_wconf 85' lang='lat' dir='ltr'><strong>jam</strong></span> <span class='ocrx_word' id='word_1_692' title='bbox 2389 4180 2724 4251; x_wconf 85' lang='lat' dir='ltr'><strong>deperditus,</strong></span> <span class='ocrx_word' id='word_1_693' title='bbox 2754 4194 2824 4234; x_wconf 85' lang='lat' dir='ltr'><strong>ex</strong></span> <span class='ocrx_word' id='word_1_694' title='bbox 2851 4177 3062 4234; x_wconf 89' lang='lat' dir='ltr'><strong>duobus</strong></span> <span class='ocrx_word' id='word_1_695' title='bbox 3110 4185 3319 4232; x_wconf 85' lang='lat' dir='ltr'><strong>tantum</strong></span> <span class='ocrx_word' id='word_1_696' title='bbox 3350 4173 3473 4246; x_wconf 86' lang='lat' dir='ltr'><strong>ejus</strong></span> <span class='ocrx_word' id='word_1_697' title='bbox 3515 4177 3823 4248; x_wconf 73' lang='lat' dir='ltr'><strong>apograpliis</strong></span> 
     </span>
    </p>
   </div>
   <div class='ocr_carea' id='block_1_96' title="bbox 2249 4267 3348 4341">
    <p class='ocr_par' dir='ltr' id='par_1_96' title="bbox 2249 4267 3348 4341">
     <span class='ocr_line' id='line_1_96' title="bbox 2249 4267 3348 4341; baseline -0.005 -13"><span class='ocrx_word' id='word_1_698' title='bbox 2249 4273 2502 4340; x_wconf 85' lang='lat' dir='ltr'><strong>cognosci</strong></span> <span class='ocrx_word' id='word_1_699' title='bbox 2533 4278 2742 4341; x_wconf 86' lang='lat' dir='ltr'><strong>potest;</strong></span> <span class='ocrx_word' id='word_1_700' title='bbox 2776 4277 2904 4324; x_wconf 90' lang='lat' dir='ltr'><strong>sunt</strong></span> <span class='ocrx_word' id='word_1_701' title='bbox 2935 4268 3154 4339; x_wconf 89' lang='lat' dir='ltr'><strong>quidem</strong></span> <span class='ocrx_word' id='word_1_702' title='bbox 3189 4267 3304 4323; x_wconf 70' lang='lat' dir='ltr'><strong>hinc</strong></span> <span class='ocrx_word' id='word_1_703' title='bbox 3333 4283 3348 4322; x_wconf 89' lang='lat'><strong>:</strong></span> 
     </span>
    </p>
   </div>
   <div class='ocr_carea' id='block_1_97' title="bbox 2316 4359 3872 4432">
    <p class='ocr_par' dir='ltr' id='par_1_97' title="bbox 2316 4359 3872 4432">
     <span class='ocr_line' id='line_1_97' title="bbox 2316 4359 3872 4432; baseline -0.005 -14"><span class='ocrx_word' id='word_1_704' title='bbox 2316 4365 2383 4418; x_wconf 83' lang='lat' dir='ltr'><strong>A.</strong></span> <span class='ocrx_word' id='word_1_705' title='bbox 2417 4363 2549 4420; x_wconf 82' lang='lat' dir='ltr'><strong>Cod.</strong></span> <span class='ocrx_word' id='word_1_706' title='bbox 2597 4362 2993 4418; x_wconf 78' lang='lat' dir='ltr'><strong>Ambrosianus</strong></span> <span class='ocrx_word' id='word_1_707' title='bbox 3025 4376 3082 4415; x_wconf 90' lang='grc' dir='ltr'><strong>ιι.</strong></span> <span class='ocrx_word' id='word_1_708' title='bbox 3112 4359 3233 4416; x_wconf 75' lang='grc'><strong>198.</strong></span> <span class='ocrx_word' id='word_1_709' title='bbox 3259 4375 3388 4415; x_wconf 80' lang='lat' dir='ltr'><strong>saec.</strong></span> <span class='ocrx_word' id='word_1_710' title='bbox 3419 4375 3558 4428; x_wconf 84' lang='lat' dir='ltr'><strong>xvtt,</strong></span> <span class='ocrx_word' id='word_1_711' title='bbox 3593 4377 3748 4432; x_wconf 86' lang='lat' dir='ltr'><strong>quem</strong></span> <span class='ocrx_word' id='word_1_712' title='bbox 3775 4361 3818 4414; x_wconf 83' lang='lat' dir='ltr'><strong>in</strong></span> <span class='ocrx_word' id='word_1_713' title='bbox 3867 4359 3872 4362; x_wconf 84' lang='grc'><em>’</em></span> 
     </span>
    </p>
   </div>
   <div class='ocr_carea' id='block_1_98' title="bbox 2247 4453 3821 4527">
    <p class='ocr_par' dir='ltr' id='par_1_98' title="bbox 2247 4453 3821 4527">
     <span class='ocr_line' id='line_1_98' title="bbox 2247 4453 3821 4527; baseline -0.001 -17"><span class='ocrx_word' id='word_1_714' title='bbox 2247 4456 2476 4514; x_wconf 78' lang='lat' dir='ltr'><strong>Arnulfo</strong></span> <span class='ocrx_word' id='word_1_715' title='bbox 2519 4457 2561 4512; x_wconf 87' lang='grc' dir='ltr'><strong>Β</strong></span> <span class='ocrx_word' id='word_1_716' title='bbox 2600 4457 2652 4527; x_wconf 78' lang='grc'><strong>1,</strong></span> <span class='ocrx_word' id='word_1_717' title='bbox 2682 4457 3014 4522; x_wconf 80' lang='lat' dir='ltr'><strong>vet-arimos,</strong></span> <span class='ocrx_word' id='word_1_718' title='bbox 3054 4453 3341 4510; x_wconf 85' lang='lat' dir='ltr'><strong>Arnulfuta</strong></span> <span class='ocrx_word' id='word_1_719' title='bbox 3373 4469 3445 4509; x_wconf 87' lang='lat' dir='ltr'><strong>ex</strong></span> <span class='ocrx_word' id='word_1_720' title='bbox 3477 4456 3821 4511; x_wconf 73' lang='lat' dir='ltr'><strong>Ambrosiam</strong></span> 
     </span>
    </p>
   </div>
   <div class='ocr_carea' id='block_1_99' title="bbox 2251 4546 3822 4620">
    <p class='ocr_par' dir='ltr' id='par_1_99' title="bbox 2251 4546 3822 4620">
     <span class='ocr_line' id='line_1_99' title="bbox 2251 4546 3822 4620; baseline -0.004 -15"><span class='ocrx_word' id='word_1_721' title='bbox 2251 4567 2304 4605; x_wconf 83' lang='grc' dir='ltr'>ιι.</span> <span class='ocrx_word' id='word_1_722' title='bbox 2331 4549 2399 4606; x_wconf 90' lang='grc'><strong>89</strong></span> <span class='ocrx_word' id='word_1_723' title='bbox 2428 4549 2734 4620; x_wconf 83' lang='lat' dir='ltr'><strong>descripsit,</strong></span> <span class='ocrx_word' id='word_1_724' title='bbox 2765 4546 3090 4605; x_wconf 85' lang='lat' dir='ltr'><strong>Landulfum</strong></span> <span class='ocrx_word' id='word_1_725' title='bbox 3118 4562 3184 4604; x_wconf 85' lang='lat' dir='ltr'><strong>ex</strong></span> <span class='ocrx_word' id='word_1_726' title='bbox 3206 4547 3272 4602; x_wconf 85' lang='lat' dir='ltr'><strong>A.</strong></span> <span class='ocrx_word' id='word_1_727' title='bbox 3301 4546 3358 4601; x_wconf 89' lang='lat' dir='ltr'><strong>In</strong></span> <span class='ocrx_word' id='word_1_728' title='bbox 3397 4548 3643 4618; x_wconf 78' lang='lat' dir='ltr'><strong>capitum</strong></span> <span class='ocrx_word' id='word_1_729' title='bbox 3673 4548 3822 4603; x_wconf 81' lang='lat' dir='ltr'><strong>titulis</strong></span> 
     </span>
    </p>
   </div>
   <div class='ocr_carea' id='block_1_100' title="bbox 2251 4629 3818 4708">
    <p class='ocr_par' dir='ltr' id='par_1_100' title="bbox 2251 4629 3818 4708">
     <span class='ocr_line' id='line_1_100' title="bbox 2251 4629 3818 4708; baseline 0 -10"><span class='ocrx_word' id='word_1_730' title='bbox 2251 4645 2318 4699; x_wconf 87' lang='lat' dir='ltr'><strong>ab</strong></span> <span class='ocrx_word' id='word_1_731' title='bbox 2343 4629 2442 4696; x_wconf 67' lang='lat' dir='ltr'><strong>A“</strong></span> <span class='ocrx_word' id='word_1_732' title='bbox 2464 4641 2504 4696; x_wconf 90' lang='grc' dir='ltr'><strong>Β</strong></span> <span class='ocrx_word' id='word_1_733' title='bbox 2533 4642 2669 4708; x_wconf 87' lang='lat' dir='ltr'><strong>adeo</strong></span> <span class='ocrx_word' id='word_1_734' title='bbox 2698 4643 2926 4708; x_wconf 86' lang='lat' dir='ltr'><strong>recedit,</strong></span> <span class='ocrx_word' id='word_1_735' title='bbox 2959 4650 3019 4697; x_wconf 90' lang='lat' dir='ltr'><strong>ut</strong></span> <span class='ocrx_word' id='word_1_736' title='bbox 3041 4656 3137 4697; x_wconf 90' lang='lat' dir='ltr'><strong>eos</strong></span> <span class='ocrx_word' id='word_1_737' title='bbox 3171 4642 3236 4697; x_wconf 90' lang='lat' dir='ltr'><strong>de</strong></span> <span class='ocrx_word' id='word_1_738' title='bbox 3264 4655 3364 4696; x_wconf 90' lang='lat' dir='ltr'><strong>suo</strong></span> <span class='ocrx_word' id='word_1_739' title='bbox 3406 4639 3612 4698; x_wconf 87' lang='lat' dir='ltr'><strong>fecisse</strong></span> <span class='ocrx_word' id='word_1_740' title='bbox 3653 4641 3818 4698; x_wconf 76' lang='lat' dir='ltr'><strong>videa-</strong></span> 
     </span>
    </p>
   </div>
   <div class='ocr_carea' id='block_1_101' title="bbox 2247 4734 3821 4809">
    <p class='ocr_par' dir='ltr' id='par_1_101' title="bbox 2247 4734 3821 4809">
     <span class='ocr_line' id='line_1_101' title="bbox 2247 4734 3821 4809; baseline 0.001 -17"><span class='ocrx_word' id='word_1_741' title='bbox 2247 4734 2497 4809; x_wconf 66' lang='lat' dir='ltr'><strong>turt&#39;29).</strong></span> <span class='ocrx_word' id='word_1_742' title='bbox 2531 4735 2669 4794; x_wconf 84' lang='lat' dir='ltr'><strong>Usus</strong></span> <span class='ocrx_word' id='word_1_743' title='bbox 2690 4751 2760 4795; x_wconf 84' lang='lat' dir='ltr'><strong>eo</strong></span> <span class='ocrx_word' id='word_1_744' title='bbox 2788 4736 2887 4792; x_wconf 80' lang='lat' dir='ltr'><strong>fuit</strong></span> <span class='ocrx_word' id='word_1_745' title='bbox 2931 4735 3278 4792; x_wconf 72' lang='lat' dir='ltr'><strong>Muratorius.</strong></span> <span class='ocrx_word' id='word_1_746' title='bbox 3335 4735 3416 4790; x_wconf 85' lang='lat' dir='ltr'><strong>Ex</strong></span> <span class='ocrx_word' id='word_1_747' title='bbox 3471 4736 3592 4808; x_wconf 83' lang='lat' dir='ltr'><strong>ipso</strong></span> <span class='ocrx_word' id='word_1_748' title='bbox 3639 4737 3821 4793; x_wconf 77' lang='lat' dir='ltr'><strong>deacri-</strong></span> 
     </span>
    </p>
   </div>
   <div class='ocr_carea' id='block_1_102' title="bbox 2343 4910 3180 4994">
    <p class='ocr_par' dir='ltr' id='par_1_102' title="bbox 2343 4910 3180 4994">
     <span class='ocr_line' id='line_1_102' title="bbox 2343 4910 3180 4994; baseline 0.005 -30"><span class='ocrx_word' id='word_1_749' title='bbox 2571 4928 2659 4968; x_wconf 82' lang='lat' dir='ltr'><strong>xvt</strong></span> <span class='ocrx_word' id='word_1_750' title='bbox 2685 4953 2700 4994; x_wconf 87' lang='lat'><strong>_,</strong></span> <span class='ocrx_word' id='word_1_751' title='bbox 2733 4929 2787 4984; x_wconf 91' lang='lat' dir='ltr'><strong>p.</strong></span> <span class='ocrx_word' id='word_1_752' title='bbox 2813 4914 2936 4970; x_wconf 68' lang='lat'><strong>107.</strong></span> <span class='ocrx_word' id='word_1_753' title='bbox 2965 4912 3180 4994; x_wconf 57' lang='lat' dir='ltr'><strong>lion”.</strong></span> 
     </span>
    </p>
   </div>
   <div class='ocr_carea' id='block_1_103' title="bbox 2341 4982 3814 5054">
    <p class='ocr_par' dir='ltr' id='par_1_103' title="bbox 2341 4982 3814 5054">
     <span class='ocr_line' id='line_1_103' title="bbox 2341 4982 3814 5054; baseline 0 -16"><span class='ocrx_word' id='word_1_754' title='bbox 2341 4982 2435 5054; x_wconf 74' lang='grc'><strong>25)</strong></span> <span class='ocrx_word' id='word_1_755' title='bbox 2479 4982 2881 5054; x_wconf 36' lang='lat' dir='ltr'><strong>Exemplo—sunt</strong></span> <span class='ocrx_word' id='word_1_756' title='bbox 2903 4985 3063 5040; x_wconf 83' lang='lat' dir='ltr'><strong>verba</strong></span> <span class='ocrx_word' id='word_1_757' title='bbox 3097 4982 3165 5050; x_wconf 87' lang='lat' dir='ltr'><strong>tt,</strong></span> <span class='ocrx_word' id='word_1_758' title='bbox 3195 4982 3252 5048; x_wconf 74' lang='lat'><strong>2,</strong></span> <span class='ocrx_word' id='word_1_759' title='bbox 3281 4983 3378 5050; x_wconf 78' lang='lat' dir='ltr'><strong>l5,</strong></span> <span class='ocrx_word' id='word_1_760' title='bbox 3401 5001 3435 5041; x_wconf 91' lang='lat' dir='ltr'><strong>e</strong></span> <span class='ocrx_word' id='word_1_761' title='bbox 3467 4987 3610 5042; x_wconf 85' lang='lat' dir='ltr'><strong>libro</strong></span> <span class='ocrx_word' id='word_1_762' title='bbox 3635 4986 3704 5044; x_wconf 84' lang='lat' dir='ltr'><strong>De</strong></span> <span class='ocrx_word' id='word_1_763' title='bbox 3725 4987 3814 5042; x_wconf 84' lang='lat' dir='ltr'><strong>situ</strong></span> 
     </span>
    </p>
   </div>
   <div class='ocr_carea' id='block_1_104' title="bbox 2251 5053 3598 5128">
    <p class='ocr_par' dir='ltr' id='par_1_104' title="bbox 2251 5053 3598 5128">
     <span class='ocr_line' id='line_1_104' title="bbox 2251 5053 3598 5128; baseline 0.005 -20"><span class='ocrx_word' id='word_1_764' title='bbox 2251 5053 2536 5128; x_wconf 71' lang='lat' dir='ltr'><strong>Mediolani</strong></span> <span class='ocrx_word' id='word_1_765' title='bbox 2567 5053 2766 5128; x_wconf 74' lang='lat' dir='ltr'><strong>petita,</strong></span> <span class='ocrx_word' id='word_1_766' title='bbox 2799 5056 2994 5128; x_wconf 71' lang='lat' dir='ltr'><strong>quibus</strong></span> <span class='ocrx_word' id='word_1_767' title='bbox 3023 5056 3188 5128; x_wconf 71' lang='lat' dir='ltr'><strong>multa</strong></span> <span class='ocrx_word' id='word_1_768' title='bbox 3223 5056 3339 5128; x_wconf 81' lang='lat' dir='ltr'><strong>ipse</strong></span> <span class='ocrx_word' id='word_1_769' title='bbox 3360 5058 3598 5128; x_wconf 84' lang='lat' dir='ltr'><strong>adjecit.</strong></span> 
     </span>
    </p>
   </div>
   <div class='ocr_carea' id='block_1_105' title="bbox 2321 5125 3438 5202">
    <p class='ocr_par' dir='ltr' id='par_1_105' title="bbox 2321 5125 3438 5202">
     <span class='ocr_line' id='line_1_105' title="bbox 2321 5125 3438 5202; baseline 0 0"><span class='ocrx_word' id='word_1_770' title='bbox 2321 5125 2433 5202; x_wconf 59' lang='grc' dir='ltr'><strong>(ἐξ)</strong></span> <span class='ocrx_word' id='word_1_771' title='bbox 2555 5140 2588 5202; x_wconf 61' lang='lat' dir='ltr'><strong>QE</strong></span> <span class='ocrx_word' id='word_1_772' title='bbox 2638 5125 2993 5202; x_wconf 65' lang='lat' dir='ltr'><strong>‘_&#39;.&#39;.&quot;~&quot;P.Sii.1!»</strong></span> <span class='ocrx_word' id='word_1_773' title='bbox 3019 5125 3086 5202; x_wconf 69' lang='lat'><strong>5.3</strong></span> <span class='ocrx_word' id='word_1_774' title='bbox 3120 5126 3205 5202; x_wconf 74' lang='grc' dir='ltr'>ιιι»</span> <span class='ocrx_word' id='word_1_775' title='bbox 3229 5125 3318 5202; x_wconf 64' lang='lat'><strong>94.2</strong></span> <span class='ocrx_word' id='word_1_776' title='bbox 3343 5127 3438 5182; x_wconf 62' lang='lat'><strong>95-</strong></span> 
     </span>
    </p>
   </div>
  </div>
