3934 5330
142 285 254 342 8i?

771 282 1096 341 liiSTORlA
1137 283 1704 348 MEDIOLANENSIS.
1749 325 1816 334 —
1858 289 2190 352 EPISTOLA
2234 295 2832 356 IllSTORlOGRAPiii.

3325 302 3438 362 θη

145 399 634 486 ειιπιρρηςιίιιιιιιιιι
657 439 688 486 γ..
719 401 1022 485 peculiares
1073 405 1638 486 tautrunmodo_iites_
1679 409 1732 463 in
1767 425 1811 486 Α
1841 409 2118 486 simulque
2147 411 2342 486 inania
2376 428 2438 469 ac
2468 411 3045 486 rideuda‘Puriceliiius
3089 413 3333 486 ostendit
3385 417 3441 472 in

146 471 542 525 bicdioianeusi
570 469 807 525 Ecclesia
843 473 1131 528 occasione
1168 475 1297 528 cieri
1338 477 1733 533 continentiam

143 542 334 612 perosi
356 550 572 612 emittas
601 542 670 594 ita
694 554 1112 612 persequuntur.
1138 554 1198 598 ut
1224 546 1446 601 insuisis
1467 550 1734 602 orationi-

144 611 275 674 bus,
312 613 484 688 iisque
522 611 633 688 fere
663 611 915 688 omnibus
965 615 1238 688 confictis,
1283 617 1581 682 abundent,
1615 635 1738 688 qua

148 692 248 756 aut
291 682 666 756 nihilgratim,
698 692 789 736 aut
822 684 1024 756 aliquid
1073 687 1237 740 etiam
1294 688 1486 756 ingrati
1537 682 1740 745 coloris

142 754 354 826 habere
395 753 708 826 videantur,
756 753 954 824 quippe
1013 755 1067 809 in
1121 753 1484 826 patrocinium
1538 763 1741 814 erroris

142 823 518 899 siticintmque
547 824 768 899 tutelam
799 823 1141 899 excogitatae.
1164 827 1374 899 Serum
1411 845 1474 883 ea
1506 830 1740 899 denique

145 894 426 966 seriteutia
464 894 594 947 vicit
639 894 770 966 nihil
810 893 1175 966 Landuiphini
1210 898 1432 953 furfuris
1459 893 1739 955 occultan-

146 965 302 1026 dum,
337 973 451 1016 tmn
482 979 550 1018 ne
580 965 702 1033 quis
726 982 790 1020 ex
835 965 1046 1021 aversis
1097 984 1126 1022 a
1176 969 1442 1023 catholica
1496 971 1738 1026 Ecclesia

145 1033 406 1096 somniet,
428 1048 526 1087 nos
556 1050 666 1102 pra:
688 1046 834 1090 metu
864 1047 956 1091 aut
977 1053 1042 1092 ex
1078 1038 1230 1094 mala:
1251 1055 1428 1095 causm
1458 1044 1742 1096 conscien-

137 1105 221 1158 tia
255 1105 377 1159 haec
400 1105 682 1178 omisisse,
730 1117 882 1162 ratus
942 1109 1189 1173 meliora,
1237 1125 1360 1178 qua:
1403 1111 1737 1172 celarentur.

142 1188 312 1244 quam
336 1190 460 1250 qua:
490 1175 738 1242 iniucem
770 1177 1069 1247 prodirent,
1107 1190 1220 1235 tum
1250 1175 1414 1236 etiam
1446 1183 1593 1250 quod
1626 1182 1740 1237 inec

142 1256 255 1300 tam
297 1246 440 1318 male
466 1258 692 1318 consula
735 1246 892 1312 sunt,
940 1260 1000 1304 ut
1029 1251 1194 1304 semel
1242 1246 1580 1318 exposui-ssc,
1613 1270 1745 1306 cnn-

142 1323 351 1370 tutaSse
381 1316 473 1370 sit.
508 1315 774 1387 Pleraque
804 1330 1067 1389 pra-terea
1096 1336 1162 1376 es
1196 1315 1410 1390 his-jam
1442 1315 1736 1394 et'uigavit,

153 1513 1354 1545 M—

1847 478 1963 554 Yita
1986 479 2096 554 ‘SS.
2140 481 2345 536 Arialdi
2393 495 2447 538 et
2481 483 2864 538 Herlcmhaidi.
2901 478 3047 554 Nihil
3095 485 3326 554 denique
3356 488 3439 540 ef—

1843 550 2070 623 ﬁcacius
2099 554 2444 608 commendet
2488 565 2808 623 praeeuntem
2854 550 3288 619 Medioiauensis,
3333 556 3442 609 imo

1843 630 1901 676 ct
1940 621 2209 678 universae
2257 621 2540 680 catholica
2584 624 2839 680 Ecclesiic
2881 633 3101 690 statum,
3136 632 3192 679 et
3223 639 3290 680 ex
3345 627 3441 680 Dei

1844 692 1909 748 Ο.
1941 691 2010 746 Μ.
2043 708 2264 748 munere
2291 695 2655 752 sanctioribus
2679 693 2920 755 consiliis
2950 694 3155 752 clerum
3186 707 3444 752 constan-

1847 762 2058 817 tissime
2087 762 2361 818 addictum
2401 765 2657 820 exhibeat
2683 806 2697 830 ,
2730 781 2892 834 quam
2948 763 3128 822 smeuii
3161 781 3211 820 ιι
3245 781 3440 821 corru-

1847 835 2655 906 ptosmoresintucri,eosque
2703 835 3070 891 iiouranorum
3125 836 3441 904 pontificum

1848 904 2029 958 studio
2053 909 2404 975 expurgatae.
2448 904 2649 975 Eadem
2687 906 2897 960 ratione
2944 915 3188 962 veterum
3222 906 3440 961 hmreti-

1843 990 2032 1047 corum
2065 974 2428 1047 deliramenta
2451 985 2511 1030 et
2551 974 2756 1045 ﬂagitia
2785 976 3033 1047 prudenti
3061 991 3170 1032 non
3215 985 3299 1030 est
3331 977 3442 1030 ira-

1840 1045 2098 1119 scendum
2131 1084 2144 1108 ,
2175 1046 2270 1100 sed
2299 1047 2509 1119 liOSil‘i8_
2552 1045 2886 1119 temporibus
2934 1048 3116 1119 potius
3161 1047 3440 1118 gratulan-

1843 1115 1997 1179 dum,
2041 1130 2161 1183 qua:
2211 1126 2356 1169 recta
2395 1116 2634 1186 sapiunt,
2663 1115 2719 1170 ct
2757 1115 3031 1172 meliorem
3087 1115 3296 1171 mo‘rum
3350 1133 3439 1170 ra-

1845 1185 2076 1257 tionem,
2109 1186 2336 1257 Christo
2354 1185 2512 1250 duce,
2541 1186 2598 1240 in
2625 1186 2891 1242 catholica
2918 1187 3160 1243 Ecclesia
3203 1203 3438 1257 sequun-

1845 1265 1953 1378 tlur.
2013 1256 2121 1310 Sed
2174 1257 2286 1326 iam
2320 1255 2696 1327 Landuiphum
2750 1257 2928 1326 ipsum
2970 1255 3294 1328 loquentem
3335 1274 3438 1310 au-

1845 1341 2079 1378 ttamus.

1845 1341 2079 1381 mantus.

1359 1522 3405 1551 mm

645 1703 1228 1862 LANDULFI
1333 1707 1882 1865 liiSTiliilii
1988 1711 2942 1872 MEDIiiLANiiNSIS.

1284 2019 1512 2088 (Palu-1,
1558 2019 1799 2074 Monum.
1833 2016 2009 2075 Germ.
2053 2020 2185 2086 Vill,
2220 2021 2336 2089 56.)

1589 2183 1994 2197 .——-—-

732 2280 1070 2338 EPISTOLA
1118 2281 1629 2340 YSTORiOGiiAFI
1671 2285 1762 2340 AD
1802 2282 2542 2344 ARCIIIPRESBYTERUH
2583 2283 2792 2344 MISSA
2818 2287 2833 2316 '

209 2460 551 2516 Cunctarum
603 2457 862 2514 virtutum
901 2458 1242 2515 documentis
1271 2460 1500 2525 imbuto,
1541 2459 1738 2514 multa-
1775 2463 1817 2523 Β
1847 2459 2204 2529 imperatores
2258 2461 2400 2531 apud
2451 2461 2617 2516 Deum
2678 2471 2734 2516 et
2787 2463 3037 2518 homines
3087 2461 3440 2519 detestabiles

139 2567 378 2622 rumque
423 2551 780 2607 scientiarum
823 2551 1017 2622 peritia
1051 2551 1206 2613 fulto,
1251 2549 1544 2621 divinaque
1573 2551 1744 2622 magi-

140 2645 315 2698 smrio
340 2643 591 2714 religiose
613 2642 805 2698 edocto
823 2641 883 2697 L.
903 2641 1114 2698 sanctae
1135 2642 1552 2698 Hedicianensis
1572 2644 1742 2698 eccle-

140 2734 242 2788 sia:
279 2734 334 2788 in
372 2733 618 2804 regimen
676 2732 1244 2804 archipresbyteratus
1285 2743 1584 2806 assumpto.
1641 2748 1741 2792 nec

146 2840 254 2880 non
281 2824 395 2880 Deo
418 2835 478 2881 et
505 2824 818 2881 hominibus
842 2839 995 2890 caro,
1032 2824 1093 2879 ι.
1119 2827 1142 2856 ³
1190 2825 1433 2880 omnium
1485 2825 1740 2879 minimus

144 2927 370 2973 tuorum
420 2917 681 2980 servus‘,
711 2916 874 2986 huius
900 2916 1026 2971 vitae
1075 2915 1334 2972 felicitate
1376 2917 1639 2972 bonorum
1686 2924 1741 2971 et

141 3013 338 3068 aeterni
366 3011 518 3082 regni
542 3011 822 3066 consortio
854 3009 1056 3081 perfrui
1101 3009 1436 3078 angelorum.
1483 3009 1740 3064 Caritatis

138 3119 212 3160 ac
241 3103 266 3135 ⁴
297 3103 593 3174 diligentia:
620 3110 725 3157 tua
774 3117 1016 3157 amorem
1052 3100 1236 3156 sedule
1279 3101 1306 3133 ⁵
1361 3100 1738 3164 reminiscens,

139 3213 312 3266 quem
345 3210 510 3265 super
535 3194 821 3250 ecclesiam
854 3194 1267 3250 Ambrosianum
1303 3202 1359 3248 et
1388 3193 1504 3264 ejus
1535 3192 1738 3247 clerum

141 3300 205 3344 ut
239 3289 416 3344 tilium
445 3288 691 3343 habuisti
710 3297 766 3343 et
791 3302 1010 3358 semper
1041 3288 1152 3344 Deo
1176 3297 1450 3342 annuente
1489 3285 1737 3351 habebis,

140 3380 487 3450 solicitatque
526 3380 880 3450 paterni-tatis
900 3388 1096 3436 vestrae
1121 3381 1486 3436 reverentiam
1522 3378 1739 3434 curiose

139 3471 510 3544 prospiciens,
536 3472 782 3543 corporis
809 3471 916 3527 mei
952 3472 1169 3527 animus
1219 3470 1406 3526 multis
1450 3476 1740 3539 quassatus

142 3562 610 3629 tribulationibus,
644 3578 676 3618 e
699 3563 898 3632 quibus
921 3571 1033 3618 tota
1059 3561 1176 3618 fere
1210 3561 1362 3618 italia
1407 3562 1740 3632 pseudopro-

141 3653 332 3724 phetis
349 3666 450 3723 per
467 3652 846 3708 detestabilem
874 3652 1163 3725 ypocrisim
1179 3651 1740 3716 circumcurrentibus

144 3741 422 3798 maculata
448 3750 556 3807 est,
584 3741 680 3797 Dei
710 3742 852 3812 ignis
885 3742 1073 3799 calore
1093 3757 1362 3798 accensus-
1383 3741 1542 3812 quasi
1587 3741 1737 3812 gravi

1844 2560 1966 2606 acta
1997 2560 2144 2616 sunt,
2185 2561 2240 2606 et
2270 2551 2672 2618 tribuiationes,
2699 2560 2862 2622 atque
2887 2551 3200 2608 earumdem
3224 2553 3441 2609 dissen-

1842 2641 2028 2697 siones
2075 2656 2194 2710 qua:
2229 2657 2327 2712 per
2370 2642 2873 2713 pSeudopropbetas
2920 2641 3027 2698 non
3079 2641 3239 2712 huius
3284 2645 3452 2701 urbis-

1843 2740 2000 2788 natos
2033 2740 2252 2802 peracta
2287 2745 2432 2798 sunt,
2463 2733 2592 2788 stilo
2621 2734 2809 2788 humili
2849 2733 3190 2804 perscribere
3229 2733 3437 2790 delibe-

1841 2824 1978 2878 ravi.
2017 2823 2188 2895 Igitur
2233 2824 2620 2896 quamplurimi
2666 2827 2758 2896 qui
2802 2825 3014 2881 ordinis
3071 2824 3431 2880 ecclesiastici

1840 2916 1992 2972 falsis
2021 2917 2498 2988 przedicationibus
2535 2933 2660 2975 esse
2687 2917 3034 2982 videbantur,
3059 2918 3274 2973 actibus
3303 2931 3436 2972 vero

1841 3011 2044 3065 misere
2069 3010 2399 3081 hypocrisitn
2443 3011 2631 3066 sedule
2659 3009 2996 3075 insistentes,
3035 3019 3096 3065 ut
3134 3007 3243 3081 lupi
3271 3025 3442 3080 rapa-

1840 3117 1938 3158 ces
1965 3117 2086 3158 sese
2117 3104 2220 3158 sub
2241 3103 2401 3156 ovins
2429 3103 2571 3174 pelle
2597 3112 2862 3172 tegentes,
2894 3103 3138 3158 dimissis
3184 3102 3438 3170 plebibus

1843 3209 1908 3248 ac
1936 3193 2109 3262 ruptis
2142 3193 2468 3258 canonibus,
2513 3201 2566 3248 et
2589 3194 2682 3248 alii
2727 3193 2880 3249 multi
2911 3194 3159 3248 misterio
3189 3193 3438 3248 Romano

1839 3284 2040 3349 edocti,
2082 3284 2304 3341 honoris
2339 3289 2544 3342 sanctae
2575 3285 2949 3342 Ambrosiam:
2967 3286 3214 3343 ecclesia:
3261 3286 3435 3353 lividi,

1840 3377 1995 3448 quasi
2026 3375 2280 3447 tirampni
2311 3375 2513 3432 nullam
2561 3377 2742 3434 ordini
2768 3378 3133 3434 Ambrosiam
3189 3393 3438 3434 reveren-

1841 3468 1973 3522 tiam
1999 3467 2398 3538 impendcntes,
2426 3470 2618 3523 urbem
2643 3467 3126 3524 Mcdiolanensium
3153 3467 3382 3525 fascinat
3393 3470 3438 3525 is

1841 3558 1996 3614 laicis
2023 3574 2088 3614 ac
2121 3559 2349 3618 sizaniis
2368 3561 2826 3630 superscminatis.
2847 3561 3168 3618 Antichristi
3219 3561 3441 3619 facetiis

1843 3651 2208 3708 incubuerunt
2264 3652 2340 3718 ¹⁶;
2374 3667 2606 3722 (piorum
2652 3667 2887 3723 namque
2938 3654 3072 3709 vitio
3122 3655 3162 3686 “
3204 3655 3437 3712 ecclesia

1842 3745 2198 3801 Ambrosiana
2261 3744 2552 3800 multorum
2602 3744 2946 3801 sacerdotum
3013 3761 3079 3800 ac
3149 3745 3438 3802 levitarum

141 3852 177 3892 c
223 3849 459 3907 sompno
513 3835 784 3891 excitatus
842 3851 985 3890 sum.
1033 3835 1325 3907 Propterea
1385 3835 1652 3906 cogitas,
1691 3834 1735 3889 si
1766 3839 1811 3903 C
1841 3839 2311 3911 piurimorumque
2343 3839 2688 3894 sacerdoutm
2715 3839 3020 3909 sapientum
3050 3837 3258 3893 ordinis
3294 3838 3432 3892 utri-

140 3929 408 3998 operibus
443 3926 794 3984 sarcularibus
837 3935 934 3983 aut
973 3925 1209 3984 cultibus
1255 3927 1452 3986 divinis
1498 3926 1737 3982 studiose

143 4033 424 4086 uacarent;
482 4028 580 4074 aut
617 4018 777 4074 fortia
821 4019 968 4074 facta
1011 4029 1073 4074 et
1107 4019 1391 4091 magnifica
1429 4019 1454 4050 ⁸
1487 4034 1608 4090 (pne
1643 4033 1738 4073 no-

138 4115 277 4170 s:ris
311 4115 648 4185 temporibus
669 4123 791 4170 acta
823 4122 950 4170 sunt
971 4127 1223 4170 enarrem
1263 4114 1308 4180 ⁷,
1335 4122 1429 4168 aut
1479 4113 1626 4168 inter
1649 4127 1738 4168 ce-

146 4217 263 4262 tera
321 4207 708 4263 tribuiationes
749 4221 884 4277 quas
913 4207 1089 4262 clerus
1140 4205 1532 4262 Ambrosianus
1561 4221 1591 4259 ιι
1617 4220 1741 4276 per-

145 4295 272 4352 ﬁdis
305 4297 522 4352 civibus
551 4306 611 4352 ct
649 4295 804 4352 malis
837 4297 1212 4353 sacerdotibus
1251 4297 1400 4368 ipsos
1442 4297 1738 4353 adhortan-

142 4389 290 4447 tibus
325 4405 524 4460 passus
547 4399 648 4454 est,
681 4390 950 4446 narrare'
979 4389 1232 4459 cogitavi.
1270 4391 1456 4460 Itaque
1507 4390 1738 4446 medita-

143 4495 232 4542 tus
268 4487 555 4558 in‘lquibus
582 4487 750 4543 animi
780 4489 886 4544 mei
916 4488 1192 4560 ingenium
1221 4499 1480 4544 exercere
1502 4486 1734 4550 valeam,

147 4579 294 4634 bene
309 4578 482 4633 vitam
510 4587 569 4634 et
597 4579 856 4635 miseram
902 4593 1000 4651 per
1048 4579 1325 4635 silentium
1362 4585 1737 4634 transcurrere

145 4672 350 4738 nolens,
381 4673 595 4730 crebris
621 4689 685 4729 ac
713 4673 927 4745 magnis
960 4673 1186 4746 ystoriis
1212 4672 1451 4743 undique
1500 4672 1735 4727 circum-

143 4761 468 4832 volantibus,
492 4765 689 4821 ductus
715 4765 904 4834 patria:
923 4773 1086 4834 atque
1111 4764 1346 4821 civitatis
1372 4778 1506 4819 mea:
1531 4775 1735 4830 amore“,

145 4868 241 4911 nec
273 4871 380 4911 non
408 4865 464 4912 et
490 4856 622 4912 cieri
670 4855 914 4926 ejusdem
960 4856 1296 4929 diligentiam
1331 4857 1352 4889 ’
1409 4855 1547 4926 (3i),
1595 4853 1736 4908 ultra

146 4962 330 5004 omnes
379 4949 615 5021 ystorias
651 4957 807 5020 gesta
859 4947 1392 5022 archiepiscoporum
1422 4962 1543 5019 qua:
1574 4960 1738 5016 super

1443 5103 1532 5160 VA
1543 5101 1682 5158 RUE
1721 5099 2016 5161 LECTiON
2025 5105 2132 5164 ES.

1839 3946 2011 4001 usque
2035 3931 2306 4000 quondam
2332 3929 2568 3984 exaltata
2614 3937 2673 3985 et
2721 3938 2914 3984 ornata
2967 3926 3311 3997 eioquentiis,
3364 3927 3436 3981 ad

1839 4022 2065 4078 nihilum
2119 4031 2228 4076 tam
2277 4021 2582 4077 ministerio
2624 4037 2787 4092 quam
2819 4023 2872 4076 in
2911 4020 3159 4091 personis
3190 4019 3436 4074 funditus

1841 4118 2028 4173 attrita
2063 4128 2119 4174 et
2159 4116 2478 4174 conculcata
2511 4126 2615 4173 est.
2650 4117 2806 4172 Enim
2830 4116 2975 4187 quod
3017 4114 3146 4171 olim
3198 4114 3436 4169 Romani

1845 4210 2131 4281 pontiﬁces
2155 4218 2210 4265 et
2236 4209 2545 4266 cardinales
2589 4209 2715 4264 huic
2742 4215 2933 4262 sancto
2959 4205 3220 4277 mysterio
3253 4205 3435 4260 aanutii

1845 4300 2018 4357 multo
2040 4301 2240 4356 sudore
2273 4307 2492 4370 patrare
2523 4297 2631 4354 non
2654 4305 2970 4368 patuerunt,
3011 4295 3162 4352 falsis
3191 4296 3435 4351 catharis

1843 4394 2090 4450 ordinem
2125 4393 2302 4463 ipsum
2329 4388 2824 4458 conturbantibus,
2873 4391 2924 4445 in
2960 4398 3170 4445 tantum
3210 4389 3437 4442 attrive-

1841 4492 1991 4550 runt,
2016 4492 2078 4538 ut
2126 4483 2266 4538 ultra
2313 4497 2414 4541 nec
2441 4492 2588 4539 esset
2634 4496 2760 4553 spes
2805 4475 3048 4554 mysterii
3089 4495 3196 4537 nec
3226 4476 3436 4535 ordinis

1841 4578 2208 4646 restaurandi,
2237 4578 2406 4634 multo
2437 4576 2591 4650 pejus
2620 4579 2664 4610 “
2699 4590 2864 4650 quam
2889 4578 2942 4632 in
2974 4590 3227 4632 sermone
3259 4575 3438 4630 sancti

1842 4671 2064 4728 Eusebii
2095 4671 2225 4727 olim
2255 4671 2444 4727 dicens
2473 4669 2730 4742 apparuit
2758 4687 2774 4724 :
2812 4687 2832 4722 ι
2865 4667 3036 4724 Periit
3075 4669 3192 4723 haec
3219 4666 3436 4724 civitas.

1843 4764 2083 4835 collapsa
2121 4773 2204 4821 est
2238 4763 2488 4820 ecclesia.
2546 4761 2700 4818 Unde
2768 4776 2894 4817 cum
2941 4759 3202 4830 propheta
3252 4758 3448 4813 dicens-

1844 4857 2093 4929 piangam
2126 4871 2140 4911 :
2193 4855 2326 4923 Quis
2367 4852 2518 4909 dabit
2566 4851 2735 4922 capiti
2771 4865 2896 4907 meo
2940 4863 3138 4919 aquam
3173 4855 3228 4902 et
3269 4845 3446 4902 oculis

1843 4949 1982 5004 meis
2002 4945 2206 5005 fontem
2235 4945 2621 5018 lacrymarum,
2675 4942 2944 5015 plangens-
2988 4949 3215 5012 peccata
3260 4935 3448 5012 populi
