3934 5330
1486 285 1833 354 ῙιΛΝῠυίιΕι
1873 292 2430 358 MEDIOLANENSIS
2465 299 2734 358 CLERICI

3666 301 3764 355 830

493 391 629 486 mei.
660 379 869 451 Uterini
918 397 1023 454 mei
1071 397 1198 456 facti
1255 411 1382 459 sunt
1441 403 1650 463 inimici
1703 409 1833 477 mei,
1884 408 2084 479 injuste
2114 415 2160 474 Α
2190 427 2314 470 rare
2348 413 2690 486 posterorum
2726 413 3055 470 utilitatibus
3088 413 3318 470 ﬁdeliter
3354 413 3580 470 curabo.
3635 414 3764 470 Tum

481 483 870 565 spoliaverunt
913 503 1023 554 me,
1084 506 1148 547 ac
1194 493 1390 564 gladiis
1436 496 1778 568 inimicorum
1835 516 2082 558 meorum

492 577 732 633 animam
762 580 1160 651 inquirentibus
1195 587 1237 619 "
1269 565 1777 648 immisericorditer
1807 607 1894 648 me
1918 594 2082 649 dede~

420 672 431 769 ς
495 683 643 726 runt.
686 691 707 724 ι
743 672 949 731 Exinde
996 675 1251 749 lacrymis
1297 683 1433 737 meis
1474 685 2084 754 superhabundantibus

486 764 618 815 cum
647 763 891 834 sapiente
911 768 1145 836 quodam
1170 769 1478 841 plangendo
1500 774 1677 830 dicam

553 851 805 910 Carmina
833 859 923 928 qui
953 860 1176 915 condant
1215 863 1392 918 studio
1418 865 1637 933 ﬂorente
1660 866 1835 937 peregi

637 942 858 1003 Flebilis
890 951 1022 1005 heu!
1051 963 1262 1008 mentas
1286 971 1444 1025 cogar
1464 956 1596 1012 inire
1627 958 1830 1012 modos.

489 1114 491 1117 Ι
567 1032 703 1092 Ecce
727 1039 856 1094 mihi
881 1041 1073 1100 lacerta
1099 1046 1301 1102 dictant
1332 1049 1609 1104 scribenda
1635 1047 1906 1117 Cameuw,

635 1129 704 1183 Et
732 1134 864 1188 reris
885 1135 1015 1207 elegi
1041 1137 1252 1208 ﬂetibus
1281 1157 1377 1196 ora
1403 1142 1600 1213 rigant.

859 1227 959 1298 (De
987 1228 1156 1287 Βοετ.
1177 1248 1321 1287 cons.
1343 1233 1502 1303 pltil.,
1531 1234 1726 1306 initio.)

494 1315 880 1385 Quamobrem,
911 1330 1070 1390 pater
1107 1324 1442 1388 veneramle,
1493 1327 1746 1397 quamvis
1773 1341 1870 1397 per
1916 1326 2085 1383 multa

494 1422 738 1482 tempora
783 1413 968 1470 multis
999 1429 1062 1470 ae
1087 1415 1253 1472 variis
1292 1417 1395 1474 sim
1437 1427 1728 1490 quassatus
1781 1419 2086 1488 doloribus,

494 1507 696 1560 nostra:
730 1505 978 1562 ecclesia:
1029 1508 1290 1566 virtutum
1341 1510 1384 1544 ’δ
1429 1511 1616 1568 videns
1674 1511 2086 1580 detrimentum,

496 1603 818 1660 recordatus
847 1605 990 1675 quod
1013 1606 1140 1663 olim
1164 1622 1194 1663 a
1223 1609 1267 1641 "
1293 1608 1452 1664 malis
1479 1611 1695 1681 regibus
1728 1612 2088 1668 detestandis-

495 1707 604 1763 qne
639 1693 1017 1751 sacerdotibus
1064 1711 1222 1766 passa
1253 1700 1528 1764 sustinuit,
1567 1700 1659 1771 qui
1709 1701 1993 1757 dulcedine
2042 1700 2087 1734 ¹⁶

2190 505 2413 576 insuper
2465 507 2594 577 quid
2644 508 2887 572 honoris,
2939 507 3135 578 quidve
3187 509 3530 570 reverentiae.
3582 510 3766 577 quidve

2186 597 2580 666 magnitudinis
2625 613 2722 668 per
2749 597 2914 653 multa
2954 607 3196 668 tempora
3253 601 3637 654 antecedentia
3669 599 3766 653 cle-

2187 696 2280 744 rus
2309 688 2408 742 fuit
2433 688 2844 756 Ambrosianus,
2881 695 2937 745 et
2962 705 2991 744 a
3025 691 3212 746 multis
3259 707 3325 745 ac
3375 692 3594 762 magnis
3651 694 3766 748 viris

2187 782 2503 845 honoratus.
2528 790 2584 837 et
2612 783 2740 852 quid
2772 792 2956 852 postea
2988 783 3209 838 civitate
3235 783 3390 853 plena
3429 783 3564 838 ﬁece
3596 788 3766 840 mundi

2188 873 2464 940 sustinuit,
2525 883 2585 928 ιιι
2631 875 2676 907 ¹⁶
2724 875 2898 930 oculis
2957 875 3089 942 vidi,
3135 884 3195 930 ut
3231 876 3276 908 "
3326 877 3558 931 auribus
3602 878 3767 932 audivi

2187 965 2458 1038 cordeque
2487 961 2752 1030 intellexi,
2793 967 2858 1021 ad
2902 976 3243 1037 posterorum
3287 968 3512 1023 tutelam
3567 978 3624 1023 et
3666 970 3767 1027 ani.-

2189 1073 2399 1112 marum
2431 1057 2658 1114 salutem
2689 1059 2929 1116 studiose
2983 1061 3226 1116 scribere
3265 1061 3454 1116 statui.
3489 1060 3564 1116 At
3613 1062 3768 1131 prius-

2187 1161 2352 1218 quam
2384 1164 2448 1204 ea
2484 1165 2606 1221 qua:
2631 1151 2815 1207 dicere
2859 1152 3072 1208 decrevi
3102 1163 3378 1218 enarrem,
3440 1153 3590 1224 ignis
3643 1156 3767 1208 scit:-

2189 1242 2379 1308 tillam,
2408 1258 2568 1314 quam
2605 1257 2706 1316 ego
2729 1241 2824 1299 Del
2857 1245 3226 1302 misericordia
3251 1243 3472 1314 adjutus
3501 1248 3765 1300 memoria

2187 1338 2562 1392 commendavi
2599 1336 2653 1392 in
2704 1338 2938 1408 quodam
2967 1339 3171 1394 scrinio
3199 1332 3426 1409 optimis
3464 1342 3766 1409 margarltls

2190 1427 2416 1496 imbuto,
2458 1427 2593 1486 foris
2621 1445 2848 1502 pauper,
2872 1431 3019 1487 intus
3060 1431 3266 1487 divitiis
3308 1430 3538 1487 aﬁlucns
3584 1434 3764 1502 reperi.

2190 1520 2257 1576 ad
2296 1520 2389 1576 Dei
2422 1522 2683 1577 honorem
2715 1531 2770 1579 et
2797 1523 2941 1578 beati
2991 1521 3264 1579 Ambrosii
3313 1523 3557 1587 laudem,
3605 1524 3764 1578 debita

2191 1612 2385 1669 ductus
2416 1614 2719 1671 reverentia
2745 1615 2978 1672 edicam.
3011 1614 3141 1682 Qua:
3163 1615 3343 1670 omnia
3396 1617 3612 1670 utinam
3653 1617 3765 1670 Atu-

2192 1705 2461 1761 brosiana:
2496 1707 2742 1764 ecclesia:
2794 1722 2971 1778 usque
3001 1707 3052 1761 in
3093 1707 3254 1762 ﬁnem
3284 1709 3328 1739 ²⁰
3360 1707 3768 1763 consedentibus

494 1783 706 1840 ordinis
733 1795 936 1843 sanctae
971 1785 1348 1846 Ambrosiam:
1382 1791 1640 1847 Ecclesia:
1674 1792 1742 1848 ab
1785 1793 1916 1863 ipsis
1969 1790 2088 1848 fue~
2123 1772 2166 1832 Β
2197 1795 2280 1852 sic
2309 1806 2494 1853 essent
2523 1798 2690 1853 chara
2717 1807 2777 1854 ut
2803 1808 2930 1854 sunt
2953 1799 3330 1871 acceptabilia,
3377 1801 3459 1855 sic
3498 1800 3679 1855 dulcia
3723 1809 3770 1854 ut

499 1885 621 1931 rant
639 1878 922 1936 cunabulis
953 1881 1140 1936 nutriti
1172 1881 1238 1946 ",
1266 1883 1468 1953 quibus
1495 1883 1639 1941 foret
1659 1883 1958 1956 gloriosum
1989 1900 2088 1956 pro

496 1982 610 2023 sua:
637 1967 896 2027 Ecclesiae
923 1971 1250 2029 utilitatibus
1285 1984 1519 2032 mortem
1566 1977 1858 2041 sustinere,
1911 1992 2087 2049 pauca

494 2075 616 2132 qua:
643 2061 800 2120 libris
841 2065 1008 2121 variis
1053 2081 1118 2122 ae
1163 2065 1454 2135 chartulis,
1508 2067 1702 2141 plateis
1750 2070 2088 2128 conculcatis

496 2154 696 2225 reperi,
727 2165 782 2212 et
826 2171 857 2211 a
887 2157 1022 2214 viris
1061 2157 1349 2216 virissimls
1398 2170 1454 2216 et
1502 2161 1786 2218 catholicis
1820 2163 1984 2219 didici
2030 2171 2087 2220 et

491 2247 658 2304 urbes
688 2246 855 2306 Italia:
885 2252 1278 2322 perscrutando
1305 2254 1552 2326 cognovi,
1582 2255 1796 2328 aperire
1829 2266 1883 2313 et
1907 2247 2108 2313 enar-°

2197 1898 2324 1945 sunt
2351 1889 2656 1956 salutifera,
2686 1891 2766 1946 sic
2794 1891 3048 1947 amabilia
3095 1901 3153 1946 ut
3200 1902 3327 1947 sunt
3357 1909 3425 1948 ex
3476 1894 3646 1948 corde
3687 1893 3769 1945 ira-
3864 1955 3865 1964 χ

2193 1991 2349 2038 terno
2391 1983 2686 2037 manantia.
2722 1983 2874 2049 Vale,
2905 1984 3087 2052 pater!
3125 1999 3248 2037 ctnn
3281 1984 3541 2038 omnibus
3591 1985 3769 2037 sauciis
3864 1971 3865 2036 ξ

2191 2074 2564 2131 Ambrosianus
2588 2073 2844 2130 Ecclesia:
2874 2075 3227 2131 dilectoribus
3250 2074 3474 2146 gaudiis
3501 2078 3766 2144 sempttcro

2189 2165 2276 2222 nis
2307 2163 2509 2238 perfrui
2545 2165 2781 2222 feliciter
2814 2165 3020 2222 valeas.

1375 2429 1836 2521 INCIPIT
1939 2429 2301 2562 LIBER
2391 2427 2882 2518 PRIMUS.

564 2598 618 2657 l.
648 2599 1094 2670 Quandoquidem
1123 2604 1396 2674 sapientes
1423 2604 1720 2676 eximiique
1751 2602 1877 2671 viri,
1908 2601 2078 2659 multa
2180 2599 2429 2658 sociavit.
2454 2599 2558 2668 Qui
2597 2599 2710 2671 (3i)
2745 2609 2876 2654 nutu
2915 2597 3098 2655 divino
3141 2599 3248 2655 huc
3277 2615 3309 2654 a
3343 2599 3759 2656 clementissimo

491 2693 689 2764 peritia
736 2693 955 2761 imbttti,
985 2703 1104 2749 acta
1158 2704 1485 2766 temporum,
1517 2696 1847 2751 mutationes
1875 2709 2078 2762 rerum,

493 2793 646 2855 gesta
691 2783 889 2841 ducum
915 2825 931 2850 ,
977 2785 1162 2856 prazlia
1221 2803 1429 2856 regum,
1475 2787 1775 2844 seditiones
1819 2788 2036 2843 urbium
2062 2828 2079 2853 ,

493 2876 893 2932 commotiones
914 2875 1261 2946 populorum,
1289 2878 1456 2948 polite
1483 2879 1551 2933 ad
1575 2877 1799 2934 tutelam
1819 2879 2079 2950 iuvenum

491 2975 552 3021 et
599 2966 902 3024 custodiam
942 2982 1136 3024 senum
1186 2978 1484 3026 tractantes
1524 2971 1818 3042 reliquere,
1853 2981 1910 3026 et
1941 2971 1984 3002 ²¹
2030 2971 2082 3026 in

490 3058 733 3128 posteris
755 3067 998 3114 tutamen
1029 3068 1084 3114 et
1107 3059 1400 3116 multat-mn
1425 3076 1606 3116 rerum
1628 3061 1869 3116 soiamen
1895 3078 1908 3115 :
1934 3061 2089 3116 decet

493 3165 643 3208 nunc
669 3151 838 3206 multo
861 3151 1035 3223 magis
1062 3152 1210 3208 viros
1235 3153 1540 3223 religiosos,
1566 3154 1762 3224 spiritu
1791 3153 1977 3209 divino
2005 3170 2088 3211 re.

495 3242 694 3313 pictos,
725 3244 840 3300 suis
867 3247 1197 3316 sequacibus
1226 3247 1335 3302 imo
1363 3247 1476 3304 suis
1515 3249 1776 3305 fratribus
1803 3250 1869 3303 ad
1895 3258 2085 3305 caute-

499 3336 608 3390 lam
640 3336 948 3392 animatum
997 3339 1268 3410 sinmlque
1316 3355 1622 3411 corporum,
1656 3341 1912 3412 quicquid
1959 3358 2090 3414 ang-

491 3425 666 3482 menti
696 3427 781 3482 vel
811 3427 1124 3484 detrimenti
1161 3430 1540 3502 prospexerint
1587 3433 1656 3495 ".
1693 3432 1924 3503 benigne
1967 3432 2090 3487 inti«

495 3535 650 3574 mare
680 3535 746 3576 ac
773 3521 1184 3593 praeclarissime
1208 3523 1540 3590 dilucidare;
1571 3532 1838 3594 quatenus
1865 3539 2086 3580 suorum

495 3625 762 3681 sequaces
810 3613 987 3669 lacum
1040 3624 1353 3686 serpentum
1393 3625 1451 3672 et
1475 3617 1520 3649 “
1545 3627 1762 3674 antrum
1816 3619 2087 3689 aspidum,

496 3718 833 3776 c-aveamque
848 3707 1145 3762 draconum
1164 3706 1438 3778 silvasque
1458 3707 1682 3766 leonum
1709 3711 2087 3780 praeﬁdentes,

495 3795 727 3867 benigne
742 3795 916 3852 edocti
939 3807 1207 3870 cauteque
1231 3799 1445 3863 muniti,
1474 3808 1530 3854 et
1557 3799 1626 3855 ab
1653 3799 1760 3856 illis
1785 3814 1844 3856 se
1869 3799 2091 3856 valeant

493 3885 728 3956 eripere,
749 3897 804 3944 et
827 3889 963 3945 atios
984 3891 1254 3948 monendo
1282 3907 1312 3946 α
1343 3898 1519 3947 morte
1541 3889 1795 3956 liberare,
1824 3907 2091 3948 memores

493 3975 814 4036 Salomonis
842 3980 1134 4052 Sapientize
1167 3983 1402 4041 dicentis
1434 4001 1448 4037 :
1492 4001 1511 4034 ι
1544 3982 1840 4055 Propterea
1876 3983 2088 4039 habebo

494 4084 596 4139 per
619 4071 762 4128 hanc
783 4072 1278 4142 immortalitatem,
1304 4085 1359 4131 et
1383 4077 1702 4132 memoriam
1741 4085 1998 4131 aeternam
2020 4074 2091 4130 ab

495 4159 587 4217 his
621 4161 716 4232 qui
754 4169 876 4233 post
908 4178 996 4219 me
1028 4165 1240 4220 venturi
1272 4175 1400 4222 sunt
1433 4185 1454 4220 ι
1494 4165 1649 4237 (Sap.
1680 4177 1803 4231 vui,
1848 4165 1961 4234 l5.)
2007 4165 2088 4221 0b

499 4341 726 4398 fessoris
751 4343 1022 4400 Ambrosii
1067 4360 1229 4415 quam
1261 4348 1432 4413 clare,
1460 4348 1659 4415 lucide,
1685 4360 1848 4422 atque
1889 4348 2087 4422 ymnis,

497 4431 744 4500 organis,
776 4433 1133 4503 symphouiis,
1167 4437 1414 4493 melodiis
1439 4453 1538 4509 per
1565 4448 1734 4496 totum
1761 4443 1948 4497 orbem
1983 4451 2090 4496 ter-

501 4538 690 4580 rarum
715 4525 957 4591 emicuit,
985 4528 1304 4599 inqnantum
1322 4531 1605 4588 scientiola
1633 4549 1752 4590 mea
1779 4536 2088 4604 exprimere

501 4613 754 4680 valuerit,
780 4626 943 4687 prout
969 4619 1208 4690 comperi
1255 4630 1310 4676 et
1363 4621 1416 4677 in
1461 4622 1692 4678 veritate
1741 4624 1924 4689 didici,
1954 4639 2088 4679 enu-

499 4702 683 4760 cloare
709 4708 955 4764 studebo.
973 4708 1156 4781 lgytur
1179 4710 1501 4778 Ambrosius
1522 4713 1736 4780 doctor,
1755 4722 1814 4768 ut
1839 4714 2089 4785 egregius

501 4804 694 4865 pastor
707 4797 890 4856 infulis
914 4801 1240 4874 prmfulgens
1253 4803 1674 4876 episcopalibus,
1692 4807 1782 4861 Dei
1804 4805 2089 4862 ecclesiam

502 4889 738 4948 miriﬁce
775 4891 1066 4956 decoravit,
1101 4903 1237 4950 etut
1268 4895 1462 4952 nobilis
1488 4897 1702 4953 adletha
1731 4898 1899 4954 lorica
1933 4897 2092 4967 spiri-

506 4981 733 5038 tualium
763 4985 1021 5039 virtutum
1083 4985 1388 5050 adornavit,
1441 4987 1653 5058 sibique
1707 4991 2087 5060 desponsatam

2185 2692 2522 2762 imperatore
2549 2691 2713 2747 totius
2732 2691 2881 2747 orbis
2901 2689 3278 2746 Valentiniano
3302 2692 3577 2753 directus,
3593 2694 3762 2747 meruit

2186 2784 2383 2840 audire
2413 2802 2428 2838 :
2466 2804 2485 2835 ι
2509 2782 2676 2847 Vade,
2705 2795 2804 2854 age
2829 2795 2935 2839 ιιοιι
2961 2782 3200 2852 utjudex
3232 2784 3329 2838 sed
3358 2793 3421 2838 ut
3449 2785 3723 2856 episcopus
3747 2805 3760 2834 ι

2189 2876 2362 2931 Tanta
2406 2875 2551 2932 enim
2593 2875 2769 2944 gratia
2800 2883 2855 2930 et
2906 2884 3056 2930 tanta
3102 2891 3199 2930 sua
3233 2875 3620 2930 misericordia
3661 2890 3762 2929 cui:

2189 2965 2455 3021 Dominus
2490 2964 2791 3030 decoravit,
2821 2973 2883 3020 ut
2937 2964 3188 3021 inimicos
3217 2964 3629 3035 patientissime
3652 2981 3762 3019 com

2186 3067 2445 3121 verteret,
2479 3069 2533 3113 et
2563 3058 2678 3113 suis
2700 3058 2892 3112 ovibus
2932 3057 3040 3113 imo
3064 3056 3176 3112 suis
3201 3056 3330 3111 ﬁliis
3363 3058 3670 3113 rudimenta
3691 3074 3765 3112 ca-

2190 3152 2404 3207 tholicae
2427 3150 2551 3207 ﬁdei
2582 3159 2642 3206 ut
2667 3165 2826 3206 verus
2850 3150 3110 3221 magister
3136 3159 3189 3205 et
3214 3150 3413 3204 doctor
3435 3149 3676 3206 ecclesia:
3692 3166 3764 3202 c2-

2189 3243 2405 3300 ritative
2428 3242 2878 3298 amministraret.
2904 3241 3007 3308 Qui
3031 3241 3261 3311 primus,
3288 3239 3344 3296 id
3375 3250 3467 3296 est
3495 3240 3720 3295 mnium
3747 3272 3763 3302 ,

2187 3334 2660 3406 metropolitanam
2719 3349 2911 3406 regens
2963 3335 3282 3390 cathedram
3315 3373 3334 3399 ,
3406 3333 3764 3389 ordinationes

2189 3430 2638 3498 presbiterorum,
2679 3427 3054 3492 diaconorum,
3096 3425 3585 3490 subdiaconorum,
3630 3424 3766 3479 cleri-

2190 3537 2397 3589 corum,
2428 3521 2941 3586 laicorum,senum,
2959 3519 3240 3588 iuvenum,
3266 3519 3534 3584 militum,
3566 3517 3766 3588 [Inpule-

2191 3631 2351 3683 rum,
2388 3615 2660 3685 virginum
2713 3628 2996 3669 sacrarum
3040 3619 3098 3666 et
3149 3611 3378 3681 innupto
3421 3611 3762 3668 manentium.

2189 3706 2509 3762 maritarum
2525 3705 2594 3770 “,
2611 3705 2920 3771 viduarum,
2936 3704 3329 3774 orphanorum,
3345 3705 3763 3774 peregrinorum,

2191 3805 2246 3853 et
2279 3796 2550 3866 hospitum
2574 3795 2908 3852 lucidissime
2936 3793 3353 3865 praeordinavit;
3388 3802 3444 3848 et
3483 3793 3764 3847 ordinanlo

2191 3888 2406 3944 curiose
2451 3887 2595 3958 quod
2655 3888 2739 3944 sui
2789 3887 3001 3943 ordinis
3059 3885 3390 3956 religiositas
3427 3885 3762 3956 exposcebat.

2193 3978 2370 4035 facere
2393 3979 2642 4047 curabat,
2661 3995 2725 4036 ac
2742 3979 2989 4036 faciendo
3009 3978 3470 4034 aliosstnitissime
3496 3979 3761 4038 edocebat,

2193 4085 2404 4126 memor
2435 4069 2578 4126 illius
2594 4070 2869 4142 Evangelii
2902 4071 3130 4126 dicentis
3156 4088 3170 4124 :
3201 4087 3221 4121 ι
3254 4069 3420 4124 Prius
3441 4067 3765 4139 cmpitlesas

2191 4159 2373 4216 facere
2420 4175 2585 4230 quam
2615 4161 2827 4216 docere.
2864 4181 2882 4213 ι
2911 4162 3040 4216 Erat
3074 4163 3218 4217 enim
3246 4161 3681 4230 sapientissimus
3721 4158 3762 4207 is
3864 4155 3865 4204 Ι

497 4251 648 4307 hanc
672 4266 898 4308 causam
918 4253 1206 4315 ecclesiam
1234 4256 1410 4310 sancti
1447 4255 1934 4326 gloriosissimique
1959 4269 2095 4311 con-
2121 4269 2170 4329 υ
2191 4250 2600 4321 pmdieatione,
2633 4250 2870 4306 disertus
2917 4252 2970 4306 itt
3016 4252 3246 4321 judicio,
3279 4252 3496 4306 cunctis
3539 4249 3763 4304 ﬁdelibus
3864 4281 3865 4284 η

2197 4343 2539 4411 mitissimus,
2565 4343 2925 4415 omnibusque
2965 4343 3271 4400 inﬁdelibus
3306 4343 3481 4408 mitis,
3521 4342 3760 4412 placidus.

2196 4435 2416 4492 humilis
2455 4445 2620 4506 atque
2667 4452 2914 4503 serenus,
2942 4437 3234 4508 providens
3257 4437 3627 4506 dispensator.
3648 4434 3764 4488 deus
3864 4425 3865 4432 “

2197 4527 2390 4599 pabula
2413 4527 2665 4594 fortibus,
2688 4529 2895 4585 cibaria
2912 4527 3229 4597 juvenibus,
3252 4528 3518 4584 alimenta
3541 4526 3761 4584 senibus.

2195 4618 2527 4674 nutrimenta
2549 4619 3008 4684 adolescentibus,
3033 4635 3240 4675 memor
3259 4619 3494 4690 apostoli
3519 4616 3762 4674 dicentis:

2195 4709 2495 4778 tOmnibus
2521 4713 2702 4768 omnia
2730 4711 2755 4766 f
2769 4723 2906 4768 lCllIS
2931 4728 3072 4773 sum.
3113 4721 3170 4768 ut
3195 4727 3390 4766 omnes
3413 4710 3762 4766 lucrifaceretl
3864 4779 3865 4790 ἶ

2195 4802 2247 4873 (Ι
2280 4803 2405 4858 Cor.
2431 4819 2511 4868 tt,
2546 4804 2654 4872 10).
2684 4824 2701 4857 ι
2739 4805 2891 4860 Enim
2921 4804 3033 4875 (35)
3055 4804 3371 4874 providerat
3403 4803 3660 4856 Dominus
3705 4795 3764 4850 ab
3864 4805 3865 4818 ‘

2193 4895 2327 4965 ipsis
2351 4897 2637 4951 cunabulis
2661 4897 2708 4928 ³⁸
2730 4897 2834 4951 sibi
2862 4905 3136 4968 pastorem
3161 4906 3216 4950 et
3237 4896 3488 4952 ecclesia:
3517 4909 3623 4949 sua:
3650 4891 3762 4944 be:-

2195 4995 2310 5041 tum
2347 4987 2700 5044 Ambrosium
2748 5004 2847 5059 per
2882 4989 3060 5043 favum
3094 4987 3268 5043 mellis
3304 4987 3454 5043 circa
3486 4985 3620 5040 labia
3665 4980 3765 5048 eius

1791 5143 2025 5198 VARI/1'3
2067 5143 2474 5202 LECTIONES.

583 5277 628 5308 ¹³
668 5277 1022 5330 querentibus
1054 5277 1111 5330 Β.
1192 5278 1236 5309 ίδ
1257 5279 1330 5330 ita
1359 5277 1462 5330 A"
1503 5287 1558 5330 et
1591 5277 1788 5330 Blanro
1815 5285 1941 5330 teste
1972 5275 2034 5328 A.
2069 5274 2322 5330 iniustum
2351 5278 2437 5330 A‘.
2473 5276 2532 5328 Β.
2614 5278 2754 5330 "ita
2788 5279 2845 5330 B.
2879 5279 3019 5330 deest
3049 5278 3135 5330 A'.
3171 5277 3282 5330 A".
3320 5257 3512 5330 Biam'.
3587 5277 3628 5307 ¹⁶
3655 5270 3760 5326 dul-
