3934 5330
133 223 201 282 ει
1047 222 1368 282 HISTORIA
1407 217 1974 283 )IEDIOLANEXSlS.
2017 257 2085 268 —
2125 219 2328 282 LIBER
2365 221 2406 280 l.

3274 214 3385 275 893

97 335 441 401 disiliautis,
473 306 633 406 atque
661 349 756 408 per
779 334 1040 408 Spiritum
1067 348 1316 394 sanctum
1349 339 1414 394 de
1439 353 1516 404 se,
1540 339 1690 410 quasi
1725 344 1767 402 Α
1797 339 2047 404 eximius,
2072 340 2365 397 Ecclesiam
2402 337 2496 394 Dei
2541 345 2698 409 pront
2728 335 2870 392 Deus
2913 349 3009 406 per
3035 331 3380 392 clementiam

99 421 170 481 de
197 445 265 482 co
290 438 514 482 noverat
545 428 747 484 dictum
787 446 798 480 :
837 447 852 479 ι
893 426 964 481 De
991 443 1086 482 ore
1118 429 1398 499 prudentis
1447 429 1693 499 procedit

98 519 209 574 tnei
235 528 291 574 et
325 519 426 582 l..c,
453 517 609 575 favus
633 519 901 573 distillans
933 518 1073 574 labia
1102 519 1240 588 ejus,
1265 520 1494 576 dulcedo
1524 519 1698 576 mellis

99 613 188 664 est
237 609 421 681 lingua
450 608 568 676 ejus
590 605 773 679 (l’rort
807 621 914 673 nt,
955 607 1056 675 24;
1087 599 1241 664 Cant.
1275 626 1352 675 tv,
1383 611 1492 682 ll).
1531 629 1549 663 ι
1592 611 1696 678 Qui

100 701 318 770 Spiritu
352 699 534 755 divino
570 698 1014 767 administrante,
1047 715 1146 770 pro
1177 709 1336 770 captu
1376 700 1696 772 cujusquam

99 804 155 846 et
188 792 418 848 scientia
447 802 610 863 atque
636 801 796 848 :etate
817 793 1015 850 docere
1036 793 1310 859 studebat,
1337 794 1518 850 sciens
1549 794 1699 865 quod

101 884 388 955 apostolus
428 885 558 940 dicit
591 897 607 938 :
651 904 668 937 ι
706 878 920 940 Pascite
952 900 1176 956 gregem
1207 884 1325 952 Dei,
1353 886 1701 958 providentes

101 992 212 1030 non
246 985 458 1042 coaete,
495 977 589 1033 sed
633 983 930 1048 spontanee
953 978 1248 1035 secundum
1282 979 1475 1046 Deum,
1525 995 1702 1051 neque

103 1067 284 1138 turpis
309 1066 449 1123 lucri
479 1069 708 1140 gratiam
732 1079 1023 1138 sectantes,
1053 1074 1146 1125 sed
1174 1071 1494 1136 voluntarie,
1525 1087 1702 1142 neque

103 1171 164 1215 ut
201 1163 546 1217 dominantes
571 1160 625 1216 in
653 1161 835 1228 cleris,
876 1163 970 1218 sed
1024 1161 1214 1218 forma:
1253 1163 1379 1218 facti
1429 1165 1606 1236 gregis
1633 1180 1699 1218 ex

101 1243 321 1320 animo,
355 1263 433 1320 ut,
465 1269 589 1309 cum
625 1254 943 1324 apparuerit
972 1254 1224 1327 princeps
1252 1264 1550 1326 posterum,
1578 1271 1694 1326 per-

103 1345 324 1416 cipiatis
365 1345 875 1402 iunnarcescibilem
913 1361 1172 1401 coronam
1203 1345 1258 1419 (1
1293 1345 1441 1402 Pelr.
1476 1361 1530 1410 v,
1568 1345 1648 1416 2).
1679 1365 1698 1400 ι

103 1433 176 1494 Et
207 1440 340 1494 item
370 1437 602 1509 apostoli
635 1437 781 1493 Petri
817 1455 832 1492 :
873 1458 892 1491 ι
926 1435 1230 1494 Ministrate
1278 1438 1333 1494 in
1383 1436 1490 1494 ﬁde
1525 1448 1704 1494 vestra

102 1533 400 1595 virtutem,
448 1531 503 1585 in
547 1529 752 1586 virtute
799 1539 978 1585 autent
1022 1529 1330 1596 scientiam,
1371 1528 1425 1585 in
1475 1529 1702 1585 scientia

104 1633 287 1676 autem
321 1621 728 1688 abstinentiam;
760 1621 813 1677 in
860 1622 1188 1677 abstinentia
1241 1629 1424 1677 autem
1489 1621 1706 1690 patien-

1797 446 1950 486 suam
1973 441 2138 501 atque
2169 440 2420 499 sanctum
2463 429 2727 502 Spiritum
2759 428 2932 499 ipsam
2961 426 3064 482 sibi
3108 427 3384 482 concessit

1798 531 1852 576 ct
1894 521 2164 592 permisit,
2189 523 2440 576 omnibus
2480 518 2654 584 modis
2683 525 2847 588 atoue
2893 516 3042 572 omni
3073 516 3385 578 conamina
3451 505 3457 551 ί

1796 614 1882 668 die
1911 629 1976 669 ac
2003 623 2160 668 nocte
2190 613 2524 678 meditando,
2552 611 2861 677 sei-ibendo,
2889 610 3137 680 legendo,
3191 607 3385 678 pra-di»
3451 609 3456 614 ’

1801 707 1994 771 cando,
2021 704 2278 762 exaltavit
2311 716 2366 760 et
2389 705 2617 760 mirifice
2640 704 2952 762 decoratam
2977 701 3213 760 ornavit.
3243 699 3386 756 Mitis

1802 807 1926 867 gata
1969 797 2324 852 Arriauorum
2356 796 2582 868 perfidia
2612 806 2777 867 atque
2815 792 3250 851 scismaticorum
3293 795 3389 848 de-

1803 890 1946 945 victa
1990 889 2253 958 nequitia,
2301 887 2537 958 quadam
2575 889 2663 944 die
2697 896 2826 944 ante
2864 885 3101 942 natalem
3146 885 3405 947 Domini,

1795 995 1926 1053 cum
1959 978 2106 1035 solus
2131 980 2364 1036 dictaret
2387 1010 2456 1020 —-
2497 979 2591 1034 sed
2641 996 2745 1035 non
2778 988 2899 1034 erat
2938 977 3254 1042 solus,cum
3280 991 3394 1046 quo

1801 1081 1919 1125 erat
1953 1072 2091 1126 Deus
2116 1101 2154 1112 -
2211 1080 2270 1126 ut
2311 1071 2484 1126 bonus
2533 1079 2717 1141 pastor
2753 1070 2895 1126 ovile
2932 1068 3270 1125 Dominicum
3321 1067 3392 1120 ad

1805 1162 2017 1217 Domini
2050 1161 2265 1218 laudem
2297 1163 2542 1219 animare
2582 1171 2637 1220 et
2666 1163 3020 1218 corroborare
3050 1161 3415 1222 desiderans..-

1799 1253 2046 1328 cogitare
2081 1254 2250 1325 cmpit
2306 1254 2580 1324 quomodo
2628 1253 2713 1309 vel
2775 1253 3010 1325 qualiter
3053 1251 3391 1308 sacerdotes:

1804 1343 2078 1408 diacones,
2116 1353 2437 1416 ceterosque
2489 1341 2732 1410 ordines,
2775 1352 2992 1408 cantus,
3043 1345 3260 1405 missas,
3305 1355 3394 1392 ιν-

1805 1451 2010 1508 speras,
2026 1436 2281 1507 psalmos,
2298 1449 2352 1494 et
2375 1446 2556 1494 cetera
2588 1438 2773 1494 divino
2795 1437 2942 1493 cultu
2967 1453 3202 1508 congrua
3227 1445 3392 1505 atque

1805 1529 2184 1584 convenientia
2205 1529 2617 1600 prmordinaret,
2642 1530 2757 1585 sive
2779 1529 2989 1602 primus
3005 1539 3201 1585 cautus
3227 1529 3392 1583 dcun-

1808 1628 1969 1682 taret.
2005 1635 2099 1675 seu
2131 1628 2258 1676 ante
2287 1621 2504 1676 ordines
2530 1631 2584 1677 et
2609 1620 2841 1694 clericos
2865 1620 2933 1675 ad
2977 1619 3139 1676 ullicii
3187 1619 3394 1690 gradu.-

106 1715 262 1778 tiam,
293 1713 347 1766 iu
389 1712 651 1782 patientia
677 1721 857 1766 autem
884 1711 1168 1784 pietatem,
1195 1711 1248 1766 in
1282 1711 1488 1782 pietate
1513 1719 1693 1766 autem
1731 1703 1770 1762 Β
1799 1712 2097 1767 ordinaret.
2159 1711 2340 1767 Visum
2373 1722 2459 1766 est
2488 1712 2587 1766 sibi
2628 1722 2685 1768 et
2732 1712 2938 1784 placuit
2990 1711 3400 1770 ecclesiasticus

104 1824 350 1864 amorem
381 1806 764 1870 fraternitatis,
799 1807 851 1862 in
891 1821 1079 1862 amore
1123 1816 1304 1861 autem
1337 1805 1701 1863 fraternitatis

99 1900 436 1954 charitatem
465 1897 553 1970 (II
579 1895 784 1963 Petr.t,
804 1897 881 1968 5).
909 1915 927 1949 ι
959 1896 1014 1951 In
1041 1897 1124 1951 via
1154 1896 1246 1951 Dei
1272 1895 1483 1964 firmus,
1513 1896 1700 1950 catho-

105 1989 210 2043 lira
254 1990 358 2045 fide
404 1990 634 2054 firmior,
667 1989 792 2044 boni
833 1988 1100 2059 propositi
1145 1986 1527 2060 infatigabilis;
1561 1988 1703 2044 unde

99 2086 546 2154 swiensissimus
577 2085 830 2142 Salomon
867 2087 941 2140 ait
973 2106 987 2142 :
1027 2107 1046 2140 ι
1086 2085 1216 2142 Esto
1266 2086 1477 2152 firmus,
1512 2087 1612 2152 fili,
1645 2086 1700 2142 iu

104 2172 195 2228 tia
223 2176 318 2230 Dei
342 2186 396 2231 et
430 2177 481 2231 in
518 2177 716 2233 virtute
737 2191 931 2232 sensus
957 2176 1031 2232 tui
1060 2186 1114 2232 et
1142 2177 1393 2244 scientia,
1425 2187 1482 2233 et
1511 2190 1702 2247 prose-

99 2274 308 2336 qttatur
332 2276 384 2322 te
411 2267 633 2322 verbum
682 2267 831 2336 pacis
871 2277 926 2323 et
959 2265 1184 2336 iustitiae
1213 2266 1405 2338 (Eccli.
1431 2283 1482 2334 v,
1526 2266 1640 2336 12).
1678 2284 1696 2319 ι

104 2362 168 2415 ln
231 2370 443 2416 tantum
519 2361 794 2429 religionis
849 2361 1246 2417 honestissime
1297 2370 1352 2415 et
1392 2361 1622 2431 honoris
1657 2358 1703 2412 ’Ψ

102 2454 369 2510 Ecclesim
405 2453 494 2508 Dei
520 2469 686 2524 super
704 2469 897 2509 omnes
919 2453 1084 2509 italia:
1107 2454 1359 2510 civitates
1391 2453 1698 2509 ordinando

96 2547 396 2616 ep'scopos
423 2561 602 2602 ramos
623 2546 969 2610 extendebat,
1013 2556 1073 2600 ut
1103 2546 1364 2618 sapientia
1397 2545 1703 2602 Salomonis

99 2641 209 2693 rash
251 2637 462 2694 alterna
509 2640 688 2711 specie
718 2639 784 2694 de
832 2640 924 2694 illo
959 2640 1442 2704 sernuminaretur,
1469 2639 1701 2696 dicens:

108 2753 127 2780 ι
159 2727 272 2802 Ego
295 2731 451 2800 quasi
471 2730 806 2784 therehintus
830 2729 1050 2785 extendi
1083 2744 1261 2784 ramos
1285 2744 1454 2793 meos,
1487 2738 1542 2784 et
1564 2729 1700 2784 rami

109 2825 217 2879 ιιιεί
266 2824 489 2880 honoris
528 2834 583 2879 et
631 2823 815 2895 gloria:
846 2822 1039 2893 (Eccli.
1072 2837 1224 2888 XXIV,
1264 2821 1379 2892 22).
1421 2842 1440 2874 ι
1473 2822 1536 2877 Et
1573 2823 1702 2880 item

106 2915 351 2983 ejusdem
371 2914 437 2968 ad
465 2915 900 2969 corroborandos
924 2922 980 2968 et
1019 2910 1410 2968 coliaudaudos
1440 2911 1625 2967 fideles
1649 2912 1701 2966 iu

108 3021 342 3076 persona
389 3005 601 3060 Domini
648 3015 703 3058 et
731 3004 987 3060 Ecclesiae
1026 3002 1265 3058 insonuit
1299 3002 1587 3067 hortando,
1619 3002 1702 3058 di-

105 3071 242 3152 cens
267 3095 309 3128 ⁸⁷
344 3112 359 3150 :
398 3113 417 3146 ι
466 3095 580 3165 Ego
630 3093 784 3163 quasi
825 3093 951 3149 vitis
1002 3092 1324 3147 frnctifieavi
1376 3092 1702 3148 suavitatem
1731 3071 1777 3132 (ἶ

107 3188 300 3244 odoris
341 3226 360 3252 ,
424 3194 481 3242 et
539 3183 703 3242 flores
757 3185 860 3240 mei
919 3184 1129 3238 fructus
1188 3183 1415 3239 honoris
1467 3192 1523 3238 et
1594 3184 1699 3239 ho-

109 3279 365 3336 aestatis.
407 3277 518 3348 Ego
545 3277 786 3348 pulchrae
814 3273 1119 3330 dilectionis
1157 3285 1356 3340 mater,
1392 3283 1448 3329 et
1491 3273 1704 3330 timoris

108 3385 163 3428 et
190 3371 492 3444 agnitionis
518 3379 576 3426 et
608 3378 812 3425 sanctae
841 3369 954 3440 spei
986 3368 1176 3440 (lbid.,
1203 3369 1318 3440 23).
1353 3387 1370 3420 ι
1432 3367 1540 3424 Sed
1581 3383 1705 3424 cum

111 3467 368 3521 dominus
395 3472 583 3519 noster
608 3479 673 3520 ac
697 3463 864 3518 totius
885 3462 1106 3517 humani
1134 3461 1349 3534 generis
1374 3461 1706 3532 redemptor,

113 3574 204 3614 rex
237 3566 296 3615 et
321 3556 565 3612 salvator
585 3564 773 3610 noster
797 3554 1070 3620 Christus,
1097 3555 1243 3610 omni
1270 3554 1522 3610 humana:
1555 3568 1709 3609 crea-

114 3665 246 3710 tura:
296 3651 642 3723 evangelium
698 3650 892 3707 salutis
944 3649 1233 3706 mitissime
1290 3665 1388 3722 per
1435 3647 1710 3720 apostolos

112 3757 275 3818 atque
312 3746 572 3802 doctores
604 3743 808 3814 Spiritu
841 3753 1032 3799 sancto
1058 3743 1498 3798 an'nninistrantc
1541 3743 1713 3796 denu-

112 3841 315 3903 dassct,
350 3837 556 3908 placuit
579 3836 682 3891 sibi
708 3836 1184 3906 praeclarissimum
1210 3835 1388 3890 virum
1418 3819 1583 3905 atque
1614 3834 1712 3889 do-

111 3931 422 3986 rtiSsimum
461 3928 809 3983 Ambrosium
841 3929 1020 3983 divina
1049 3928 1275 3983 scientia
1301 3926 1495 3982 fultum
1527 3927 1712 3982 docto-

115 4025 262 4080 ribus
300 4023 436 4089 illis,
460 4022 513 4077 in
543 4031 786 4093 tempore
812 4022 903 4093 qui
953 4021 1244 4086 adherant,
1278 4020 1330 4075 in
1368 4019 1713 4076 ordinatione

117 4113 376 4169 Ecclesiae
417 4128 528 4168 sua:
548 4120 603 4168 et
630 4113 892 4169 misteriis
919 4112 1187 4182 ejusdem,
1211 4110 1570 4182 symphoniis,
1594 4127 1712 4172 mea

115 4203 293 4271 ladiis,
337 4205 542 4278 ymnis,
576 4205 806 4260 canticis
838 4204 1216 4276 spiritualibus
1251 4203 1362 4275 (54)
1394 4204 1707 4260 sublimare.

121 4294 267 4354 Unde
279 4305 423 4352 nutu
436 4297 711 4352 divinoest
736 4296 936 4352 factum
952 4306 1036 4363 ut,
1059 4295 1480 4353 sicutiohannes
1501 4306 1714 4367 aposto-

1805 1805 1953 1861 viros
1978 1804 2247 1860 catholica
2292 1805 2397 1860 fide
2449 1806 2684 1862 imbutos
2732 1806 2840 1862 Deo
2882 1807 3077 1861 devote
3118 1804 3398 1867 ordinare,

1804 1909 1858 1957 et
1888 1902 2104 1959 assidue
2127 1918 2310 1958 secum
2336 1903 2557 1968 habere,
2585 1918 2650 1958 ac
2668 1901 2879 1959 illorum
2905 1901 3163 1958 couscilio
3185 1901 3397 1962 Domini

1805 1995 2154 2059 ministrante
2199 1996 2372 2066 gratia
2418 2003 2615 2063 cuncta
2656 1995 2965 2064 disponere.
3015 1984 3402 2062 Qai'cunetas

1803 2101 1992 2142 sacras
2018 2103 2083 2143 ac
2105 2098 2323 2144 sanctas
2341 2087 2652 2156 Seriptnras
2671 2095 2727 2142 et
2755 2086 3146 2157 descriptiones
3167 2085 3401 2154 patriar-

1805 2180 2054 2256 charum,
2095 2182 2482 2253 prophetarnnt
2522 2181 2896 2250 supervidcns,
2931 2179 2982 2234 in
3011 2177 3206 2249 quibus
3231 2175 3409 2232 Deum

1803 2283 1858 2329 et
1884 2274 2222 2330 Saivatorem
2255 2284 2502 2330 nostrum
2531 2275 2765 2345 posteris
2790 2272 3041 2326 omnibus
3071 2272 3138 2326 ad
3169 2270 3410 2324 salutem.

1805 2373 2046 2420 suamet
2093 2366 2392 2436 proficuum
2422 2365 2655 2420 aliorum
2702 2364 2754 2418 in
2786 2364 3006 2419 Christo
3050 2361 3419 2420 credentibus.

1805 2459 2189 2528 prophetarum
2219 2458 2304 2522 ἐς
2338 2474 2448 2530 pra:
2492 2467 2706 2514 ceteros
2742 2458 2785 2489 '9
2817 2458 2991 2511 visum
3047 2464 3133 2512 est
3169 2454 3276 2510 sibi
3308 2469 3408 2524 pa-

1809 2547 2166 2602 triarcham”
2201 2548 2372 2604 David
2403 2548 2471 2603 de
2498 2548 2876 2604 incarnatione
2903 2542 3241 2616 Dominiper
3271 2559 3404 2615 par.-

1810 2647 1922 2716 tum
1965 2638 2213 2709 virginis,
2241 2648 2298 2695 et
2322 2640 2388 2695 de
2409 2639 2570 2710 passi
2597 2653 2666 2694 ne
2701 2653 2797 2709 per
2817 2636 3011 2692 ludam
3041 2635 3401 2707 proditorem,

1806 2738 1862 2800 et
1888 2730 1954 2785 de
1985 2731 2407 2795 resurrectione,
2439 2740 2494 2786 et
2535 2731 2601 2786 de
2628 2731 2967 2800 apparitione
3012 2737 3137 2801 post
3161 2743 3410 2785 resurre-

1807 2820 2068 2886 ctionem,
2098 2829 2152 2875 et
2180 2823 2450 2892 quomodo
2479 2822 2768 2878 scanderet
2799 2821 2968 2877 cmlos
2998 2821 3235 2875 nubibus
3277 2834 3405 2876 sus»

1807 2913 2134 2984 cipieutibus
2183 2930 2331 2980 eum,
2377 2914 2685 2971 videntibus
2712 2913 3012 2983 discipulis,
3040 2909 3300 2982 prtcclare
3351 2919 3417 2963 et-

1807 3004 2142 3062 lucidissime
2201 3021 2368 3077 super
2411 3015 2640 3063 cunctos
2686 3005 3061 3076 prophetasse.
3111 3003 3214 3070 Qui
3263 3017 3408 3058 'Cttttt

1810 3100 2134 3172 prmvideret
2185 3117 2282 3172 per
2310 3102 2576 3170 Spiritum
2611 3111 2862 3156 sanctqu
2909 3099 3014 3156 sibi
3069 3099 3326 3156 collatum
3359 3096 3414 3128 “

1808 3189 2111 3247 Ecclesiam
2146 3193 2241 3251 Dei
2277 3203 2528 3250 ornatam
2561 3193 2809 3250 fidelibus
2845 3202 2902 3249 et
2933 3193 3042 3248 Deo
3067 3193 3319 3247 devotam
3348 3190 3404 3244 in

1809 3280 2031 3338 Christo
2059 3284 2340 3341 bltmiiilel‘
2359 3300 2683 3355 summaque
2703 3301 2832 3341 cum
2851 3283 3142 3341 devotione
3165 3282 3409 3338 creditu-

1812 3388 1927 3428 ram
1947 3391 1962 3428 :
1994 3376 2374 3445 prophetando
2392 3376 2450 3432 iu
2476 3376 2661 3433 multis
2677 3376 3019 3448 argumentis
3038 3376 3408 3436 confirmarat

1809 3471 1866 3526 et
1921 3463 2305 3520 confirmando
2329 3466 2516 3523 multis
2559 3468 2823 3539 exemplis
2871 3483 2971 3538 per
3029 3468 3306 3538 sapientes
3353 3476 3414 3520 ot

1811 3564 2090 3622 cantores,
2120 3557 2360 3614 musicos
2411 3569 2580 3630 atque
2630 3560 2905 3623 doctores,
2942 3559 3099 3631 quasi
3149 3573 3408 3630 sponsam

1812 3646 2068 3703 Omnibus
2113 3646 2406 3704 virtutibus
2447 3650 2770 3706 adornatam
2821 3649 2932 3704 Deo
2991 3648 3445 3719 optulit..Umhs‘

1813 3738 2004 3795 beatus
2041 3748 2374 3811 sanctusque
2398 3742 2590 3796 doctor
2632 3751 2688 3795 et
2718 3741 2980 3811 magister
3005 3739 3404 3796 "Ambrosias

1812 3829 1962 3886 velut
1989 3839 2248 3887 strenuus
2271 3831 2429 3887 miles
2449 3833 2518 3888 ad
2536 3831 2730 3888 vexilla
2754 3831 3178 3902 praecedentium
3205 3829 3409 3885 ducunt

1814 3916 1988 3980 ac'ad
2047 3924 2186 3980 bella
2241 3925 2602 3982 imminentia.
2647 3925 2983 3981 unanimiter
3034 3922 3406 3980 hanelantimn

1816 4017 2177 4088 prospiciens,
2230 4017 2434 4074 imitari
2477 4018 2648 4074 David
2703 4018 2962 4074 eximium
3015 4016 3408 4088 prophetarum

1816 4107 2134 4179 magistrum
2170 4108 2400 4174 studuit,
2431 4119 2488 4164 et
2515 4109 2582 4165 ad
2605 4109 2724 4181 ejus
2746 4107 3031 4179 exemplar
3066 4117 3122 4164 et
3150 4104 3414 4161 imitatio-

1816 4215 1938 4257 nem
1957 4200 2215 4271 psalmos,
2233 4210 2448 4267 cantus,
2464 4202 2836 4274 symphonias.
2859 4199 3142 4263 melo.lias,
3157 4196 3409 4258 clericos.

1792 4342 1794 4344 ,
1819 4301 1874 4348 et
1900 4294 2084 4349 omnia
2113 4293 2486 4351 ecclesiastica
2513 4293 2712 4360 ofﬁcia,
2731 4296 2842 4352 Deo
2869 4293 3174 4366 opitulante
3201 4299 3258 4346 et
3284 4288 3413 4360 Spi-

118 4387 261 4444 laset
285 4388 752 4460 evangelistarum
763 4389 996 4445 eximius
1021 4389 1163 4444 inter
1185 4388 1621 4458 ceterosdiseipn
1647 4402 1712 4442 os
1742 4429 1790 4489 D
1818 4383 1922 4439 ritu
1951 4395 2146 4442 sancto
2158 4388 2596 4451 administrante,
2615 4400 2944 4457 componere
2965 4394 3019 4441 et
3037 4383 3411 4456 praeordinati

120 4480 463 4550 privilegium
485 4489 696 4545 tenens,
729 4481 914 4536 divino
942 4479 1255 4534 admonitus
1286 4479 1561 4549 spiracula
1591 4493 1704 4534 me—

123 4571 223 4626 ntit
249 4572 438 4628 dicere
470 4591 484 4626 :
523 4591 542 4624 ι
581 4573 634 4627 In
663 4573 928 4644 principio
955 4583 1072 4627 erat
1098 4573 1336 4628 Verbum
1381 4583 1436 4626 et
1465 4572 1698 4628 Verbum

120 4675 233 4719 erat
262 4666 412 4735 apud
454 4667 642 4728 Detnn,
669 4677 728 4722 et
756 4667 902 4722 Deus
932 4676 1054 4722 erat
1083 4667 1349 4732 Verbum;
1381 4666 1484 4721 hoc
1511 4677 1631 4721 erat
1652 4666 1705 4721 in

124 4755 386 4826 principio
425 4759 565 4827 apud
607 4757 774 4813 Deum
805 4756 986 4828 (Joan.
1021 4773 1061 4819 ι.
1091 4756 1173 4826 l);
1216 4776 1234 4808 ι
1269 4757 1349 4812 sic
1375 4757 1564 4812 beatus
1591 4772 1707 4810 ma-

124 4845 291 4913 siswr
330 4859 386 4906 et
429 4852 620 4906 doctor
649 4849 974 4906 Ambrosius
1018 4849 1162 4905 inter
1201 4858 1414 4904 ceteros
1455 4848 1712 4904 doctores

1817 4477 2046 4533 studuit.
2071 4480 2216 4535 Cum
2229 4481 2376 4538 enim
2408 4479 2673 4537 Dominus
2693 4480 3046 4551 omnipotens
3074 4487 3134 4535 et
3159 4476 3412 4533 Salvator

1814 4570 2294 4641 nosterEcclesia:
2331 4586 2444 4628 sua:
2472 4571 2776 4627 catholicae
2801 4584 3017 4630 murum
3060 4577 3285 4638 pararet
3316 4567 3415 4620 ad-

1814 4682 2006 4724 versus
2031 4665 2282 4722 inimicos
2322 4673 2550 4730 suos,et
2579 4663 3066 4734 turremeri'geret
3114 4659 3290 4716 David
3319 4673 3421 4729 pro

1817 4759 1981 4814 domo
2031 4757 2277 4814 ecclesia:
2323 4773 2436 4812 sua:
2489 4765 2652 4826 atque
2691 4769 2913 4810 murum
2957 4750 3142 4813 Israel,
3197 4761 3265 4806 ut
3309 4750 3440 4833 eius;

1824 4865 2082 4923 sponsam
2131 4849 2200 4906 ab
2248 4847 2558 4906 infidelibus
2603 4846 2935 4904 defenderet.
2970 4853 3027 4900 et
3071 4856 3309 4914 gregem
3356 4836 3442 4892 ilti.

1439 4999 1670 5057 VARI/13
1710 4980 2116 5066 LECTlONES.

196 5143 249 5176 "
275 5145 506 5203 honores
528 5146 616 5202 BI.
691 5147 737 5179 ³⁷
779 5146 832 5201 h.
866 5159 930 5200 ac
952 5144 1004 5201 d.
1045 5145 1104 5200 Β.
1141 5143 1252 5214 Ego
1278 5141 1430 5214 quasi
1468 5139 1851 5214 έ-Ιιοιιοδιιιιῑε
1887 5145 2077 5200 desunt
2105 5149 2214 5202 ριν.

2309 5148 2356 5181 ⁸⁸
2377 5147 2451 5201 ila
2482 5161 2620 5198 corr.
2649 5143 2856 5200 Bethm.
2885 5140 3234 5212 prophetarit
3274 5148 3448 5190 τοίας-ιι

131 5213 176 5246 ⁸⁸
197 5214 277 5270 ita
300 5219 448 5274 codd.
478 5219 680 5276 ceteris
712 5216 798 5271 Bl.
873 5217 920 5250 ³ο
959 5211 1272 5274 patriarcha
1298 5211 1379 5266 Β.
1458 5213 1502 5246 ³⁸
1555 5211 1804 5267 collatam
1835 5214 1920 5270 οι.
1999 5218 2041 5247 ³¹
2075 5219 2124 5272 b.
2160 5237 2205 5276 s.
2237 5230 2283 5275 el
2311 5235 2360 5276 e.
2395 5233 2482 5272 tu...
2499 5217 2686 5272 desunt
2712 5216 2771 5272 Β.
