3934 5330
517 405 636 496 ³8ξδ

1510 393 1888 486 ἰΑΝυυιῖι
1926 423 2479 484 MEDIOLANENSIS
2517 425 2786 485 CLERICI

3686 425 3793 483 82‘

529 546 880 606 commissum
901 561 930 600 a
957 545 1095 614 lupis
1123 543 1408 614 rapacibus
1427 542 1702 609 liberaret,
1730 531 1843 614 qui,
1870 539 2107 612 quandiu
2139 548 2183 602 Α
2217 539 2423 604 anelat,
2457 541 2625 609 ipsam
2657 550 2900 594 sanctam
2928 539 3247 597 Trinitatem
3275 551 3327 596 et
3357 557 3551 597 omnes
3575 549 3794 598 sanctos

514 642 684 704 vixit,
711 649 874 715 prout
919 639 1062 694 Deus
1092 653 1189 708 per
1234 637 1579 694 clementiam
1620 654 1773 693 suam
1817 638 2107 702 concessit,

531 729 784 784 ecriesia:
822 727 910 783 Dei
961 743 1025 783 ac
1055 727 1232 798 populi
1283 728 1366 783 sui
1393 737 1448 783 et
1491 728 1783 783 multarum
1829 728 2108 783 civitatum

529 837 715 875 curam
748 829 962 889 gerens,
994 820 1060 874 de
1089 832 1430 888 quacumque
1462 819 1562 874 sibi
1591 836 1688 890 per
1716 820 1949 891 legatum
1981 820 2110 875 inti-

530 910 803 971 mabatur,
837 917 996 979 prout
1046 923 1145 962 nos
1191 907 1243 962 in
1294 923 1450 963 sacra
1503 908 1618 979 ejus
1667 908 1870 980 ystoria
1928 910 1993 964 de
2041 923 2108 965 eo

527 1000 730 1068 scripta
761 999 1088 1071 invenimus,-
1119 1009 1178 1053 ut
1204 999 1378 1054 bonus
1403 1009 1589 1069 pastor
1611 1000 1796 1056 sedule
1828 999 2106 1070 Vigilabat,

517 1094 740 1148 curiose
782 1091 1031 1147 circuens
1072 1099 1260 1161 gentes
1304 1092 1578 1158 diversas,
1628 1101 1790 1161 atque
1836 1091 2108 1158 civitates,

511 1183 866 1255 ’tyrampnos,
899 1197 1073 1254 reges,
1104 1184 1290 1247 duces,
1317 1196 1508 1238 omnes
1539 1183 1589 1237 in
1637 1182 1852 1238 Christo
1883 1197 2109 1237 conver-

512 1263 698 1337 tebat,
733 1285 788 1329 et
816 1274 1107 1344 unicuique
1136 1273 1344 1328 civitati
1383 1281 1439 1328 et
1480 1274 1692 1329 cunctis
1737 1272 1987 1328 ﬁdelibus
2018 1287 2108 1344 pe-

530 1366 767 1420 tentibus
783 1365 1139 1435 similiterque
1155 1363 1404 1437 religiose
1419 1365 1784 1435 quairentibus
1795 1365 2106 1435 episcopum

530 1457 842 1520 ordinabat.
871 1465 924 1513 et
953 1457 1263 1512 ordinatum
1292 1472 1500 1514 summa
1541 1472 1660 1512 cum
1689 1455 1873 1512 laetitia
1915 1471 2107 1513 conse-

526 1549 735 1601 crabat.
764 1547 818 1601 ln
848 1554 1057 1601 tantum
1089 1547 1231 1601 enim
1261 1545 1498 1602 Ecclesia
1521 1545 1613 1601 Dei
1645 1546 1697 1600 in
1723 1547 1970 1602 manibus
1993 1547 2109 1616 ejus

529 1641 844 1713 pullulabat,
873 1650 931 1696 ut
957 1655 1147 1696 omnes
1167 1639 1410 1696 infideles
1435 1640 1488 1694 in
1519 1656 1684 1696 unum
1714 1639 2106 1708 adunarentur,

526 1741 580 1790 et
631 1735 793 1788 tacite
843 1740 1208 1803 supponentes
1257 1729 1481 1801 digitum
1533 1731 1612 1785 ori
1661 1745 1761 1786 suo
1803 1729 2103 1787 dicebant:

532 1839 554 1874 σ
588 1822 728 1878 Vere
762 1823 961 1894 digitus
1007 1822 1099 1878 Dei
1151 1821 1282 1879 facit
1325 1821 1449 1888 hoc,
1474 1830 1530 1877 et
1574 1832 1830 1892 operatur
1870 1824 1922 1879 in
1954 1839 2037 1879 eo.
2079 1842 2099 1878 ›

2210 631 2374 686 corde
2422 641 2475 686 et
2524 647 2619 688 ore
2668 633 2922 688 invocare
2975 648 3078 688 non
3144 649 3317 699 cesso,
3375 645 3437 690 ut
3494 635 3628 691 mihi
3675 650 3793 706 qua

2211 723 2500 780 scribenda
2537 733 2661 779 sunt
2725 723 2960 780 scribam
2991 734 3046 780 et
3091 741 3211 795 qua:
3237 727 3464 781 tacenda
3505 736 3632 781 sunt
3666 728 3792 781 reti-

2211 829 2363 868 ceam
2409 830 2506 886 per
2577 813 2838 884 Spiritum
2908 826 3153 872 sanctum
3214 834 3368 874 suum
3424 819 3470 850 ³⁷
3505 820 3790 874 concedat.

2277 907 2332 960 2.
2389 906 2556 977 Igitur
2601 907 2647 940 ⁸⁸
2685 919 2906 964 sanctus
2948 909 3266 965 Ambrosius
3315 911 3552 966 scicntia
3611 910 3790 966 divina

2208 997 2476 1069 imbutus,
2517 996 2721 1068 Spiritu
2775 1015 2962 1054 saneto
3025 1001 3284 1072 repletus,
3323 1004 3474 1057 omni
3507 1003 3656 1059 clero
3679 1021 3791 1058 om-

2212 1089 2480 1161 nibusque
2536 1091 2819 1148 catholicis
2877 1092 3124 1150 fidelibus
3171 1088 3324 1151 iaicis
3384 1096 3598 1151 indicto
3653 1097 3791 1166 jeju-

2210 1180 2319 1248 nio,
2371 1193 2432 1236 ut
2462 1181 2722 1237 Dominus
2756 1185 2823 1237 ad
2855 1183 3116 1238 honorem
3163 1184 3421 1241 Ecclesia:
3473 1202 3588 1241 sate
3619 1197 3676 1242 et
3726 1189 3791 1242 ad

2209 1271 2420 1328 laudem
2451 1273 2615 1329 divini
2647 1275 2823 1332 cultus
2844 1277 3008 1333 corda
3035 1293 3256 1334 suorum
3290 1281 3512 1349 aperire
3543 1281 3790 1350 dignare.

2210 1372 2316 1431 tur,
2357 1364 2410 1419 in
2437 1375 2631 1435 quarto
2662 1366 2749 1422 die
2778 1369 2933 1437 quasi
2960 1384 3056 1439 per
3083 1379 3313 1440 quatuor
3341 1371 3666 1442 Evangelia,
3699 1389 3789 1443 per

2208 1453 2554 1509 clementiam
2585 1457 2676 1512 Dei
2713 1466 2768 1513 et
2798 1473 2894 1528 per
2924 1457 3308 1514 revelationem
3342 1459 3592 1531 Spiritus
3617 1462 3786 1517 sancti

2208 1546 2543 1618 septuaginta
2576 1557 2629 1603 et
2678 1549 2812 1604 duos
2858 1549 3204 1619 sacerdotes,
3258 1551 3352 1623 qui
3409 1553 3464 1606 in
3516 1553 3787 1623 primitiva

2208 1636 2450 1692 Ecclesia
2480 1639 2713 1711 episcopi
2770 1641 3146 1708 vocabantur,
3197 1651 3258 1696 ut
3311 1641 3375 1696 Β.
3426 1643 3787 1717 Hieronymus

2211 1727 2403 1783 doctor
2429 1727 2481 1782 in
2505 1729 2739 1798 quodam
2771 1745 2869 1785 suo
2901 1730 3039 1786 libro
3075 1731 3266 1787 asserit
3297 1729 3438 1802 (37S),
3471 1733 3782 1798 ordinavit;

2209 1817 2428 1873 imitans
2473 1830 2660 1872 verum
2696 1819 3016 1890 magistrum
3048 1830 3102 1875 et
3131 1821 3457 1878 salvatorem
3501 1824 3780 1878 Dominum

526 1911 683 1966 Enim
715 1910 970 1983 quamdiu
1016 1912 1122 1967 vita
1162 1912 1211 1966 ei
1256 1927 1439 1967 comes
1488 1911 1610 1978 fttit,
1644 1913 1896 1970 laborans
1942 1930 2105 1986 super
2136 1897 2179 1957 Β
2208 1918 2451 1964 nostrum
2499 1908 2680 1966 Jesum
2737 1912 3029 1968 Christum.
3063 1912 3214 1968 Sicut
3262 1915 3410 1969 enim
3444 1915 3708 1969 Dominus
3734 1926 3787 1971 et

527 2002 727 2057 multos
747 2003 952 2069 ﬁdeles,
966 2001 1033 2057 ab
1046 2001 1226 2072 aliquo
1246 2003 1484 2074 gladium
1501 2003 1822 2072 evaginante
1837 2019 2102 2075 nusquam

529 2094 874 2164 calupniatus
919 2101 1037 2161 est;
1085 2093 1229 2150 unde
1255 2093 1442 2149 dolens
1469 2085 1612 2164 quad
1636 2094 1850 2150 volebat
1875 2111 1994 2152 esse
2017 2112 2106 2152 ne-

525 2187 716 2258 quivit,
753 2187 939 2243 dicens
971 2187 1024 2242 in
1056 2202 1224 2260 ymno
1254 2186 1300 2219 ³³
1333 2204 1347 2241 :
1395 2204 1415 2238 ‹
1474 2186 1770 2258 Nequitnus
1800 2203 1919 2244 esse
1961 2205 2104 2242 mar-

524 2283 692 2348 tyres,
717 2278 814 2333 sed
864 2279 1200 2350 repperimus
1245 2286 1529 2350 martyres.
1564 2298 1583 2332 ι
1623 2279 1688 2333 Et
1744 2286 1803 2334 ut
1862 2279 1912 2335 in
1967 2279 2104 2336 libro

525 2368 978 2441 Paralipomenon
1042 2370 1270 2443 legimus
1322 2386 1419 2442 per
1480 2371 1648 2427 David
1706 2371 2028 2444 prophetam
2085 2385 2101 2427 :

535 2480 554 2514 σ
587 2461 700 2517 Non
736 2463 938 2520 dimisit
971 2464 1112 2520 Deus
1139 2479 1466 2535 quemquam
1512 2465 1811 2538 calupniari
1841 2481 1956 2533 eos,
2010 2464 2104 2522 sed

524 2552 795 2623 increpuit
848 2569 947 2624 pro
998 2555 1077 2610 eis
1135 2568 1293 2626 reges
1324 2595 1340 2620 ,
1391 2555 1578 2611 dicens
1612 2573 1625 2609 :
1657 2555 1828 2612 Nolite
1882 2565 2104 2628 tangere

526 2645 764 2700 christos
803 2661 969 2707 meos.
998 2656 1050 2702 ct
1073 2646 1125 2702 in
1147 2647 1425 2719 prephelis
1460 2646 1594 2702 meis
1622 2648 1793 2704 nolite
1819 2647 2104 2721 malignari

526 2737 578 2808 (1
609 2735 741 2792 Par.
772 2753 884 2802 xvt,
939 2739 1056 2810 22).
1101 2759 1120 2793 ι
1171 2740 1240 2795 Et
1287 2740 1480 2795 iterum
1541 2740 1592 2794 in
1638 2741 1949 2810 praecordiis
1993 2741 2106 2797 suis

527 2837 718 2884 mutuo
765 2837 822 2884 et
871 2831 1030 2886 tacite
1060 2831 1416 2898 admirantes,
1447 2832 1612 2888 Deum
1648 2831 2022 2903 gloriﬁcabant
2051 2833 2105 2889 in

533 2929 763 2987 tantum,
795 2929 854 2974 ut
889 2921 942 2976 in
976 2921 1066 2978 illo
1106 2923 1250 2992 quod
1277 2923 1540 2993 scriptum
1579 2933 1662 2980 cst
1687 2939 1783 2996 per
1821 2925 2108 2996 sapientis-

527 3009 724 3064 simum
751 3009 1100 3068 Salomonem
1130 3012 1469 3084 impleretur,
1499 3015 1716 3070 dicens:
1745 3034 1763 3066 ι
1798 3013 2026 3071 Narrate
2053 3017 2106 3072 in

527 3102 779 3170 gentibus
805 3103 1030 3173 gloriam
1063 3105 1198 3176 ejus,
1227 3113 1283 3161 et
1304 3106 1358 3162 in
1379 3108 1588 3162 cunctis
1608 3109 1816 3177 populis
1841 3108 2106 3164 mirabilia

531 3190 670 3258 ejus,
711 3193 836 3262 quia
869 3209 1092 3263 magnus
1135 3195 1393 3251 Dominus
1417 3204 1473 3251 et
1517 3197 1798 3253 laudabilis
1844 3199 2024 3264 nimis,
2052 3206 2107 3254 et

534 3255 776 3336 orribilis
821 3255 986 3354 super
1019 3299 1208 3340 omnes
1248 3285 1375 3341 deos
1400 3286 1532 3356 (1b.,
1559 3286 1674 3358 ει).
1712 3255 2106 3360 iTuncimple~
2132 3255 2176 3318 ϐ

527 3379 644 3424 tum
674 3383 759 3426 est
805 3375 948 3442 quod
979 3387 1076 3444 per
1097 3375 1344 3429 eumdem
1372 3376 1572 3431 dicitur
1604 3394 1616 3430 :
1650 3377 1852 3434 «Tenet
1880 3394 2026 3435 mare
2053 3387 2108 3434 et

529 3463 575 3496 “
601 3463 878 3534 plenitudo
897 3465 1014 3535 ejus
1036 3465 1109 3532 ³³;
1135 3465 1377 3522 exultent
1397 3469 1511 3539 agri
1539 3476 1592 3523 et
1610 3470 1790 3524 omnia
1811 3485 1930 3540 quae
1953 3473 2005 3525 in
2028 3471 2107 3526 eis

527 3565 675 3611 sunt.
706 3555 857 3612 Tunc
903 3556 1384 3630 laudabuntligna
1432 3559 1602 3615 saltus
1644 3575 1830 3617 coram
1858 3561 2106 3632 Domino,

531 3647 660 3716 quia
715 3647 864 3703 venit
895 3647 1143 3719 judicare
1176 3658 1372 3705 terram
1414 3649 1544 3721 (16.,
1578 3650 1688 3724 51).
1715 3670 1734 3706 ι
1764 3652 1834 3708 Et
1859 3655 2102 3724 quando-

530 3741 750 3809 quidem
782 3741 1044 3799 Dominus
1065 3757 1130 3799 ac
1158 3753 1342 3801 noster
1365 3744 1618 3801 Salvator
1642 3760 1738 3818 per
1761 3747 2104 3806 clementiam

530 3842 588 3888 et
633 3835 1060 3891 misericordiam
1109 3851 1263 3893 suam
1307 3839 1359 3894 in
1400 3847 1608 3894 tantum
1645 3841 2012 3912 magniﬁeavit
2051 3852 2107 3899 et

531 3923 792 3979 exaltavit
813 3935 870 3981 et
897 3927 1175 3983 decoravit
1197 3937 1317 3985 acta
1347 3940 1402 3986 et
1431 3930 1698 3986 mirabilia
1729 3933 2026 3990 doctissimi
2051 3943 2106 3990 ct

528 4017 922 4088 religiosissimi
948 4020 1186 4079 doctoris
1203 4030 1259 4079 et
1277 4023 1603 4081 confessoris
1622 4025 1907 4088 Ambrosii,
1941 4042 2109 4097 quan.

531 4117 644 4163 tum
659 4109 809 4164 multi
833 4109 1048 4168 abdices
1068 4113 1252 4169 eximii
1279 4129 1470 4187 capere
1483 4131 1588 4171 non
1610 4127 1828 4186 possunt
1841 4159 1856 4183 ,
1869 4126 1920 4172 et
1935 4134 2108 4189 quan-

530 4207 645 4253 tum
667 4199 819 4256 multi
845 4202 1050 4258 strenui
1065 4211 1120 4258 et
1144 4203 1529 4274 sapientissimi
1544 4205 1644 4259 viri
1661 4215 1824 4275 atque
1837 4207 2103 4263 scalarum

529 4290 777 4360 magistri
799 4306 1057 4349 enarrare
1082 4302 1139 4349 et
1171 4295 1459 4352 enucleare
1487 4297 1658 4353 multo
1685 4299 1881 4356 sudore
1909 4299 2105 4357 multo-

531 4395 636 4450 que
663 4381 845 4439 labore
875 4385 1106 4454 posteris
1144 4386 1367 4441 minime
1393 4387 1670 4458 quiverint
1699 4390 1764 4444 ⁸⁸.
1799 4390 1950 4448 Unda
1999 4409 2104 4448 nou

529 4471 688 4526 decet
732 4486 818 4528 me
838 4475 1014 4529 virum
1043 4489 1209 4546 parva
1239 4475 1515 4533 scientiola
1543 4479 1759 4549 plenum
1797 4481 1850 4536 in
1877 4483 2106 4554 singulis

2207 2005 2514 2072 redemptor
2537 2013 2717 2058 uoster
2746 2013 2866 2073 post
2897 2005 3321 2061 incarnationem
3347 2007 3783 2078 baptismumque

2205 2091 2348 2162 quod
2379 2091 2430 2147 in
2458 2083 2693 2166 Iordane
2724 2104 2804 2150 ter
2830 2112 3093 2151 converso
3120 2113 3216 2166 per
3237 2097 3505 2169 Spiritum
3546 2111 3783 2154 sanctum

2206 2180 2236 2236 a
2265 2178 2511 2238 Iohanne
2534 2199 2864 2253 prazcursore
2890 2194 3051 2257 atque
3075 2186 3327 2257 baptista,
3357 2190 3450 2258 qui
3483 2188 3606 2258 plus
3628 2206 3777 2260 quam

2206 2275 2466 2346 propheta
2512 2277 2794 2343 asseritur,
2847 2281 3077 2349 accepit,
3125 2280 3284 2351 elegit
3334 2283 3682 2353 septuaginta
3731 2293 3778 2338 ct

2205 2366 2340 2420 duos
2367 2365 2657 2438 discipulos
2681 2367 2745 2422 ad
2767 2371 3244 2441 evangelizandum
3271 2373 3625 2442 evangelium
3650 2374 3777 2428 divi-

2205 2473 2353 2526 num,
2383 2467 2443 2514 ut
2495 2465 2546 2514 in
2576 2461 2857 2532 evangelio
2905 2461 3064 2518 Lucae
3093 2464 3438 2536 evangelista?
3495 2464 3693 2536 legitur
3733 2476 3780 2519 et

2205 2549 2559 2620 approbatum
2593 2549 2962 2606 indubitanter
3006 2563 3236 2608 tenetur.
3291 2553 3452 2609 Unde
3499 2556 3677 2607 bonus
3702 2555 3775 2606 di-

2205 2639 2440 2710 scipulus
2481 2642 2778 2712 sapientem
2812 2658 3044 2714 sequens
3091 2646 3431 2715 magistrum,
3459 2662 3596 2700 suos
3616 2660 3780 2701 sarcr-

2206 2733 2381 2798 dotes,
2411 2733 2520 2788 imo
2548 2749 2677 2789 suos
2706 2734 2866 2801 filios,
2895 2746 2948 2791 et
2979 2745 3036 2790 ut
3063 2736 3194 2801 dixi,
3226 2751 3351 2792 suos
3383 2737 3700 2807 episcOpos,
3735 2738 3778 2790 in

2205 2837 2341 2892 opus
2363 2823 2408 2858 "
2431 2823 2714 2880 ministerii
2764 2826 3113 2882 sacerdotalis-
3138 2827 3298 2898 elegit
3324 2841 3422 2881 eos
3453 2830 3779 2881 conﬁrmans

2205 2925 2262 2968 et
2309 2912 2619 2969 collaudans
2669 2915 2935 2982 hortatur,
2968 2915 3152 2971 dicens
3188 2932 3201 2967 :
3241 2935 3258 2967 ‹
3296 2913 3408 2970 Vos
3442 2915 3585 2970 estis
3627 2930 3777 2986 genus

2207 3007 2460 3074 electum,
2505 3009 2686 3082 regale
2738 3010 3120 3078 sacerdotium,
3145 3027 3276 3084 gens
3305 3022 3526 3078 sancta,
3568 3010 3777 3083 populus

2211 3101 2606 3170 acquisitionis.
2628 3121 2646 3154 ι
2673 3103 2730 3157 ln
2763 3112 2967 3158 tantum
2994 3104 3136 3159 enim
3166 3103 3284 3158 illos
3305 3112 3434 3157 actu
3464 3113 3523 3158 et
3554 3104 3777 3156 moribus

2212 3199 2269 3245 et
2307 3191 2631 3260 humilitate,
2660 3195 2883 3248 scientia
2918 3203 2974 3249 et
3015 3193 3270 3264 patientia
3317 3201 3374 3247 et
3403 3193 3713 3247 obedientia
3739 3188 3777 3220 “

2209 3288 2264 3335 et
2296 3282 2346 3336 in
2378 3283 2526 3336 cultu
2553 3284 2783 3338 vestium
2815 3293 2871 3338 et
2907 3284 3158 3339 omnibus
3188 3283 3364 3337 modis
3397 3283 3704 3342 admonuit,
3730 3289 3776 3331 ut

2211 3370 2255 3423 si
2283 3371 2406 3440 quis
2427 3387 2522 3426 eos
2560 3371 2784 3428 fortuitu
2835 3373 2886 3428 in
2914 3375 3057 3427 clero
3087 3373 3311 3436 videret,
3350 3387 3459 3425 non
3493 3373 3696 3427 diceret
3725 3368 3776 3420 ii-

2208 3459 2311 3517 lios
2333 3478 2452 3518 esse
2479 3461 2738 3530 virorum,
2769 3465 2860 3519 sed
2905 3463 3197 3518 afﬁrmaret
3225 3463 3405 3518 socios
3437 3463 3769 3532 angelorum.

2208 3552 2302 3610 Est
2327 3565 2381 3610 et
2407 3555 2508 3611 alia
2545 3571 2706 3612 causa
2759 3572 2855 3612 cur
2887 3567 2962 3613 tot
2992 3565 3048 3612 et
3079 3566 3259 3611 tantos
3304 3556 3630 3610 sacerdotes
3659 3554 3772 3606 lucio

2209 3649 2428 3707 dissime
2455 3653 2746 3719 ordinavit,
2781 3669 2902 3724 qua:
2937 3669 3023 3710 mc
3055 3653 3357 3724 insequitur
3397 3663 3455 3708 et
3492 3652 3644 3722 quasi
3687 3652 3772 3703 im-

2208 3746 2420 3815 patiens
2445 3747 2512 3802 ad
2540 3747 2912 3804 disserendum
2944 3750 3210 3806 hortatur.
3243 3749 3377 3804 Cum
3410 3748 3559 3803 enim
3607 3747 3775 3800 humao

2209 3849 2334 3889 num
2361 3851 2529 3907 genus
2543 3853 2793 3894 sermone
2816 3854 2922 3894 uno
2947 3841 3094 3909 prius
3115 3836 3770 3910 unitum.persuperbiam

2207 3927 2548 3997 postmodum
2576 3927 2825 3984 diffusum
2853 3938 2906 3985 et
2932 3931 3228 4000 dispersum
3254 3945 3380 3984 esse
3413 3929 3612 4000 legitur
3631 3925 3771 3995 quasi

2208 4030 2305 4086 per
2341 4019 2683 4088 septuaginta
2721 4029 2775 4076 et
2801 4023 2933 4076 duas
2964 4023 3254 4077 varietates
3284 4021 3614 4090 linguarum.
3643 4018 3773 4072 sicut

2209 4105 2261 4160 in
2303 4106 2455 4164 libris
2499 4108 2726 4166 Genesis
2771 4111 3044 4166 invenitur
3071 4114 3170 4181 (ιι,
3208 4111 3282 4180 t),
3316 4110 3541 4164 dicente
3580 4107 3769 4177 lioyse.

2207 4213 2328 4256 cum
2350 4216 2458 4270 quo
2483 4201 2622 4258 Deus
2650 4203 2971 4274 loquebatur
2991 4203 3130 4259 sicut
3157 4203 3300 4273 loqui
3329 4203 3468 4258 solet
3491 4201 3694 4255 amicus
3709 4195 3768 4250 ad

2207 4290 2439 4345 amicum
2471 4308 2485 4346 :
2527 4309 2547 4344 ‹
2581 4291 2711 4347 Erat
2759 4294 2905 4348 enim
2939 4303 3082 4348 terra
3138 4291 3264 4347 labii
3297 4293 3480 4358 unius,
3510 4299 3561 4345 et
3602 4300 3768 4344 sermo

2207 4383 2540 4439 earumdem.
2571 4384 2812 4455 Cumque
2838 4386 3110 4441 venissent
3135 4384 3186 4439 in
3217 4395 3361 4440 terra
3393 4383 3622 4447 Senaar,
3643 4379 3766 4432 dixit

2206 4474 2343 4546 alter
2365 4476 2432 4530 ad
2484 4475 2712 4530 alterum
2746 4490 2761 4530 :
2807 4475 2996 4533 Venite
3024 4477 3286 4532 faciamus
3315 4476 3474 4530 nobis
3504 4486 3689 4528 nomen
3715 4476 3766 4521 et

523 4561 649 4631 ejus
668 4565 885 4620 actibus.
904 4566 1204 4633 immorari,
1233 4583 1359 4624 cum
1391 4570 1522 4625 mihi
1549 4571 1737 4628 melius
1769 4553 2000 4642 videtur,
2037 4577 2102 4632 de
2129 4609 2180 4668 Β
2204 4553 2480 4624 Civitatem
2509 4569 2767 4624 ellut‘l‘im
2793 4569 3250 4641 excelsammujus
3271 4567 3485 4623 ευιιηεη
3510 4565 3764 4636 μετείηεει

523 4657 698 4712 tantis
738 4660 950 4727 patroni
995 4660 1271 4717 miraculis
1289 4671 1341 4717 et
1387 4664 1452 4718 de
1497 4663 1660 4720 tantis
1707 4666 2098 4724 strenuissimis

532 4748 743 4805 actibus
783 4753 1004 4806 omnino
1057 4761 1238 4810 tacere
1271 4768 1436 4825 quam
1482 4769 1674 4825 parum
1717 4755 1918 4813 dicere.
1944 4757 2013 4812 At
2041 4767 2102 4815 ut

523 4838 597 4892 ad
620 4854 682 4894 ea
709 4842 920 4898 veniam
961 4846 1028 4900 ad
1053 4858 1172 4915 qua:
1199 4859 1315 4900 mea
1337 4844 1566 4901 intentio
1583 4861 1898 4918 summoque
1922 4850 2102 4906 studio

2205 4659 2273 4715 ad
2321 4660 2538 4727 cui-lum,
2567 4670 2622 4716 et
2661 4660 2999 4718 celebremus
3047 4661 3200 4717 nobis
3244 4675 3465 4723 nomen,
3491 4667 3759 4725 antequam

2206 4754 2523 4810 moriamur.
2555 4754 2844 4811 Descendit
2871 4765 3048 4810 autem
3079 4755 3359 4820 Dominus,
3383 4762 3443 4808 ut
3472 4752 3667 4806 videret
3692 4745 3760 4800 cio

2206 4849 2428 4904 vitalem
2459 4857 2513 4904 ct
2547 4848 2761 4914 turrim,
2813 4863 2974 4920 quam
3035 4845 3378 4902 mdiﬁcabant
3435 4844 3532 4900 ﬁiii
3579 4838 3756 4902 Adam,

1836 4999 2065 5056 VARUE
2100 5000 2501 5058 LECTIONES.

603 5127 769 5203 ”__d._
811 5147 938 5203 ymo
976 5135 1036 5188 Β.
1141 5136 1187 5168 ³⁸
1238 5136 1377 5193 deest
1422 5139 1509 5195 Βι.

1599 5141 1644 5174 ³⁸
1693 5143 1834 5216 deest
1887 5141 1945 5216 Β.
2019 5141 2174 5216 ³εὔια
2219 5143 2303 5200 Bt.
2349 5145 2554 5216 quievit
2598 5148 2752 5202 codd.

2859 5149 2904 5182 ³⁷
2944 5149 3020 5204 ila
3060 5149 3172 5203 A".
3219 5147 3308 5201 BI.
3365 5157 3514 5202 tuum
3567 5146 3650 5201 A‘.
3695 5142 3748 5196 Β.

535 5198 582 5232 θ’
628 5198 860 5256 Tiiutuin
903 5221 923 5260 :
961 5205 1245 5268 Expositio
1289 5208 1541 5264 ordinum
1592 5213 1764 5267 sancti
1806 5211 2120 5268 Ambrosii.
2171 5198 2313 5268 edita
2355 5198 3171 5268 nam;";;.'emms.;'"o;ia.;
3207 5198 3751 5268 satiassa'uanaa-
