3934 5330
54 350 195 411 8Ξ3

1039 332 1361 421 utsrom‘A
1398 362 1971 423 MEDIOLANENSIS.
2007 397 2080 412 -
2113 366 2314 425 manu
2348 322 2396 424 t.

3174 424 3179 429 .
3240 370 3346 428 826

56 477 126 526 et
180 467 322 524 dixit
347 485 365 523 :
394 467 538 526 Ecce
568 446 709 527 unus
749 479 832 531 est
870 473 1123 545 populus,
1146 464 1211 531 et
1248 492 1413 532 unum
1460 477 1664 533 labium
1695 484 1744 543 Α
1771 493 1890 534 rum
1930 478 2183 537 ditl'usum
2217 491 2272 538 et
2310 482 2641 553 dispersum,
2689 481 2956 553 pecudum
3002 497 3156 559 more
3191 486 3349 542 oher-
3380 458 3388 470 ⁸

60 561 356 618 omnibus.
385 560 580 619 Venite
616 565 781 637 igitur
826 575 881 621 et
925 566 1317 624 descendamus
1352 578 1407 624 et
1438 569 1667 625 confun-

62 654 289 710 damus'
332 653 574 727 linguam
627 671 837 722 eorum,
866 666 928 713 ut
977 674 1085 714 non
1136 661 1322 716 audiat
1377 662 1670 731 unusquis-

64 751 186 814 qite
217 759 409 801 vocem
461 742 695 816 proximi
749 745 863 802 suil
919 749 1099 821 Atque
1129 750 1199 806 ita
1232 751 1415 807 divisit
1440 768 1531 807 eos
1565 752 1670 807 Do.

64 834 266 890 minus
303 850 370 890 ex
398 835 491 890 illo
517 835 638 892 loco
675 836 728 891 in
767 828 1051 894 universas
1094 850 1298 907 terras,
1334 851 1390 897 et
1423 856 1671 899 cessave-

65 932 215 979 runt
248 924 524 982 aediﬁcare
558 928 833 984 civitatem
871 940 924 985 et
951 933 1139 986 turrim
1172 950 1283 1003 prte
1313 934 1477 989 nimia
1504 933 1671 990 labio-

65 1024 204 1068 rum
249 1011 589 1072 confusione.
636 1018 704 1072 Et
752 1019 874 1074 ideo
916 1029 1167 1076 vocatum
1206 1027 1290 1078 est
1330 1039 1525 1078 nomen
1555 1022 1673 1093 ejus

67 1104 272 1171 Babel,
300 1104 356 1162 id
388 1112 473 1164 est
496 1107 761 1179 confusio,
790 1111 915 1195 quia
949 1112 1019 1167 ibi
1049 1112 1332 1168 confusum
1364 1124 1447 1169 est
1468 1113 1672 1170 labium
1700 1104 1707 1117 ’

67 1197 355 1252 universae
380 1206 561 1253 terrae.
602 1219 620 1253 ι
663 1200 812 1257 Unde
836 1204 1173 1273 propalatum
1201 1213 1282 1260 est
1304 1214 1384 1271 ut,
1413 1218 1673 1276 quantum

69 1285 564 1365 iﬂomm'inteutio
598 1288 697 1344 fuit
728 1306 891 1361 prava
940 1302 994 1347 et
1039 1308 1294 1363 perversa
1326 1297 1466 1365 apud
1506 1298 1674 1352 Deum

71 1386 132 1435 et
155 1378 387 1451 augebis
413 1375 552 1451 ejus,
591 1383 646 1437 in
680 1392 885 1438 tantum
925 1386 1072 1441 onmi
1116 1387 1261 1457 genti
1290 1388 1545 1458 omnique
1581 1402 1677 1458 po-

32 1548 39 1559 ι
73 1468 207 1542 pulo‘
241 1473 630 1539 innotesceret,
657 1473 971 1546 relinquens
992 1476 1044 1531 in
1069 1477 1304 1547 posteris
1340 1478 1671 1548 exemplum,

78 1560 345 1634 tanquam
378 1566 583 1621 diceret
613 1584 627 1620 :
660 1584 680 1620 t
718 1564 827 1621 Vos
858 1568 1054 1637 quibus
1087 1570 1315 1623 scientia
1351 1570 1514 1624 animi
1553 1564 1703 1624 cum'

76 1661 295 1715 virtute
324 1662 572 1731 carporis
613 1670 669 1716 et
709 1661 985 1732 ingenium
1027 1663 1359 1733 operationis
1392 1663 1564 1735 magis
1608 1652 1707 1718 ab'

1766 591 1916 642 rans,
1940 592 2059 632 sese
2094 578 2323 634 invicem
2348 575 2601 647 sinejure
2626 585 2681 633 et
2707 577 2824 633 sine
2844 576 3049 635 laedere
3070 577 3353 639 conﬁdens

1766 676 1822 722 et
1853 665 2080 731 lanians,
2112 677 2392 740 regeretur
2420 677 2475 724 et
2503 678 2562 724 ut
2586 670 2655 726 ab
2680 662 2725 702 “
2756 669 2993 726 hostium
3034 654 3353 729 incursione

1768 758 2094 827 muniretur,
2122 774 2221 829 per
2242 761 2581 831 septuaginta
2612 768 2668 816 et
2690 760 2825 817 duos
2851 775 3008 834 reges
3035 776 3068 817 a
3090 760 3204 818 Deo
3227 778 3355 834 per-

1770 852 1995 906 missum
2041 860 2096 906 et
2143 851 2565 921 praeordinatum
2605 860 2689 908 est
2714 891 2732 914 .
2775 851 2924 921 Quos
2966 868 3090 909 cum
3133 864 3355 911 sanctus
3443 889 3449 893 ›

1771 940 2092 994 Ambrosius
2138 955 2237 1010 per
2279 938 2601 995 industriam
2633 941 2831 997 summi
2869 942 3099 999 Romani
3140 924 3356 1017 imperii

1771 1026 1957 1082 orbem
1989 1035 2256 1081 terrarum
2285 1041 2482 1097 regere
2506 1028 2755 1095 vidisset,
2794 1028 2997 1098 placuit
3025 1030 3163 1095 sibi,
3192 1031 3261 1097 ad
3287 1029 3354 1084 il-‘

1772 1118 1947 1174 larum
1975 1117 2201 1173 salutem
2229 1126 2284 1173 et
2310 1118 2551 1173 utnnium
2584 1118 2905 1190 populorum
2930 1121 3268 1191 septuaginta
3301 1124 3359 1176 et

1773 1212 1908 1267 duos
1936 1212 2248 1267 sacerdotes
2277 1211 2389 1269 Deo
2408 1209 2761 1268 conﬁrmante
2782 1211 3037 1268 ordinare
3059 1210 3196 1285 (36),
3223 1228 3357 1285 qua-

1776 1312 1934 1358 tenus
1966 1300 2235 1374 singulum
2270 1314 2452 1375 regem
2476 1319 2573 1375 per
2597 1302 2867 1375 singultim
2905 1304 3240 1379 sacerdotem
3272 1319 3359 1360 re.

1775 1394 1948 1465 galcm
1990 1395 2178 1451 intime
2215 1403 2552 1477 percuteret,
2589 1402 2646 1451 et
2678 1395 2921 1451 docendo
2961 1378 3119 1451 ﬁdem
3150 1392 3385 1473 Christi

1776 1488 1830 1541 in
1854 1486 1964 1541 Deo
1988 1485 2335 1541 conﬁrmaret
2351 1525 2368 1551 ,
2393 1494 2448 1540 et
2472 1478 2845 1541 conﬁrmando
2872 1483 2925 1539 in
2960 1486 3167 1548 cunctis
3194 1484 3354 1541 bonis

1776 1564 2069 1633 virtutibus
2098 1578 2507 1642 corroboraret,
2550 1584 2610 1630 ut
2640 1575 2707 1630 ad
2738 1574 2987 1630 bravium
3027 1575 3356 1646 perveniens
3386 1556 3391 1563 ’

1780 1677 1886 1732 tes,
1917 1666 2241 1737 quandoque
2268 1666 2314 1699 “
2345 1664 2471 1722 Deo
2490 1662 2844 1737 permittente
2881 1680 3005 1721 cum
3049 1665 3265 1723 Cbristo
3302 1665 3359 1721 in

79 1751 305 1806 excelso
330 1746 445 1806 Deo
466 1762 562 1821 per
586 1751 886 1806 bonitatem
917 1767 1091 1812 suam.
1119 1751 1271 1822 quasi
1302 1754 1493 1823 ymber
1516 1769 1680 1824 super
1779 1757 1936 1814 caelis
1964 1765 2275 1830 regnarent.

82 1848 318 1912 granum
348 1841 673 1897 distillatum
700 1850 804 1909 est,
844 1851 1008 1901 .caute
1043 1852 1099 1898 et
1136 1842 1364 1900 sollicite
1401 1844 1681 1915 providete
1710 1832 1756 1891 Β
1853 1851 1909 1906 3.
1946 1847 2153 1917 Quibus
2182 1849 2226 1882 "
2257 1848 2394 1904 bene
2431 1848 2746 1919 compositis
2774 1846 3174 1919 salubriterque
3210 1847 3359 1905 ordi-

84 1935 520 2006 vobismetipsis,
569 1948 638 1990 ne
687 1935 815 2006 quid
862 1935 1019 1991 nobis
1046 1936 1089 1968 ’ί
1117 1936 1216 2006 'per
1264 1938 1576 2008 superbiam
1623 1948 1679 1994 et

85 2024 424 2082 dementiam
474 2026 669 2082 merito
718 2027 957 2091 accidit,
998 2024 1155 2083 vobis
1190 2022 1256 2084 in
1310 2030 1677 2086 testimonium

87 2119 395 2189 contingat,
417 2127 480 2174 ut
508 2119 652 2190 quod
683 2119 840 2175 nobis
870 2118 915 2151 “
950 2120 1091 2175 male
1116 2119 1410 2175 dulcoratis
1433 2138 1539 2176 non
1567 2138 1683 2179 cre-

90 2206 237 2274 ditis,
269 2209 680 2280 vobismctipsis
708 2209 892 2264 multis
923 2209 1168 2281 suspiriis
1198 2210 1404 2282 fatigati
1438 2212 1683 2283 quando-

90 2314 195 2371 que
217 2301 485 2358 credatis.
519 2321 539 2355 ι
576 2286 786 2357 Etenim
816 2316 937 2357 cum
966 2299 1132 2356 Adam
1160 2317 1189 2356 a
1221 2302 1330 2358 Deo
1353 2302 1405 2359 in
1431 2290 1713 2373 paradiso.

90 2388 388 2455 formatus.
419 2392 489 2447 ad
532 2393 824 2463 imaginem
868 2391 962 2445 Dei
1008 2391 1298 2461 ﬁguratus,
1340 2394 1482 2448 sicut
1532 2382 1711 2449 novi;

92 2492 248 2548 mus,
276 2478 515 2537 Domino
545 2494 646 2551 per
691 2479 926 2552 Moyscm
974 2481 1189 2536 dicente
1219 2499 1230 2535 :
1265 2500 1283 2532 ι
1328 2481 1469 2537 Ecce
1507 2481 1682 2537 Adam

94 2574 269 2628 factus
294 2580 384 2628 est
412 2572 565 2641 quasi
596 2586 736 2626 unus
764 2586 831 2625 ex
860 2569 1045 2635 nobis,
1079 2591 1097 2623 ι
1132 2580 1188 2625 ct
1208 2568 1456 2627 omnibus
1481 2588 1599 2641 quae
1630 2572 1684 2628 in

94 2664 351 2734 paradiso
396 2663 493 2719 Dei
537 2672 693 2718 erant
738 2646 837 2717 sibi
886 2663 1192 2726 concessis,
1239 2672 1434 2730 praeter
1483 2663 1686 2733 lignum

98 2757 342 2810 scientite
366 2754 498 2811 boni
517 2764 570 2810 et
592 2755 744 2820 mali,
768 2753 835 2808 de
861 2769 969 2825 quo
992 2764 1325 2824 praeceperat
1351 2756 1398 2810 ei
1426 2753 1688 2812 Dominus

97 2839 164 2904 ne
192 2849 536 2912 comederet,
570 2848 754 2904 dicens
783 2863 797 2902 :
834 2867 852 2900 r
890 2848 948 2902 in
978 2863 1298 2924 quacunque
1328 2845 1415 2902 die
1443 2849 1690 2903 comede«

102 2940 235 3007 ritis,
281 2948 466 2995 morte
502 2939 827 2993 moriemini.
866 2957 884 2991 ›
918 2938 1017 3006 Qui
1055 2939 1100 2992 si
1147 2947 1305 2993 tante
1345 2937 1691 3008 studioseque

101 3033 557 3088 ammonitionem
585 3040 639 3087 et
667 3042 995 3102 praeceptum
1031 3031 1121 3085 Dei
1155 3042 1313 3101 atque
1342 3030 1573 3101 benigne
1600 3030 1693 3083 ad-

102 3125 380 3179 monentis
421 3122 706 3187 tennissct,
758 3124 870 3192 ipse
913 3122 1237 3177 immortalis
1278 3130 1442 3187 esset,
1485 3130 1541 3177 et
1594 3136 1693 3176 nos

1782 1942 1949 2007 natis,
1992 1941 2263 2012 quendam
2305 1941 2642 1997 sacerdotem
2692 1941 3001 2010 religiosum
3043 1942 3218 1997 virum
3266 1940 3364 2011 qui

1782 2034 2124 2105 primicerius
2160 2042 2447 2090 vocaretur
2484 2034 2795 2105 proposuit;
2843 2033 2934 2103 qui
2974 2033 3131 2103 quasi
3175 2032 3366 2102 coepi-

1785 2129 1983 2198 scopus
2022 2127 2167 2182 circa
2203 2141 2390 2181 omnes
2424 2126 2476 2181 in
2512 2126 2741 2181 crimine
2780 2112 3093 2199 laborantes
3128 2133 3367 2195 potesta-

1787 2225 1896 2273 tem
1946 2232 1975 2270 a
2026 2223 2216 2272 saneto
2253 2214 2545 2271 Ambrosio
2582 2214 2846 2286 magistro
2866 2214 3095 2285 accepit,
3131 2224 3192 2269 ut
3221 2209 3375 2286 quod-

1785 2309 2071 2379 episeopus
2106 2304 2328 2376 implere
2364 2320 2463 2376 per
2505 2320 2562 2361 se
2596 2319 2704 2360 non
2749 2312 2963 2374 posset,
3013 2303 3367 2373 coepiscopus

1787 2396 1878 2467 qui
1917 2395 2257 2466 primicerius
2290 2394 2610 2459 vocabatur,
2657 2392 2801 2448 circa
2845 2392 2967 2447 illos
3012 2389 3237 2462 implere
3273 2406 3369 2446 cu«

1788 2490 1932 2543 riuse
1962 2487 2225 2543 studeret.
2252 2485 2391 2553 Quin
2415 2485 2580 2541 etiam
2608 2484 2786 2539 locum
2814 2483 2868 2537 in
2896 2496 3003 2553 quo
3024 2497 3215 2538 omnes
3239 2496 3372 2538 cou-

1790 2579 2038 2633 veuireut
2071 2576 2370 2646 insignivit,
2397 2566 2539 2646 quod
2582 2573 2980 2645 presbyterium
3011 2586 3181 2644 usque
3209 2573 3370 2628 modo

1792 2685 1821 2724 a
1849 2667 2060 2723 cunctis
2082 2667 2383 2732 vocitatur;
2417 2664 2505 2720 ubi
2528 2678 2718 2719 omnes
2758 2662 3069 2718 sacerdotes
3091 2660 3281 2717 urbani
3315 2661 3371 2717 in

1793 2770 1944 2814 sexta
1964 2757 2108 2812 feria
2141 2756 2225 2812 vel
2254 2756 2376 2811 Kal.
2409 2755 2817 2820 convenientes,
2840 2753 3053 2809 curiose
3082 2751 3136 2807 in
3172 2752 3373 2809 divinis

1795 2850 2111 2907 ministeriis
2145 2848 2384 2919 singulos
2410 2846 2892 2919 perscrutabantur
2921 2845 2968 2876 ⁸⁸
2989 2884 3004 2910 ,
3032 2843 3214 2913 itaque
3242 2841 3371 2899 reli‘

1795 2940 1943 3013 giose
1988 2942 2133 2999 circa
2179 2941 2356 2997 divina
2394 2938 2712 3002 ministeria,
2754 2947 2808 2992 et
2845 2932 3213 2991 indesinenter
3254 2948 3375 2990 sese

1795 3035 2145 3090 exercebant.
2185 3032 2301 3099 Quo
2346 3030 2400 3085 in
2450 3030 2569 3084 loco
2609 3027 2879 3083 universis
2913 3025 3332 3082 consedentibus
3356 3061 3371 3087 .

1798 3125 1941 3194 quod
1984 3124 2125 3179 Deus
2161 3123 2414 3192 episcopo
2451 3118 2787 3190 inspirabat,
2817 3116 3061 3172 docebat.
3103 3115 3303 3169 Deinde
3330 3111 3374 3144 "

103 3215 252 3281 quasi
280 3215 378 3270 Dei
405 3214 609 3269 similes
634 3228 896 3269 essemus.
924 3212 1076 3270 Unde
1096 3229 1193 3268 vos
1212 3213 1450 3269 studiose
1479 3228 1689 3283 precor,
1719 3181 1766 3245 θ
1798 3216 2217 3284 subepiscOpus,
2250 3211 2339 3281 qui
2379 3209 2732 3279 coepiscopus
2763 3204 2809 3239 ⁸⁰
2843 3219 3016 3274 usque
3053 3203 3211 3258 modo
3239 3212 3294 3258 et
3329 3200 3374 3233 ἰ

105 3318 159 3360 ut
190 3306 240 3339 "
270 3306 426 3377 quod
447 3304 620 3360 Adam
654 3321 749 3374 per
778 3304 1199 3360 inobedientiam
1232 3306 1523 3360 criminose
1555 3303 1692 3359 deli-

106 3398 237 3466 quit,
273 3408 335 3452 et
374 3413 474 3453 nos
513 3412 607 3467 per
646 3396 867 3451 nimiam
905 3397 1212 3465 superbiam
1257 3396 1466 3450 confusi
1511 3408 1697 3450 sumus

108 3502 158 3542 et
182 3506 283 3560 per
317 3488 562 3544 omnium
588 3499 854 3543 terrarum
883 3488 1053 3558 spatia
1083 3487 1343 3556 dispersi,
1380 3494 1567 3539 mutuo
1596 3500 1695 3541 nos

111 3590 162 3635 et
201 3580 432 3645 merito,
460 3580 680 3635 minime
708 3580 780 3633 ob
807 3578 1111 3648 linguarum
1156 3579 1474 3632 varietatem
1504 3574 1716 3631 intelli-‘

114 3668 327 3743 gentes,-
359 3672 504 3743 quod
528 3671 669 3726 Deus
696 3684 763 3725 ex
796 3684 1005 3724 summa
1032 3668 1320 3724 dilectione
1346 3669 1696 3731 bumanatus,

116 3776 404 3828 mortuus,
433 3765 754 3829 suscitatus,
785 3760 939 3817 vobis
976 3760 1044 3816 ad
1086 3760 1519 3815 rcsuscitandum
1556 3756 1701 3829 quod

118 3858 286 3930 angeli
325 3859 382 3912 in
424 3855 577 3911 caelis
614 3869 710 3925 per
741 3852 1049 3924 superbiam
1096 3852 1423 3916 amiserunt,
1470 3850 1721 3921 benigne"

118 3950 417 4014 Concessit,
438 3948 492 4003 si
522 3946 752 4003 solerter
780 3944 1127 4014 studioseque
1159 3944 1210 3997 in
1244 3943 1347 3997 ﬁde
1376 3957 1702 4011 permanen-

122 4055 197 4099 tes
225 4042 461 4100 Domino
488 4038 787 4110 opitulante
817 4037 1080 4092 steteritis
1106 4075 1121 4099 ,
1149 4035 1293 4089 unde
1322 4046 1579 4088 concessa
1610 4049 1706 4089 cu-

123 4137 373 4192 Stodiatis
394 4176 409 4199 ,
439 4141 495 4190 et
527 4140 769 4187 sanctam
794 4129 951 4184 ﬁdem
982 4128 1350 4184 custodientes
1372 4127 1507 4180 bona
1543 4140 1706 4196 opera

126 4228 359 4292 laciatis,
387 4235 447 4280 ut
471 4224 537 4279 ad
567 4222 863 4295 perfectura
896 4221 1052 4275 ﬁnem
1086 4220 1366 4274 venientes
1388 4218 1710 4288 quandoque

130 4321 178 4375 iu
199 4331 453 4376 extremo
483 4316 734 4371 examine
754 4313 944 4383 judicii
976 4329 1005 4367 a
1037 4312 1255 4367 dextera
1282 4311 1375 4365 Dei
1408 4311 1561 4381 positi
1585 4326 1709 4365 cum

132 4415 325 4483 gaudio
393 4408 581 4466 audire
624 4405 880 4463 merentis
924 4406 1069 4475 quod
1117 4404 1379 4458 Dominus
1419 4401 1712 4456 clementer

134 4505 263 4560 dixit
292 4502 346 4537 “
368 4520 387 4558 :
417 4522 436 4555 ι
468 4500 683 4565 Venite,
710 4497 976 4553 benedicti
1030 4495 1206 4550 Patris
1259 4494 1401 4557 mei,
1451 4491 1711 4563 percipite

136 4610 383 4669 regnum,
435 4593 576 4665 quod
632 4590 787 4647 vobis
841 4598 1085 4660 paratum
1128 4596 1211 4643 est
1254 4601 1283 4640 a
1331 4584 1715 4640 constitutione

139 4690 319 4744 mundi
364 4682 581 4757 (Manli.
624 4697 752 4747 xxv,
792 4681 906 4750 54).
951 4700 968 4731 ι
1011 4676 1093 4735 Ob
1121 4689 1281 4748 quam
1320 4676 1463 4732 enim
1499 4689 1716 4729 causam

143 4792 357 4837 sanctus
396 4776 717 4835 Ambrosius
766 4773 1105 4845 septuaginta
1148 4779 1204 4826 et
1245 4770 1380 4824 duos
1428 4766 1721 4837 discipulos

146 4874 456 4928 sacerdotes
498 4869 754 4925 ordinare
787 4866 981 4930 voluit,
1014 4873 1072 4918 ut
1117 4870 1249 4932 quot
1286 4860 1510 4914 fuerunt
1543 4859 1721 4913 varie-

151 4969 282 5019 tatcs
310 4964 552 5037 gentium
585 4977 681 5031 per
705 4958 1096 5029 dispersiouem
1148 4956 1474 5024 linguarum,
1517 4958 1598 5005 tot
1639 4966 1724 5006 es-

154 5066 266 5109 sent
306 5055 620 5111 sacerdotes
665 5050 732 5104 ad
768 5048 997 5103 salutem
1051 5046 1356 5101 animarum
1393 5050 1723 5095 nostrarum.

157 5147 221 5201 At
244 5164 362 5204 cum
398 5148 695 5203 humanum
722 5155 892 5212 genus
918 5141 1186 5209 quondam
1215 5150 1311 5206 per
1333 5133 1517 5189 orbem
1551 5139 1727 5185 terra-

1795 3307 2144 3380 primicerius
2176 3311 2402 3359 vocatur
2421 3341 2435 3367 ,
2465 3298 2761 3356 secundum
2789 3297 2931 3368 quod
2962 3296 3104 3351 Deus
3145 3293 3379 3349 admiuie

1798 3402 2034 3463 strabat,
2060 3397 2179 3452 illos
2201 3395 2519 3458 amouebat,
2548 3392 2775 3446 dicens:
2809 3407 2827 3441 ι
2859 3387 3058 3444 Contra
3095 3384 3376 3442 stultitiam

1798 3491 2104 3546 ministrate
2131 3485 2474 3556 sapientiam,
2503 3490 2689 3537 contra
2731 3478 3009 3534 lasciviam
3044 3474 3372 3538 castitatem,

1798 3589 1991 3636 contra
2031 3575 2377 3633 ebetudinem
2423 3570 2785 3632 intellectum,
2834 3574 3024 3623 contra
3073 3562 3379 3636 praecipuas

1804 3671 2000 3727 tionem
2031 3667 2383 3729 conscilium,
2434 3671 2629 3718 contra
2678 3661 2925 3714 timorem
2969 3653 3379 3715 fortitudinem,

1802 3770 1993 3816 contra
2036 3756 2397 3829 ignorantiam
2430 3750 2714 3806 scientiam
2734 3788 2749 3813 ,
2775 3753 2963 3801 contra
2994 3743 3245 3799 duritiam
3261 3740 3383 3825 pie.

1806 3860 1972 3905 tatem
1998 3890 2012 3909 .
2045 3855 2233 3902 contra
2279 3841 2586 3912 superbiam
2627 3837 3017 3898 humilitatem;
3064 3831 3132 3885 de
3162 3843 3267 3898 qua
3296 3840 3383 3883 sui

1807 3945 1962 4014 piens
1985 3940 2202 4010 quidam
2236 3934 2349 4005 (57)
2382 3932 2550 3987 dicit:
2586 3949 2605 3981 ι
2643 3928 2743 3994 Qui
2789 3926 2906 3981 sine
2938 3922 3243 4014 humilitate
3271 3918 3386 4014 vira

1810 4009 1950 4090 tutes
1976 4035 2294 4101 congregat,
2326 4023 2479 4094 quasi
2521 4028 2741 4075 ventum
2782 4016 2835 4070 in
2881 4014 3156 4086 pulverem
3188 4009 3237 4101 ’ξ
3261 4012 3385 4101 por-

1812 4128 1922 4190 t'at;
1958 4144 1975 4175 ι
2002 4096 2148 4177 Etnt
2176 4096 2259 4173 est
2285 4117 2452 4170 illud:
2492 4132 2511 4165 ι
2548 4109 2837 4166 ilumilitas
2880 4104 3062 4161 omnia
3100 4100 3291 4164 vincit,
3314 4096 3386 4153 'et

1812 4188 1927 4284 ipsa
1970 4228 1999 4266 a
2046 4210 2259 4265 nemine
2300 4212 2607 4276 superatur.
2643 4221 2661 4253 ι
2711 4200 2912 4254 Praeter
2942 4197 3043 4250 ista
3068 4188 3387 4284 ,inst‘ruebat

1815 4280 1935 4362 illos
1980 4303 2184 4358 habere
2234 4297 2578 4354 dilectionem
2627 4291 2721 4346 Dei
2770 4297 2826 4345 et
2874 4284 3128 4358 proximi.
3179 4280 3390 4349 Quibus

1814 4391 2118 4464 completis,
2151 4388 2293 4460 quod
2324 4385 2615 4454 unicuique
2640 4381 2706 4436 de
2753 4377 2971 4449 propria
3014 4386 3175 4464 causa
3198 4380 3389 4464 ‘expef

1818 4454 2017 4547 diebat,
2047 4454 2338 4537 salubriter
2365 4475 2655 4532 tractabat.
2678 4471 2754 4525 ita
2783 4478 2960 4524 tamen
2985 4463 3166 4521 omnia
3190 4454 3393 4516 ﬁebant

1818 4578 1960 4632 inter
1990 4575 2111 4631 illos
2139 4571 2364 4645 paciﬁce
2386 4611 2400 4637 ,
2438 4577 2496 4624 et
2531 4568 2758 4622 honeste
2796 4561 3172 4617 tractabantur
3197 4562 3252 4610 et
3276 4552 3396 4607 sine

1817 4668 1940 4725 dolo
1961 4677 2017 4723 et
2041 4667 2157 4723 sine
2183 4663 2401 4727 invidia,
2433 4667 2495 4715 ut
2520 4658 2664 4729 quod
2692 4656 2746 4713 in
2775 4653 2999 4709 Actibus
3029 4646 3394 4720 apostolorum

1815 4759 2034 4831 legitur,
2077 4756 2130 4810 in
2182 4754 2300 4808 illos
2346 4748 2694 4820 implebatur,
2753 4745 2978 4833 dicens:
3033 4758 3052 4792 t
3107 4737 3240 4792 Erat
3291 4732 3399 4833 illis

1820 4850 1914 4907 cor
1938 4863 2101 4903 unum
2136 4854 2193 4901 et
2222 4843 2399 4898 anima
2425 4854 2529 4895 una
2564 4836 2704 4910 (Act.
2736 4850 2815 4901 tv,
2851 4832 2975 4902 3‘2);
3014 4846 3034 4883 θ
3059 4836 3115 4883 et
3153 4832 3403 4897 quamvis

1824 4938 1993 4995 facies
2018 4935 2231 4990 illorum
2263 4936 2446 4987 essent
2478 4927 2706 4982 diversa:
2731 4964 2746 4990 ,
2777 4936 2943 4978 unum
2990 4933 3085 4973 cor
3123 4924 3181 4971 et
3223 4912 3413 4968 anima'

1829 5038 1948 5087 erat
1992 5042 2120 5082 una.
2165 5023 2370 5093 Quibus
2424 5016 2640 5088 egregie
2692 5012 2996 5071 viventibus
3022 5015 3110 5062 et
3156 5003 3411 5093 religiose

1832 5089 2406 5194 degentibusiomnia
2464 5101 3005 5178 cooperabanturin
3055 5099 3302 5160 bonum,
3354 5089 3417 5140 ut

1440 5236 1680 5293 VABIAS
1717 5230 2120 5291 LECTIONES.

2594 5319 2607 5326 -
2684 5314 2744 5326 ...
2844 5304 2886 5326 ιι
2930 5276 2995 5326 ι’.-
3038 5296 3117 5326 νο
3188 5295 3253 5326 In
3307 5294 3416 5326 Mr.
