3934 5330
138 374 251 432 833

1098 373 1422 431 HISTORIA
1464 371 2038 430 MEDIOLANENSIS.
2073 407 2138 418 -
2165 377 2368 436 LlBER
2407 379 2448 435 l.

3329 376 3437 442 κδι

137 489 378 553 diderat,
405 494 461 542 et
501 484 748 556 lmpOsita
782 486 834 541 in
866 486 1089 542 humero
1118 502 1245 551 suo,
1278 486 1491 556 gaudet,
1526 493 1581 538 et
1635 499 1727 539 ve-
1764 493 1810 549 Α
1840 482 2179 542 Theodosius
2232 489 2584 545 beatissimus
2623 487 2917 559 imperator
2969 499 3027 547 et
3074 493 3319 563 sequitur
3379 508 3435 553 et

136 582 302 636 uiens
350 589 609 634 convocat
665 580 867 633 amicos
924 589 978 633 et
1032 579 1236 633 vicinos
1285 594 1449 640 suos,
1502 577 1730 630 dicens:

142 669 645 740 tCoogratulamitj
677 669 965 739 mihi,quia
992 669 1169 725 inveni
1191 686 1347 724 ovcm
1372 684 1543 725 meam
1571 683 1733 737 quant

133 764 484 831 perdideram
537 759 714 829 (Luc.,
758 776 847 825 xv,
880 760 955 830 6).
986 779 1004 811 ι
1060 758 1210 815 Unde
1260 760 1518 813 Dominus
1556 758 1729 813 dicit:

136 859 543 920 «Amemamen
557 857 675 909 dico
700 855 872 918 vobis,
890 855 1015 925 quia
1043 854 1215 923 majus
1234 853 1487 923 gaudium
1514 854 1565 907 in
1592 852 1732 906 εωῐο

132 944 303 1016 super
334 963 442 1001 uno
476 956 759 1016 peccatore
798 944 1172 1015 ptenitentiam
1200 953 1421 1014 agente,
1452 957 1614 1012 quant
1643 957 1732 995 su-

130 1056 229 1110 per
256 1040 555 1109 nonaginta
581 1054 776 1093 novem
799 1038 977 1107 justis,
1008 1038 1099 1105 qui
1133 1051 1238 1090 non
1286 1035 1532 1105 indigent
1562 1033 1727 1103 ρωιιὶο

132 1132 307 1185 tentia
341 1130 531 1201 (Mitt,
566 1130 641 1200 Ἰ).
686 1149 704 1182 ι
740 1140 794 1185 et
824 1139 883 1184 ut
910 1130 963 1183 in
990 1129 1095 1184 alio
1122 1128 1242 1184 loco
1274 1128 1470 1197 legitur
1497 1128 1563 1182 de
1611 1143 1731 1181 nnt-

130 1221 266 1277 liere
316 1221 406 1274 illa
433 1261 448 1285 ,
481 1237 601 1291 qua:
639 1220 815 1275 lic-tata
860 1229 945 1275 est
995 1236 1159 1291 super
1212 1220 1529 1274 drachmam
1564 1235 1727 1289 quam

128 1314 447 1385 perdiderat
464 1328 479 1378 ;
498 1322 553 1367 et
570 1321 830 1369 convocat
845 1313 1047 1367 amicas
1067 1322 1119 1368 et
1133 1312 1335 1368 vicinas
1346 1327 1493 1375 suas,
1510 1312 1724 1366 dicens:

134 1428 150 1458 ι
196 1406 669 1479 Congratulatnini
695 1407 849 1473 mihi,
874 1423 999 1478 quta
1025 1405 1204 1461 inveni
1227 1405 1539 1459 draclunam
1564 1420 1725 1474 quam

129 1498 772 1570 perdideram(lbi.l.,9).
795 1518 813 1551 ι
842 1497 1078 1552 Tandem
1101 1505 1231 1551 nutu
1255 1496 1456 1563 divino,
1476 1510 1581 1551 non
1605 1502 1726 1565 pOst

128 1594 333 1647 multos
374 1593 512 1655 dies,
545 1592 685 1647 sicut
722 1591 905 1648 multis
932 1590 1241 1645 videntibus
1281 1598 1335 1645 et
1369 1590 1469 1644 sibi
1496 1604 1725 1643 consen-

128 1684 393 1739 tientibus
424 1684 602 1753 palam
644 1684 1095 1746 oberraverat‘”,
1134 1684 1212 1739 sic
1255 1681 1306 1735 in
1350 1680 1591 1737 fontibus
1632 1681 1724 1751 qui

125 1779 271 1833 beati
295 1777 566 1835 Johannis
589 1778 935 1833 ascribuntur
957 1776 1045 1843 ωδ,
1065 1776 1171 1831 Deo
1192 1774 1487 1844 opitulante
1513 1790 1541 1827 a
1564 1775 1723 1833 beato

1836 578 2084 647 probavit
2112 595 2125 645 ;
2159 580 2298 637 hanc
2331 582 2489 636 fidem
2528 580 2714 635 Gallia:
2737 590 2943 646 tenent,
2984 584 3126 640 hanc
3158 584 3431 657 Hispania

1836 680 1957 721 cum
1991 668 2062 699 ¹¹⁸
2092 669 2178 739 pia
2212 671 2378 725 divini
2405 670 2642 741 Spiritus
2676 672 3020 728 confessione
3048 678 3377 732 custodiunt.
3407 699 3427 733 ι

1835 757 1934 812 Est
1963 760 2109 813 enim
2141 760 2195 814 in
2223 761 2328 816 illis
2365 761 2477 833 (46)
2504 772 2560 816 ιιι
2602 777 2761 818 nemo
2783 779 2880 834 per
2914 765 3152 834 aliquam
3184 770 3433 825 occasio-

1833 864 1954 905 nem
2001 853 2173 921 turpis
2209 853 2327 908 vitii
2362 854 2634 920 incurrat,
2686 856 3110 914 incontinentem
3146 875 3203 915 se
3243 862 3435 920 videns

1831 940 1916 994 vel
1956 942 2025 972 ¹¹⁶
2049 941 2272 997 fratrem
2296 959 2476 1009 suum,
2513 945 2613 1000 nisi
2672 947 3144 1016 circumveniatjn
3191 954 3430 1023 negotio.

1830 1028 1911 1085 Οἱ)
1950 1048 2109 1101 quam
2156 1049 2375 1088 causam
2419 1036 2663 1091 molitum
2696 1037 2748 1092 in
2792 1038 3035 1094 Ecclesia
3088 1041 3430 1112 universali,

1829 1131 1889 1174 ut
1946 1123 2259 1179 sacerdOtcs
2288 1134 2382 1179 aut
2434 1126 2674 1197 virgines
2722 1140 2915 1194 erant,
2961 1139 3055 1186 aut
3107 1142 3256 1189 taste
3303 1148 3429 1191 cum

1832 1213 2095 1267 uxoribus
2126 1214 2417 1269 manebant
2447 1234 2461 1269 :
2507 1227 2774 1286 quatenus
2803 1219 2847 1274 si
2892 1219 3032 1275 Dens
3063 1222 3427 1292 pmordiaas-

1827 1313 1930 1366 set,
1960 1314 2017 1357 ut
2058 1305 2105 1359 si
2152 1306 2348 1377 aliquis
2378 1307 2446 1362 ad
2499 1310 2866 1379 t'pisc.)patunt
2898 1326 3170 1368 annuente
3204 1315 3311 1370 Deo
3340 1332 3429 1371 ve-

1827 1395 1993 1463 niret,
2031 1398 2114 1452 vel
2153 1400 2307 1470 virgo
2354 1399 2441 1456 vel
2494 1402 2653 1457 unius
2700 1405 2889 1459 uxoris
2937 1405 3018 1458 vir
3068 1406 3427 1465 inveniretur.

1827 1489 1981 1545 Unde
2024 1492 2156 1546 dicit
2192 1493 2533 1562 Apostolus:
2585 1513 2603 1546 t
2647 1494 2869 1564 Oportet
2917 1497 3229 1569 episcopum
3285 1501 3428 1555 inre-

1824 1584 2247 1652 prehensibilem
2279 1601 2431 1650 esse,
2467 1587 2626 1641 unius
2668 1590 2855 1643 uxoris
2899 1590 3095 1656 virum,
3142 1594 3379 1649 sobrium
3407 1636 3423 1661 ,

1823 1676 2094 1745 pudicum,
2127 1688 2403 1739 ornatum,
2439 1678 2760 1749 hospitalem
2796 1680 2847 1749 (l
2884 1680 3017 1737 Tim.
3045 1699 3127 1747 tn,
3156 1683 3231 1749 Ξ).
3259 1705 3277 1737 ι

1894 1767 1979 1819 tl.
2027 1765 2341 1821 Transactis
2395 1768 2462 1799 ‘"
2522 1785 2785 1825 annorum
2851 1772 3034 1829 multis
3092 1775 3419 1843 curriculis,

125 1869 444 1933 Ambrosio,
475 1869 685 1924 cunctis
727 1867 973 1923 ﬁdelibus
1005 1867 1165 1936 hujus
1196 1865 1343 1919 urbis
1379 1864 1722 1918 adstantibus
1754 1846 1797 1906 Β
1825 1856 2040 1913 vivente
2069 1864 2248 1912 tamen
2275 1860 2434 1914 beato
2461 1860 2771 1928 Ambrosio,
2801 1866 3119 1933 gravissima
3154 1870 3420 1925 dissensio

127 1974 178 2016 ct
200 1959 537 2022 videntibus,
557 1960 606 2013 in
632 1959 847 2013 nomine
869 1967 1070 2011 sanctze
1090 1967 1141 2010 et
1166 1954 1452 2009 individua!
1479 1953 1710 2007 Trinita-

127 2053 192 2105 tis
223 2051 538 2121 baptizatus
562 2060 614 2103 et
638 2050 988 2105 continuatus
1014 2059 1118 2103 est.
1147 2048 1201 2101 ln
1231 2050 1426 2118 quibus
1458 2045 1719 2112 fontibus,

124 2153 283 2213 prout
309 2143 550 2212 Spiritus
589 2152 806 2197 sanitas
851 2141 1013 2195 dabat
1041 2141 1217 2210 eloqui
1266 2141 1401 2203 illis,
1434 2139 1502 2194 Te
1551 2139 1718 2194 Deum

125 2233 412 2287 laudamus
463 2235 829 2297 dccantautes,
866 2234 1074 2287 cunctis
1114 2236 1202 2303 qui
1233 2233 1459 2287 aderant
1498 2234 1719 2288 audien-

127 2327 268 2379 tibus
298 2335 359 2379 et
390 2326 691 2378 videntibus
732 2324 997 2394 simulque
1026 2324 1368 2387 mirantibus,
1402 2325 1453 2376 in
1484 2324 1716 2392 posteris

125 2416 417 2471 ediderunt
443 2416 583 2484 quod
617 2418 683 2468 ab
709 2416 963 2468 universa
987 2414 1227 2468 Ecclesia
1252 2414 1516 2467 catholira
1546 2429 1717 2481 usque

125 2506 281 2561 hodie
316 2516 531 2562 tenetur
576 2516 629 2562 et
665 2508 910 2577 religiose
946 2508 1285 2560 decantatur.
1318 2506 1383 2558 Et
1432 2506 1585 2576 quasi
1635 2506 1713 2559 di-

125 2600 218 2652 tati
262 2598 456 2653 multis
504 2598 704 2654 divitiis
755 2610 807 2653 ct
862 2597 1327 2652 intestituabilibus
1360 2598 1667 2668 margaritis
1696 2638 1711 2662 ,

124 2700 316 2746 mutuo
342 2690 396 2745 in
427 2689 595 2745 Deum
632 2690 899 2754 ltetantes,
931 2701 984 2742 et
1028 2704 1148 2742 cum
1176 2689 1470 2759 gratiarum
1502 2688 1713 2742 actione

124 2783 305 2835 cibum
342 2790 623 2835 sumentes
662 2780 827 2834 lmtati
878 2789 1022 2845 sunt,
1056 2789 1108 2833 et
1154 2780 1348 2850 gaudio
1396 2792 1592 2848 magno
1622 2794 1714 2849 ga-

123 2874 217 2928 visi
247 2874 305 2927 in
342 2873 451 2927 Deo
479 2872 764 2927 confortati
797 2881 940 2927 sunt.
1218 2936 1223 2941 Δ

192 2966 256 3019 l0
286 2965 384 3017 ³⁸⁸.
414 2964 622 3019 interea
652 2974 848 3034 praeter
875 2963 987 3027 illa,
1014 2959 1208 3032 quibus
1233 2960 1299 2992 “°
1322 2960 1524 3015 clerum
1554 2976 1710 3016 suum

122 3059 324 3112 cotidie
364 3056 705 3120 infortnabat,
743 3055 983 3125 quit-dam
1013 3055 1231 3109 omnix‘e
1257 3052 1321 3084 ¹¹¹
1354 3062 1407 3107 et
1437 3052 1714 3107 inviolabi-

123 3150 241 3203 liter
266 3150 644 3204 conservanda
671 3157 832 3217 atque
864 3149 1091 3200 tenenda
1123 3154 1177 3199 et
1216 3160 1375 3213 super
1402 3144 1579 3198 omnia
1618 3160 1711 3197 cus

1828 1946 1972 2002 inter
2008 1948 2320 2005 sacerdotes
2348 1966 2695 2021 tuoziogamos
2727 1965 2781 2009 et
2812 1956 2947 2012 alios
2970 1958 3072 2013 sub
3104 1960 3414 2031 virginitate

1828 2054 1920 2096 aut
1952 2044 2205 2099 castitate
2253 2044 2511 2113 degentes
2540 2048 2590 2100 in
2638 2050 2847 2120 synodo
2890 2067 3072 2106 coram
3124 2056 3418 2123 aposnlico

1820 2145 1944 2191 ‘orta
1969 2146 2070 2193 est.
2105 2137 2466 2203 Quamobrem
2496 2149 2615 2194 orta
2642 2142 2908 2197 dissensio
2937 2144 3079 2200 inter
3103 2151 3414 2205 sacerdotes

1827 2245 2181 2301 monogamos
2211 2238 2265 2285 et
2291 2231 2427 2285 alios
2457 2244 2605 2287 caste
2630 2234 2803 2288 simul.
2828 2248 2949 2291 nzes
2974 2251 3033 2292 se
3064 2238 3263 2304 vivere,
3294 2239 3409 2294 fere

1825 2320 2083 2389 usquead
2122 2333 2349 2376 mortem
2377 2332 2429 2377 et
2468 2324 2681 2379 ruinam
2720 2341 2941 2379 suorum
2976 2336 3029 2381 et
3058 2328 3285 2383 aliorum
3318 2332 3413 2386 de-

1816 2420 2108 2464 venerunt.
2143 2412 2295 2478 Quod
2324 2412 2527 2467 factum
2572 2424 2654 2469 est
2686 2418 2983 2486 apostolico
3015 2420 3335 2489 imperante.
3360 2434 3415 2477 et

1822 2500 2007 2554 multis
2040 2502 2324 2558 catholicis
2360 2504 2631 2574 episcopis
2660 2509 3093 2573 exhortantibus,
3126 2513 3177 2565 itt
3208 2512 3414 2579 judicio

1812 2591 1959 2646 ‘beati
2008 2596 2217 2664 patroni
2253 2596 2423 2649 nostri
2470 2597 2745 2653 Ambrosii
2776 2616 2806 2653 a
2858 2602 3099 2670 partibus
3150 2604 3413 2659 ambabus

1816 2684 2002 2739 datum
2040 2693 2141 2748 est,
2195 2685 2523 2742 aﬂirtnanlcs
2568 2690 2821 2760 quicquil
2866 2691 2977 2761 ipse
3006 2692 3228 2759 diceret,
3264 2703 3413 2750 lene-

1819 2789 1940 2832 rent
1974 2788 2027 2831 et
2067 2778 2280 2833 firmum
2310 2790 2474 2851 atque
2503 2794 2749 2837 sanetum
2781 2783 3064 2838 haberent.
3100 2786 3171 2839 At
3220 2787 3412 2843 beatus

1816 2869 2135 2924 Ambrosius
2169 2872 2354 2926 videns
2396 2882 2561 2941 atque
2607 2889 2939 2943 cognoscens
2968 2890 3161 2931 sensus
3211 2877 3407 2933 huma-

1816 2975 1935 3027 nos,
1964 2970 2018 3014 et
2042 2971 2227 3017 sancta
2260 2964 2541 3027 conscilia,
2573 2974 2627 3019 et
2649 2980 2835 3019 attines
2860 2982 3061 3037 pronos
3085 2968 3151 3023 ad
3178 2985 3409 3038 peccan-

1816 3051 1975 3116 dum,
2012 3052 2244 3107 maxime
2289 3062 2511 3123 pr0pter
2559 3057 3036 3124 incontinentiam,
3070 3060 3247 3117 sciens
3302 3062 3405 3116 ali-

1815 3160 1972 3216 quem
1992 3162 2165 3215 neque
2190 3147 2551 3216 virginittem
2576 3162 2752 3217 neque
2784 3150 3086 3211 castitatem
3113 3154 3212 3208 nisi
3240 3172 3267 3207 a
3294 3155 3403 3211 D.‘0

126 3232 411 3312 stodienda
441 3240 811 3295 sacerdotibus
849 3240 1102 3304 tradidit;
1133 3238 1342 3294 scilicet
1381 3246 1437 3291 ut
1475 3245 1706 3307 quatuor
1739 3199 1780 3259 ς
1813 3253 1970 3307 posse
2002 3240 2219 3302 habere,
2253 3255 2315 3294 os
2346 3257 2498 3295 suum
2542 3243 2815 3311 aperiens,
2848 3246 2989 3313 quod
3037 3247 3089 3300 in
3120 3246 3256 3303 libro
3290 3249 3401 3319 jaut

122 3334 447 3407 principalia
472 3334 751 3401 conscilia,
785 3335 837 3387 in
881 3334 1074 3403 quibus
1104 3331 1275 3387 (ἔτωεί
1316 3340 1371 3384 ct
1415 3328 1595 3383 Latini
1653 3337 1708 3381 et
1811 3329 2110 3384 dictaverat
2134 3332 2198 3385 de
2230 3331 2436 3398 ciliciis,
2464 3332 2538 3388 ait
2561 3336 2624 3403 (t,
2656 3333 2745 3404 50)
2776 3351 2789 3387 :
2821 3354 2838 3386 t
2872 3334 2944 3390 De
2972 3339 3310 3410 monogamia
3338 3341 3404 3375 ¹¹⁸

126 3426 379 3481 catholici
412 3424 640 3479 ﬁdeliter
684 3426 1034 3487 concordant,
1075 3430 1319 3476 tenerent
1348 3420 1484 3491 (ιι),
1511 3420 1561 3471 in
1590 3417 1708 3486 qni-
1810 3424 2152 3477 sacerrimum
2180 3423 2305 3494 quid
2334 3424 2561 3495 loquar?
2590 3424 2728 3492 Quin
2760 3442 2863 3481 una
2895 3436 3100 3484 tantum
3133 3433 3401 3501 pet-uiitti-

124 3520 219 3574 bus
255 3518 531 3573 catholica
570 3517 702 3571 fides
742 3516 950 3585 integra
996 3523 1052 3568 et
1090 3511 1349 3566 inviolata
1402 3516 1703 3579 permanet.
1813 3518 1899 3563 tur
1948 3514 2162 3581 copula,
2206 3522 2260 3567 et
2310 3529 2415 3567 non
2463 3516 2718 3584 repetita,
2751 3524 2806 3571 ct
2850 3518 2963 3573 hcc
3022 3517 3107 3574 lex
3160 3530 3243 3575 est
3294 3538 3399 3576 t.o.t

126 3613 260 3679 Quin
307 3612 473 3667 etiam
513 3611 580 3663 ab
620 3607 877 3678 apostolis
914 3616 967 3660 et
1018 3606 1140 3659 aliis
1189 3604 1393 3658 sanctis
1438 3601 1707 3671 episcopis
1809 3604 2007 3659 iterare
2035 3606 2344 3675 conjugittm
2369 3647 2383 3671 ,
2422 3625 2440 3660 ι
2474 3616 2527 3661 et
2558 3609 2627 3641 ¹¹⁹
2656 3608 2735 3663 sic
2775 3609 2962 3666 dicens
3015 3612 3198 3667 statim
3242 3613 3359 3667 illos
3384 3652 3399 3676 ,

128 3704 207 3757 illa
239 3714 481 3776 quatuor
511 3702 765 3756 conscilia
792 3699 1003 3754 dicebat
1034 3698 1107 3752 ita
1140 3711 1261 3751 esse
1290 3703 1481 3749 sancta
1507 3704 1556 3749 et
1580 3710 1708 3749 con-
1809 3695 1901 3765 qui
1928 3704 2144 3763 peracta
2179 3694 2244 3727 “°
2277 3698 2529 3751 castitate
2552 3713 2673 3753 esse
2700 3698 3043 3763 videbantur,
3073 3703 3405 3757 coudeswn-

127 3798 359 3855 lirmata,
394 3804 452 3847 ut
483 3794 525 3846 si
560 3792 679 3861 quis
712 3791 763 3844 itt
810 3790 915 3843 illis
945 3788 1144 3857 aliquid
1172 3794 1391 3856 augeret
1428 3784 1507 3838 vel
1549 3785 1708 3838 ditnl-
1808 3788 2014 3841 siouetu
2041 3796 2095 3841 et
2125 3788 2449 3843 charitatem
2479 3791 2623 3845 circa
2652 3792 2852 3847 fratres
2897 3809 3024 3848 suos
3056 3797 3278 3850 minime
3309 3797 3402 3849 ha-

127 3870 855 3953 taterct;anathematizatus
877 3889 931 3934 et
960 3878 1402 3933 excomunicatus
1426 3888 1705 3946 permane-
1809 3877 2031 3943 bentes,
2079 3879 2446 3949 compescuit;
2491 3880 2556 3935 de
2588 3897 2691 3951 qua
2740 3883 2872 3937 dieit
2903 3883 3191 3952 Apostolus
3221 3904 3235 3940 :
3272 3904 3288 3937 ι
3340 3886 3401 3945 Si

126 3990 224 4033 ret.
256 3979 452 4048 Itaque
480 3978 620 4032 sicut
649 3985 881 4046 quatuor
910 3971 1185 4043 evangelia
1208 3978 1336 4025 sunt
1370 3968 1705 4024 observanda
1809 3968 2050 4022 habuero
2090 3977 2293 4022 tantam
2321 3968 2504 4035 fidem,
2535 3980 2593 4024 ut
2637 3982 2850 4028 montes
2879 3975 3229 4041 transferam,
3256 3983 3313 4030 et
3352 3977 3398 4029 si

126 4083 173 4125 et
201 4072 432 4126 tenenda
457 4079 511 4124 et
540 4068 804 4124 credenda
826 4109 839 4132 ,
861 4066 940 4121 sic
968 4064 1069 4121 ista
1105 4072 1339 4134 quatuor
1366 4064 1416 4116 in
1456 4061 1707 4115 omnibus
1809 4057 2082 4112 tradidero
2127 4072 2323 4127 corpus
2370 4073 2549 4112 meum
2592 4059 2664 4114 ita
2708 4070 2767 4115 ut
2799 4063 3044 4129 ardeam,
3076 4064 3396 4118 charitatem

126 4163 400 4218 conscilia.
420 4160 547 4227 Qua:
582 4158 835 4213 conscilia
865 4166 1122 4227 quantum
1154 4152 1334 4208 timori
1361 4163 1413 4207 et
1442 4160 1704 4221 quantutn
1808 4160 1986 4205 autent
2014 4165 2120 4204 non
2155 4150 2416 4215 habuero,
2442 4151 2602 4205 nichil
2630 4167 2748 4207 sum
2787 4152 2838 4223 (1
2857 4152 3209 4224 Cor.xttt,‘2).
3236 4173 3253 4205 ι
3289 4153 3397 4209 Sed

126 4256 291 4308 amori
343 4262 667 4325 quantaque
714 4249 1029 4303 reverentia:
1078 4247 1239 4301 beato
1293 4243 1583 4298 Ambrosio
1637 4242 1704 4273 ¹¹¹
1804 4255 1929 4299 lese
1967 4257 2072 4296 non
2095 4241 2361 4306 videntes,
2392 4251 2447 4296 ct
2488 4242 2616 4296 illud
2649 4248 2792 4315 quod
2819 4246 2947 4299 dicit
2975 4245 3266 4315 Apostolus
3296 4246 3397 4300 mi-

127 4342 293 4409 fuere,
326 4344 446 4412 ipse
474 4356 637 4411 super
684 4340 957 4393 Metennio
1011 4335 1328 4392 consciliom
1380 4333 1433 4388 in
1479 4330 1702 4403 epistola
1806 4334 1952 4388 nime
1980 4332 2363 4404 intelligentes,
2401 4334 2628 4389 dicens:
2663 4353 2682 4386 ι
2720 4335 2798 4389 Tu
2835 4336 2958 4406 quis
2984 4351 3044 4390 es
3070 4338 3161 4407 qui
3179 4336 3397 4405 judicns

125 4437 189 4489 ad
240 4436 723 4492 clementissimum
791 4431 1221 4486 Valentinianum
1274 4438 1561 4498 augustum
1617 4424 1702 4479 di-
1808 4426 2042 4481 alienum
2065 4425 2328 4480 servum?
2353 4441 2452 4480 suo
2484 4427 2702 4481 domino
2731 4434 2867 4490 stat,
2900 4437 2994 4481 aut
3020 4426 3159 4482 cadit
3187 4444 3201 4493 ;
3230 4429 3395 4484 stabit

125 4538 268 4580 recta
300 4526 414 4598 (45)
444 4525 702 4590 ostendit,
740 4524 924 4578 dicens
958 4540 970 4576 :
1005 4540 1023 4573 ι
1057 4520 1354 4590 Meritoque
1384 4516 1699 4572 conscilium
1736 4558 1780 4598 ῃ
1808 4527 1989 4572 autem
2037 4516 2216 4585 (Rom.
2252 4531 2366 4581 ιιν,
2395 4516 2473 4589 4).
2518 4536 2537 4570 ι
2589 4515 2696 4571 Sed
2746 4532 3009 4573 revocans
3039 4518 3106 4572 ad
3155 4534 3307 4572 amor
3340 4532 3397 4574 ω

128 4614 266 4671 istud
301 4617 373 4649 ⁸¹³
411 4631 641 4670 exorreo
662 4654 676 4679 ,
729 4627 962 4683 sequens
992 4619 1283 4666 tractatum
1323 4606 1567 4663 conscilii
1607 4605 1703 4659 Ni-
1737 4605 1776 4618 "
1812 4605 2171 4662 fraternitatis
2192 4605 2414 4662 verbum
2439 4606 2819 4677 apostolicum,
2847 4606 3194 4663 iutrodttceus
3216 4608 3391 4661 dixit:

131 4709 282 4774 czcni,
314 4723 346 4763 a
369 4723 479 4781 quo
508 4724 593 4763 tne
636 4722 739 4761 nec
769 4720 914 4760 mors
943 4720 1043 4759 nec
1079 4692 1287 4773 gladius
1323 4701 1519 4772 poterit
1544 4714 1705 4770 scpa-
1820 4717 1839 4751 ι
1875 4700 2015 4755 Deus
2049 4713 2157 4753 non
2185 4700 2292 4753 vult
2321 4709 2507 4754 coacta
2539 4699 2787 4764 servitia;
2823 4707 2879 4753 et
2920 4698 2993 4752 ita
3029 4699 3135 4753 noli
3169 4697 3394 4752 fratrem

129 4813 267 4857 rare.
325 4800 499 4869 Quam
560 4800 720 4857 iidem
782 4796 927 4854 ct'“
982 4811 1180 4869 parens
1239 4792 1541 4849 clementia:
1604 4801 1707 4845 tus:
1815 4799 1967 4846 tuum
2013 4791 2354 4857 contristari,
2386 4805 2562 4861 neque
2593 4791 2844 4861 prodere,
2872 4805 2971 4861 pro
3000 4804 3106 4859 quo
3147 4790 3398 4845 Christus

1414 4932 1648 4987 V’ARl/E
1688 4931 2090 4989 LECTIUNES.

1500 5042 1567 5074 ‘“
1607 5044 1885 5117 Fuitergo
1914 5045 1978 5117 Βἶ
2010 5045 2352 5115 Augustinus
2379 5045 2689 5117 baptizatus
2717 5046 2774 5106 in
2801 5045 3035 5117 ecclesia
3079 5042 3139 5117 ετ
3177 5044 3409 5100 Joannis

199 5055 265 5087 “'
293 5055 683 5110 oberraverant
728 5051 882 5106 codd.
914 5051 1301 5106 obseraverant
1334 5045 1420 5099 ιιι.
1500 5045 1567 5074 ⁸⁸⁸
1607 5045 1723 5098 Fuit
1755 5060 1885 5117 ergo
1914 5045 1976 5100 Β.
2010 5045 2352 5115 Augustinus
2379 5045 2689 5117 baptizatus
2717 5046 2774 5106 in
2801 5045 3035 5104 ecclesia
3079 5045 3139 5099 S.
3177 5045 3409 5100 Joannis

223 5126 416 5176 fontes.
446 5139 567 5177 aoae
593 5131 711 5178 erat
742 5124 881 5176 inter
921 5121 1199 5177 ecclesiam
1235 5115 1492 5181 majoer
1521 5122 1577 5158 al
1609 5116 1666 5169 ὃ.
1703 5114 1916 5171 "directae
1953 5114 2203 5175 funditus
2231 5131 2458 5177 eversis.
2493 5117 2558 5171 A.
2600 5120 2652 5171 iu
2687 5136 2858 5181 marg.
2941 5115 3009 5147 ⁸⁸³
3040 5125 3086 5166 et
3120 5114 3231 5169 hoc
3261 5121 3410 5181 caput

127 5125 193 5176 ad
223 5126 416 5176 fontes.
446 5139 567 5177 aoae
593 5131 711 5178 erat
742 5124 881 5176 inter
921 5121 1199 5177 ecclesiam
1235 5115 1492 5182 majoer
1521 5122 1577 5158 al
1609 5116 1666 5169 ὃ.
1703 5114 1916 5171 iibeéhe
1953 5114 2203 5175 funditus
2231 5114 2469 5177 everszei
2493 5117 2558 5171 A.
2600 5120 2652 5171 iu
2687 5136 2858 5186 marg.
