3934 5330
1550 322 1885 385 ιλδουιῖι
1920 321 2469 382 MEDIOIANENSIS
2507 323 2780 384 CLERICI

3676 323 3785 382 835

504 428 753 477 mortuus
786 428 871 476 est
910 417 1004 489 (cf.
1049 431 1101 485 v,
1152 416 1261 485 t6).
1292 437 1311 471 ι
1342 414 1528 489 itaque
1571 419 1744 476 δι’ωεὶ
1773 419 2088 476 sacerdotes
2113 421 2161 479 Α
2188 419 2593 488 scopitu,quod
2625 417 2805 473 minus
2837 428 2959 473 esse
2994 414 3303 483 videbatur,
3326 414 3442 474 Deo
3490 414 3782 483 adiuvante

502 511 921 567 Ambrosianum
973 518 1216 566 tenentes
1270 512 1635 577 sententiam,
1686 528 1863 583 usque
1930 512 2091 567 hodie

503 606 773 679 sancitum
805 614 861 659 et
895 618 995 674 pro
1037 602 1154 675 lege
1208 619 1359 659 sacra
1393 604 1615 669 habent,
1658 614 1718 659 ut
1765 604 1983 676 quando
2034 605 2089 659 in

505 696 815 752 sacerdotio
851 704 1150 767 unguntur,
1194 704 1287 749 attt
1333 695 1700 765 virginitatem
1741 697 1936 753 exinde
1962 712 2090 767 pro-

506 790 749 853 tnittuut,
780 796 872 841 aut
895 801 1091 843 uxores
1117 786 1167 841 in
1199 787 1509 842 testimonio
1547 787 1785 843 virorum
1825 788 2091 844 bonorum

504 880 609 934 sibi
636 880 951 944 sociantur;
985 888 1037 933 et
1067 878 1115 933 si
1140 877 1405 949 contingit
1431 879 1575 948 quod
1603 893 1741 933 uxor
1765 894 1860 933 sua
1894 878 2093 935 moria-

507 980 623 1035 tur,
675 980 768 1024 aut
807 980 957 1026 caste
1007 971 1197 1025 vivunt
1250 978 1497 1026 tenentes
1546 971 1943 1036 sacerdotium,
2000 979 2094 1026 ant

506 1062 875 1118 sacerdotium
918 1064 1206 1128 amittunt,
1236 1064 1280 1117 si
1320 1078 1378 1118 se
1414 1063 1645 1135 amplius
1688 1063 1848 1119 alicui
1882 1063 2095 1120 feminte

505 1155 806 1209 sociantur.
839 1156 1080 1223 Quorum
1112 1155 1414 1212 Ecclesiam
1457 1156 1511 1210 in
1543 1154 1953 1227 quamplurimis
1981 1157 2094 1213 olli-

507 1243 610 1298 ciis
670 1244 863 1300 beatus
915 1244 1235 1299 Ambrosius
1276 1244 1660 1301 venerabiliter
1708 1246 1954 1303 imitatus
1992 1256 2093 1300 est.

506 1334 647 1402 Quin
683 1335 846 1390 etiam
876 1336 1203 1390 sacrilicium
1233 1336 1664 1401 eorum,scilicet
1686 1335 2093 1402 fermentatum,

506 1440 629 1479 cum
669 1434 880 1494 nostro,
903 1424 1110 1480 scilicet
1145 1442 1480 1496 azymorum,
1523 1427 1576 1481 in
1614 1428 1985 1483 celeberrimis
2014 1429 2095 1482 [ες

508 1515 869 1580 εείνίιίιιὶιηιε,
920 1517 1153 1570 maxime
1200 1517 1251 1572 in
1314 1519 1713 1575 resurrectione
1772 1520 1982 1575 Domini
2029 1522 2096 1577 ad

508 1608 920 1663 collaudandum
953 1618 1004 1662 et
1043 1609 1472 1664 confirmandum
1514 1619 1677 1681 atque
1707 1613 2094 1680 roborandum,

508 1701 711 1771 angelis
730 1702 1234 1759 administrantibus
1262 1713 1315 1757 et
1345 1704 1833 1773 sanetiﬁcautibus,
1874 1708 2089 1763 benedi-

2194 508 2458 578 implevit,
2505 517 2560 563 et
2596 508 2739 578 quod
2785 507 3095 563 ordinatum
3144 506 3349 562 invenit
3398 506 3785 563 inviolabiliter

2193 600 2362 656 tenuit
2390 610 2445 654 et
2484 598 2737 662 firmavit.
2772 600 2842 654 ita
2875 608 2935 654 ut
2985 598 3163 653 nullus
3203 600 3493 671 episcopus
3548 598 3784 669 amplius

2193 701 2417 764 augeret
2440 691 2643 763 aliquid
2677 703 2772 747 aut
2808 691 3154 748 diminueret.

2265 787 2352 844 l2.
2382 787 2763 843 Determinatis
2780 785 2923 839 "'ac
2944 785 3180 840 deﬁnitis
3200 784 3787 839 sanctzeAmorosnnae

2194 878 2439 935 ecclesia:
2469 878 2771 941 ordinibus,
2802 876 3052 947 datisque
3092 876 3280 947 ﬁguris
3325 875 3689 931 rationalibus
3735 875 3784 929 in

2195 973 2388 1044 quibus
2434 971 2572 1027 Deus
2606 987 2703 1042 per
2735 970 3081 1026 clementiam
3127 985 3278 1024 suum
3307 968 3489 1024 sancti
3514 967 3787 1022 Ambrosii

2196 1062 2468 1136 sull‘ragiis
2490 1078 2593 1118 non
2626 1062 2878 1118 immcr'tt
2918 1062 3128 1132 aperire
3151 1059 3384 1132 posteris
3406 1059 3645 1130 benigne
3666 1074 3790 1113 con-

2196 1155 2399 1217 cessit,
2458 1169 2601 1208 nunc
2658 1153 2893 1224 qualiter
2954 1154 3068 1223 ipso
3121 1146 3789 1219 adjuvantemcatechu-

2199 1249 2338 1304 metti
2365 1247 2648 1305 ecclesiam
2672 1245 2933 1318 yemalem
2960 1244 3330 1316 ingrediantur
3349 1283 3365 1309 ,
3393 1243 3701 1299 secundum
3726 1244 3789 1273 ⁵⁸⁵

2196 1340 2440 1392 ordinem
2495 1354 2655 1407 quem
2720 1336 2827 1391 vidi
2878 1338 3151 1407 cordeque
3201 1334 3474 1408 cognovi,
3520 1343 3580 1390 et
3638 1349 3669 1387 a
3727 1334 3786 1387 ti-

2198 1428 2406 1481 delibus
2442 1442 2507 1481 ιο
2530 1427 2701 1500 upcri,
2727 1426 2956 1481 ﬁdeliter
2990 1426 3231 1491 edicam,
3261 1440 3439 1494 quave
3489 1439 3663 1479 causa
3706 1440 3788 1477 re-

2199 1520 2313 1593 gias
2352 1518 2591 1574 ccclesizc
2636 1517 2874 1585 ejusdem
2904 1517 3267 1572 occidentales
3310 1531 3418 1571 non
3474 1516 3784 1574 introeant,

2201 1626 2263 1664 ac
2296 1624 2460 1679 super
2487 1618 2735 1664 sanctum
2759 1609 2993 1665 crismon
3019 1622 3048 1661 a
3080 1606 3410 1661 stthdiacono
3432 1616 3490 1659 et
3516 1606 3649 1659 host
3668 1605 3788 1658 ariis

2202 1714 2261 1757 ut
2313 1702 2650 1767 doceantur,
2704 1700 3139 1766 introducantur,
3189 1698 3477 1753 caritative
3509 1697 3785 1751 intimabo.

509 1802 676 1857 ceret,
702 1793 1049 1848 conﬁrmaret
1070 1803 1124 1849 et
1148 1804 1508 1850 consecraret.
1530 1795 1683 1852 Unde
1714 1798 1853 1853 idem
1882 1799 1958 1854 ait
1980 1816 2103 1855 san-
2133 1798 2178 1858 Β
2209 1795 2372 1868 Igitur
2420 1792 2825 1856 caleChIImeni.
2878 1793 3076 1862 quibus
3107 1792 3221 1863 iam
3279 1790 3423 1845 Deus
3475 1805 3577 1860 per
3641 1804 3785 1843 sum

515 1897 637 1942 etus
684 1887 999 1942 Ambrosius
1039 1904 1054 1943 :
1085 1905 1103 1939 ι
1133 1887 1294 1947 Stant
1328 1890 1503 1961 angeli
1533 1891 1602 1945 ad
1643 1890 1784 1946 latus
1811 1892 2025 1959 altaris,
2047 1904 2098 1948 et

517 1977 830 2033 sacriﬁcant
863 1978 1175 2035 sacerdotes
1207 1996 1406 2050 corpus
1440 1990 1491 2037 et
1538 1983 1857 2055 sanguinem
1900 1985 2101 2043 Christi

510 2068 803 2139 psallentes
839 2080 893 2125 et
925 2071 1165 2127 dicentes
1191 2089 1205 2125 :
1234 2072 1417 2129 Gloria
1447 2073 1498 2128 in
1538 2075 1767 2132 excelsis
1794 2076 1922 2132 Deo.
1947 2096 1965 2129 ι
1994 2077 2103 2134 Sed

511 2160 654 2217 Deus
682 2170 737 2216 et
762 2162 1019 2218 Dominus
1049 2173 1253 2230 noster,
1284 2165 1471 2223 volens
1520 2177 1728 2224 tantum
1757 2179 1811 2225 et
1842 2180 1952 2225 tam
1984 2187 2102 2226 ma-

510 2252 767 2321 gnificum
795 2254 1111 2324 episcopum
1144 2256 1288 2310 velut
1309 2258 1596 2313 emeritum
1626 2261 1851 2319 militem
1876 2262 2103 2317 multum

510 2345 568 2402 in
594 2346 784 2402 militia
819 2348 1029 2403 Domini
1060 2348 1143 2403 sui
1184 2350 1609 2421 triumphantem
1640 2362 1696 2408 et
1722 2354 2103 2421 desudantetn,

513 2437 700 2494 multis
725 2439 964 2510 prtemiis
988 2440 1278 2512 multisque
1302 2444 1596 2500 honoribus
1627 2445 1995 2519 ineﬂ'abiliqne
2020 2466 2104 2505 re-

510 2533 894 2587 muneratione
923 2532 1288 2593 honoriﬁcam
1307 2546 1360 2591 et
1387 2537 1715 2608 gloriﬁcare,
1738 2539 1805 2595 de
1828 2542 2106 2612 ergastulo

511 2625 695 2679 carnis
725 2625 792 2678 ad
839 2634 1099 2682 :eternam
1146 2626 1376 2697 gloriam
1419 2628 1678 2701 angelicis
1717 2631 1900 2686 choris
1940 2633 2107 2702 stipa-

515 2726 604 2771 tus
629 2715 698 2750 ⁸⁸⁸
726 2718 876 2774 exire
902 2719 1178 2789 pneccpit.
1212 2719 1364 2776 Unde
1391 2720 1522 2778 dicit
1545 2724 1833 2793 Apostolus
1861 2742 1874 2781 :
1909 2745 1928 2778 ι
1952 2726 2106 2794 Quod

512 2806 702 2863 multis
742 2822 851 2864 non
878 2808 1009 2861 vidit
1034 2824 1134 2863 nec
1170 2810 1316 2864 auris
1358 2811 1563 2865 audivit
1600 2828 1698 2867 nec
1724 2814 1777 2869 in
1816 2831 1909 2870 cor
1940 2817 2108 2874 homi-

514 2898 599 2950 nis
650 2896 915 2962 ascendit,
956 2912 1076 2967 qua:
1122 2900 1448 2968 praeparavit
1492 2900 1632 2956 Deus
1668 2901 2014 2975 diligentibus
2052 2924 2111 2963 se

516 2986 566 3051 (l
598 2986 720 3041 Cor.
756 3003 819 3053 ll,
849 2987 925 3056 9).
954 3006 972 3040 ι
1016 2987 1117 3055 Qui
1156 2989 1360 3044 clerum
1391 2991 1491 3046 sibi
1519 2994 1867 3051 commissum
1902 3007 1957 3051 et
1981 3011 2111 3055 oves

512 3092 546 3134 ει
579 3078 692 3131 Deo
718 3077 820 3133 sibi
848 3079 1086 3134 creditas
1105 3080 1355 3150 precibus
1383 3089 1438 3135 et
1467 3084 1689 3139 vocibus
1720 3096 1881 3157 atque
1902 3087 2109 3145 lamm-

517 3168 590 3221 tis
621 3169 861 3224 moriens
885 3168 1015 3234 Deo,
1052 3170 1104 3225 in
1133 3186 1241 3241 quo
1278 3182 1407 3228 sunt
1435 3188 1625 3231 omnes
1652 3176 1890 3233 thesauri
1930 3180 2107 3236 scien-

515 3258 609 3314 tire
641 3260 970 3325 absconditi,
1000 3227 1272 3317 instanter
1301 3266 1735 3322 commendabat.
1767 3267 1988 3341 insuper
2012 3227 2110 3342 pth
2136 3227 2183 3294 C

521 3347 787 3417 Spiritum
818 3359 1067 3411 sanetum
1098 3351 1422 3424 intelligens,
1450 3355 1646 3412 multos
1672 3359 2111 3428 psettdochristos

518 3449 575 3491 et
607 3439 1105 3512 pseudoprophetas
1141 3442 1195 3497 in
1234 3448 1572 3504 vestlmentis
1619 3449 1805 3506 ovium
1831 3461 2107 3520 venturos,

522 3533 826 3588 Ecclesiam
855 3535 948 3591 Dei
976 3544 1031 3594 et
1057 3536 1282 3607 populos
1309 3536 1425 3607 ejus
1462 3555 1559 3611 per
1588 3541 1775 3599 falsam
1806 3545 2107 3603 doctrinam

518 3626 902 3694 snbrersuros,
930 3626 997 3683 de
1025 3628 1222 3699 quibus
1247 3629 1504 3688 Dominus
1530 3647 1628 3703 per
1652 3633 1999 3707 Evangelium
2023 3640 2075 3695 di
2093 3668 2108 3681 ο

518 3717 632 3773 cit:
672 3735 691 3770 ς
732 3719 1009 3777 Attendite
1048 3737 1079 3777 a
1126 3721 1276 3778 falsis
1312 3725 1610 3794 prophetis,
1632 3728 1725 3798 qui
1773 3730 1996 3785 veniunt
2041 3732 2109 3787 ad

519 3824 617 3867 vos
663 3811 716 3867 in
763 3812 1103 3891 vestimentis
1150 3815 1355 3881 ovium,
1385 3817 1713 3875 intrinsecus
1758 3830 1939 3876 autem
1982 3832 2109 3877 sunt

517 3902 628 3974 lupi
663 3919 886 3979 rapaces
922 3905 1139 3977 (Matth.
1183 3924 1274 3971 vn,
1319 3909 1432 3980 l5).
1463 3929 1482 3964 ι
1509 3910 1621 3969 Hoc
1649 3914 1952 3984 praevidens
1977 3931 2109 3973 san-

517 4004 640 4050 ctus
663 4004 719 4050 et
760 3998 1230 4055 reverentissimus
1266 4000 1619 4067 Ambrosius,
1652 4003 1857 4062 clerum
1906 4022 1971 4061 ac
2007 4022 2108 4077 po-

516 4086 702 4159 pulum
733 4089 900 4145 Deum
927 4103 1091 4145 orans
1113 4092 1312 4149 cotidie
1332 4094 1602 4155 armabat.
1626 4094 1850 4153 dicens;
1873 4116 1891 4149 t
1909 4096 2107 4156 Libera

518 4193 620 4234 nos
639 4180 710 4235 ab
736 4179 1028 4247 hmreticis,
1059 4182 1130 4238 ab
1156 4178 1423 4251 Arrianis,
1449 4200 1478 4239 a
1498 4187 1888 4253 schismaticis,
1916 4204 1948 4247 a
1979 4191 2109 4246 bar-

518 4269 690 4335 baris,
729 4272 854 4342 quia
900 4282 956 4328 tu
992 4275 1142 4331 solus
1196 4277 1487 4343 Dominus,
1519 4289 1573 4335 tu
1616 4280 1765 4337 solus
1785 4281 2105 4349 altissimus,

519 4361 752 4418 Christe.
792 4382 813 4417 ι
853 4363 971 4430 Quo
1017 4366 1232 4421 exiente
1284 4367 1351 4423 de
1393 4384 1621 4438 corpore
1670 4384 1905 4442 quantus
1955 4372 2109 4431 dolor

522 4456 805 4523 nobilium,
835 4468 891 4514 et
928 4469 1168 4529 quantus
1201 4462 1434 4532 gemitus
1464 4464 1817 4534 clericorum,
1846 4478 1901 4523 et
1936 4485 2108 4539 quan-

2202 1902 2468 1943 summam
2495 1886 2563 1916 ¹²⁵
2591 1884 3039 1946 misericordiam,
3087 1882 3199 1937 sale
3244 1884 3535 1952 degustato
3571 1879 3783 1949 sapien-

2203 1981 2313 2044 tim,
2343 1987 2397 2034 et
2439 1977 2659 2033 naribus
2688 1986 2741 2031 et
2770 1975 3030 2030 auriculis
3078 1984 3237 2045 sputo
3265 1974 3574 2029 sacerdotis
3602 1971 3786 2027 deliqu

2204 2072 2295 2136 tis,
2328 2087 2428 2128 nec
2477 2085 2583 2125 non
2634 2068 2832 2124 steculo
2875 2077 2930 2122 ct
2974 2065 3185 2137 pompis
3212 2066 3332 2134 ejus
3358 2063 3782 2126 abrenunciatis,

2203 2177 2476 2235 manuque
2539 2160 2841 2216 sacerdotis
2913 2158 3199 2214 ecclesiam
3280 2155 3525 2211 intrandi
3573 2153 3782 2209 licentia

2203 2256 2602 2326 quodammodo
2641 2268 2897 2309 concessa
2922 2260 3028 2315 est,
3059 2251 3388 2321 subdiacono
3414 2257 3471 2303 et
3517 2248 3783 2304 bostiariis

2203 2364 2298 2406 eos
2328 2347 2809 2409 introducentibus,
2839 2346 3043 2399 intrant
3063 2344 3351 2399 ecclesiam
3376 2359 3405 2396 a
3434 2352 3596 2413 parte
3616 2342 3786 2396 orici.-

2207 2442 2299 2497 tis.
2332 2439 2486 2496 Uade
2529 2439 2598 2495 ab
2626 2437 2881 2493 oriente?
2916 2437 3181 2504 Quoniam
3236 2450 3451 2490 summa
3478 2434 3551 2465 ¹⁸⁶
3593 2433 3685 2487 Dei
3710 2448 3783 2486 sa-

2205 2533 2407 2605 pientia
2438 2531 2621 2587 oriens
2671 2543 2740 2585 ex
2790 2528 2898 2583 alto
2926 2527 3246 2582 illuminavit
3273 2540 3369 2581 eos
3417 2527 3512 2597 qtti
3555 2527 3610 2580 in
3651 2533 3783 2580 tete-

2206 2622 2319 2678 bris
2332 2630 2387 2678 et
2410 2622 2461 2675 in
2485 2620 2672 2674 umbra
2686 2618 2875 2673 mortis
2896 2618 3177 2684 sedebant,
3200 2617 3465 2689 propheta
3481 2625 3779 2671 attestantc.

2209 2717 2299 2789 qui
2333 2715 2408 2773 ait
2440 2714 2505 2746 “7
2539 2732 2552 2768 :
2592 2732 2610 2765 t
2643 2712 2969 2769 Sedentibus
3002 2713 3053 2768 in
3079 2711 3314 2766 tenebris
3338 2718 3395 2764 et
3419 2710 3619 2765 umbra
3658 2726 3786 2764 mor-

2211 2810 2302 2873 tis,
2330 2809 2420 2863 lnx
2443 2815 2562 2862 orta
2594 2815 2678 2861 est
2692 2804 2891 2877 eis(ls.
2921 2821 2997 2867 ix,
3021 2804 3099 2875 2).
3134 2822 3151 2855 ι
3174 2804 3235 2858 Ει
3261 2804 3387 2859 item
3406 2804 3784 2873 prophetarum

2209 2905 2443 2962 eximius
2470 2901 2723 2959 Davidm
2755 2919 2767 2954 :
2801 2919 2819 2951 t
2852 2900 3113 2956 Exortum
3138 2908 3220 2955 est
3264 2900 3316 2954 in
3350 2898 3601 2954 tenebris
3626 2897 3784 2951 lutum

2212 2996 2380 3054 rectis
2415 2993 2582 3051 corde
2608 2991 2725 3064 (Ps.
2760 3008 2872 3056 ext,
2901 2992 2978 3063 4).
3016 3010 3035 3043 ο
3079 2990 3172 3047 llis
3210 2990 3466 3046 omnibus
3492 2990 3784 3061 ingredien-

2216 3084 2379 3148 tibus,
2409 3084 2666 3139 sacerdos
2715 3090 2771 3137 et
2809 3082 3071 3138 diaconus
3105 3081 3290 3136 clauso
3316 3094 3443 3135 cum
3496 3078 3785 3150 evangtlio,

2216 3185 2277 3233 ut
2325 3185 2657 3249 cognoscant
2679 3175 2746 3207 "'
2783 3175 2959 3231 sancti
3008 3173 3268 3244 evangelii
3328 3181 3549 3228 secreta
3601 3170 3785 3243 indigni

2212 3283 2333 3325 esse
2362 3269 2565 3333 videre,
2589 3275 2643 3323 et
2666 3282 2733 3323 ne
2756 3267 2829 3323 illi
2859 3267 3077 3324 videant
3102 3268 3193 3341 qui
3226 3266 3411 3321 videre
3444 3281 3557 3321 non
3585 3267 3784 3323 debent.

2211 3371 2267 3417 et
2303 3361 2526 3416 audiant
2562 3360 2653 3431 qui
2681 3374 2899 3417 servare
2934 3375 3039 3416 non
3068 3367 3317 3432 possunt,
3352 3367 3409 3414 et
3433 3358 3787 3414 subdiacoms

2212 3466 2335 3508 cum
2362 3452 2637 3509 thuribulo
2666 3452 2893 3517 incensi,
2923 3462 2981 3507 ut
3023 3452 3077 3509 in
3100 3460 3392 3525 conspectu
3421 3450 3522 3509 Dei
3552 3466 3653 3524 per
3675 3451 3783 3505 boni

2211 3544 2397 3598 o.lors
2430 3559 2651 3613 operam
2698 3544 3020 3615 quandoque
3059 3553 3374 3615 appareant,
3412 3559 3513 3600 seu
3558 3544 3787 3599 diabolus

2213 3648 2309 3705 per
2359 3643 2558 3690 sancta:
2598 3635 2720 3691 ﬁdei
2748 3636 3109 3700 devotionem,
3149 3635 3241 3706 qui
3265 3650 3359 3691 eos
3386 3651 3490 3707 per
3520 3635 3687 3691 multa
3718 3635 3787 3688 in—

2212 3737 2425 3784 vaserat
2465 3736 2729 3798 tempora,
2781 3728 3205 3783 inremeabiliter
3254 3727 3399 3798 ipsos
3430 3727 3692 3783 deserens
3717 3726 3786 3779 iu-

2210 3819 2347 3891 giat,
2364 3830 2419 3875 et
2439 3819 2505 3851 ³³⁸
2528 3834 2686 3875 cereo
2701 3820 2946 3885 ardente,
2978 3817 3210 3890 Spiritus
3235 3819 3407 3875 sancti
3454 3820 3785 3889 prasentiatn

2211 3910 2637 3981 sigttilicans‘",
2695 3911 3004 3965 obviantur.
3051 3910 3171 3981 Quo
3215 3908 3379 3975 facto,
3412 3925 3543 3965 cum
3578 3910 3645 3964 ad
3672 3924 3786 3967 sano

2211 4012 2359 4058 ctum
2396 4002 2634 4057 crismon
2670 4001 2781 4073 ($7)
2811 4002 2955 4056 ducti
2998 4010 3145 4068 sunt,
3191 4002 3434 4058 studiose
3462 4018 3529 4058 ac
3554 4002 3787 4074 religiose

2211 4110 2373 4165 super
2406 4097 2597 4154 eodem
2637 4096 2765 4169 quid
2802 4096 3072 4167 signiﬁcat
3095 4096 3357 4152 docentur
3388 4114 3402 4149 :
3438 4115 3457 4148 t
3510 4096 3643 4161 Vos,
3666 4107 3788 4166 quos

2210 4187 2353 4243 Deus
2383 4188 2451 4243 ad
2483 4188 2774 4261 imaginem
2806 4199 2861 4245 et
2892 4188 3300 4247 sitnil.tudincm
3350 4204 3511 4246 suam
3548 4190 3618 4244 ab
3645 4188 3784 4245 initio

2213 4280 2396 4335 omnia
2425 4281 2729 4350 praevidens
2757 4282 2988 4353 benigne
3007 4283 3236 4347 creavit,
3270 4282 3371 4341 hoc
3395 4283 3613 4354 signum
3640 4283 3781 4351 alpha

2209 4380 2264 4425 et
2298 4372 2367 4426 ho
2398 4371 2465 4401 ¹³¹
2498 4372 2784 4427 continens
2813 4374 2942 4442 quid
2971 4372 3260 4444 signiﬁcat,
3296 4375 3461 4429 corde
3486 4385 3542 4429 et
3578 4375 3783 4428 auribus

2209 4463 2376 4518 animi
2407 4472 2793 4534 cognoscentes
2813 4464 3093 4537 percipite.
3129 4465 3314 4537 Itaque
3338 4466 3481 4535 quod
3505 4467 3571 4520 Α.
3594 4490 3634 4520 ω
3655 4466 3783 4520 vide-

523 4556 611 4602 tus
657 4549 906 4619 planctus
934 4552 1323 4622 orphanorum,
1354 4564 1408 4609 et
1447 4566 1648 4627 quanta
1686 4560 1876 4616 crebra
1919 4577 2106 4617 unma-
2137 4594 2187 4656 υ
2215 4558 2284 4613 tis
2309 4555 2394 4620 ⁸³³,
2413 4557 2646 4627 primum
2663 4566 2713 4613 et
2730 4559 3080 4614 novissimum
3094 4558 3216 4613 cmli
3233 4566 3284 4613 et
3311 4567 3472 4613 terra:
3496 4569 3780 4614 creatorem

521 4639 772 4707 chorum,
816 4644 1049 4715 suspiria
1095 4644 1410 4713 interfuere,
1461 4664 1578 4704 mea
1613 4650 1793 4722 lingua
1842 4668 2106 4720 narrare,

520 4741 577 4787 et
612 4748 763 4787 meus
798 4733 1041 4791 calamus
1071 4736 1313 4793 scribere
1336 4755 1441 4795 non
1490 4741 1655 4807 valet,
1686 4752 1743 4798 et
1789 4745 2108 4816 obsequium

524 4823 743 4893 quantis
772 4823 886 4893 ejus
910 4827 1184 4884 miraculis
1209 4832 1534 4897 coruscavit,
1563 4833 1693 4889 mihi
1719 4848 1978 4891 enarrare
2001 4852 2107 4891 non

2213 4660 2265 4707 et
2281 4652 2523 4706 omnium
2536 4661 2723 4707 creato
2733 4666 2787 4704 ra
2796 4666 2911 4705 rum
2926 4660 3199 4707 auctorem
3212 4651 3417 4707 credite
3432 4668 3448 4717 ;
3461 4651 3530 4706 de
3541 4666 3647 4722 quo
3656 4650 3781 4719 quod

2210 4746 2413 4816 Esayas
2425 4746 2682 4817 propheta
2708 4743 2911 4816 Spiritu
2934 4752 3124 4803 sancto
3150 4742 3384 4818 repletus
3396 4745 3561 4808 dicat,
3576 4744 3781 4797 audies-

2209 4845 2290 4891 tes
2306 4836 2612 4904 cognoscite
2643 4852 2657 4888 :
2684 4854 2702 4886 ι
2740 4834 2878 4889 Ante
2914 4850 3000 4891 me
3025 4850 3131 4892 non
3154 4844 3237 4891 est
3268 4834 3537 4891 formatus
3562 4837 3713 4898 Deus.
3734 4844 3778 4891 et

524 4928 702 4972 vacat.
741 4917 846 4975 Sed
876 4920 1124 4977 ordinato
1162 4924 1479 4982 beatissimo
1509 4926 1863 4999 Simpliciano
1892 4930 1943 4984 in
1990 4929 2108 5000 epi-
2220 4937 2340 4998 post
2366 4942 2451 4980 me
2488 4940 2597 4980 non
2642 4925 2767 4980 erit.
2809 4924 2922 4996 Ego
2956 4942 3095 4994 sum,
3123 4942 3226 4999 ego
3262 4941 3385 4985 sum
3436 4927 3708 4992 Dominus,
3733 4934 3774 4978 et

1875 5023 1887 5030 .
1910 5022 1974 5032 σι.
2004 5022 2046 5032 σε
2101 5021 2119 5032 ο
2144 5018 2478 5032 κησηιηιθοηη
