3934 5330
52 178 69 191 ”
110 215 220 271 3:1

1109 207 1427 268 HISTORIA
1478 205 2049 266 MEDIOLANENSIS.
2086 240 2152 251 -—
2184 200 2381 267 LIBER
2414 209 2452 266 I.

3299 213 3406 271 839

110 342 219 381 non
243 333 330 383 αςι
373 324 579 395 absque
619 337 704 379 me
734 321 982 378 Salvator
1006 320 1162 393 (Iani.
1191 337 1344 385 xuii,
1388 322 1498 392 10).
1528 320 1709 376 Delevi
1740 326 1785 384 Α
1815 332 1940 377 octo
1974 324 2207 397 virgulas
2267 324 2649 396 protendentes
2680 326 2747 380 ai
2798 340 3011 397 sprram
3038 326 3255 395 vidi-tis,
3282 342 3407 388 octo

108 428 169 473 ut
201 418 407 471 nubem
442 416 761 487 iniquitates
782 424 924 479 tuas,
949 423 1004 469 et
1025 416 1177 485 quasi
1209 414 1456 470 nebulam
1490 425 1709 484 peccata

110 521 203 563 tua
238 509 397 581 (luti.
445 524 595 572 κων,
636 508 753 579 22).
809 506 922 579 Ego
951 523 1094 572 sum,
1124 520 1226 578 ego
1269 523 1387 561 smn
1438 507 1571 577 ipse,
1619 508 1709 576 qui

108 602 363 657 deleom
390 599 705 671 iniquitates
732 609 855 656 tuas
889 609 1113 671 propter
1151 615 1255 663 me,
1286 608 1337 654 et
1364 608 1710 670 peccatorum

110 704 340 749 tr'orttln
396 707 505 747 non
539 693 868 749 recordabar
895 692 1052 765 (Itai.
1086 706 1235 753 mu,
1258 692 1373 763 25).
1413 711 1431 744 ι
1472 691 1567 747 Dei
1604 707 1715 746 om-

114 788 421 858 nipotentis
471 786 751 860 designata
812 787 1026 850 notitia,
1071 785 1304 857 qualiter
1340 795 1467 839 ante
1515 784 1710 839 szccula

115 888 170 932 ct
200 881 255 933 in
285 878 483 934 sarcula
508 890 559 935 et
592 889 712 949 post
734 877 927 933 scecula
962 877 1065 932 fuit
1094 886 1150 931 ct
1171 886 1253 931 est
1276 885 1328 931 et
1353 876 1477 937 erit,
1500 890 1572 946 qu
1593 892 1715 943 tque

84 972 325 1041 pietate
349 972 598 1035 verbum,
654 985 776 1025 cum
817 984 924 1040 quo
955 970 1023 1023 ab
1071 968 1227 1023 initio
1262 978 1388 1022 ante
1413 967 1482 999 ³⁸⁵
1520 965 1714 1022 srccula

116 1064 305 1117 omnia
349 1078 685 1133 componens
734 1062 905 1116 cados
927 1062 1159 1130 paravit,
1210 1061 1480 1116 incarnari
1510 1059 1714 1131 Spiritu

118 1161 317 1207 sancto
375 1152 716 1222 concipiente
750 1152 1082 1222 permiserit,
1143 1162 1201 1206 et
1247 1150 1517 1222 quomodo
1554 1152 1717 1205 homo

118 1251 282 1297 natus
330 1252 418 1297 est
467 1257 531 1296 ex
578 1242 807 1313 virgine,
842 1257 940 1298 suo
977 1243 1243 1314 sanguine
1272 1243 1506 1314 pretioso
1528 1242 1717 1296 huma-

120 1348 251 1387 num
280 1348 457 1404 genus
494 1332 752 1400 redemit,
800 1347 863 1387 ac
906 1330 1225 1387 vulneratus
1261 1341 1315 1387 et
1346 1331 1574 1386 sicutm
1600 1331 1717 1385 ovis

118 1424 186 1475 al
209 1423 547 1479 occisionem
593 1421 790 1477 ductus
836 1422 927 1488 sit.
980 1423 1309 1493 cognoscite.
1356 1421 1717 1487 Cinerem'“,

116 1516 275 1583 cujus
327 1515 551 1585 pulvere
607 1514 846 1569 crismon
879 1521 964 1569 est
988 1523 1134 1568 totus
1168 1513 1433 1585 signatus,
1465 1512 1718 1568 Christus

116 1617 202 1659 est
255 1604 594 1659 dominusm
630 1605 720 1675 qui
778 1619 997 1659 carnem
1039 1604 1108 1659 de
1140 1603 1351 1674 virgine
1394 1604 1714 1672 suscipiens.

1814 416 2177 472 beatitudines
2201 417 2447 473 tideiibus
2496 419 2610 471 fore
2645 417 2942 485 promissas
2965 432 2995 472 a
3030 418 3138 474 Deo
3167 420 3219 473 iu
3248 433 3407 475 {eter-

1814 524 1946 564 nmn
1986 524 2108 564 cum
2154 509 2373 565 Christo
2425 523 2643 580 semper
2682 523 2994 578 transuras,
3029 511 3144 567 sive
3167 511 3235 552 ’⁸⁸
3278 514 3405 582 quia

1816 606 1939 653 orto
1974 608 2099 653 sunt
2130 598 2287 668 hujus
2331 600 2514 655 saeculi
2542 610 2599 655 ct
2644 600 2812 657 futuri
2857 603 3010 672 quasi
3044 603 3098 657 in
3130 618 3287 673 spera
3319 604 3407 659 die

1816 697 2087 759 noctuque
2128 695 2413 746 currentes
2441 700 2653 758 :etates,
2712 692 2779 747 de
2809 691 3007 763 quibus
3039 693 3260 763 quidam
3314 709 3405 749 sa-

1810 784 1971 855 piens
1993 784 2059 817 ⁸⁸⁸
2093 800 2106 838 :
2138 802 2157 835 ι
2197 782 2303 839 Sex
2348 784 2549 839 etenim
2599 791 2726 838 sunt
2775 784 2935 850 hujus
2970 785 3151 839 saeculi
3192 793 3402 851 :etates,

1820 874 2118 928 notissimis
2148 882 2452 943 temporum
2503 873 2772 930 distincta:
2799 875 2870 907 ¹⁸²
2896 876 3161 938 articulis.
3192 875 3246 930 in
3286 876 3407 946 qui-

1819 963 1919 1019 bus
1973 979 2072 1034 pro
2128 963 2240 1018 Deo
2273 964 2551 1019 laboribus
2588 964 2860 1029 insistere,
2917 979 3016 1034 pro
3060 966 3407 1035 adipiscenda

1819 1057 2005 1126 rrquie
2056 1056 2387 1126 sempiterna
2420 1056 2485 1110 ad
2534 1064 2745 1126 tempus
2774 1058 2988 1126 operari
3041 1072 3261 1111 necesse
3302 1064 3405 1111 est.

1819 1144 2058 1216 Septima
2112 1157 2194 1202 est
2250 1154 2383 1201 retas
2440 1161 2545 1200 non
2594 1146 2649 1200 in
2702 1147 2801 1201 hac
2854 1148 2949 1202 sed
2992 1147 3043 1201 in
3076 1147 3178 1201 alia
3205 1147 3273 1179 ⁸⁸³
3300 1148 3408 1203 vita

1819 1237 2210 1307 quiescentium
2265 1255 2437 1310 usque
2487 1239 2553 1293 ad
2609 1247 2819 1310 tempus
2850 1242 3260 1297 resurrectionis
3294 1242 3411 1297 ani-

1820 1345 2049 1384 marum.
2095 1330 2301 1385 Octava
2333 1339 2513 1385 autem
2555 1338 2688 1385 tetas
2719 1330 2832 1401 ipsa
2866 1341 2951 1385 est
2994 1332 3110 1387 dies
3164 1346 3411 1387 resurre-

1821 1421 2039 1484 ctionis,
2067 1422 2182 1476 sine
2214 1422 2323 1475 ullo
2350 1422 2609 1493 temporis
2636 1425 2741 1477 line
2767 1423 2948 1477 beata.
2977 1441 2996 1475 ι
3036 1421 3139 1478 Sed
3163 1424 3251 1477 ubi
3284 1430 3413 1479 sunt

1823 1513 1940 1567 ista:
1973 1514 2355 1579 heatitudines,
2382 1516 2485 1569 nisi
2517 1514 2569 1569 in
2598 1531 2778 1586 spera,
2812 1516 2915 1571 hoc
2964 1525 3050 1571 est
3074 1518 3126 1569 in
3162 1516 3290 1582 Deo,
3316 1518 3408 1585 qui

1821 1621 1927 1660 non
1955 1604 2230 1660 clauditur
2258 1606 2364 1661 ﬁne
2390 1622 2487 1662 nec
2534 1607 2706 1662 initiis
2732 1616 3114 1678 augmentatur
3137 1608 3202 1640 m
3223 1609 3247 1661 ?
3271 1608 3411 1674 Quin

116 1696 260 1749 riuis
296 1704 358 1749 ut
409 1695 571 1749 homo
616 1693 878 1758 mortalis,
935 1694 1076 1749 Deus
1122 1695 1189 1749 de
1248 1696 1378 1761 Deo,
1418 1694 1596 1747 lumen
1654 1694 1718 1748 de
1753 1714 1793 1771 η
1822 1696 1987 1749 etiam
2042 1710 2257 1763 speram
2303 1696 2446 1750 illam
2479 1697 2790 1761 rotundam,
2824 1696 2929 1752 fine
2964 1706 3017 1751 et
3042 1698 3193 1752 initio
3223 1711 3415 1751 caren-

116 1787 329 1841 Itttttlne
353 1786 442 1852 η’.
473 1786 676 1857 Spiritu
708 1796 899 1841 sancto
954 1786 1293 1857 concipiente
1328 1784 1584 1840 lactus‘“
1611 1794 1711 1838 est.

112 1884 355 1937 Crucem
402 1892 605 1948 autem,
636 1897 800 1952 quam
836 1881 889 1936 in
912 1895 1076 1938 cruce
1104 1879 1446 1951 conspicitis,
1470 1878 1718 1934 Christus

112 1983 196 2026 est
248 1974 396 2029 Deus
424 1972 672 2028 dominus
706 1972 853 2028 ac‘“
890 1980 1076 2028 noster
1125 1972 1455 2041 redemptor,
1486 1972 1578 2042 qui
1621 1987 1719 2025 nos

112 2065 302 2120 tl’JCIS
360 2064 601 2137 patibulo
660 2079 760 2120 sua
799 2063 1061 2135 sanguine
1095 2064 1355 2135 pretioso,
1402 2064 1557 2134 quasi
1601 2065 1718 2118 ovis

112 2163 318 2217 ductus
366 2160 434 2214 ad
471 2159 881 2223 immolandum,
916 2159 1221 2213 immeritos
1274 2158 1525 2213 redemit.
1569 2157 1720 2212 Unde

116 2250 321 2306 Ys-aias
382 2251 641 2320 propheta
681 2249 751 2280 “'
781 2265 793 2302 :
825 2265 847 2301 ι
882 2246 1035 2303 Sicut
1074 2248 1192 2303 ovis
1265 2248 1333 2301 ad
1389 2247 1717 2302 occisionem

111 2346 323 2397 ductus
374 2351 483 2407 est,
525 2349 581 2396 et
607 2339 762 2411 quasi
802 2354 972 2408 agnus
1003 2352 1187 2392 coram
1216 2338 1556 2392 tondentese
1602 2337 1719 2392 sine

113 2452 279 2500 \uce,
305 2435 389 2489 sic
423 2450 530 2489 non
581 2433 794 2505 aperuit
851 2447 914 2487 os
940 2447 1100 2486 sumn
1140 2432 1193 2485 in
1226 2430 1531 2485 humilitate
1558 2428 1716 2500 (lani.

113 2543 240 2593 Lttl,
269 2529 353 2593 7).
389 2546 408 2579 ι
443 2525 575 2581 Item
610 2543 623 2580 :
662 2544 681 2577 ί
720 2523 1049 2579 Vulneratus
1091 2532 1175 2579 est.
1204 2533 1428 2594 propter
1462 2523 1720 2593 iniquita-

114 2632 199 2673 tes
226 2628 470 2684 nostras,
492 2616 810 2672 aﬂlictusest
832 2626 1053 2687 propter
1074 2615 1280 2671 scelera
1311 2628 1497 2670 nostra
1527 2615 1717 2685 (ibim,

115 2716 193 2781 τί).
236 2733 257 2766 ι
303 2711 507 2766 Passus
556 2721 736 2766 autem
786 2725 885 2781 pro
934 2709 1091 2764 nobis
1130 2718 1363 2763 mortem
1417 2723 1481 2763 ac
1521 2710 1721 2763 multas

117 2806 381 2873 injurias,
405 2813 681 2859 ammonet
705 2817 823 2868 uos,
853 2802 1039 2857 dicens
1067 2802 1290 2856 cottidie
1318 2818 1332 2855 :
1376 2819 1392 2852 I
1428 2800 1723 2857 Revertere

116 2901 186 2952 ad
220 2915 312 2954 me
328 2898 586 2969 quoniam
611 2896 803 2952 redimi
824 2894 892 2926 m
919 2906 985 2949 te.
1011 2893 1272 2961 Laudate,
1297 2893 1442 2959 caeli,
1466 2894 1719 2965 quoniam

116 2992 254 3047 fecit
279 2990 543 3046 Dominus
570 2988 1000 3044 misericordiam
1034 2986 1191 3057 (luti.
1220 3002 1363 3047 κων.
1392 2986 1506 3057 22).
1549 3006 1568 3039 ι
1600 2986 1723 3040 Cili-

1823 1796 1953 1851 tem,
1984 1802 2144 1856 quam
2182 1789 2293 1842 lucc
2334 1788 2513 1842 omnia
2546 1788 2908 1844 continentem
2940 1790 3155 1852 videtis,
3185 1797 3266 1842 est
3297 1788 3412 1858 ipse

1819 1878 1912 1949 qui
1934 1878 2001 1909 ⁸⁸⁸
2034 1878 2085 1931 in
2112 1877 2437 1949 Apocalypsi
2470 1878 2709 1947 loquitur
2730 1878 2822 1943 “‘,
2850 1878 3039 1933 dicens
3070 1895 3083 1932 :
3125 1896 3143 1930 ι
3163 1877 3273 1950 Ego
3293 1892 3414 1932 sum

1820 1972 1981 2042 alpha
2010 1980 2065 2026 et
2106 1971 2175 2026 bo
2198 1971 2288 2035 ¹⁸⁷,
2319 1971 2645 2042 principium
2674 1979 2729 2027 et
2758 1971 2883 2027 ﬁnis
2919 1971 3103 2043 (Apoc.
3132 1988 3169 2033 ι.
3202 1973 3280 2039 8).
3315 1990 3335 2024 ι

1893 2064 1979 2117 15.
2022 2062 2304 2118 Crucism
2335 2062 2655 2133 antiphona,
2709 2078 2815 2135 qua
2871 2063 3188 2135 mysterium
3236 2062 3331 2117 Dei
3358 2069 3416 2118 et

1820 2166 2025 2212 sancta:
2073 2155 2451 2211 Ambrosiam:
2499 2154 2746 2211 ecclesiae
2786 2154 3142 2226 praerogativa
3189 2154 3415 2210 cottidie

1820 2250 2138 2313 adornatur,
2168 2248 2482 2319 allegoriam
2517 2248 3016 2303 reverentissimam
3057 2248 3415 2318 comprehcn-

1820 2340 1952 2394 dere
1978 2347 2032 2393 et
2063 2338 2344 2393 continere
2394 2340 2743 2409 approbatur.
2801 2339 2934 2393 Dum
2966 2338 3112 2393 enim
3139 2338 3413 2393 canticum

1820 2434 1964 2503 quod
1996 2432 2293 2488 Zacharias
2324 2430 2588 2486 Johannis
2627 2433 2889 2501 propheta
2923 2432 2989 2485 ad
3030 2433 3121 2487 Dei
3153 2434 3413 2487 honorem

1822 2527 2184 2598 prophetavit,
2216 2534 2488 2590 cantatur,
2520 2540 2583 2580 ac
2610 2524 2935 2580 lectionibus
2955 2525 3226 2595 perlectis,
3248 2524 3414 2579 lecto-

1822 2634 1910 2674 res
1939 2634 2039 2673 suo
2080 2634 2202 2673 cum
2233 2618 2491 2688 ntagis'ro
2520 2625 2573 2671 et
2620 2617 2861 2672 ltostiarii
2911 2618 3080 2672 choro
3129 2615 3417 2671 ordinibus

1824 2710 2122 2780 majoribus
2167 2711 2393 2765 dimisso
2427 2710 2621 2765 tollunt
2668 2710 2735 2764 de
2781 2709 3022 2763 sacrario
3055 2719 3168 2763 tres
3218 2720 3413 2762 erm-rs

1824 2814 2131 2877 argenteas.
2170 2812 2224 2858 et
2268 2818 2480 2857 summa
2514 2816 2635 2856 cum
2665 2800 2966 2854 reverentia
3006 2798 3139 2852 foris
3168 2796 3408 2852 ecclesia

1822 2895 2191 2966 deportantes,
2225 2893 2396 2948 tribus
2450 2890 2622 2946 cereis
2674 2889 2967 2959 unicuique
2998 2888 3414 2959 supcrardcnti:

1825 2989 1944 3049 bus,
2004 2984 2178 3041 sancti
2257 2984 2496 3053 Spiritus
2574 2980 2919 3051 praesentiam
2988 2979 3302 3052 signiﬁcans
3326 2980 3417 3044 "’,

115 3082 270 3135 cium
312 3090 579 3151 prteterea
606 3079 673 3110 ‘“
697 3079 841 3148 quod
887 3077 972 3135 bis
998 3076 1187 3146 ﬁguris
1208 3078 1429 3132 subesse
1459 3079 1722 3148 conSpici-
1753 3085 1797 3148 ρ
1829 3076 2073 3133 ecclesite
2102 3075 2277 3145 regias
2302 3074 2551 3129 ordinate
2584 3073 2811 3127 intrant.
2842 3072 2989 3126 Bene
3024 3072 3091 3126 de
3122 3073 3419 3127 secretario

119 3174 217 3236 tis,
272 3181 592 3243 peccatores
641 3185 736 3225 vos
782 3184 902 3225 esse
952 3168 1249 3239 conspicite
1271 3178 1322 3223 et
1351 3170 1539 3223 aeterni
1572 3169 1724 3239 regni

116 3265 358 3334 gloriam
420 3263 578 3334 primi
654 3262 896 3333 parentis
953 3261 1407 3332 prevaricatione
1455 3260 1722 3316 amisisse.

122 3360 283 3415 Unde
314 3358 383 3413 ad
416 3350 583 3412 Deum
611 3366 789 3411 vestra
827 3364 1049 3427 peccata
1080 3354 1394 3425 plangentes
1420 3369 1647 3424 corpore
1672 3364 1726 3408 et

117 3452 311 3504 animo
340 3448 753 3513 convertimini;
782 3448 847 3503 de
876 3446 941 3478 ³³⁵⁵
964 3447 1162 3518 quibus
1191 3445 1449 3500 Dominus
1476 3461 1573 3516 per
1602 3461 1728 3515 pro—

119 3545 353 3613 phetam
390 3557 403 3595 :
446 3557 465 3591 ι
488 3539 878 3595 Convertintini
909 3540 977 3592 ad
1003 3553 1087 3592 me
1115 3538 1168 3591 in
1196 3546 1311 3592 toto
1332 3538 1498 3591 corde
1523 3545 1724 3601 Vestro,

122 3640 176 3690 in
196 3635 416 3705 jejunio
456 3642 513 3689 et
559 3633 687 3687 ﬂetu
715 3642 771 3687 et
811 3632 1027 3702 planctu
1057 3630 1197 3702 (Joel
1220 3646 1282 3696 It,
1313 3631 1425 3701 15),
1459 3630 1585 3700 quia
1607 3632 1730 3684 nolo

122 3740 366 3785 mortem
392 3726 718 3798 peccatoris,
748 3726 842 3779 sed
883 3733 941 3778 ut
972 3732 1321 3779 convertatur
1344 3731 1394 3778 et
1426 3723 1571 3777 vivat
1604 3722 1727 3791 (Es.

124 3835 367 3883 until,
416 3818 529 3887 II).
561 3837 579 3869 ι
621 3817 827 3885 Itaque,
882 3814 1078 3870 fratres
1118 3814 1415 3881 karissimi,
1455 3813 1731 3868 imi;etnur

121 3914 344 3969 ambitu
362 3910 432 3943 ‘“
487 3911 539 3964 in
565 3912 748 3964 cinere
780 3920 834 3964 et
868 3909 1065 3974 cilicio,
1095 3924 1216 3962 cum
1243 3906 1731 3979 prophetajejune-

122 4019 252 4059 tuus
298 4012 359 4058 et
402 4001 679 4071 ploremtts
705 4010 831 4054 ante
880 4000 1074 4066 Deum,
1103 4015 1230 4070 quia
1264 4000 1489 4053 multum
1522 4000 1733 4055 miseri-

120 4114 254 4154 cors
280 4107 372 4153 est
403 4097 683 4152 dimittere
702 4096 766 4127 “7
796 4104 1021 4165 peccata
1054 4102 1260 4150 nostra.
1288 4094 1425 4150 Cum
1458 4105 1639 4149 autem
1664 4096 1731 4150 ad

121 4192 274 4246 sacri
318 4189 667 4260 baptismatis
726 4195 1124 4243 sacramentum
1184 4186 1296 4241 Deo
1348 4197 1621 4242 annuente
1678 4188 1731 4242 in

124 4283 390 4353 proximo
418 4279 988 4345 veneritis,catbolic:e
1011 4278 1135 4335 ﬁdei
1156 4280 1496 4334 documentis
1518 4279 1730 4343 itnbati,

124 4376 441 4447 gaudentes
512 4387 610 4443 per
660 4373 922 4426 bonorum
992 4384 1218 4440 operum
1274 4370 1731 4439 perseverantiam

1827 3185 2019 3225 cruces
2049 3168 2329 3233 tolluntur,
2360 3166 2487 3236 quia
2517 3166 2583 3220 de
2606 3165 2834 3220 secretis
2858 3164 2953 3218 Dei
2981 3158 3138 3219 nobis
3166 3165 3421 3234 apparuit

1825 3262 2095 3323 Christus,
2153 3258 2310 3328 cujus
2356 3272 2519 3313 cruce
2574 3255 2789 3321 muniti,
2843 3256 2913 3310 ab
2964 3255 3113 3309 omni
3151 3264 3422 3323 potestate

1827 3369 1968 3409 terea
1995 3352 2061 3390 ι⁶⁶
2095 3351 2210 3420 ipso
2246 3358 2563 3422 protegente
2618 3348 2936 3401 liberamur.
2996 3344 3198 3400 Cruces
3238 3345 3305 3398 de
3335 3360 3421 3399 se-

1831 3454 1983 3499 creto
2018 3440 2302 3503 tolluntur,
2356 3440 2482 3509 quia
2519 3438 2586 3493 de
2638 3438 2867 3492 secretis
2901 3446 3108 3491 terrore
3139 3436 3421 3507 gentilium

1830 3533 2011 3605 populi
2053 3547 2273 3588 crucem
2336 3530 2539 3586 Christi
2591 3528 2917 3599 bajulantes,
2957 3528 3051 3584 Dei
3084 3529 3327 3584 ecclesiae
3361 3528 3425 3581 ii-

1833 3630 1977 3683 mina
2012 3637 2069 3681 ut
2120 3626 2399 3681 Christum
2451 3633 2752 3694 sequantur
2790 3624 2981 3678 devote
3007 3622 3233 3677 intrant.
3270 3619 3423 3676 Unde

1832 3721 2093 3777 Dominus
2143 3734 2239 3789 per
2282 3716 2629 3786 Evangelium
2687 3715 2896 3771 intonat
2957 3715 3143 3769 dicens
3189 3731 3204 3769 :
3261 3730 3280 3765 t
3318 3711 3420 3782 Qui

1832 3826 2047 3867 crucem
2074 3807 2276 3864 Christi
2324 3806 2669 3877 bajulaverit,
2699 3804 2881 3861 salvus
2915 3804 3038 3860 erit.
3078 3822 3101 3858 ι
3128 3803 3172 3857 Τ
3178 3819 3263 3857 res
3302 3804 3424 3857 ideo

1832 3913 1958 3960 sunt
1981 3915 2191 3963 cruces,
2228 3908 2285 3953 ut
2333 3912 2524 3954 omnes
2553 3906 2665 3952 tres
2701 3895 2886 3950 mtmdi
2929 3904 3137 3966 partes,
3167 3892 3423 3948 videlicet

1832 3997 1959 4051 Asia
1989 4003 2043 4049 et
2096 3993 2309 4062 Europa
2349 4000 2399 4045 et
2432 3989 2631 4046 Aﬂ‘rica
2654 3990 2741 4056 ιδ’,
2775 3989 2899 4061 coeli
2928 3997 2979 4045 et
3015 3996 3172 4045 terra:
3198 3986 3423 4044 Creato-

1836 4103 1949 4143 rem
1998 4093 2407 4157 cognoseentes,
2455 4080 2692 4137 Verbum
2718 4096 2936 4151 quoque
2983 4091 3229 4136 sanctum
3260 4078 3326 4114 ‘°'
3356 4078 3425 4132 de

1839 4180 2059 4251 Virgine
2084 4187 2269 4233 natum
2298 4192 2363 4232 ac
2383 4175 2591 4245 Spiritu
2621 4183 2812 4229 sancto
2842 4182 3165 4242 conceptum
3195 4171 3424 4226 creden-

1837 4280 1938 4335 tes,
1959 4269 2230 4326 Unitatem
2263 4268 2315 4321 in
2350 4265 2640 4330 Trinitate,
2682 4272 2737 4319 et
2763 4262 3084 4318 Trinitatem
3117 4263 3168 4315 in
3203 4259 3425 4316 Unitate

1838 4364 2125 4420 actualiter
2173 4361 2584 4417 conﬁterentur.
2631 4357 2762 4425 Quae
2785 4356 2964 4411 omnia
2990 4353 3291 4411 ﬁdelissimi
3332 4366 3427 4407 ca-

128 4466 531 4523 beatitudinem
560 4474 780 4518 aeterna:
799 4461 986 4531 gloriae
1013 4462 1217 4517 credite
1231 4461 1730 4532 acquisisse,quam
1768 4455 1808 4508 ι)
1837 4465 2043 4530 ιιιοιίοὶ,
2072 4464 2338 4519 catholica
2387 4463 2493 4518 ﬁde
2526 4478 2555 4515 ε
2588 4461 2698 4517 Deo
2724 4460 2917 4518 :mbmi
2940 4460 3009 4492 ιω
3038 4460 3225 4514 patres
3250 4457 3425 4512 nos";

126 4559 265 4612 olim
320 4553 723 4627 protltoplausti
790 4552 888 4608 Dei
940 4552 1255 4607 mandatum
1312 4551 1741 4623 praevaricantes

127 4648 450 4704 inconsulte
484 4647 805 4702 amiserunt.
849 4644 1118 4700 Praeterea
1161 4646 1303 4715 quod
1344 4648 1524 4700 omnia
1578 4646 1730 4716 signa

130 4747 255 4798 lucc
287 4757 322 4796 e
369 4742 558 4797 cinere
614 4744 759 4795 tacta
801 4739 1138 4808 conspicitis,
1183 4753 1278 4793 vos
1319 4752 1440 4794 ese
1477 4739 1734 4793 mortales

129 4834 456 4906 cognoscite
477 4832 567 4898 ⁸⁵⁸,
596 4848 663 4888 ac
686 4839 907 4903 Sperate
955 4834 1007 4885 in
1034 4846 1182 4895 eum,
1214 4831 1307 4900 qui
1337 4846 1431 4887 vos
1471 4832 1735 4886 redimere

128 4944 238 4983 suo
268 4928 533 5002 sanguine
568 4928 815 5002 pretioso
836 4925 902 4958 ¹³⁹
953 4927 1206 4999 dignatus
1232 4937 1336 4980 est.
1375 4926 1529 4995 Quod
1556 4940 1736 4980 autem

1841 4560 1893 4614 in
1944 4557 2176 4614 cont-ilio
2234 4556 2452 4612 Nicaeuo
2502 4554 2824 4610 conﬁtentes
2876 4554 3127 4608 dixerunt
3165 4571 3178 4606 :
3214 4572 3233 4605 ι
3266 4552 3428 4607 Fides

1841 4659 2021 4707 autem
2046 4650 2313 4706 catholica
2348 4649 2461 4703 hate
2483 4658 2607 4713 est,
2638 4661 2699 4702 nt
2733 4662 2874 4702 unus
2904 4647 3046 4701 Deus
3070 4648 3123 4700 in
3155 4645 3426 4700 Trinitate

1840 4753 1895 4797 et
1929 4742 2173 4797 Trinitas
2198 4742 2250 4795 in
2288 4740 2507 4796 Unitate
2545 4747 2858 4795 veneretur.
2900 4757 2917 4789 ι
2950 4735 3221 4791 latrantes
3244 4746 3428 4794 autem

1842 4833 2073 4890 lectores
2120 4842 2175 4889 et
2218 4831 2463 4889 bestiarii
2516 4845 2639 4885 cum
2689 4830 2879 4901 signis,
2932 4828 3218 4883 inveniunt
3253 4827 3434 4883 archi-

1842 4928 2157 4998 episcopum
2211 4935 2366 4983 extra
2396 4923 2646 4988 chorum,
2677 4922 3065 4978 archidiacono
3110 4921 3360 4976 dextram
3383 4925 3439 4973 et

1440 5036 1678 5094 γΑιίιιιΕ
1717 5036 2128 5097 LECTIONES.

126 5114 129 5117 Δ
215 5151 289 5183 ⁸³⁸
328 5151 393 5206 de
420 5152 535 5208 celo
560 5152 619 5207 D.
735 5149 809 5181 ¹³⁸
828 5159 880 5204 et
910 5162 1034 5208 ante
1054 5152 1143 5208 BI.

137 5222 216 5255 ⁸³⁸
244 5223 385 5276 deest
413 5224 469 5291 Ii.
580 5225 645 5255 ¹³⁹
678 5222 719 5274 I.
753 5222 806 5273 (Ι.
841 5222 876 5273 I.
908 5226 1091 5280 desunt
1125 5224 1187 5277 Β,

139 5294 210 5330 ΩΙ
334 5294 400 5325 ιὀδ
428 5306 713 5330 urnula-Iun
754 5291 813 5330 η,
893 5294 958 5325 HS
995 5298 1130 5330 Am"!
1172 5293 1212 5330 η

1306 5224 1373 5257 ³⁵⁸³
1405 5226 1551 5280 tilitts
1574 5219 1660 5273 Βι.

1309 5296 1377 5330 ηε
1411 5300 1474 5330 Im
1486 5294 1601 5330 hitn
1634 5291 1693 5330 ΠΙ

1252 5150 1322 5182 ⁸³⁸
1356 5155 1521 5209 homo
1576 5158 1734 5223 natus
1765 5168 1828 5207 ex
1888 5171 1938 5209 v.
1994 5168 2095 5206 suo
2144 5150 2409 5223 sanguine
2459 5164 2636 5223 nosti.
2700 5159 2756 5204 et
2807 5145 2955 5223 8.8:

1778 5224 1847 5255 Μ
1885 5230 1936 5279 tl.
1968 5224 2019 5277 (ί.
2068 5239 2122 5279 a.
2157 5220 2344 5279 desim!
2376 5220 2437 5273 Β.

1820 5296 1887 5328 tu
1912 5293 2191 5330 .ttmitmm.
2232 5294 2292 5330 ΩΙ
2322 5298 2325 5299 ⁷

3072 5142 3138 5174 ¹³⁷
3179 5141 3319 5194 cinis
3350 5137 3438 5196 ΒΙ-

3125 5210 3190 5241 ¹⁸³
3236 5206 3441 5264 redemi

2565 5220 2631 5250 ⁸⁸³
2680 5234 2734 5289 p.
2771 5220 2901 5273 dicit
2931 5214 3018 5268 BI.
3125 5214 3190 5241 ‘"
3236 5214 3441 5264 redemi

2565 5299 2898 5330 annumnan
2924 5300 2968 5330 ﬁ-
3015 5282 3098 5330 Πλ-
3197 5279 3271 5309 “9
3299 5280 3441 5330 ἀείρει

2414 5288 2480 5322 1⁵⁸
2506 5282 2898 5330 manuni-omitas
2924 5300 2968 5330 ς-
3015 5282 3098 5330 ΠΙ.
