  <div class='ocr_page' id='page_1' title='image "/cluster/home/n/w/nwhite01/storage/ocr_20150623/147/hvd.32044010574002/425.png"; bbox 0 0 3934 5330; ppageno 0'>
   <div class='ocr_carea' id='block_1_1' title="bbox 493 203 606 276">
    <p class='ocr_par' dir='ltr' id='par_1_1' title="bbox 493 203 606 276">
     <span class='ocr_line' id='line_1_1' title="bbox 493 203 606 276; baseline 0 0"><span class='ocrx_word' id='word_1_1' title='bbox 493 203 606 276; x_wconf 66' lang='grc'><strong>859</strong></span> 
     </span>
    </p>
   </div>
   <div class='ocr_carea' id='block_1_2' title="bbox 1519 197 2766 273">
    <p class='ocr_par' dir='ltr' id='par_1_2' title="bbox 1519 197 2766 273">
     <span class='ocr_line' id='line_1_2' title="bbox 1519 197 2766 273; baseline -0.001 0"><span class='ocrx_word' id='word_1_2' title='bbox 1519 197 1868 273; x_wconf 60' lang='lat' dir='ltr'><strong>iisunum</strong></span> <span class='ocrx_word' id='word_1_3' title='bbox 1906 211 2460 271; x_wconf 74' lang='lat' dir='ltr'><strong>MEDIOLANENSIS</strong></span> <span class='ocrx_word' id='word_1_4' title='bbox 2497 213 2766 272; x_wconf 79' lang='lat' dir='ltr'><strong>CLEtttCt</strong></span> 
     </span>
    </p>
   </div>
   <div class='ocr_carea' id='block_1_3' title="bbox 3662 211 3756 268">
    <p class='ocr_par' dir='ltr' id='par_1_3' title="bbox 3662 211 3756 268">
     <span class='ocr_line' id='line_1_3' title="bbox 3662 211 3756 268; baseline -0.032 0"><span class='ocrx_word' id='word_1_5' title='bbox 3662 211 3756 268; x_wconf 67' lang='grc'><strong>840</strong></span> 
     </span>
    </p>
   </div>
   <div class='ocr_carea' id='block_1_4' title="bbox 502 323 3758 402">
    <p class='ocr_par' dir='ltr' id='par_1_4' title="bbox 502 323 3758 402">
     <span class='ocr_line' id='line_1_4' title="bbox 502 323 3758 402; baseline -0.002 -15"><span class='ocrx_word' id='word_1_6' title='bbox 502 331 975 402; x_wconf 65' lang='lat' dir='ltr'><strong>archipresbyteri)</strong></span> <span class='ocrx_word' id='word_1_7' title='bbox 1030 345 1216 386; x_wconf 67' lang='lat' dir='ltr'><strong>.revam</strong></span> <span class='ocrx_word' id='word_1_8' title='bbox 1250 329 1580 399; x_wconf 80' lang='lat' dir='ltr'><strong>regentibus,</strong></span> <span class='ocrx_word' id='word_1_9' title='bbox 1629 344 1731 383; x_wconf 88' lang='lat' dir='ltr'><strong>uec</strong></span> <span class='ocrx_word' id='word_1_10' title='bbox 1763 342 1870 382; x_wconf 89' lang='lat' dir='ltr'><strong>non</strong></span> <span class='ocrx_word' id='word_1_11' title='bbox 1901 327 2076 396; x_wconf 86' lang='lat' dir='ltr'><strong>ipsum</strong></span> <span class='ocrx_word' id='word_1_12' title='bbox 2109 331 2159 392; x_wconf 74' lang='grc' dir='ltr'><strong>Α</strong></span> <span class='ocrx_word' id='word_1_13' title='bbox 2183 325 2320 382; x_wconf 98' lang='lat' dir='ltr'><strong>bene</strong></span> <span class='ocrx_word' id='word_1_14' title='bbox 2344 333 2606 392; x_wconf 86' lang='lat' dir='ltr'><strong>tenemus,</strong></span> <span class='ocrx_word' id='word_1_15' title='bbox 2641 334 2863 382; x_wconf 87' lang='lat' dir='ltr'><strong>cantare</strong></span> <span class='ocrx_word' id='word_1_16' title='bbox 2903 325 3325 392; x_wconf 70' lang='lat' dir='ltr'><strong>consuevimus;</strong></span> <span class='ocrx_word' id='word_1_17' title='bbox 3355 323 3544 398; x_wconf 80' lang='lat' dir='ltr'><strong>hymni</strong></span> <span class='ocrx_word' id='word_1_18' title='bbox 3592 325 3758 394; x_wconf 78' lang='lat' dir='ltr'><strong>nobis,</strong></span> 
     </span>
    </p>
   </div>
   <div class='ocr_carea' id='block_1_5' title="bbox 500 417 2088 494">
    <p class='ocr_par' dir='ltr' id='par_1_5' title="bbox 500 417 2088 494">
     <span class='ocr_line' id='line_1_5' title="bbox 500 417 2088 494; baseline -0.004 -16"><span class='ocrx_word' id='word_1_19' title='bbox 500 432 562 478; x_wconf 88' lang='lat' dir='ltr'><strong>ut</strong></span> <span class='ocrx_word' id='word_1_20' title='bbox 587 422 805 494; x_wconf 75' lang='lat' dir='ltr'><strong>Moysen</strong></span> <span class='ocrx_word' id='word_1_21' title='bbox 851 438 1034 478; x_wconf 86' lang='lat' dir='ltr'><strong>verum</strong></span> <span class='ocrx_word' id='word_1_22' title='bbox 1061 419 1124 452; x_wconf 74' lang='grc'><strong>⁸⁸⁸</strong></span> <span class='ocrx_word' id='word_1_23' title='bbox 1153 429 1560 488; x_wconf 85' lang='lat' dir='ltr'><strong>sustentantes;</strong></span> <span class='ocrx_word' id='word_1_24' title='bbox 1612 428 1881 490; x_wconf 87' lang='lat' dir='ltr'><strong>quatenus</strong></span> <span class='ocrx_word' id='word_1_25' title='bbox 1908 417 2088 482; x_wconf 71' lang='lat' dir='ltr'><strong>gratia</strong></span> 
     </span>
    </p>
   </div>
   <div class='ocr_carea' id='block_1_6' title="bbox 499 508 2088 579">
    <p class='ocr_par' dir='ltr' id='par_1_6' title="bbox 499 508 2088 579">
     <span class='ocr_line' id='line_1_6' title="bbox 499 508 2088 579; baseline -0.003 -13"><span class='ocrx_word' id='word_1_26' title='bbox 499 511 674 566; x_wconf 84' lang='lat' dir='ltr'><strong>sancti</strong></span> <span class='ocrx_word' id='word_1_27' title='bbox 705 511 1000 579; x_wconf 71' lang='lat' dir='ltr'><strong>Evangelii,</strong></span> <span class='ocrx_word' id='word_1_28' title='bbox 1026 511 1157 565; x_wconf 75' lang='lat' dir='ltr'><strong>Novi</strong></span> <span class='ocrx_word' id='word_1_29' title='bbox 1185 525 1250 564; x_wconf 88' lang='lat' dir='ltr'><strong>ac</strong></span> <span class='ocrx_word' id='word_1_30' title='bbox 1275 510 1486 566; x_wconf 84' lang='lat' dir='ltr'><strong>Veteris</strong></span> <span class='ocrx_word' id='word_1_31' title='bbox 1513 508 1844 564; x_wconf 84' lang='lat' dir='ltr'><strong>Testameutt</strong></span> <span class='ocrx_word' id='word_1_32' title='bbox 1871 516 2088 561; x_wconf 82' lang='lat' dir='ltr'><strong>senten-</strong></span> 
     </span>
    </p>
   </div>
   <div class='ocr_carea' id='block_1_7' title="bbox 503 596 2086 674">
    <p class='ocr_par' dir='ltr' id='par_1_7' title="bbox 503 596 2086 674">
     <span class='ocr_line' id='line_1_7' title="bbox 503 596 2086 674; baseline -0.003 -20"><span class='ocrx_word' id='word_1_33' title='bbox 503 602 596 656; x_wconf 90' lang='lat' dir='ltr'><strong>tiis</strong></span> <span class='ocrx_word' id='word_1_34' title='bbox 618 616 684 674; x_wconf 86' lang='lat' dir='ltr'><strong>ac</strong></span> <span class='ocrx_word' id='word_1_35' title='bbox 731 602 944 671; x_wconf 77' lang='lat' dir='ltr'><strong>ﬁguris,</strong></span> <span class='ocrx_word' id='word_1_36' title='bbox 976 602 1416 666; x_wconf 79' lang='lat' dir='ltr'><strong>conﬁrmaretur,</strong></span> <span class='ocrx_word' id='word_1_37' title='bbox 1460 601 1576 656; x_wconf 84' lang='lat' dir='ltr'><strong>sive</strong></span> <span class='ocrx_word' id='word_1_38' title='bbox 1629 598 1938 654; x_wconf 75' lang='lat' dir='ltr'><strong>dilectionis</strong></span> <span class='ocrx_word' id='word_1_39' title='bbox 1993 596 2086 651; x_wconf 85' lang='lat' dir='ltr'><strong>Dei</strong></span> 
     </span>
    </p>
   </div>
   <div class='ocr_carea' id='block_1_8' title="bbox 501 689 2088 766">
    <p class='ocr_par' dir='ltr' id='par_1_8' title="bbox 501 689 2088 766">
     <span class='ocr_line' id='line_1_8' title="bbox 501 689 2088 766; baseline -0.005 -16"><span class='ocrx_word' id='word_1_40' title='bbox 501 701 560 750; x_wconf 84' lang='lat' dir='ltr'><strong>et</strong></span> <span class='ocrx_word' id='word_1_41' title='bbox 615 698 680 737; x_wconf 74' lang='grc'><strong>⁸⁸³</strong></span> <span class='ocrx_word' id='word_1_42' title='bbox 733 696 965 766; x_wconf 74' lang='lat' dir='ltr'><strong>proximi</strong></span> <span class='ocrx_word' id='word_1_43' title='bbox 1024 703 1226 750; x_wconf 78' lang='lat' dir='ltr'><strong>sancta:</strong></span> <span class='ocrx_word' id='word_1_44' title='bbox 1283 693 1538 748; x_wconf 61' lang='lat' dir='ltr'><strong>Ecclesia:</strong></span> <span class='ocrx_word' id='word_1_45' title='bbox 1581 692 1735 764; x_wconf 89' lang='lat' dir='ltr'><strong>quasi</strong></span> <span class='ocrx_word' id='word_1_46' title='bbox 1785 689 2088 758; x_wconf 85' lang='lat' dir='ltr'><strong>columpnis</strong></span> 
     </span>
    </p>
   </div>
   <div class='ocr_carea' id='block_1_9' title="bbox 503 773 2088 852">
    <p class='ocr_par' dir='ltr' id='par_1_9' title="bbox 503 773 2088 852">
     <span class='ocr_line' id='line_1_9' title="bbox 503 773 2088 852; baseline -0.003 -8"><span class='ocrx_word' id='word_1_47' title='bbox 503 773 907 844; x_wconf 84' lang='lat' dir='ltr'><strong>sustentaretur</strong></span> <span class='ocrx_word' id='word_1_48' title='bbox 953 798 1008 844; x_wconf 87' lang='lat' dir='ltr'><strong>et</strong></span> <span class='ocrx_word' id='word_1_49' title='bbox 1036 789 1274 852; x_wconf 82' lang='lat' dir='ltr'><strong>aleretur</strong></span> <span class='ocrx_word' id='word_1_50' title='bbox 1312 787 1378 818; x_wconf 73' lang='grc'><strong>⁸⁸⁸</strong></span> <span class='ocrx_word' id='word_1_51' title='bbox 1412 785 1690 852; x_wconf 86' lang='lat' dir='ltr'><strong>humanis,</strong></span> <span class='ocrx_word' id='word_1_52' title='bbox 1731 792 1792 840; x_wconf 88' lang='lat' dir='ltr'><strong>ut</strong></span> <span class='ocrx_word' id='word_1_53' title='bbox 1827 785 1894 838; x_wconf 87' lang='lat' dir='ltr'><strong>ad</strong></span> <span class='ocrx_word' id='word_1_54' title='bbox 1922 782 2088 839; x_wconf 66' lang='lat' dir='ltr'><strong>coelo-</strong></span> 
     </span>
    </p>
   </div>
   <div class='ocr_carea' id='block_1_10' title="bbox 503 876 2085 950">
    <p class='ocr_par' dir='ltr' id='par_1_10' title="bbox 503 876 2085 950">
     <span class='ocr_line' id='line_1_10' title="bbox 503 876 2085 950; baseline -0.003 -17"><span class='ocrx_word' id='word_1_55' title='bbox 503 895 622 933; x_wconf 88' lang='lat' dir='ltr'><strong>rum</strong></span> <span class='ocrx_word' id='word_1_56' title='bbox 647 880 841 950; x_wconf 88' lang='lat' dir='ltr'><strong>gaudia</strong></span> <span class='ocrx_word' id='word_1_57' title='bbox 873 880 983 935; x_wconf 91' lang='lat' dir='ltr'><strong>Deo</strong></span> <span class='ocrx_word' id='word_1_58' title='bbox 1011 889 1285 934; x_wconf 79' lang='lat' dir='ltr'><strong>annuente</strong></span> <span class='ocrx_word' id='word_1_59' title='bbox 1306 878 1602 934; x_wconf 86' lang='lat' dir='ltr'><strong>ascendere</strong></span> <span class='ocrx_word' id='word_1_60' title='bbox 1622 886 1676 932; x_wconf 91' lang='lat' dir='ltr'><strong>et</strong></span> <span class='ocrx_word' id='word_1_61' title='bbox 1698 876 1881 930; x_wconf 82' lang='lat' dir='ltr'><strong>volare</strong></span> <span class='ocrx_word' id='word_1_62' title='bbox 1907 888 2085 929; x_wconf 87' lang='lat' dir='ltr'><strong>mere-</strong></span> 
     </span>
    </p>
   </div>
   <div class='ocr_carea' id='block_1_11' title="bbox 503 965 2088 1040">
    <p class='ocr_par' dir='ltr' id='par_1_11' title="bbox 503 965 2088 1040">
     <span class='ocr_line' id='line_1_11' title="bbox 503 965 2088 1040; baseline -0.002 -16"><span class='ocrx_word' id='word_1_63' title='bbox 503 979 673 1026; x_wconf 83' lang='lat' dir='ltr'><strong>retur.</strong></span> <span class='ocrx_word' id='word_1_64' title='bbox 713 971 862 1026; x_wconf 85' lang='lat' dir='ltr'><strong>Unde</strong></span> <span class='ocrx_word' id='word_1_65' title='bbox 891 979 1113 1026; x_wconf 87' lang='lat' dir='ltr'><strong>sanctus</strong></span> <span class='ocrx_word' id='word_1_66' title='bbox 1140 971 1376 1040; x_wconf 80' lang='lat' dir='ltr'><strong>Prosper</strong></span> <span class='ocrx_word' id='word_1_67' title='bbox 1419 969 1496 1024; x_wconf 86' lang='lat' dir='ltr'><strong>ait</strong></span> <span class='ocrx_word' id='word_1_68' title='bbox 1526 987 1541 1024; x_wconf 90' lang='lat'><strong>:</strong></span> <span class='ocrx_word' id='word_1_69' title='bbox 1575 987 1594 1020; x_wconf 76' lang='grc' dir='ltr'><strong>ι</strong></span> <span class='ocrx_word' id='word_1_70' title='bbox 1629 967 1731 1036; x_wconf 88' lang='lat' dir='ltr'><strong>Qui</strong></span> <span class='ocrx_word' id='word_1_71' title='bbox 1777 974 1927 1021; x_wconf 85' lang='lat' dir='ltr'><strong>caret</strong></span> <span class='ocrx_word' id='word_1_72' title='bbox 1969 965 2088 1021; x_wconf 86' lang='lat' dir='ltr'><strong>istis</strong></span> 
     </span>
    </p>
   </div>
   <div class='ocr_carea' id='block_1_12' title="bbox 503 1059 2087 1135">
    <p class='ocr_par' dir='ltr' id='par_1_12' title="bbox 503 1059 2087 1135">
     <span class='ocr_line' id='line_1_12' title="bbox 503 1059 2087 1135; baseline -0.003 -17"><span class='ocrx_word' id='word_1_73' title='bbox 503 1066 734 1135; x_wconf 87' lang='lat' dir='ltr'><strong>geminis</strong></span> <span class='ocrx_word' id='word_1_74' title='bbox 779 1065 880 1121; x_wconf 89' lang='lat' dir='ltr'><strong>alis</strong></span> <span class='ocrx_word' id='word_1_75' title='bbox 908 1065 974 1098; x_wconf 76' lang='grc'>³⁸⁷</span> <span class='ocrx_word' id='word_1_76' title='bbox 1012 1065 1296 1130; x_wconf 86' lang='lat' dir='ltr'><strong>virtutum,</strong></span> <span class='ocrx_word' id='word_1_77' title='bbox 1327 1078 1432 1118; x_wconf 91' lang='lat' dir='ltr'><strong>non</strong></span> <span class='ocrx_word' id='word_1_78' title='bbox 1464 1063 1628 1118; x_wconf 85' lang='lat' dir='ltr'><strong>habet</strong></span> <span class='ocrx_word' id='word_1_79' title='bbox 1665 1061 1807 1117; x_wconf 89' lang='lat' dir='ltr'><strong>unde</strong></span> <span class='ocrx_word' id='word_1_80' title='bbox 1850 1059 1996 1117; x_wconf 88' lang='lat' dir='ltr'><strong>volet</strong></span> <span class='ocrx_word' id='word_1_81' title='bbox 2015 1059 2087 1114; x_wconf 86' lang='lat' dir='ltr'><strong>ad</strong></span> 
     </span>
    </p>
   </div>
   <div class='ocr_carea' id='block_1_13' title="bbox 485 1149 2084 1224">
    <p class='ocr_par' dir='ltr' id='par_1_13' title="bbox 485 1149 2084 1224">
     <span class='ocr_line' id='line_1_13' title="bbox 485 1149 2084 1224; baseline -0.004 -14"><span class='ocrx_word' id='word_1_82' title='bbox 485 1170 671 1224; x_wconf 83' lang='lat' dir='ltr'><strong>.regua</strong></span> <span class='ocrx_word' id='word_1_83' title='bbox 701 1155 984 1211; x_wconf 64' lang='lat' dir='ltr'><strong>calorum.</strong></span> <span class='ocrx_word' id='word_1_84' title='bbox 1029 1173 1048 1206; x_wconf 78' lang='grc' dir='ltr'><strong>ι</strong></span> <span class='ocrx_word' id='word_1_85' title='bbox 1079 1153 1287 1222; x_wconf 86' lang='lat' dir='ltr'><strong>Quibus</strong></span> <span class='ocrx_word' id='word_1_86' title='bbox 1316 1153 1664 1223; x_wconf 88' lang='lat' dir='ltr'><strong>introgressis</strong></span> <span class='ocrx_word' id='word_1_87' title='bbox 1693 1167 1758 1207; x_wconf 88' lang='lat' dir='ltr'><strong>ac</strong></span> <span class='ocrx_word' id='word_1_88' title='bbox 1783 1149 2084 1206; x_wconf 90' lang='lat' dir='ltr'><strong>secundum</strong></span> 
     </span>
    </p>
   </div>
   <div class='ocr_carea' id='block_1_14' title="bbox 502 1241 2089 1315">
    <p class='ocr_par' dir='ltr' id='par_1_14' title="bbox 502 1241 2089 1315">
     <span class='ocr_line' id='line_1_14' title="bbox 502 1241 2089 1315; baseline -0.003 -16"><span class='ocrx_word' id='word_1_89' title='bbox 502 1246 748 1300; x_wconf 88' lang='lat' dir='ltr'><strong>ordinem</strong></span> <span class='ocrx_word' id='word_1_90' title='bbox 783 1246 1086 1315; x_wconf 46' lang='lat' dir='ltr'><strong>,ordinatis,</strong></span> <span class='ocrx_word' id='word_1_91' title='bbox 1140 1260 1263 1300; x_wconf 91' lang='lat' dir='ltr'><strong>cum</strong></span> <span class='ocrx_word' id='word_1_92' title='bbox 1308 1244 1578 1314; x_wconf 81' lang='lat' dir='ltr'><strong>Pr0plieta</strong></span> <span class='ocrx_word' id='word_1_93' title='bbox 1630 1243 1798 1297; x_wconf 88' lang='lat' dir='ltr'><strong>Deum</strong></span> <span class='ocrx_word' id='word_1_94' title='bbox 1835 1241 2089 1296; x_wconf 86' lang='lat' dir='ltr'><strong>laudante</strong></span> 
     </span>
    </p>
   </div>
   <div class='ocr_carea' id='block_1_15' title="bbox 483 1332 2085 1401">
    <p class='ocr_par' dir='ltr' id='par_1_15' title="bbox 483 1332 2085 1401">
     <span class='ocr_line' id='line_1_15' title="bbox 483 1332 2085 1401; baseline 0 -15"><span class='ocrx_word' id='word_1_95' title='bbox 483 1346 727 1392; x_wconf 85' lang='lat' dir='ltr'><strong>.cautant</strong></span> <span class='ocrx_word' id='word_1_96' title='bbox 773 1356 792 1390; x_wconf 76' lang='grc' dir='ltr'><strong>ι</strong></span> <span class='ocrx_word' id='word_1_97' title='bbox 864 1337 920 1394; x_wconf 87' lang='lat' dir='ltr'><strong>In</strong></span> <span class='ocrx_word' id='word_1_98' title='bbox 965 1335 1226 1400; x_wconf 78' lang='lat' dir='ltr'><strong>excelsis,</strong></span> <span class='ocrx_word' id='word_1_99' title='bbox 1273 1353 1294 1388; x_wconf 76' lang='grc' dir='ltr'><strong>ι</strong></span> <span class='ocrx_word' id='word_1_100' title='bbox 1355 1335 1651 1389; x_wconf 89' lang='lat' dir='ltr'><strong>secundum</strong></span> <span class='ocrx_word' id='word_1_101' title='bbox 1711 1332 1853 1401; x_wconf 90' lang='lat' dir='ltr'><strong>quod</strong></span> <span class='ocrx_word' id='word_1_102' title='bbox 1910 1332 2085 1388; x_wconf 88' lang='lat' dir='ltr'><strong>dicit:</strong></span> 
     </span>
    </p>
   </div>
   <div class='ocr_carea' id='block_1_16' title="bbox 511 1414 2090 1488">
    <p class='ocr_par' dir='ltr' id='par_1_16' title="bbox 511 1414 2090 1488">
     <span class='ocr_line' id='line_1_16' title="bbox 511 1414 2090 1488; baseline -0.001 -12"><span class='ocrx_word' id='word_1_103' title='bbox 511 1443 530 1476; x_wconf 75' lang='grc' dir='ltr'><strong>ι</strong></span> <span class='ocrx_word' id='word_1_104' title='bbox 569 1425 806 1480; x_wconf 80' lang='lat' dir='ltr'><strong>Laudate</strong></span> <span class='ocrx_word' id='word_1_105' title='bbox 829 1414 1114 1482; x_wconf 80' lang='lat' dir='ltr'><strong>Dominum</strong></span> <span class='ocrx_word' id='word_1_106' title='bbox 1152 1425 1216 1479; x_wconf 91' lang='lat' dir='ltr'><strong>de</strong></span> <span class='ocrx_word' id='word_1_107' title='bbox 1243 1423 1416 1488; x_wconf 71' lang='lat' dir='ltr'><strong>caelis,</strong></span> <span class='ocrx_word' id='word_1_108' title='bbox 1443 1423 1660 1478; x_wconf 83' lang='lat' dir='ltr'><strong>laudate</strong></span> <span class='ocrx_word' id='word_1_109' title='bbox 1687 1435 1810 1476; x_wconf 89' lang='lat' dir='ltr'><strong>eum</strong></span> <span class='ocrx_word' id='word_1_110' title='bbox 1833 1421 1887 1475; x_wconf 94' lang='lat' dir='ltr'><strong>in</strong></span> <span class='ocrx_word' id='word_1_111' title='bbox 1914 1420 2090 1476; x_wconf 78' lang='lat' dir='ltr'><strong>excel-</strong></span> 
     </span>
    </p>
   </div>
   <div class='ocr_carea' id='block_1_17' title="bbox 503 1512 2085 1587">
    <p class='ocr_par' dir='ltr' id='par_1_17' title="bbox 503 1512 2085 1587">
     <span class='ocr_line' id='line_1_17' title="bbox 503 1512 2085 1587; baseline -0.003 -14"><span class='ocrx_word' id='word_1_112' title='bbox 503 1520 580 1574; x_wconf 86' lang='lat' dir='ltr'><strong>sis</strong></span> <span class='ocrx_word' id='word_1_113' title='bbox 609 1515 762 1585; x_wconf 65' lang='lat' dir='ltr'><strong>(Ptol</strong></span> <span class='ocrx_word' id='word_1_114' title='bbox 812 1533 1033 1582; x_wconf 69' lang='lat' dir='ltr'><strong>CXLVIII,</strong></span> <span class='ocrx_word' id='word_1_115' title='bbox 1065 1518 1139 1584; x_wconf 83' lang='lat' dir='ltr'><strong>I).</strong></span> <span class='ocrx_word' id='word_1_116' title='bbox 1167 1516 1285 1587; x_wconf 90' lang='lat' dir='ltr'><strong>Ipse</strong></span> <span class='ocrx_word' id='word_1_117' title='bbox 1313 1516 1456 1571; x_wconf 89' lang='lat' dir='ltr'><strong>enim</strong></span> <span class='ocrx_word' id='word_1_118' title='bbox 1496 1514 1634 1570; x_wconf 77' lang='lat' dir='ltr'><strong>dixit</strong></span> <span class='ocrx_word' id='word_1_119' title='bbox 1668 1522 1723 1569; x_wconf 89' lang='lat' dir='ltr'><strong>et</strong></span> <span class='ocrx_word' id='word_1_120' title='bbox 1751 1512 1890 1568; x_wconf 80' lang='lat' dir='ltr'><strong>facta</strong></span> <span class='ocrx_word' id='word_1_121' title='bbox 1919 1522 2085 1581; x_wconf 89' lang='lat' dir='ltr'><strong>sunt;</strong></span> 
     </span>
    </p>
   </div>
   <div class='ocr_carea' id='block_1_18' title="bbox 506 1605 2082 1678">
    <p class='ocr_par' dir='ltr' id='par_1_18' title="bbox 506 1605 2082 1678">
     <span class='ocr_line' id='line_1_18' title="bbox 506 1605 2082 1678; baseline -0.004 -12"><span class='ocrx_word' id='word_1_122' title='bbox 506 1609 788 1666; x_wconf 80' lang='lat' dir='ltr'><strong>mandavit</strong></span> <span class='ocrx_word' id='word_1_123' title='bbox 859 1617 914 1662; x_wconf 89' lang='lat' dir='ltr'><strong>et</strong></span> <span class='ocrx_word' id='word_1_124' title='bbox 980 1609 1232 1664; x_wconf 85' lang='lat' dir='ltr'><strong>universa</strong></span> <span class='ocrx_word' id='word_1_125' title='bbox 1285 1616 1469 1662; x_wconf 87' lang='lat' dir='ltr'><strong>creata</strong></span> <span class='ocrx_word' id='word_1_126' title='bbox 1533 1614 1661 1661; x_wconf 88' lang='lat' dir='ltr'><strong>sunt</strong></span> <span class='ocrx_word' id='word_1_127' title='bbox 1714 1605 1905 1677; x_wconf 82' lang='lat' dir='ltr'><strong>(lbid.,</strong></span> <span class='ocrx_word' id='word_1_128' title='bbox 1952 1606 2028 1678; x_wconf 96' lang='lat'><strong>5).</strong></span> <span class='ocrx_word' id='word_1_129' title='bbox 2061 1625 2082 1660; x_wconf 70' lang='grc' dir='ltr'><strong>ι</strong></span> 
     </span>
    </p>
   </div>
   <div class='ocr_carea' id='block_1_19' title="bbox 2189 417 3758 489">
    <p class='ocr_par' dir='ltr' id='par_1_19' title="bbox 2189 417 3758 489">
     <span class='ocr_line' id='line_1_19' title="bbox 2189 417 3758 489; baseline 0.003 -18"><span class='ocrx_word' id='word_1_130' title='bbox 2189 417 2463 472; x_wconf 82' lang='lat' dir='ltr'><strong>canticum</strong></span> <span class='ocrx_word' id='word_1_131' title='bbox 2490 417 2666 486; x_wconf 86' lang='lat' dir='ltr'><strong>nobis,</strong></span> <span class='ocrx_word' id='word_1_132' title='bbox 2697 418 2891 489; x_wconf 85' lang='lat' dir='ltr'><strong>psalmi</strong></span> <span class='ocrx_word' id='word_1_133' title='bbox 2923 420 3078 475; x_wconf 90' lang='lat' dir='ltr'><strong>nobis</strong></span> <span class='ocrx_word' id='word_1_134' title='bbox 3095 419 3511 489; x_wconf 84' lang='lat' dir='ltr'><strong>jnstilicationis</strong></span> <span class='ocrx_word' id='word_1_135' title='bbox 3532 419 3600 450; x_wconf 79' lang='grc'><strong>¹⁶⁹</strong></span> <span class='ocrx_word' id='word_1_136' title='bbox 3624 433 3758 475; x_wconf 87' lang='lat' dir='ltr'><strong>sunt.</strong></span> 
     </span>
    </p>
   </div>
   <div class='ocr_carea' id='block_1_20' title="bbox 2189 508 3762 582">
    <p class='ocr_par' dir='ltr' id='par_1_20' title="bbox 2189 508 3762 582">
     <span class='ocr_line' id='line_1_20' title="bbox 2189 508 3762 582; baseline 0.001 -16"><span class='ocrx_word' id='word_1_137' title='bbox 2189 508 2424 566; x_wconf 86' lang='lat' dir='ltr'><strong>Psallam</strong></span> <span class='ocrx_word' id='word_1_138' title='bbox 2447 510 2513 543; x_wconf 66' lang='grc' dir='ltr'><strong>νο</strong></span> <span class='ocrx_word' id='word_1_139' title='bbox 2537 511 2751 580; x_wconf 89' lang='lat' dir='ltr'><strong>spiritu,</strong></span> <span class='ocrx_word' id='word_1_140' title='bbox 2775 511 2998 582; x_wconf 88' lang='lat' dir='ltr'><strong>psallam</strong></span> <span class='ocrx_word' id='word_1_141' title='bbox 3021 512 3086 544; x_wconf 75' lang='grc' dir='ltr'><strong>¹τ⁹</strong></span> <span class='ocrx_word' id='word_1_142' title='bbox 3114 523 3170 566; x_wconf 93' lang='lat' dir='ltr'><strong>et</strong></span> <span class='ocrx_word' id='word_1_143' title='bbox 3203 523 3406 567; x_wconf 88' lang='lat' dir='ltr'><strong>mente.</strong></span> <span class='ocrx_word' id='word_1_144' title='bbox 3446 531 3465 564; x_wconf 76' lang='grc' dir='ltr'><strong>ι</strong></span> <span class='ocrx_word' id='word_1_145' title='bbox 3498 511 3570 568; x_wconf 79' lang='lat' dir='ltr'><strong>Ut</strong></span> <span class='ocrx_word' id='word_1_146' title='bbox 3592 514 3762 582; x_wconf 78' lang='lat' dir='ltr'><strong>expel-</strong></span> 
     </span>
    </p>
   </div>
   <div class='ocr_carea' id='block_1_21' title="bbox 2193 600 3761 667">
    <p class='ocr_par' dir='ltr' id='par_1_21' title="bbox 2193 600 3761 667">
     <span class='ocr_line' id='line_1_21' title="bbox 2193 600 3761 667; baseline 0.003 -12"><span class='ocrx_word' id='word_1_147' title='bbox 2193 600 2330 656; x_wconf 86' lang='lat' dir='ltr'><strong>leret</strong></span> <span class='ocrx_word' id='word_1_148' title='bbox 2357 610 2409 656; x_wconf 91' lang='lat' dir='ltr'><strong>et</strong></span> <span class='ocrx_word' id='word_1_149' title='bbox 2437 601 2744 657; x_wconf 89' lang='lat' dir='ltr'><strong>elimiuaret</strong></span> <span class='ocrx_word' id='word_1_150' title='bbox 2781 603 2988 658; x_wconf 88' lang='lat' dir='ltr'><strong>oblivia</strong></span> <span class='ocrx_word' id='word_1_151' title='bbox 3019 618 3051 658; x_wconf 87' lang='lat' dir='ltr'><strong>a</strong></span> <span class='ocrx_word' id='word_1_152' title='bbox 3078 603 3237 658; x_wconf 91' lang='lat' dir='ltr'><strong>domo</strong></span> <span class='ocrx_word' id='word_1_153' title='bbox 3269 613 3460 659; x_wconf 85' lang='lat' dir='ltr'><strong>sancta</strong></span> <span class='ocrx_word' id='word_1_154' title='bbox 3491 619 3614 667; x_wconf 86' lang='lat' dir='ltr'><strong>sua.</strong></span> <span class='ocrx_word' id='word_1_155' title='bbox 3646 623 3761 660; x_wconf 86' lang='lat' dir='ltr'><strong>catt-</strong></span> 
     </span>
    </p>
   </div>
   <div class='ocr_carea' id='block_1_22' title="bbox 2194 692 3758 767">
    <p class='ocr_par' dir='ltr' id='par_1_22' title="bbox 2194 692 3758 767">
     <span class='ocr_line' id='line_1_22' title="bbox 2194 692 3758 767; baseline 0 -20"><span class='ocrx_word' id='word_1_156' title='bbox 2194 700 2339 747; x_wconf 89' lang='lat' dir='ltr'><strong>tores</strong></span> <span class='ocrx_word' id='word_1_157' title='bbox 2387 692 2491 747; x_wconf 85' lang='lat' dir='ltr'><strong>sibi</strong></span> <span class='ocrx_word' id='word_1_158' title='bbox 2550 692 2679 748; x_wconf 77' lang='lat' dir='ltr'><strong>l‘ecit</strong></span> <span class='ocrx_word' id='word_1_159' title='bbox 2727 708 2888 766; x_wconf 85' lang='lat' dir='ltr'><strong>verus</strong></span> <span class='ocrx_word' id='word_1_160' title='bbox 2939 692 3221 761; x_wconf 86' lang='lat' dir='ltr'><strong>Salomon,</strong></span> <span class='ocrx_word' id='word_1_161' title='bbox 3273 695 3367 764; x_wconf 89' lang='lat' dir='ltr'><strong>qui</strong></span> <span class='ocrx_word' id='word_1_162' title='bbox 3412 704 3528 751; x_wconf 91' lang='lat' dir='ltr'><strong>toto</strong></span> <span class='ocrx_word' id='word_1_163' title='bbox 3579 697 3758 767; x_wconf 75' lang='lat' dir='ltr'><strong>spiritu</strong></span> 
     </span>
    </p>
   </div>
   <div class='ocr_carea' id='block_1_23' title="bbox 2191 769 3762 853">
    <p class='ocr_par' dir='ltr' id='par_1_23' title="bbox 2191 769 3762 853">
     <span class='ocr_line' id='line_1_23' title="bbox 2191 769 3762 853; baseline 0.003 -17"><span class='ocrx_word' id='word_1_164' title='bbox 2191 783 2579 852; x_wconf 81' lang='lat' dir='ltr'><strong>conquirenda:</strong></span> <span class='ocrx_word' id='word_1_165' title='bbox 2609 783 2900 853; x_wconf 78' lang='lat' dir='ltr'><strong>cognitioni</strong></span> <span class='ocrx_word' id='word_1_166' title='bbox 2926 784 3224 840; x_wconf 79' lang='lat' dir='ltr'><strong>divinitatis</strong></span> <span class='ocrx_word' id='word_1_167' title='bbox 3277 769 3652 851; x_wconf 65' lang='lat' dir='ltr'><strong>intenderent,</strong></span> <span class='ocrx_word' id='word_1_168' title='bbox 3675 803 3762 841; x_wconf 85' lang='lat' dir='ltr'><strong>nec</strong></span> 
     </span>
    </p>
   </div>
   <div class='ocr_carea' id='block_1_24' title="bbox 2190 872 3759 947">
    <p class='ocr_par' dir='ltr' id='par_1_24' title="bbox 2190 872 3759 947">
     <span class='ocr_line' id='line_1_24' title="bbox 2190 872 3759 947; baseline 0.003 -19"><span class='ocrx_word' id='word_1_169' title='bbox 2190 872 2480 944; x_wconf 80' lang='lat' dir='ltr'><strong>psallentes</strong></span> <span class='ocrx_word' id='word_1_170' title='bbox 2529 873 2782 932; x_wconf 86' lang='lat' dir='ltr'><strong>deessent</strong></span> <span class='ocrx_word' id='word_1_171' title='bbox 2813 874 3057 931; x_wconf 57' lang='lat' dir='ltr'><strong>ecclesias</strong></span> <span class='ocrx_word' id='word_1_172' title='bbox 3083 891 3192 930; x_wconf 78' lang='lat' dir='ltr'><strong>sua:</strong></span> <span class='ocrx_word' id='word_1_173' title='bbox 3225 877 3314 941; x_wconf 69' lang='grc' dir='ltr'><strong>⁸η.</strong></span> <span class='ocrx_word' id='word_1_174' title='bbox 3346 893 3587 947; x_wconf 88' lang='lat' dir='ltr'><strong>quorum</strong></span> <span class='ocrx_word' id='word_1_175' title='bbox 3614 889 3759 933; x_wconf 83' lang='lat' dir='ltr'><strong>cantu</strong></span> 
     </span>
    </p>
   </div>
   <div class='ocr_carea' id='block_1_25' title="bbox 2189 965 3764 1042">
    <p class='ocr_par' dir='ltr' id='par_1_25' title="bbox 2189 965 3764 1042">
     <span class='ocr_line' id='line_1_25' title="bbox 2189 965 3764 1042; baseline 0.005 -22"><span class='ocrx_word' id='word_1_176' title='bbox 2189 978 2422 1036; x_wconf 87' lang='lat' dir='ltr'><strong>nequam</strong></span> <span class='ocrx_word' id='word_1_177' title='bbox 2468 965 2691 1036; x_wconf 85' lang='lat' dir='ltr'><strong>spiritus</strong></span> <span class='ocrx_word' id='word_1_178' title='bbox 2751 966 3051 1038; x_wconf 76' lang='lat' dir='ltr'><strong>legaretur.</strong></span> <span class='ocrx_word' id='word_1_179' title='bbox 3105 966 3395 1038; x_wconf 64' lang='lat' dir='ltr'><strong>Propheta:</strong></span> <span class='ocrx_word' id='word_1_180' title='bbox 3447 986 3671 1042; x_wconf 87' lang='lat' dir='ltr'><strong>quoque</strong></span> <span class='ocrx_word' id='word_1_181' title='bbox 3714 982 3764 1028; x_wconf 85' lang='lat' dir='ltr'><strong>ut</strong></span> 
     </span>
    </p>
   </div>
   <div class='ocr_carea' id='block_1_26' title="bbox 2190 1055 3762 1130">
    <p class='ocr_par' dir='ltr' id='par_1_26' title="bbox 2190 1055 3762 1130">
     <span class='ocr_line' id='line_1_26' title="bbox 2190 1055 3762 1130; baseline 0.004 -21"><span class='ocrx_word' id='word_1_182' title='bbox 2190 1055 2599 1124; x_wconf 87' lang='lat' dir='ltr'><strong>prophetareut,</strong></span> <span class='ocrx_word' id='word_1_183' title='bbox 2645 1055 2910 1126; x_wconf 84' lang='lat' dir='ltr'><strong>psallendi</strong></span> <span class='ocrx_word' id='word_1_184' title='bbox 2956 1056 3166 1126; x_wconf 87' lang='lat' dir='ltr'><strong>peritos</strong></span> <span class='ocrx_word' id='word_1_185' title='bbox 3211 1057 3470 1112; x_wconf 89' lang='lat' dir='ltr'><strong>videbant</strong></span> <span class='ocrx_word' id='word_1_186' title='bbox 3525 1059 3762 1130; x_wconf 73' lang='lat' dir='ltr'><strong>psallere,</strong></span> 
     </span>
    </p>
   </div>
   <div class='ocr_carea' id='block_1_27' title="bbox 2190 1143 3763 1221">
    <p class='ocr_par' dir='ltr' id='par_1_27' title="bbox 2190 1143 3763 1221">
     <span class='ocr_line' id='line_1_27' title="bbox 2190 1143 3763 1221; baseline 0.004 -25"><span class='ocrx_word' id='word_1_187' title='bbox 2190 1143 2334 1212; x_wconf 93' lang='lat' dir='ltr'><strong>quod</strong></span> <span class='ocrx_word' id='word_1_188' title='bbox 2357 1144 2511 1200; x_wconf 82' lang='lat' dir='ltr'><strong>suavi</strong></span> <span class='ocrx_word' id='word_1_189' title='bbox 2548 1143 2772 1200; x_wconf 91' lang='lat' dir='ltr'><strong>invitata</strong></span> <span class='ocrx_word' id='word_1_190' title='bbox 2798 1143 3081 1200; x_wconf 89' lang='lat' dir='ltr'><strong>dulcedine</strong></span> <span class='ocrx_word' id='word_1_191' title='bbox 3115 1145 3475 1214; x_wconf 88' lang='lat' dir='ltr'><strong>spiritualiter</strong></span> <span class='ocrx_word' id='word_1_192' title='bbox 3496 1148 3568 1179; x_wconf 83' lang='grc'><strong>¹⁷¹</strong></span> <span class='ocrx_word' id='word_1_193' title='bbox 3607 1151 3763 1221; x_wconf 79' lang='lat' dir='ltr'><strong>gratia</strong></span> 
     </span>
    </p>
   </div>
   <div class='ocr_carea' id='block_1_28' title="bbox 2191 1232 3765 1308">
    <p class='ocr_par' dir='ltr' id='par_1_28' title="bbox 2191 1232 3765 1308">
     <span class='ocr_line' id='line_1_28' title="bbox 2191 1232 3765 1308; baseline 0.004 -19"><span class='ocrx_word' id='word_1_194' title='bbox 2191 1232 2584 1290; x_wconf 82' lang='lat' dir='ltr'><strong>iuluuderetur.</strong></span> <span class='ocrx_word' id='word_1_195' title='bbox 2613 1235 2682 1290; x_wconf 87' lang='lat' dir='ltr'><strong>Et</strong></span> <span class='ocrx_word' id='word_1_196' title='bbox 2708 1235 2777 1268; x_wconf 79' lang='grc'><strong>⁸⁷³</strong></span> <span class='ocrx_word' id='word_1_197' title='bbox 2829 1236 2886 1291; x_wconf 92' lang='lat' dir='ltr'><strong>in</strong></span> <span class='ocrx_word' id='word_1_198' title='bbox 2926 1236 3218 1307; x_wconf 78' lang='lat' dir='ltr'><strong>Evangelio</strong></span> <span class='ocrx_word' id='word_1_199' title='bbox 3245 1238 3499 1308; x_wconf 75' lang='lat' dir='ltr'><strong>legimus,</strong></span> <span class='ocrx_word' id='word_1_200' title='bbox 3531 1240 3588 1293; x_wconf 92' lang='lat' dir='ltr'><strong>in</strong></span> <span class='ocrx_word' id='word_1_201' title='bbox 3624 1240 3765 1296; x_wconf 83' lang='lat' dir='ltr'><strong>domo</strong></span> 
     </span>
    </p>
   </div>
   <div class='ocr_carea' id='block_1_29' title="bbox 2191 1325 3761 1405">
    <p class='ocr_par' dir='ltr' id='par_1_29' title="bbox 2191 1325 3761 1405">
     <span class='ocr_line' id='line_1_29' title="bbox 2191 1325 3761 1405; baseline 0.004 -25"><span class='ocrx_word' id='word_1_202' title='bbox 2191 1325 2365 1397; x_wconf 88' lang='lat' dir='ltr'><strong>patris</strong></span> <span class='ocrx_word' id='word_1_203' title='bbox 2397 1326 2542 1384; x_wconf 86' lang='lat' dir='ltr'><strong>illius</strong></span> <span class='ocrx_word' id='word_1_204' title='bbox 2579 1327 2752 1384; x_wconf 75' lang='lat' dir='ltr'><strong>lilium</strong></span> <span class='ocrx_word' id='word_1_205' title='bbox 2793 1331 3174 1402; x_wconf 87' lang='lat' dir='ltr'><strong>recuperantis</strong></span> <span class='ocrx_word' id='word_1_206' title='bbox 3215 1333 3606 1402; x_wconf 84' lang='lat' dir='ltr'><strong>percrepuisse</strong></span> <span class='ocrx_word' id='word_1_207' title='bbox 3634 1349 3761 1405; x_wconf 78' lang='lat' dir='ltr'><strong>sym-</strong></span> 
     </span>
    </p>
   </div>
   <div class='ocr_carea' id='block_1_30' title="bbox 2191 1417 3765 1498">
    <p class='ocr_par' dir='ltr' id='par_1_30' title="bbox 2191 1417 3765 1498">
     <span class='ocr_line' id='line_1_30' title="bbox 2191 1417 3765 1498; baseline 0.004 -27"><span class='ocrx_word' id='word_1_208' title='bbox 2191 1417 2472 1485; x_wconf 88' lang='lat' dir='ltr'><strong>phoniam,</strong></span> <span class='ocrx_word' id='word_1_209' title='bbox 2497 1434 2604 1490; x_wconf 91' lang='lat' dir='ltr'><strong>qua</strong></span> <span class='ocrx_word' id='word_1_210' title='bbox 2632 1419 2914 1490; x_wconf 85' lang='lat' dir='ltr'><strong>epulantes</strong></span> <span class='ocrx_word' id='word_1_211' title='bbox 2953 1420 3366 1498; x_wconf 86' lang='lat' dir='ltr'><strong>delectabantur</strong></span> <span class='ocrx_word' id='word_1_212' title='bbox 3401 1423 3630 1489; x_wconf 79' lang='lat' dir='ltr'><strong>ﬁdeles;</strong></span> <span class='ocrx_word' id='word_1_213' title='bbox 3665 1440 3765 1493; x_wconf 77' lang='lat' dir='ltr'><strong>per-</strong></span> 
     </span>
    </p>
   </div>
   <div class='ocr_carea' id='block_1_31' title="bbox 2194 1507 3764 1586">
    <p class='ocr_par' dir='ltr' id='par_1_31' title="bbox 2194 1507 3764 1586">
     <span class='ocr_line' id='line_1_31' title="bbox 2194 1507 3764 1586; baseline 0.005 -25"><span class='ocrx_word' id='word_1_214' title='bbox 2194 1507 2334 1563; x_wconf 82' lang='lat' dir='ltr'><strong>ﬁdus</strong></span> <span class='ocrx_word' id='word_1_215' title='bbox 2397 1512 2577 1564; x_wconf 85' lang='lat' dir='ltr'><strong>autem</strong></span> <span class='ocrx_word' id='word_1_216' title='bbox 2629 1509 2975 1582; x_wconf 86' lang='lat' dir='ltr'><strong>impatienter</strong></span> <span class='ocrx_word' id='word_1_217' title='bbox 3053 1512 3324 1568; x_wconf 84' lang='lat' dir='ltr'><strong>audiebat.</strong></span> <span class='ocrx_word' id='word_1_218' title='bbox 3376 1513 3568 1569; x_wconf 85' lang='lat' dir='ltr'><strong>Dulcis</strong></span> <span class='ocrx_word' id='word_1_219' title='bbox 3623 1514 3764 1586; x_wconf 82' lang='lat' dir='ltr'><strong>igitur</strong></span> 
     </span>
    </p>
   </div>
   <div class='ocr_carea' id='block_1_32' title="bbox 2193 1599 3761 1674">
    <p class='ocr_par' dir='ltr' id='par_1_32' title="bbox 2193 1599 3761 1674">
     <span class='ocr_line' id='line_1_32' title="bbox 2193 1599 3761 1674; baseline 0.004 -20"><span class='ocrx_word' id='word_1_220' title='bbox 2193 1599 2487 1667; x_wconf 87' lang='lat' dir='ltr'><strong>cantilena,</strong></span> <span class='ocrx_word' id='word_1_221' title='bbox 2537 1616 2660 1672; x_wconf 64' lang='lat' dir='ltr'><strong>quae</strong></span> <span class='ocrx_word' id='word_1_222' title='bbox 2700 1617 2807 1657; x_wconf 92' lang='lat' dir='ltr'><strong>non</strong></span> <span class='ocrx_word' id='word_1_223' title='bbox 2855 1617 3053 1674; x_wconf 90' lang='lat' dir='ltr'><strong>corpus</strong></span> <span class='ocrx_word' id='word_1_224' title='bbox 3080 1602 3380 1671; x_wconf 78' lang='lat' dir='ltr'><strong>effeminat,</strong></span> <span class='ocrx_word' id='word_1_225' title='bbox 3411 1606 3509 1660; x_wconf 88' lang='lat' dir='ltr'><strong>sed</strong></span> <span class='ocrx_word' id='word_1_226' title='bbox 3541 1615 3761 1662; x_wconf 82' lang='lat' dir='ltr'><strong>mentem</strong></span> 
     </span>
    </p>
   </div>
   <div class='ocr_carea' id='block_1_33' title="bbox 505 1689 3764 1770">
    <p class='ocr_par' dir='ltr' id='par_1_33' title="bbox 505 1689 3764 1770">
     <span class='ocr_line' id='line_1_33' title="bbox 505 1689 3764 1770; baseline -0 -16"><span class='ocrx_word' id='word_1_227' title='bbox 505 1698 716 1758; x_wconf 81' lang='lat' dir='ltr'><strong>Exinde</strong></span> <span class='ocrx_word' id='word_1_228' title='bbox 771 1699 1074 1755; x_wconf 86' lang='lat' dir='ltr'><strong>cardinales</strong></span> <span class='ocrx_word' id='word_1_229' title='bbox 1126 1700 1196 1754; x_wconf 67' lang='grc'><strong>24</strong></span> <span class='ocrx_word' id='word_1_230' title='bbox 1252 1709 1308 1756; x_wconf 85' lang='lat' dir='ltr'><strong>ct</strong></span> <span class='ocrx_word' id='word_1_231' title='bbox 1361 1699 1603 1755; x_wconf 88' lang='lat' dir='ltr'><strong>notarios</strong></span> <span class='ocrx_word' id='word_1_232' title='bbox 1647 1699 1844 1755; x_wconf 91' lang='lat' dir='ltr'><strong>multos</strong></span> <span class='ocrx_word' id='word_1_233' title='bbox 1873 1715 1902 1753; x_wconf 91' lang='lat' dir='ltr'><strong>a</strong></span> <span class='ocrx_word' id='word_1_234' title='bbox 1935 1709 2086 1770; x_wconf 85' lang='lat' dir='ltr'><strong>parte</strong></span> <span class='ocrx_word' id='word_1_235' title='bbox 2118 1689 2541 1762; x_wconf 79' lang='lat' dir='ltr'><strong>Banitnumque</strong></span> <span class='ocrx_word' id='word_1_236' title='bbox 2587 1693 2896 1748; x_wconf 81' lang='lat' dir='ltr'><strong>conﬁrmat.</strong></span> <span class='ocrx_word' id='word_1_237' title='bbox 2964 1694 3196 1766; x_wconf 80' lang='lat' dir='ltr'><strong>Ideoque</strong></span> <span class='ocrx_word' id='word_1_238' title='bbox 3246 1697 3524 1752; x_wconf 87' lang='lat' dir='ltr'><strong>canticum</strong></span> <span class='ocrx_word' id='word_1_239' title='bbox 3585 1699 3764 1753; x_wconf 83' lang='lat' dir='ltr'><strong>dicitur</strong></span> 
     </span>
    </p>
   </div>
   <div class='ocr_carea' id='block_1_34' title="bbox 506 1789 2089 1860">
    <p class='ocr_par' dir='ltr' id='par_1_34' title="bbox 506 1789 2089 1860">
     <span class='ocr_line' id='line_1_34' title="bbox 506 1789 2089 1860; baseline 0.002 -19"><span class='ocrx_word' id='word_1_240' title='bbox 506 1791 734 1844; x_wconf 83' lang='lat' dir='ltr'><strong>uriettlis</strong></span> <span class='ocrx_word' id='word_1_241' title='bbox 764 1791 1064 1855; x_wconf 87' lang='lat' dir='ltr'><strong>inveniunt,</strong></span> <span class='ocrx_word' id='word_1_242' title='bbox 1090 1807 1188 1846; x_wconf 92' lang='lat' dir='ltr'><strong>nec</strong></span> <span class='ocrx_word' id='word_1_243' title='bbox 1220 1806 1326 1846; x_wconf 90' lang='lat' dir='ltr'><strong>non</strong></span> <span class='ocrx_word' id='word_1_244' title='bbox 1356 1792 1424 1846; x_wconf 87' lang='lat' dir='ltr'><strong>ab</strong></span> <span class='ocrx_word' id='word_1_245' title='bbox 1461 1789 1629 1845; x_wconf 87' lang='lat' dir='ltr'><strong>altera</strong></span> <span class='ocrx_word' id='word_1_246' title='bbox 1657 1800 1808 1860; x_wconf 87' lang='lat' dir='ltr'><strong>parte</strong></span> <span class='ocrx_word' id='word_1_247' title='bbox 1835 1789 2089 1845; x_wconf 49' lang='lat' dir='ltr'><strong>occidens</strong></span> 
     </span>
    </p>
   </div>
   <div class='ocr_carea' id='block_1_35' title="bbox 510 1880 2090 1942">
    <p class='ocr_par' dir='ltr' id='par_1_35' title="bbox 510 1880 2090 1942">
     <span class='ocr_line' id='line_1_35' title="bbox 510 1880 2090 1942; baseline 0 -6"><span class='ocrx_word' id='word_1_248' title='bbox 510 1884 579 1937; x_wconf 91' lang='lat' dir='ltr'><strong>tis</strong></span> <span class='ocrx_word' id='word_1_249' title='bbox 609 1883 864 1937; x_wconf 84' lang='lat' dir='ltr'><strong>diaconos</strong></span> <span class='ocrx_word' id='word_1_250' title='bbox 893 1882 922 1935; x_wconf 89' lang='lat'><strong>7</strong></span> <span class='ocrx_word' id='word_1_251' title='bbox 966 1890 1022 1942; x_wconf 84' lang='lat' dir='ltr'><strong>et</strong></span> <span class='ocrx_word' id='word_1_252' title='bbox 1048 1882 1408 1937; x_wconf 90' lang='lat' dir='ltr'><strong>subdiaconos</strong></span> <span class='ocrx_word' id='word_1_253' title='bbox 1444 1881 1514 1937; x_wconf 66' lang='lat'><strong>‘24</strong></span> <span class='ocrx_word' id='word_1_254' title='bbox 1543 1880 1778 1935; x_wconf 86' lang='lat' dir='ltr'><strong>vultibus</strong></span> <span class='ocrx_word' id='word_1_255' title='bbox 1801 1895 1988 1935; x_wconf 89' lang='lat' dir='ltr'><strong>eorum</strong></span> <span class='ocrx_word' id='word_1_256' title='bbox 2021 1881 2090 1936; x_wconf 91' lang='lat' dir='ltr'><strong>ad</strong></span> 
     </span>
    </p>
   </div>
   <div class='ocr_carea' id='block_1_36' title="bbox 507 1962 2089 2044">
    <p class='ocr_par' dir='ltr' id='par_1_36' title="bbox 507 1962 2089 2044">
     <span class='ocr_line' id='line_1_36' title="bbox 507 1962 2089 2044; baseline 0.001 -20"><span class='ocrx_word' id='word_1_257' title='bbox 507 1962 771 2030; x_wconf 81' lang='lat' dir='ltr'><strong>orientem</strong></span> <span class='ocrx_word' id='word_1_258' title='bbox 813 1974 1008 2037; x_wconf 80' lang='lat' dir='ltr'><strong>versis,</strong></span> <span class='ocrx_word' id='word_1_259' title='bbox 1042 1973 1338 2042; x_wconf 80' lang='lat' dir='ltr'><strong>secundum</strong></span> <span class='ocrx_word' id='word_1_260' title='bbox 1383 1973 1526 2044; x_wconf 90' lang='lat' dir='ltr'><strong>quod</strong></span> <span class='ocrx_word' id='word_1_261' title='bbox 1557 1972 1760 2026; x_wconf 89' lang='lat' dir='ltr'><strong>dictum</strong></span> <span class='ocrx_word' id='word_1_262' title='bbox 1785 1979 1868 2026; x_wconf 85' lang='lat' dir='ltr'><strong>est</strong></span> <span class='ocrx_word' id='word_1_263' title='bbox 1902 1989 1916 2026; x_wconf 89' lang='lat'><strong>:</strong></span> <span class='ocrx_word' id='word_1_264' title='bbox 1952 1989 1969 2022; x_wconf 75' lang='grc' dir='ltr'><strong>ι</strong></span> <span class='ocrx_word' id='word_1_265' title='bbox 2009 1970 2089 2026; x_wconf 84' lang='lat' dir='ltr'><strong>Ab</strong></span> 
     </span>
    </p>
   </div>
   <div class='ocr_carea' id='block_1_37' title="bbox 507 2065 2090 2131">
    <p class='ocr_par' dir='ltr' id='par_1_37' title="bbox 507 2065 2090 2131">
     <span class='ocr_line' id='line_1_37' title="bbox 507 2065 2090 2131; baseline -0.001 -11"><span class='ocrx_word' id='word_1_266' title='bbox 507 2065 785 2120; x_wconf 83' lang='lat' dir='ltr'><strong>occidente</strong></span> <span class='ocrx_word' id='word_1_267' title='bbox 830 2075 886 2120; x_wconf 90' lang='lat' dir='ltr'><strong>et</strong></span> <span class='ocrx_word' id='word_1_268' title='bbox 925 2065 1136 2120; x_wconf 91' lang='lat' dir='ltr'><strong>oriente</strong></span> <span class='ocrx_word' id='word_1_269' title='bbox 1194 2068 1430 2131; x_wconf 88' lang='lat' dir='ltr'><strong>venient,</strong></span> <span class='ocrx_word' id='word_1_270' title='bbox 1486 2075 1544 2121; x_wconf 88' lang='lat' dir='ltr'><strong>et</strong></span> <span class='ocrx_word' id='word_1_271' title='bbox 1601 2068 1922 2122; x_wconf 80' lang='lat' dir='ltr'><strong>recuutbeut</strong></span> <span class='ocrx_word' id='word_1_272' title='bbox 1967 2080 2090 2118; x_wconf 91' lang='lat' dir='ltr'><strong>cum</strong></span> 
     </span>
    </p>
   </div>
   <div class='ocr_carea' id='block_1_38' title="bbox 507 2154 2092 2228">
    <p class='ocr_par' dir='ltr' id='par_1_38' title="bbox 507 2154 2092 2228">
     <span class='ocr_line' id='line_1_38' title="bbox 507 2154 2092 2228; baseline 0.001 -20"><span class='ocrx_word' id='word_1_273' title='bbox 507 2155 770 2219; x_wconf 81' lang='lat' dir='ltr'><strong>Abraam,</strong></span> <span class='ocrx_word' id='word_1_274' title='bbox 799 2156 972 2210; x_wconf 75' lang='lat' dir='ltr'><strong>Ysaac</strong></span> <span class='ocrx_word' id='word_1_275' title='bbox 996 2166 1046 2210; x_wconf 87' lang='lat' dir='ltr'><strong>et</strong></span> <span class='ocrx_word' id='word_1_276' title='bbox 1079 2154 1247 2211; x_wconf 83' lang='lat' dir='ltr'><strong>Jacob</strong></span> <span class='ocrx_word' id='word_1_277' title='bbox 1275 2155 1492 2226; x_wconf 78' lang='lat' dir='ltr'><strong>(Matth.</strong></span> <span class='ocrx_word' id='word_1_278' title='bbox 1530 2173 1651 2220; x_wconf 87' lang='lat' dir='ltr'><strong>vm,</strong></span> <span class='ocrx_word' id='word_1_279' title='bbox 1681 2158 1791 2228; x_wconf 81' lang='lat' dir='ltr'><strong>il).</strong></span> <span class='ocrx_word' id='word_1_280' title='bbox 1829 2175 1848 2208; x_wconf 73' lang='grc' dir='ltr'><strong>ι</strong></span> <span class='ocrx_word' id='word_1_281' title='bbox 1882 2156 2092 2212; x_wconf 89' lang='lat' dir='ltr'><strong>Interea</strong></span> 
     </span>
    </p>
   </div>
   <div class='ocr_carea' id='block_1_39' title="bbox 511 2245 2096 2318">
    <p class='ocr_par' dir='ltr' id='par_1_39' title="bbox 511 2245 2096 2318">
     <span class='ocr_line' id='line_1_39' title="bbox 511 2245 2096 2318; baseline 0.002 -20"><span class='ocrx_word' id='word_1_282' title='bbox 511 2245 684 2316; x_wconf 82' lang='lat' dir='ltr'><strong>signis</strong></span> <span class='ocrx_word' id='word_1_283' title='bbox 715 2246 963 2312; x_wconf 86' lang='lat' dir='ltr'><strong>elevatis,</strong></span> <span class='ocrx_word' id='word_1_284' title='bbox 1006 2246 1148 2300; x_wconf 88' lang='lat' dir='ltr'><strong>sicut</strong></span> <span class='ocrx_word' id='word_1_285' title='bbox 1191 2247 1400 2302; x_wconf 90' lang='lat' dir='ltr'><strong>ordinis</strong></span> <span class='ocrx_word' id='word_1_286' title='bbox 1456 2246 1642 2318; x_wconf 77' lang='lat' dir='ltr'><strong>religio</strong></span> <span class='ocrx_word' id='word_1_287' title='bbox 1668 2247 1930 2317; x_wconf 77' lang='lat' dir='ltr'><strong>exposcit,</strong></span> <span class='ocrx_word' id='word_1_288' title='bbox 1961 2246 2096 2301; x_wconf 86' lang='lat' dir='ltr'><strong>auti-</strong></span> 
     </span>
    </p>
   </div>
   <div class='ocr_carea' id='block_1_40' title="bbox 512 2337 2096 2409">
    <p class='ocr_par' dir='ltr' id='par_1_40' title="bbox 512 2337 2096 2409">
     <span class='ocr_line' id='line_1_40' title="bbox 512 2337 2096 2409; baseline 0.001 -18"><span class='ocrx_word' id='word_1_289' title='bbox 512 2338 693 2407; x_wconf 85' lang='lat' dir='ltr'><strong>phoua</strong></span> <span class='ocrx_word' id='word_1_290' title='bbox 749 2337 925 2392; x_wconf 77' lang='lat' dir='ltr'><strong>sexies</strong></span> <span class='ocrx_word' id='word_1_291' title='bbox 986 2347 1139 2392; x_wconf 76' lang='lat' dir='ltr'><strong>extra</strong></span> <span class='ocrx_word' id='word_1_292' title='bbox 1187 2338 1414 2393; x_wconf 89' lang='lat' dir='ltr'><strong>chorum</strong></span> <span class='ocrx_word' id='word_1_293' title='bbox 1470 2339 1530 2408; x_wconf 42' lang='lat' dir='ltr'><strong>in.</strong></span> <span class='ocrx_word' id='word_1_294' title='bbox 1576 2355 1804 2409; x_wconf 88' lang='lat' dir='ltr'><strong>corpore</strong></span> <span class='ocrx_word' id='word_1_295' title='bbox 1852 2338 2096 2394; x_wconf 74' lang='lat' dir='ltr'><strong>ecclesia:</strong></span> 
     </span>
    </p>
   </div>
   <div class='ocr_carea' id='block_1_41' title="bbox 514 2425 2094 2498">
    <p class='ocr_par' dir='ltr' id='par_1_41' title="bbox 514 2425 2094 2498">
     <span class='ocr_line' id='line_1_41' title="bbox 514 2425 2094 2498; baseline 0 -18"><span class='ocrx_word' id='word_1_296' title='bbox 514 2442 710 2497; x_wconf 89' lang='lat' dir='ltr'><strong>magno</strong></span> <span class='ocrx_word' id='word_1_297' title='bbox 735 2426 987 2496; x_wconf 84' lang='lat' dir='ltr'><strong>clangore</strong></span> <span class='ocrx_word' id='word_1_298' title='bbox 1036 2425 1377 2482; x_wconf 87' lang='lat' dir='ltr'><strong>decantatur.</strong></span> <span class='ocrx_word' id='word_1_299' title='bbox 1414 2425 1564 2482; x_wconf 90' lang='lat' dir='ltr'><strong>Unde</strong></span> <span class='ocrx_word' id='word_1_300' title='bbox 1616 2426 1805 2482; x_wconf 83' lang='lat' dir='ltr'><strong>Ysaias</strong></span> <span class='ocrx_word' id='word_1_301' title='bbox 1831 2429 2094 2498; x_wconf 83' lang='lat' dir='ltr'><strong>propheta</strong></span> 
     </span>
    </p>
   </div>
   <div class='ocr_carea' id='block_1_42' title="bbox 513 2516 2096 2588">
    <p class='ocr_par' dir='ltr' id='par_1_42' title="bbox 513 2516 2096 2588">
     <span class='ocr_line' id='line_1_42' title="bbox 513 2516 2096 2588; baseline 0.001 -16"><span class='ocrx_word' id='word_1_302' title='bbox 513 2518 750 2588; x_wconf 84' lang='lat' dir='ltr'><strong>loquitur</strong></span> <span class='ocrx_word' id='word_1_303' title='bbox 769 2518 952 2573; x_wconf 83' lang='lat' dir='ltr'><strong>dicens</strong></span> <span class='ocrx_word' id='word_1_304' title='bbox 980 2535 992 2571; x_wconf 94' lang='lat'>:</span> <span class='ocrx_word' id='word_1_305' title='bbox 1025 2537 1043 2570; x_wconf 77' lang='grc' dir='ltr'><strong>ι</strong></span> <span class='ocrx_word' id='word_1_306' title='bbox 1079 2516 1276 2572; x_wconf 83' lang='lat' dir='ltr'><strong>Omnes</strong></span> <span class='ocrx_word' id='word_1_307' title='bbox 1306 2519 1640 2574; x_wconf 87' lang='lat' dir='ltr'><strong>habitatores</strong></span> <span class='ocrx_word' id='word_1_308' title='bbox 1658 2519 1829 2584; x_wconf 81' lang='lat' dir='ltr'><strong>urnis,</strong></span> <span class='ocrx_word' id='word_1_309' title='bbox 1859 2520 1948 2588; x_wconf 89' lang='lat' dir='ltr'><strong>qui</strong></span> <span class='ocrx_word' id='word_1_310' title='bbox 1983 2533 2096 2573; x_wconf 87' lang='lat' dir='ltr'><strong>mo-</strong></span> 
     </span>
    </p>
   </div>
   <div class='ocr_carea' id='block_1_43' title="bbox 513 2608 2096 2680">
    <p class='ocr_par' dir='ltr' id='par_1_43' title="bbox 513 2608 2096 2680">
     <span class='ocr_line' id='line_1_43' title="bbox 513 2608 2096 2680; baseline -0.001 -17"><span class='ocrx_word' id='word_1_311' title='bbox 513 2609 708 2664; x_wconf 87' lang='lat' dir='ltr'><strong>ramini</strong></span> <span class='ocrx_word' id='word_1_312' title='bbox 759 2609 812 2662; x_wconf 90' lang='lat' dir='ltr'><strong>in</strong></span> <span class='ocrx_word' id='word_1_313' title='bbox 879 2618 1046 2671; x_wconf 88' lang='lat' dir='ltr'><strong>terra,</strong></span> <span class='ocrx_word' id='word_1_314' title='bbox 1096 2625 1218 2663; x_wconf 90' lang='lat' dir='ltr'><strong>cum</strong></span> <span class='ocrx_word' id='word_1_315' title='bbox 1267 2609 1536 2663; x_wconf 89' lang='lat' dir='ltr'><strong>elevatum</strong></span> <span class='ocrx_word' id='word_1_316' title='bbox 1588 2609 1751 2664; x_wconf 82' lang='lat' dir='ltr'><strong>fuerit</strong></span> <span class='ocrx_word' id='word_1_317' title='bbox 1805 2608 2096 2680; x_wconf 87' lang='lat' dir='ltr'><strong>siguumin</strong></span> 
     </span>
    </p>
   </div>
   <div class='ocr_carea' id='block_1_44' title="bbox 515 2700 2099 2770">
    <p class='ocr_par' dir='ltr' id='par_1_44' title="bbox 515 2700 2099 2770">
     <span class='ocr_line' id='line_1_44' title="bbox 515 2700 2099 2770; baseline 0.001 -16"><span class='ocrx_word' id='word_1_318' title='bbox 515 2700 812 2766; x_wconf 83' lang='lat' dir='ltr'><strong>mentibus,</strong></span> <span class='ocrx_word' id='word_1_319' title='bbox 893 2700 1145 2756; x_wconf 71' lang='lat' dir='ltr'><strong>videbitis</strong></span> <span class='ocrx_word' id='word_1_320' title='bbox 1216 2710 1271 2755; x_wconf 91' lang='lat' dir='ltr'><strong>et</strong></span> <span class='ocrx_word' id='word_1_321' title='bbox 1323 2701 1632 2770; x_wconf 84' lang='lat' dir='ltr'><strong>clangorem</strong></span> <span class='ocrx_word' id='word_1_322' title='bbox 1689 2702 1828 2756; x_wconf 78' lang='lat' dir='ltr'><strong>tuba:</strong></span> <span class='ocrx_word' id='word_1_323' title='bbox 1867 2701 2099 2756; x_wconf 83' lang='lat' dir='ltr'><strong>audietis</strong></span> 
     </span>
    </p>
   </div>
   <div class='ocr_carea' id='block_1_45' title="bbox 515 2790 2097 2860">
    <p class='ocr_par' dir='ltr' id='par_1_45' title="bbox 515 2790 2097 2860">
     <span class='ocr_line' id='line_1_45' title="bbox 515 2790 2097 2860; baseline 0 -17"><span class='ocrx_word' id='word_1_324' title='bbox 515 2790 673 2860; x_wconf 81' lang='lat' dir='ltr'><strong>(lsai.</strong></span> <span class='ocrx_word' id='word_1_325' title='bbox 707 2805 862 2855; x_wconf 82' lang='lat' dir='ltr'><strong>xvm,</strong></span> <span class='ocrx_word' id='word_1_326' title='bbox 887 2791 962 2860; x_wconf 77' lang='grc'><strong>5).</strong></span> <span class='ocrx_word' id='word_1_327' title='bbox 1007 2807 1025 2841; x_wconf 74' lang='grc' dir='ltr'><strong>ι</strong></span> <span class='ocrx_word' id='word_1_328' title='bbox 1073 2790 1378 2860; x_wconf 80' lang='lat' dir='ltr'><strong>Autiphoua</strong></span> <span class='ocrx_word' id='word_1_329' title='bbox 1413 2800 1590 2845; x_wconf 88' lang='lat' dir='ltr'><strong>autem</strong></span> <span class='ocrx_word' id='word_1_330' title='bbox 1641 2792 1819 2845; x_wconf 80' lang='lat' dir='ltr'><strong>sexies</strong></span> <span class='ocrx_word' id='word_1_331' title='bbox 1847 2791 2097 2845; x_wconf 80' lang='lat' dir='ltr'><strong>decanta-</strong></span> 
     </span>
    </p>
   </div>
   <div class='ocr_carea' id='block_1_46' title="bbox 517 2879 2098 2946">
    <p class='ocr_par' dir='ltr' id='par_1_46' title="bbox 517 2879 2098 2946">
     <span class='ocr_line' id='line_1_46' title="bbox 517 2879 2098 2946; baseline -0.001 -12"><span class='ocrx_word' id='word_1_332' title='bbox 517 2890 593 2946; x_wconf 89' lang='lat' dir='ltr'><strong>ta,</strong></span> <span class='ocrx_word' id='word_1_333' title='bbox 645 2889 859 2936; x_wconf 88' lang='lat' dir='ltr'><strong>ventum</strong></span> <span class='ocrx_word' id='word_1_334' title='bbox 916 2888 998 2934; x_wconf 90' lang='lat' dir='ltr'><strong>est</strong></span> <span class='ocrx_word' id='word_1_335' title='bbox 1062 2879 1126 2932; x_wconf 90' lang='lat' dir='ltr'><strong>ad</strong></span> <span class='ocrx_word' id='word_1_336' title='bbox 1157 2880 1406 2944; x_wconf 89' lang='lat' dir='ltr'><strong>chorum,</strong></span> <span class='ocrx_word' id='word_1_337' title='bbox 1457 2879 1543 2932; x_wconf 93' lang='lat' dir='ltr'><strong>ubi</strong></span> <span class='ocrx_word' id='word_1_338' title='bbox 1576 2895 1766 2935; x_wconf 89' lang='lat' dir='ltr'><strong>omnes</strong></span> <span class='ocrx_word' id='word_1_339' title='bbox 1795 2880 2011 2934; x_wconf 84' lang='lat' dir='ltr'><strong>ordines</strong></span> <span class='ocrx_word' id='word_1_340' title='bbox 2045 2879 2098 2932; x_wconf 91' lang='lat' dir='ltr'><strong>iu</strong></span> 
     </span>
    </p>
   </div>
   <div class='ocr_carea' id='block_1_47' title="bbox 515 2969 2099 3045">
    <p class='ocr_par' dir='ltr' id='par_1_47' title="bbox 515 2969 2099 3045">
     <span class='ocr_line' id='line_1_47' title="bbox 515 2969 2099 3045; baseline 0 -21"><span class='ocrx_word' id='word_1_341' title='bbox 515 2972 789 3025; x_wconf 86' lang='lat' dir='ltr'><strong>communi</strong></span> <span class='ocrx_word' id='word_1_342' title='bbox 846 2969 1013 3045; x_wconf 87' lang='lat' dir='ltr'><strong>semel</strong></span> <span class='ocrx_word' id='word_1_343' title='bbox 1069 2971 1240 3040; x_wconf 86' lang='lat' dir='ltr'><strong>ipsam</strong></span> <span class='ocrx_word' id='word_1_344' title='bbox 1268 2971 1491 3025; x_wconf 82' lang='lat' dir='ltr'><strong>vocibus</strong></span> <span class='ocrx_word' id='word_1_345' title='bbox 1535 2971 1658 3025; x_wconf 87' lang='lat' dir='ltr'><strong>altis</strong></span> <span class='ocrx_word' id='word_1_346' title='bbox 1701 2981 1862 3042; x_wconf 89' lang='lat' dir='ltr'><strong>atque</strong></span> <span class='ocrx_word' id='word_1_347' title='bbox 1887 2971 2099 3026; x_wconf 88' lang='lat' dir='ltr'><strong>sonoris</strong></span> 
     </span>
    </p>
   </div>
   <div class='ocr_carea' id='block_1_48' title="bbox 2191 1784 3760 1860">
    <p class='ocr_par' dir='ltr' id='par_1_48' title="bbox 2191 1784 3760 1860">
     <span class='ocr_line' id='line_1_48' title="bbox 2191 1784 3760 1860; baseline 0.003 -21"><span class='ocrx_word' id='word_1_348' title='bbox 2191 1784 2318 1840; x_wconf 90' lang='lat' dir='ltr'><strong>dum</strong></span> <span class='ocrx_word' id='word_1_349' title='bbox 2361 1795 2766 1852; x_wconf 88' lang='lat' dir='ltr'><strong>testamentum,</strong></span> <span class='ocrx_word' id='word_1_350' title='bbox 2818 1788 2946 1858; x_wconf 89' lang='lat' dir='ltr'><strong>quia</strong></span> <span class='ocrx_word' id='word_1_351' title='bbox 2999 1788 3377 1843; x_wconf 89' lang='lat' dir='ltr'><strong>remissionem</strong></span> <span class='ocrx_word' id='word_1_352' title='bbox 3428 1803 3760 1860; x_wconf 81' lang='lat' dir='ltr'><strong>peccatorum</strong></span> 
     </span>
    </p>
   </div>
   <div class='ocr_carea' id='block_1_49' title="bbox 2192 1877 3760 1955">
    <p class='ocr_par' dir='ltr' id='par_1_49' title="bbox 2192 1877 3760 1955">
     <span class='ocr_line' id='line_1_49' title="bbox 2192 1877 3760 1955; baseline 0.002 -23"><span class='ocrx_word' id='word_1_353' title='bbox 2192 1877 2514 1948; x_wconf 89' lang='lat' dir='ltr'><strong>Dominique</strong></span> <span class='ocrx_word' id='word_1_354' title='bbox 2533 1880 2601 1912; x_wconf 67' lang='lat' dir='ltr'><strong>m</strong></span> <span class='ocrx_word' id='word_1_355' title='bbox 2621 1878 2861 1950; x_wconf 88' lang='lat' dir='ltr'><strong>justitias</strong></span> <span class='ocrx_word' id='word_1_356' title='bbox 2884 1881 2937 1936; x_wconf 94' lang='lat' dir='ltr'><strong>in</strong></span> <span class='ocrx_word' id='word_1_357' title='bbox 2959 1882 3254 1955; x_wconf 89' lang='lat' dir='ltr'><strong>Scripturis</strong></span> <span class='ocrx_word' id='word_1_358' title='bbox 3275 1885 3615 1954; x_wconf 84' lang='lat' dir='ltr'><strong>evangelicis</strong></span> <span class='ocrx_word' id='word_1_359' title='bbox 3633 1885 3760 1938; x_wconf 83' lang='lat' dir='ltr'><strong>suavi</strong></span> 
     </span>
    </p>
   </div>
   <div class='ocr_carea' id='block_1_50' title="bbox 2191 1972 3762 2045">
    <p class='ocr_par' dir='ltr' id='par_1_50' title="bbox 2191 1972 3762 2045">
     <span class='ocr_line' id='line_1_50' title="bbox 2191 1972 3762 2045; baseline 0.001 -17"><span class='ocrx_word' id='word_1_360' title='bbox 2191 1972 2391 2030; x_wconf 85' lang='lat' dir='ltr'><strong>tuentis</strong></span> <span class='ocrx_word' id='word_1_361' title='bbox 2414 1972 2752 2040; x_wconf 13' lang='lat' dir='ltr'><strong>exultatione,</strong></span> <span class='ocrx_word' id='word_1_362' title='bbox 2772 1973 3085 2028; x_wconf 83' lang='lat' dir='ltr'><strong>concinnat.</strong></span> <span class='ocrx_word' id='word_1_363' title='bbox 3122 1975 3240 2043; x_wconf 89' lang='lat' dir='ltr'><strong>Ipse</strong></span> <span class='ocrx_word' id='word_1_364' title='bbox 3267 1989 3490 2045; x_wconf 87' lang='lat' dir='ltr'><strong>quoque</strong></span> <span class='ocrx_word' id='word_1_365' title='bbox 3521 1975 3762 2030; x_wconf 83' lang='lat' dir='ltr'><strong>Dominus</strong></span> 
     </span>
    </p>
   </div>
   <div class='ocr_carea' id='block_1_51' title="bbox 2193 2061 3764 2133">
    <p class='ocr_par' dir='ltr' id='par_1_51' title="bbox 2193 2061 3764 2133">
     <span class='ocr_line' id='line_1_51' title="bbox 2193 2061 3764 2133; baseline 0.001 -16"><span class='ocrx_word' id='word_1_366' title='bbox 2193 2077 2299 2117; x_wconf 88' lang='lat' dir='ltr'><strong>non</strong></span> <span class='ocrx_word' id='word_1_367' title='bbox 2349 2061 2672 2132; x_wconf 83' lang='lat' dir='ltr'><strong>dedignatus</strong></span> <span class='ocrx_word' id='word_1_368' title='bbox 2718 2074 2801 2118; x_wconf 90' lang='lat' dir='ltr'><strong>cst</strong></span> <span class='ocrx_word' id='word_1_369' title='bbox 2827 2063 3007 2118; x_wconf 90' lang='lat' dir='ltr'><strong>dicere</strong></span> <span class='ocrx_word' id='word_1_370' title='bbox 3037 2081 3050 2118; x_wconf 90' lang='lat'><strong>:</strong></span> <span class='ocrx_word' id='word_1_371' title='bbox 3088 2083 3105 2115; x_wconf 87' lang='grc'>‹</span> <span class='ocrx_word' id='word_1_372' title='bbox 3138 2063 3334 2119; x_wconf 69' lang='lat' dir='ltr'><strong>Cautav</strong></span> <span class='ocrx_word' id='word_1_373' title='bbox 3345 2067 3495 2133; x_wconf 78' lang='lat' dir='ltr'><strong>imus</strong></span> <span class='ocrx_word' id='word_1_374' title='bbox 3525 2066 3695 2129; x_wconf 83' lang='lat' dir='ltr'><strong>vobis,</strong></span> <span class='ocrx_word' id='word_1_375' title='bbox 3720 2074 3764 2118; x_wconf 83' lang='lat' dir='ltr'><strong>et</strong></span> 
     </span>
    </p>
   </div>
   <div class='ocr_carea' id='block_1_52' title="bbox 2194 2151 3762 2226">
    <p class='ocr_par' dir='ltr' id='par_1_52' title="bbox 2194 2151 3762 2226">
     <span class='ocr_line' id='line_1_52' title="bbox 2194 2151 3762 2226; baseline 0.001 -19"><span class='ocrx_word' id='word_1_376' title='bbox 2194 2167 2300 2207; x_wconf 89' lang='lat' dir='ltr'><strong>non</strong></span> <span class='ocrx_word' id='word_1_377' title='bbox 2341 2152 2578 2208; x_wconf 86' lang='lat' dir='ltr'><strong>saltastis</strong></span> <span class='ocrx_word' id='word_1_378' title='bbox 2609 2151 2761 2223; x_wconf 83' lang='lat' dir='ltr'><strong>(Luc.</strong></span> <span class='ocrx_word' id='word_1_379' title='bbox 2799 2169 2892 2220; x_wconf 89' lang='lat' dir='ltr'><strong>vtt,</strong></span> <span class='ocrx_word' id='word_1_380' title='bbox 2931 2155 3044 2225; x_wconf 74' lang='lat'><strong>32).</strong></span> <span class='ocrx_word' id='word_1_381' title='bbox 3076 2174 3094 2207; x_wconf 72' lang='grc' dir='ltr'><strong>ι</strong></span> <span class='ocrx_word' id='word_1_382' title='bbox 3130 2156 3194 2210; x_wconf 80' lang='lat' dir='ltr'><strong>Et</strong></span> <span class='ocrx_word' id='word_1_383' title='bbox 3233 2155 3551 2226; x_wconf 83' lang='lat' dir='ltr'><strong>Pmpheta:</strong></span> <span class='ocrx_word' id='word_1_384' title='bbox 3591 2175 3612 2208; x_wconf 71' lang='grc' dir='ltr'><strong>ι</strong></span> <span class='ocrx_word' id='word_1_385' title='bbox 3638 2154 3762 2210; x_wconf 71' lang='lat' dir='ltr'><strong>(Jan-</strong></span> 
     </span>
    </p>
   </div>
   <div class='ocr_carea' id='block_1_53' title="bbox 2198 2244 3762 2318">
    <p class='ocr_par' dir='ltr' id='par_1_53' title="bbox 2198 2244 3762 2318">
     <span class='ocr_line' id='line_1_53' title="bbox 2198 2244 3762 2318; baseline 0.001 -19"><span class='ocrx_word' id='word_1_386' title='bbox 2198 2244 2393 2300; x_wconf 88' lang='lat' dir='ltr'><strong>tabiles</strong></span> <span class='ocrx_word' id='word_1_387' title='bbox 2423 2244 2556 2300; x_wconf 89' lang='lat' dir='ltr'><strong>mihi</strong></span> <span class='ocrx_word' id='word_1_388' title='bbox 2595 2252 2755 2299; x_wconf 89' lang='lat' dir='ltr'><strong>erant</strong></span> <span class='ocrx_word' id='word_1_389' title='bbox 2790 2245 3210 2315; x_wconf 85' lang='lat' dir='ltr'><strong>justilicatioues</strong></span> <span class='ocrx_word' id='word_1_390' title='bbox 3238 2257 3346 2302; x_wconf 82' lang='lat' dir='ltr'><strong>tua:</strong></span> <span class='ocrx_word' id='word_1_391' title='bbox 3379 2245 3560 2318; x_wconf 84' lang='lat' dir='ltr'><strong>(Psal.</strong></span> <span class='ocrx_word' id='word_1_392' title='bbox 3593 2261 3762 2308; x_wconf 74' lang='lat' dir='ltr'><strong>cum.</strong></span> 
     </span>
    </p>
   </div>
   <div class='ocr_carea' id='block_1_54' title="bbox 2197 2334 3762 2408">
    <p class='ocr_par' dir='ltr' id='par_1_54' title="bbox 2197 2334 3762 2408">
     <span class='ocr_line' id='line_1_54' title="bbox 2197 2334 3762 2408; baseline 0 -20"><span class='ocrx_word' id='word_1_393' title='bbox 2197 2334 2318 2407; x_wconf 66' lang='lat'><strong>54);</strong></span> <span class='ocrx_word' id='word_1_394' title='bbox 2365 2353 2382 2388; x_wconf 85' lang='grc' dir='ltr'><strong>ι</strong></span> <span class='ocrx_word' id='word_1_395' title='bbox 2441 2344 2496 2390; x_wconf 90' lang='lat' dir='ltr'><strong>ct</strong></span> <span class='ocrx_word' id='word_1_396' title='bbox 2552 2337 2724 2391; x_wconf 88' lang='lat' dir='ltr'><strong>item:</strong></span> <span class='ocrx_word' id='word_1_397' title='bbox 2757 2353 2776 2387; x_wconf 79' lang='grc' dir='ltr'><strong>ι</strong></span> <span class='ocrx_word' id='word_1_398' title='bbox 2821 2335 3052 2391; x_wconf 77' lang='lat' dir='ltr'><strong>Psallam</strong></span> <span class='ocrx_word' id='word_1_399' title='bbox 3105 2337 3199 2390; x_wconf 59' lang='lat' dir='ltr'><strong>tibi</strong></span> <span class='ocrx_word' id='word_1_400' title='bbox 3250 2338 3396 2392; x_wconf 85' lang='lat' dir='ltr'><strong>Deus</strong></span> <span class='ocrx_word' id='word_1_401' title='bbox 3434 2337 3492 2391; x_wconf 89' lang='lat' dir='ltr'><strong>in</strong></span> <span class='ocrx_word' id='word_1_402' title='bbox 3539 2339 3762 2408; x_wconf 66' lang='lat' dir='ltr'><strong>cythera,</strong></span> 
     </span>
    </p>
   </div>
   <div class='ocr_carea' id='block_1_55' title="bbox 2197 2425 3768 2495">
    <p class='ocr_par' dir='ltr' id='par_1_55' title="bbox 2197 2425 3768 2495">
     <span class='ocr_line' id='line_1_55' title="bbox 2197 2425 3768 2495; baseline -0.001 -13"><span class='ocrx_word' id='word_1_403' title='bbox 2197 2425 2429 2482; x_wconf 88' lang='lat' dir='ltr'><strong>Sanctus</strong></span> <span class='ocrx_word' id='word_1_404' title='bbox 2470 2425 2633 2482; x_wconf 86' lang='lat' dir='ltr'><strong>Israel</strong></span> <span class='ocrx_word' id='word_1_405' title='bbox 2658 2427 2746 2482; x_wconf 79' lang='grc'><strong>⁸⁷⁸.</strong></span> <span class='ocrx_word' id='word_1_406' title='bbox 2795 2426 3115 2484; x_wconf 83' lang='lat' dir='ltr'><strong>Gaudebant</strong></span> <span class='ocrx_word' id='word_1_407' title='bbox 3151 2428 3292 2484; x_wconf 86' lang='lat' dir='ltr'><strong>labia</strong></span> <span class='ocrx_word' id='word_1_408' title='bbox 3322 2444 3473 2495; x_wconf 89' lang='lat' dir='ltr'><strong>mea,</strong></span> <span class='ocrx_word' id='word_1_409' title='bbox 3513 2444 3638 2484; x_wconf 90' lang='lat' dir='ltr'><strong>cum</strong></span> <span class='ocrx_word' id='word_1_410' title='bbox 3661 2444 3768 2484; x_wconf 83' lang='lat' dir='ltr'><strong>can-</strong></span> 
     </span>
    </p>
   </div>
   <div class='ocr_carea' id='block_1_56' title="bbox 2199 2517 3765 2588">
    <p class='ocr_par' dir='ltr' id='par_1_56' title="bbox 2199 2517 3765 2588">
     <span class='ocr_line' id='line_1_56' title="bbox 2199 2517 3765 2588; baseline -0.001 -18"><span class='ocrx_word' id='word_1_411' title='bbox 2199 2525 2385 2572; x_wconf 85' lang='lat' dir='ltr'><strong>tavcro</strong></span> <span class='ocrx_word' id='word_1_412' title='bbox 2452 2517 2573 2582; x_wconf 92' lang='lat' dir='ltr'><strong>tibi,</strong></span> <span class='ocrx_word' id='word_1_413' title='bbox 2626 2527 2682 2572; x_wconf 92' lang='lat' dir='ltr'><strong>et</strong></span> <span class='ocrx_word' id='word_1_414' title='bbox 2741 2522 2920 2573; x_wconf 89' lang='lat' dir='ltr'><strong>anima</strong></span> <span class='ocrx_word' id='word_1_415' title='bbox 2993 2533 3137 2583; x_wconf 90' lang='lat' dir='ltr'><strong>mea,</strong></span> <span class='ocrx_word' id='word_1_416' title='bbox 3199 2535 3364 2588; x_wconf 85' lang='lat' dir='ltr'><strong>quant</strong></span> <span class='ocrx_word' id='word_1_417' title='bbox 3420 2520 3765 2575; x_wconf 73' lang='lat' dir='ltr'><strong>redimisti&#39;&quot;</strong></span> 
     </span>
    </p>
   </div>
   <div class='ocr_carea' id='block_1_57' title="bbox 2200 2609 3764 2684">
    <p class='ocr_par' dir='ltr' id='par_1_57' title="bbox 2200 2609 3764 2684">
     <span class='ocr_line' id='line_1_57' title="bbox 2200 2609 3764 2684; baseline 0.002 -23"><span class='ocrx_word' id='word_1_418' title='bbox 2200 2609 2374 2681; x_wconf 76' lang='grc' dir='ltr'><strong>(Ριαι.</strong></span> <span class='ocrx_word' id='word_1_419' title='bbox 2404 2623 2534 2676; x_wconf 78' lang='lat' dir='ltr'><strong>Lxx,</strong></span> <span class='ocrx_word' id='word_1_420' title='bbox 2565 2610 2680 2681; x_wconf 71' lang='lat'><strong>22).</strong></span> <span class='ocrx_word' id='word_1_421' title='bbox 2713 2629 2731 2663; x_wconf 84' lang='grc' dir='ltr'><strong>ι</strong></span> <span class='ocrx_word' id='word_1_422' title='bbox 2766 2610 3030 2666; x_wconf 88' lang='lat' dir='ltr'><strong>Cautabat</strong></span> <span class='ocrx_word' id='word_1_423' title='bbox 3060 2612 3372 2676; x_wconf 67' lang='lat' dir='ltr'><strong>bmclmtus,</strong></span> <span class='ocrx_word' id='word_1_424' title='bbox 3407 2623 3668 2684; x_wconf 83' lang='lat' dir='ltr'><strong>tanquam</strong></span> <span class='ocrx_word' id='word_1_425' title='bbox 3696 2614 3764 2666; x_wconf 88' lang='lat' dir='ltr'><strong>his</strong></span> 
     </span>
    </p>
   </div>
   <div class='ocr_carea' id='block_1_58' title="bbox 2201 2702 3767 2777">
    <p class='ocr_par' dir='ltr' id='par_1_58' title="bbox 2201 2702 3767 2777">
     <span class='ocr_line' id='line_1_58' title="bbox 2201 2702 3767 2777; baseline 0.002 -21"><span class='ocrx_word' id='word_1_426' title='bbox 2201 2702 2513 2758; x_wconf 87' lang='lat' dir='ltr'><strong>melioribus</strong></span> <span class='ocrx_word' id='word_1_427' title='bbox 2590 2704 2762 2774; x_wconf 88' lang='lat' dir='ltr'><strong>epulis</strong></span> <span class='ocrx_word' id='word_1_428' title='bbox 2839 2714 3174 2776; x_wconf 82' lang='lat' dir='ltr'><strong>pasceretur.</strong></span> <span class='ocrx_word' id='word_1_429' title='bbox 3253 2706 3505 2777; x_wconf 82' lang='lat' dir='ltr'><strong>Denique</strong></span> <span class='ocrx_word' id='word_1_430' title='bbox 3555 2707 3767 2762; x_wconf 81' lang='lat' dir='ltr'><strong>cantavit</strong></span> 
     </span>
    </p>
   </div>
   <div class='ocr_carea' id='block_1_59' title="bbox 2201 2795 3763 2868">
    <p class='ocr_par' dir='ltr' id='par_1_59' title="bbox 2201 2795 3763 2868">
     <span class='ocr_line' id='line_1_59' title="bbox 2201 2795 3763 2868; baseline 0.001 -18"><span class='ocrx_word' id='word_1_431' title='bbox 2201 2795 2435 2867; x_wconf 80' lang='lat' dir='ltr'><strong>Moyses,</strong></span> <span class='ocrx_word' id='word_1_432' title='bbox 2467 2797 2560 2866; x_wconf 89' lang='lat' dir='ltr'><strong>qui</strong></span> <span class='ocrx_word' id='word_1_433' title='bbox 2607 2797 2779 2868; x_wconf 80' lang='lat' dir='ltr'><strong>legem</strong></span> <span class='ocrx_word' id='word_1_434' title='bbox 2836 2799 3064 2868; x_wconf 89' lang='lat' dir='ltr'><strong>accepit.</strong></span> <span class='ocrx_word' id='word_1_435' title='bbox 3112 2799 3364 2854; x_wconf 50' lang='lat' dir='ltr'><strong>Cantas-it</strong></span> <span class='ocrx_word' id='word_1_436' title='bbox 3395 2811 3582 2855; x_wconf 89' lang='lat' dir='ltr'><strong>autem</strong></span> <span class='ocrx_word' id='word_1_437' title='bbox 3626 2801 3763 2854; x_wconf 76' lang='lat' dir='ltr'><strong>Mari:</strong></span> 
     </span>
    </p>
   </div>
   <div class='ocr_carea' id='block_1_60' title="bbox 2201 2887 3765 2961">
    <p class='ocr_par' dir='ltr' id='par_1_60' title="bbox 2201 2887 3765 2961">
     <span class='ocr_line' id='line_1_60' title="bbox 2201 2887 3765 2961; baseline 0.002 -22"><span class='ocrx_word' id='word_1_438' title='bbox 2201 2899 2356 2941; x_wconf 85' lang='lat' dir='ltr'><strong>soror</strong></span> <span class='ocrx_word' id='word_1_439' title='bbox 2381 2887 2558 2940; x_wconf 84' lang='lat' dir='ltr'><strong>Aaron</strong></span> <span class='ocrx_word' id='word_1_440' title='bbox 2585 2889 2636 2940; x_wconf 91' lang='lat' dir='ltr'><strong>in</strong></span> <span class='ocrx_word' id='word_1_441' title='bbox 2672 2889 2941 2960; x_wconf 81' lang='lat' dir='ltr'><strong>tympanis</strong></span> <span class='ocrx_word' id='word_1_442' title='bbox 2970 2899 3025 2944; x_wconf 89' lang='lat' dir='ltr'><strong>et</strong></span> <span class='ocrx_word' id='word_1_443' title='bbox 3055 2889 3257 2944; x_wconf 87' lang='lat' dir='ltr'><strong>choris.</strong></span> <span class='ocrx_word' id='word_1_444' title='bbox 3294 2889 3360 2944; x_wconf 81' lang='lat' dir='ltr'><strong>Et</strong></span> <span class='ocrx_word' id='word_1_445' title='bbox 3391 2901 3449 2944; x_wconf 91' lang='lat' dir='ltr'><strong>ut</strong></span> <span class='ocrx_word' id='word_1_446' title='bbox 3485 2893 3662 2961; x_wconf 89' lang='lat' dir='ltr'><strong>populi</strong></span> <span class='ocrx_word' id='word_1_447' title='bbox 3695 2892 3765 2943; x_wconf 86' lang='lat' dir='ltr'><strong>in-</strong></span> 
     </span>
    </p>
   </div>
   <div class='ocr_carea' id='block_1_61' title="bbox 2205 2975 3765 3050">
    <p class='ocr_par' dir='ltr' id='par_1_61' title="bbox 2205 2975 3765 3050">
     <span class='ocr_line' id='line_1_61' title="bbox 2205 2975 3765 3050; baseline 0.003 -20"><span class='ocrx_word' id='word_1_448' title='bbox 2205 2984 2289 3030; x_wconf 87' lang='lat' dir='ltr'><strong>tra</strong></span> <span class='ocrx_word' id='word_1_449' title='bbox 2332 2990 2390 3031; x_wconf 91' lang='lat' dir='ltr'><strong>se</strong></span> <span class='ocrx_word' id='word_1_450' title='bbox 2441 2975 2585 3033; x_wconf 89' lang='lat' dir='ltr'><strong>velut</strong></span> <span class='ocrx_word' id='word_1_451' title='bbox 2630 2993 2782 3032; x_wconf 88' lang='lat' dir='ltr'><strong>mare</strong></span> <span class='ocrx_word' id='word_1_452' title='bbox 2835 2978 3151 3050; x_wconf 85' lang='lat' dir='ltr'><strong>procellosis</strong></span> <span class='ocrx_word' id='word_1_453' title='bbox 3184 2983 3606 3050; x_wconf 80' lang='lat' dir='ltr'><strong>tempestatibus</strong></span> <span class='ocrx_word' id='word_1_454' title='bbox 3634 2981 3765 3035; x_wconf 57' lang='grc' dir='ltr'><strong>ἀὶςεί-</strong></span> 
     </span>
    </p>
   </div>
   <div class='ocr_carea' id='block_1_62' title="bbox 516 3050 3768 3143">
    <p class='ocr_par' dir='ltr' id='par_1_62' title="bbox 516 3050 3768 3143">
     <span class='ocr_line' id='line_1_62' title="bbox 516 3050 3768 3143; baseline 0 -27"><span class='ocrx_word' id='word_1_455' title='bbox 516 3071 761 3132; x_wconf 81' lang='lat' dir='ltr'><strong>cantant.</strong></span> <span class='ocrx_word' id='word_1_456' title='bbox 797 3061 889 3116; x_wconf 88' lang='lat' dir='ltr'><strong>Sic</strong></span> <span class='ocrx_word' id='word_1_457' title='bbox 917 3063 1062 3118; x_wconf 84' lang='lat' dir='ltr'><strong>cuitu</strong></span> <span class='ocrx_word' id='word_1_458' title='bbox 1098 3063 1316 3132; x_wconf 90' lang='lat' dir='ltr'><strong>septies,</strong></span> <span class='ocrx_word' id='word_1_459' title='bbox 1343 3061 1610 3116; x_wconf 86' lang='lat' dir='ltr'><strong>universis</strong></span> <span class='ocrx_word' id='word_1_460' title='bbox 1635 3061 1688 3116; x_wconf 89' lang='lat' dir='ltr'><strong>in</strong></span> <span class='ocrx_word' id='word_1_461' title='bbox 1733 3077 1888 3116; x_wconf 89' lang='lat' dir='ltr'><strong>suum</strong></span> <span class='ocrx_word' id='word_1_462' title='bbox 1921 3062 2099 3117; x_wconf 90' lang='lat' dir='ltr'><strong>locum</strong></span> <span class='ocrx_word' id='word_1_463' title='bbox 2129 3050 2172 3109; x_wconf 63' lang='grc' dir='ltr'>Ο</span> <span class='ocrx_word' id='word_1_464' title='bbox 2207 3071 2385 3126; x_wconf 72' lang='lat' dir='ltr'><strong>dentis</strong></span> <span class='ocrx_word' id='word_1_465' title='bbox 2412 3072 2622 3128; x_wconf 79' lang='lat' dir='ltr'><strong>animos</strong></span> <span class='ocrx_word' id='word_1_466' title='bbox 2668 3073 2951 3138; x_wconf 60' lang='lat' dir='ltr'><strong>mulceret,</strong></span> <span class='ocrx_word' id='word_1_467' title='bbox 2990 3074 3067 3128; x_wconf 64' lang='lat' dir='ltr'><strong>ait,</strong></span> <span class='ocrx_word' id='word_1_468' title='bbox 3093 3076 3146 3128; x_wconf 79' lang='lat' dir='ltr'><strong>in</strong></span> <span class='ocrx_word' id='word_1_469' title='bbox 3185 3073 3323 3129; x_wconf 67' lang='lat' dir='ltr'><strong>libro</strong></span> <span class='ocrx_word' id='word_1_470' title='bbox 3350 3065 3656 3130; x_wconf 67' lang='lat' dir='ltr'><strong>Exameron</strong></span> <span class='ocrx_word' id='word_1_471' title='bbox 3680 3076 3768 3143; x_wconf 65' lang='lat' dir='ltr'><strong>(ut,</strong></span> 
     </span>
    </p>
   </div>
   <div class='ocr_carea' id='block_1_63' title="bbox 518 3153 2098 3224">
    <p class='ocr_par' dir='ltr' id='par_1_63' title="bbox 518 3153 2098 3224">
     <span class='ocr_line' id='line_1_63' title="bbox 518 3153 2098 3224; baseline 0 -16"><span class='ocrx_word' id='word_1_472' title='bbox 518 3155 841 3215; x_wconf 86' lang='lat' dir='ltr'><strong>astantibus,</strong></span> <span class='ocrx_word' id='word_1_473' title='bbox 900 3155 968 3208; x_wconf 83' lang='lat' dir='ltr'><strong>ad</strong></span> <span class='ocrx_word' id='word_1_474' title='bbox 1013 3154 1105 3209; x_wconf 91' lang='lat' dir='ltr'><strong>Dei</strong></span> <span class='ocrx_word' id='word_1_475' title='bbox 1155 3156 1417 3221; x_wconf 87' lang='lat' dir='ltr'><strong>honorem</strong></span> <span class='ocrx_word' id='word_1_476' title='bbox 1442 3164 1496 3208; x_wconf 88' lang='lat' dir='ltr'><strong>ct</strong></span> <span class='ocrx_word' id='word_1_477' title='bbox 1526 3153 1753 3224; x_wconf 75' lang='lat' dir='ltr'><strong>gloriam</strong></span> <span class='ocrx_word' id='word_1_478' title='bbox 1791 3156 2098 3220; x_wconf 87' lang='lat' dir='ltr'><strong>decantata,</strong></span> 
     </span>
    </p>
   </div>
   <div class='ocr_carea' id='block_1_64' title="bbox 519 3242 2100 3313">
    <p class='ocr_par' dir='ltr' id='par_1_64' title="bbox 519 3242 2100 3313">
     <span class='ocr_line' id='line_1_64' title="bbox 519 3242 2100 3313; baseline 0.001 -15"><span class='ocrx_word' id='word_1_479' title='bbox 519 3253 726 3313; x_wconf 89' lang='lat' dir='ltr'><strong>septem</strong></span> <span class='ocrx_word' id='word_1_480' title='bbox 753 3245 889 3298; x_wconf 91' lang='lat' dir='ltr'><strong>dona</strong></span> <span class='ocrx_word' id='word_1_481' title='bbox 917 3243 1086 3298; x_wconf 84' lang='lat' dir='ltr'><strong>sancti</strong></span> <span class='ocrx_word' id='word_1_482' title='bbox 1120 3242 1355 3312; x_wconf 89' lang='lat' dir='ltr'><strong>Spiritus</strong></span> <span class='ocrx_word' id='word_1_483' title='bbox 1379 3243 1677 3299; x_wconf 88' lang='lat' dir='ltr'><strong>clementer</strong></span> <span class='ocrx_word' id='word_1_484' title='bbox 1709 3242 1957 3300; x_wconf 80' lang='lat' dir='ltr'><strong>ﬁdelibus</strong></span> <span class='ocrx_word' id='word_1_485' title='bbox 1979 3259 2100 3300; x_wconf 87' lang='lat' dir='ltr'><strong>esse</strong></span> 
     </span>
    </p>
   </div>
   <div class='ocr_carea' id='block_1_65' title="bbox 521 3319 2098 3408">
    <p class='ocr_par' dir='ltr' id='par_1_65' title="bbox 521 3319 2098 3408">
     <span class='ocr_line' id='line_1_65' title="bbox 521 3319 2098 3408; baseline 0.002 -22"><span class='ocrx_word' id='word_1_486' title='bbox 521 3333 716 3386; x_wconf 89' lang='lat' dir='ltr'><strong>donata</strong></span> <span class='ocrx_word' id='word_1_487' title='bbox 749 3333 1061 3386; x_wconf 83' lang='lat' dir='ltr'><strong>ostendunt.</strong></span> <span class='ocrx_word' id='word_1_488' title='bbox 1087 3332 1156 3384; x_wconf 81' lang='lat' dir='ltr'><strong>At</strong></span> <span class='ocrx_word' id='word_1_489' title='bbox 1188 3319 1329 3385; x_wconf 86' lang='lat' dir='ltr'><strong>utea</strong></span> <span class='ocrx_word' id='word_1_490' title='bbox 1357 3347 1477 3402; x_wconf 72' lang='lat' dir='ltr'><strong>quae</strong></span> <span class='ocrx_word' id='word_1_491' title='bbox 1497 3333 1608 3387; x_wconf 79' lang='lat' dir='ltr'><strong>dixi</strong></span> <span class='ocrx_word' id='word_1_492' title='bbox 1627 3342 1680 3388; x_wconf 90' lang='lat' dir='ltr'><strong>et</strong></span> <span class='ocrx_word' id='word_1_493' title='bbox 1704 3333 1823 3389; x_wconf 89' lang='lat' dir='ltr'><strong>dico</strong></span> <span class='ocrx_word' id='word_1_494' title='bbox 1846 3349 1973 3390; x_wconf 87' lang='lat' dir='ltr'><strong>vera</strong></span> <span class='ocrx_word' id='word_1_495' title='bbox 2001 3351 2098 3408; x_wconf 84' lang='lat' dir='ltr'><strong>ap-</strong></span> 
     </span>
    </p>
   </div>
   <div class='ocr_carea' id='block_1_66' title="bbox 521 3421 2099 3494">
    <p class='ocr_par' dir='ltr' id='par_1_66' title="bbox 521 3421 2099 3494">
     <span class='ocr_line' id='line_1_66' title="bbox 521 3421 2099 3494; baseline 0.004 -21"><span class='ocrx_word' id='word_1_496' title='bbox 521 3430 770 3492; x_wconf 83' lang='lat' dir='ltr'><strong>pareant,</strong></span> <span class='ocrx_word' id='word_1_497' title='bbox 800 3421 1086 3476; x_wconf 81' lang='lat' dir='ltr'><strong>sententiis</strong></span> <span class='ocrx_word' id='word_1_498' title='bbox 1111 3429 1421 3490; x_wconf 84' lang='lat' dir='ltr'><strong>sanctorum</strong></span> <span class='ocrx_word' id='word_1_499' title='bbox 1476 3431 1530 3476; x_wconf 92' lang='lat' dir='ltr'><strong>et</strong></span> <span class='ocrx_word' id='word_1_500' title='bbox 1559 3422 1936 3494; x_wconf 86' lang='lat' dir='ltr'><strong>gloriosissimi</strong></span> <span class='ocrx_word' id='word_1_501' title='bbox 1964 3441 2099 3480; x_wconf 85' lang='lat' dir='ltr'><strong>con-</strong></span> 
     </span>
    </p>
   </div>
   <div class='ocr_carea' id='block_1_67' title="bbox 521 3513 2102 3589">
    <p class='ocr_par' dir='ltr' id='par_1_67' title="bbox 521 3513 2102 3589">
     <span class='ocr_line' id='line_1_67' title="bbox 521 3513 2102 3589; baseline 0.004 -21"><span class='ocrx_word' id='word_1_502' title='bbox 521 3513 744 3568; x_wconf 74' lang='lat' dir='ltr'><strong>fessoris</strong></span> <span class='ocrx_word' id='word_1_503' title='bbox 784 3515 953 3569; x_wconf 85' lang='lat' dir='ltr'><strong>nostri</strong></span> <span class='ocrx_word' id='word_1_504' title='bbox 1001 3513 1272 3570; x_wconf 84' lang='lat' dir='ltr'><strong>Ambrosii</strong></span> <span class='ocrx_word' id='word_1_505' title='bbox 1334 3514 1659 3570; x_wconf 74' lang='lat' dir='ltr'><strong>continuare</strong></span> <span class='ocrx_word' id='word_1_506' title='bbox 1705 3527 1760 3572; x_wconf 89' lang='lat' dir='ltr'><strong>et</strong></span> <span class='ocrx_word' id='word_1_507' title='bbox 1801 3520 2102 3589; x_wconf 86' lang='lat' dir='ltr'><strong>approbare</strong></span> 
     </span>
    </p>
   </div>
   <div class='ocr_carea' id='block_1_68' title="bbox 521 3603 2096 3680">
    <p class='ocr_par' dir='ltr' id='par_1_68' title="bbox 521 3603 2096 3680">
     <span class='ocr_line' id='line_1_68' title="bbox 521 3603 2096 3680; baseline 0.006 -24"><span class='ocrx_word' id='word_1_508' title='bbox 521 3605 730 3680; x_wconf 67' lang='lat' dir='ltr'><strong>sautgui</strong></span> <span class='ocrx_word' id='word_1_509' title='bbox 759 3603 846 3658; x_wconf 76' lang='grc'><strong>⁸⁸⁸.</strong></span> <span class='ocrx_word' id='word_1_510' title='bbox 893 3605 994 3672; x_wconf 88' lang='lat' dir='ltr'><strong>Qui</strong></span> <span class='ocrx_word' id='word_1_511' title='bbox 1046 3605 1241 3674; x_wconf 90' lang='lat' dir='ltr'><strong>quibus</strong></span> <span class='ocrx_word' id='word_1_512' title='bbox 1289 3607 1462 3661; x_wconf 88' lang='lat' dir='ltr'><strong>modis</strong></span> <span class='ocrx_word' id='word_1_513' title='bbox 1486 3609 1790 3678; x_wconf 80' lang='lat' dir='ltr'><strong>quibusque</strong></span> <span class='ocrx_word' id='word_1_514' title='bbox 1823 3611 1887 3663; x_wconf 88' lang='lat' dir='ltr'><strong>de</strong></span> <span class='ocrx_word' id='word_1_515' title='bbox 1915 3611 2096 3666; x_wconf 89' lang='lat' dir='ltr'><strong>causis</strong></span> 
     </span>
    </p>
   </div>
   <div class='ocr_carea' id='block_1_69' title="bbox 524 3689 2102 3774">
    <p class='ocr_par' dir='ltr' id='par_1_69' title="bbox 524 3689 2102 3774">
     <span class='ocr_line' id='line_1_69' title="bbox 524 3689 2102 3774; baseline 0.006 -28"><span class='ocrx_word' id='word_1_516' title='bbox 524 3712 716 3774; x_wconf 24' lang='lat' dir='ltr'><strong>ytu’uos</strong></span> <span class='ocrx_word' id='word_1_517' title='bbox 752 3705 805 3750; x_wconf 89' lang='lat' dir='ltr'><strong>et</strong></span> <span class='ocrx_word' id='word_1_518' title='bbox 853 3707 1042 3752; x_wconf 83' lang='lat' dir='ltr'><strong>cautus</strong></span> <span class='ocrx_word' id='word_1_519' title='bbox 1082 3689 1348 3763; x_wconf 73' lang='lat' dir='ltr'><strong>cantavit,</strong></span> <span class='ocrx_word' id='word_1_520' title='bbox 1379 3700 1502 3753; x_wconf 85' lang='lat' dir='ltr'><strong>audi</strong></span> <span class='ocrx_word' id='word_1_521' title='bbox 1534 3716 1638 3754; x_wconf 86' lang='lat' dir='ltr'><strong>nou</strong></span> <span class='ocrx_word' id='word_1_522' title='bbox 1672 3716 1779 3765; x_wconf 90' lang='lat' dir='ltr'><strong>me,</strong></span> <span class='ocrx_word' id='word_1_523' title='bbox 1807 3701 1900 3755; x_wconf 89' lang='lat' dir='ltr'><strong>sed</strong></span> <span class='ocrx_word' id='word_1_524' title='bbox 1927 3701 2102 3772; x_wconf 85' lang='lat' dir='ltr'><strong>ipsum</strong></span> 
     </span>
    </p>
   </div>
   <div class='ocr_carea' id='block_1_70' title="bbox 522 3789 2103 3865">
    <p class='ocr_par' dir='ltr' id='par_1_70' title="bbox 522 3789 2103 3865">
     <span class='ocr_line' id='line_1_70' title="bbox 522 3789 2103 3865; baseline 0.004 -23"><span class='ocrx_word' id='word_1_525' title='bbox 522 3789 577 3843; x_wconf 87' lang='lat' dir='ltr'><strong>iu</strong></span> <span class='ocrx_word' id='word_1_526' title='bbox 609 3789 754 3845; x_wconf 76' lang='lat' dir='ltr'><strong>Beati</strong></span> <span class='ocrx_word' id='word_1_527' title='bbox 791 3790 1135 3858; x_wconf 83' lang='lat' dir='ltr'><strong>Immaculati</strong></span> <span class='ocrx_word' id='word_1_528' title='bbox 1174 3800 1405 3847; x_wconf 88' lang='lat' dir='ltr'><strong>tractatu</strong></span> <span class='ocrx_word' id='word_1_529' title='bbox 1456 3792 1691 3865; x_wconf 74' lang='lat' dir='ltr'><strong>(vtt,‘.’5)</strong></span> <span class='ocrx_word' id='word_1_530' title='bbox 1720 3812 1732 3846; x_wconf 93' lang='lat'><strong>:</strong></span> <span class='ocrx_word' id='word_1_531' title='bbox 1767 3812 1782 3844; x_wconf 75' lang='grc' dir='ltr'><strong>ι</strong></span> <span class='ocrx_word' id='word_1_532' title='bbox 1811 3791 1938 3862; x_wconf 67' lang='lat' dir='ltr'><strong>Quae</strong></span> <span class='ocrx_word' id='word_1_533' title='bbox 1960 3794 2103 3850; x_wconf 88' lang='lat' dir='ltr'><strong>enim</strong></span> 
     </span>
    </p>
   </div>
   <div class='ocr_carea' id='block_1_71' title="bbox 2207 3161 3770 3236">
    <p class='ocr_par' dir='ltr' id='par_1_71' title="bbox 2207 3161 3770 3236">
     <span class='ocr_line' id='line_1_71' title="bbox 2207 3161 3770 3236; baseline 0.001 -20"><span class='ocrx_word' id='word_1_534' title='bbox 2207 3161 2262 3234; x_wconf 91' lang='lat'><strong>5)</strong></span> <span class='ocrx_word' id='word_1_535' title='bbox 2298 3181 2311 3217; x_wconf 89' lang='lat'><strong>:</strong></span> <span class='ocrx_word' id='word_1_536' title='bbox 2345 3183 2363 3216; x_wconf 78' lang='grc' dir='ltr'><strong>ι</strong></span> <span class='ocrx_word' id='word_1_537' title='bbox 2391 3163 2715 3234; x_wconf 87' lang='lat' dir='ltr'><strong>Plerumque</strong></span> <span class='ocrx_word' id='word_1_538' title='bbox 2775 3165 2914 3220; x_wconf 85' lang='lat' dir='ltr'><strong>mari</strong></span> <span class='ocrx_word' id='word_1_539' title='bbox 2947 3175 3298 3236; x_wconf 87' lang='lat' dir='ltr'><strong>comparatur</strong></span> <span class='ocrx_word' id='word_1_540' title='bbox 3346 3165 3625 3230; x_wconf 78' lang='lat' dir='ltr'><strong>Ecclesia,</strong></span> <span class='ocrx_word' id='word_1_541' title='bbox 3667 3181 3770 3234; x_wconf 78' lang='lat' dir='ltr'><strong>qua:</strong></span> 
     </span>
    </p>
   </div>
   <div class='ocr_carea' id='block_1_72' title="bbox 2205 3255 3769 3329">
    <p class='ocr_par' dir='ltr' id='par_1_72' title="bbox 2205 3255 3769 3329">
     <span class='ocr_line' id='line_1_72' title="bbox 2205 3255 3769 3329; baseline 0.001 -22"><span class='ocrx_word' id='word_1_542' title='bbox 2205 3255 2384 3326; x_wconf 91' lang='lat' dir='ltr'><strong>primo</strong></span> <span class='ocrx_word' id='word_1_543' title='bbox 2437 3255 2790 3327; x_wconf 75' lang='lat' dir='ltr'><strong>ingredientis</strong></span> <span class='ocrx_word' id='word_1_544' title='bbox 2842 3256 3024 3329; x_wconf 89' lang='lat' dir='ltr'><strong>populi</strong></span> <span class='ocrx_word' id='word_1_545' title='bbox 3084 3257 3298 3328; x_wconf 74' lang='lat' dir='ltr'><strong>agmine</strong></span> <span class='ocrx_word' id='word_1_546' title='bbox 3335 3259 3470 3312; x_wconf 90' lang='lat' dir='ltr'><strong>totis</strong></span> <span class='ocrx_word' id='word_1_547' title='bbox 3513 3257 3769 3312; x_wconf 62' lang='grc' dir='ltr'><strong>τρειιὶιυιίς</strong></span> 
     </span>
    </p>
   </div>
   <div class='ocr_carea' id='block_1_73' title="bbox 2209 3345 3771 3418">
    <p class='ocr_par' dir='ltr' id='par_1_73' title="bbox 2209 3345 3771 3418">
     <span class='ocr_line' id='line_1_73' title="bbox 2209 3345 3771 3418; baseline -0.001 -17"><span class='ocrx_word' id='word_1_548' title='bbox 2209 3348 2383 3401; x_wconf 89' lang='lat' dir='ltr'><strong>undas</strong></span> <span class='ocrx_word' id='word_1_549' title='bbox 2413 3347 2604 3411; x_wconf 84' lang='lat' dir='ltr'><strong>vomit,</strong></span> <span class='ocrx_word' id='word_1_550' title='bbox 2659 3345 2851 3402; x_wconf 87' lang='lat' dir='ltr'><strong>deinde</strong></span> <span class='ocrx_word' id='word_1_551' title='bbox 2897 3348 2953 3402; x_wconf 87' lang='lat' dir='ltr'><strong>in</strong></span> <span class='ocrx_word' id='word_1_552' title='bbox 3004 3349 3249 3402; x_wconf 89' lang='lat' dir='ltr'><strong>oratione</strong></span> <span class='ocrx_word' id='word_1_553' title='bbox 3280 3348 3451 3402; x_wconf 91' lang='lat' dir='ltr'><strong>totius</strong></span> <span class='ocrx_word' id='word_1_554' title='bbox 3481 3347 3649 3418; x_wconf 86' lang='lat' dir='ltr'><strong>plebis</strong></span> <span class='ocrx_word' id='word_1_555' title='bbox 3671 3360 3771 3399; x_wconf 82' lang='lat' dir='ltr'><strong>tan-</strong></span> 
     </span>
    </p>
   </div>
   <div class='ocr_carea' id='block_1_74' title="bbox 2205 3438 3769 3511">
    <p class='ocr_par' dir='ltr' id='par_1_74' title="bbox 2205 3438 3769 3511">
     <span class='ocr_line' id='line_1_74' title="bbox 2205 3438 3769 3511; baseline -0.003 -16"><span class='ocrx_word' id='word_1_556' title='bbox 2205 3455 2366 3508; x_wconf 89' lang='lat' dir='ltr'><strong>quam</strong></span> <span class='ocrx_word' id='word_1_557' title='bbox 2417 3439 2576 3494; x_wconf 91' lang='lat' dir='ltr'><strong>undis</strong></span> <span class='ocrx_word' id='word_1_558' title='bbox 2634 3438 2984 3498; x_wconf 84' lang='lat' dir='ltr'><strong>reﬂuentibus</strong></span> <span class='ocrx_word' id='word_1_559' title='bbox 3014 3440 3227 3504; x_wconf 88' lang='lat' dir='ltr'><strong>stridet,</strong></span> <span class='ocrx_word' id='word_1_560' title='bbox 3276 3455 3400 3494; x_wconf 90' lang='lat' dir='ltr'><strong>cum</strong></span> <span class='ocrx_word' id='word_1_561' title='bbox 3435 3440 3769 3511; x_wconf 73' lang='lat' dir='ltr'><strong>responsoriis</strong></span> 
     </span>
    </p>
   </div>
   <div class='ocr_carea' id='block_1_75' title="bbox 2203 3531 3770 3602">
    <p class='ocr_par' dir='ltr' id='par_1_75' title="bbox 2203 3531 3770 3602">
     <span class='ocr_line' id='line_1_75' title="bbox 2203 3531 3770 3602; baseline -0.001 -15"><span class='ocrx_word' id='word_1_562' title='bbox 2203 3531 2532 3602; x_wconf 90' lang='lat' dir='ltr'><strong>psalmorum</strong></span> <span class='ocrx_word' id='word_1_563' title='bbox 2552 3570 2568 3597; x_wconf 90' lang='lat'><strong>,</strong></span> <span class='ocrx_word' id='word_1_564' title='bbox 2623 3532 2854 3588; x_wconf 89' lang='lat' dir='ltr'><strong>canticis</strong></span> <span class='ocrx_word' id='word_1_565' title='bbox 2877 3532 2945 3564; x_wconf 81' lang='grc'><strong>¹⁷⁷</strong></span> <span class='ocrx_word' id='word_1_566' title='bbox 2975 3533 3239 3594; x_wconf 88' lang='lat' dir='ltr'><strong>virorum,</strong></span> <span class='ocrx_word' id='word_1_567' title='bbox 3283 3531 3602 3598; x_wconf 87' lang='lat' dir='ltr'><strong>mulierum,</strong></span> <span class='ocrx_word' id='word_1_568' title='bbox 3631 3532 3770 3599; x_wconf 74' lang='lat' dir='ltr'><strong>virgi-</strong></span> 
     </span>
    </p>
   </div>
   <div class='ocr_carea' id='block_1_76' title="bbox 2207 3622 3769 3696">
    <p class='ocr_par' dir='ltr' id='par_1_76' title="bbox 2207 3622 3769 3696">
     <span class='ocr_line' id='line_1_76' title="bbox 2207 3622 3769 3696; baseline 0 -20"><span class='ocrx_word' id='word_1_569' title='bbox 2207 3639 2358 3688; x_wconf 90' lang='lat' dir='ltr'><strong>num,</strong></span> <span class='ocrx_word' id='word_1_570' title='bbox 2409 3623 2780 3694; x_wconf 86' lang='lat' dir='ltr'><strong>parvulorum,</strong></span> <span class='ocrx_word' id='word_1_571' title='bbox 2835 3638 3108 3681; x_wconf 90' lang='lat' dir='ltr'><strong>consonus</strong></span> <span class='ocrx_word' id='word_1_572' title='bbox 3154 3623 3424 3679; x_wconf 85' lang='lat' dir='ltr'><strong>undarqu</strong></span> <span class='ocrx_word' id='word_1_573' title='bbox 3481 3622 3661 3696; x_wconf 75' lang='lat' dir='ltr'><strong>fragor</strong></span> <span class='ocrx_word' id='word_1_574' title='bbox 3693 3637 3769 3676; x_wconf 66' lang='lat' dir='ltr'><strong>rev</strong></span> 
     </span>
    </p>
   </div>
   <div class='ocr_carea' id='block_1_77' title="bbox 2207 3715 2448 3771">
    <p class='ocr_par' dir='ltr' id='par_1_77' title="bbox 2207 3715 2448 3771">
     <span class='ocr_line' id='line_1_77' title="bbox 2207 3715 2448 3771; baseline 0.004 -1"><span class='ocrx_word' id='word_1_575' title='bbox 2207 3715 2392 3770; x_wconf 87' lang='lat' dir='ltr'><strong>sultat.</strong></span> <span class='ocrx_word' id='word_1_576' title='bbox 2427 3737 2448 3771; x_wconf 78' lang='grc' dir='ltr'><strong>ι</strong></span> 
     </span>
    </p>
   </div>
   <div class='ocr_carea' id='block_1_78' title="bbox 1343 3967 2921 4060">
    <p class='ocr_par' dir='ltr' id='par_1_78' title="bbox 1343 3967 2921 4060">
     <span class='ocr_line' id='line_1_78' title="bbox 1343 3967 2921 4060; baseline 0.003 -11"><span class='ocrx_word' id='word_1_577' title='bbox 1343 3967 1796 4060; x_wconf 84' lang='lat' dir='ltr'><strong>INCIPIT</strong></span> <span class='ocrx_word' id='word_1_578' title='bbox 1854 3969 2217 4058; x_wconf 82' lang='lat' dir='ltr'><strong>LIBER</strong></span> <span class='ocrx_word' id='word_1_579' title='bbox 2270 3967 2921 4058; x_wconf 84' lang='lat' dir='ltr'><strong>SECUNDUS.</strong></span> 
     </span>
    </p>
   </div>
   <div class='ocr_carea' id='block_1_79' title="bbox 518 4115 2098 4190">
    <p class='ocr_par' dir='ltr' id='par_1_79' title="bbox 518 4115 2098 4190">
     <span class='ocr_line' id='line_1_79' title="bbox 518 4115 2098 4190; baseline -0.004 -14"><span class='ocrx_word' id='word_1_580' title='bbox 518 4121 649 4176; x_wconf 77' lang='lat' dir='ltr'><strong>.Iesu</strong></span> <span class='ocrx_word' id='word_1_581' title='bbox 667 4118 734 4152; x_wconf 79' lang='grc'><strong>⁸⁷⁸</strong></span> <span class='ocrx_word' id='word_1_582' title='bbox 747 4119 957 4175; x_wconf 83' lang='lat' dir='ltr'><strong>Christe</strong></span> <span class='ocrx_word' id='word_1_583' title='bbox 972 4117 1437 4190; x_wconf 78' lang='lat' dir='ltr'><strong>splendorPatris,</strong></span> <span class='ocrx_word' id='word_1_584' title='bbox 1474 4118 1582 4181; x_wconf 91' lang='lat' dir='ltr'><strong>via,</strong></span> <span class='ocrx_word' id='word_1_585' title='bbox 1607 4116 1746 4182; x_wconf 85' lang='lat' dir='ltr'><strong>vita,</strong></span> <span class='ocrx_word' id='word_1_586' title='bbox 1769 4115 1976 4171; x_wconf 90' lang='lat' dir='ltr'><strong>veritas</strong></span> <span class='ocrx_word' id='word_1_587' title='bbox 2006 4117 2098 4182; x_wconf 75' lang='lat' dir='ltr'><strong>m,</strong></span> 
     </span>
    </p>
   </div>
   <div class='ocr_carea' id='block_1_80' title="bbox 592 4209 2098 4284">
    <p class='ocr_par' dir='ltr' id='par_1_80' title="bbox 592 4209 2098 4284">
     <span class='ocr_line' id='line_1_80' title="bbox 592 4209 2098 4284; baseline -0.004 -15"><span class='ocrx_word' id='word_1_588' title='bbox 592 4213 842 4269; x_wconf 84' lang='lat' dir='ltr'><strong>Omnium</strong></span> <span class='ocrx_word' id='word_1_589' title='bbox 869 4213 1193 4284; x_wconf 72' lang='lat' dir='ltr'><strong>Redemptor</strong></span> <span class='ocrx_word' id='word_1_590' title='bbox 1222 4213 1328 4283; x_wconf 86' lang='lat' dir='ltr'><strong>pie,</strong></span> <span class='ocrx_word' id='word_1_591' title='bbox 1475 4219 1792 4266; x_wconf 85' lang='lat' dir='ltr'><strong>cunctorum</strong></span> <span class='ocrx_word' id='word_1_592' title='bbox 1925 4209 2098 4279; x_wconf 69' lang='lat' dir='ltr'><strong>aequi-</strong></span> 
     </span>
    </p>
   </div>
   <div class='ocr_carea' id='block_1_81' title="bbox 1805 4300 2035 4374">
    <p class='ocr_par' dir='ltr' id='par_1_81' title="bbox 1805 4300 2035 4374">
     <span class='ocr_line' id='line_1_81' title="bbox 1805 4300 2035 4374; baseline 0 -20"><span class='ocrx_word' id='word_1_593' title='bbox 1805 4300 1914 4374; x_wconf 87' lang='lat' dir='ltr'><strong>[tas</strong></span> <span class='ocrx_word' id='word_1_594' title='bbox 1935 4300 2035 4365; x_wconf 82' lang='grc'><strong>¹⁸⁰,.</strong></span> 
     </span>
    </p>
   </div>
   <div class='ocr_carea' id='block_1_82' title="bbox 599 4394 2024 4467">
    <p class='ocr_par' dir='ltr' id='par_1_82' title="bbox 599 4394 2024 4467">
     <span class='ocr_line' id='line_1_82' title="bbox 599 4394 2024 4467; baseline -0.003 -17"><span class='ocrx_word' id='word_1_595' title='bbox 599 4395 892 4450; x_wconf 82' lang='lat' dir='ltr'><strong>Universos</strong></span> <span class='ocrx_word' id='word_1_596' title='bbox 925 4395 1013 4464; x_wconf 87' lang='lat' dir='ltr'><strong>qui</strong></span> <span class='ocrx_word' id='word_1_597' title='bbox 1046 4404 1096 4450; x_wconf 90' lang='lat' dir='ltr'><strong>te</strong></span> <span class='ocrx_word' id='word_1_598' title='bbox 1121 4405 1386 4467; x_wconf 75' lang='lat' dir='ltr'><strong>qureruut,</strong></span> <span class='ocrx_word' id='word_1_599' title='bbox 1475 4404 1564 4450; x_wconf 88' lang='lat' dir='ltr'><strong>tua</strong></span> <span class='ocrx_word' id='word_1_600' title='bbox 1601 4395 1770 4465; x_wconf 89' lang='lat' dir='ltr'><strong>replet</strong></span> <span class='ocrx_word' id='word_1_601' title='bbox 1804 4394 2024 4449; x_wconf 88' lang='lat' dir='ltr'><strong>caritas.</strong></span> 
     </span>
    </p>
   </div>
   <div class='ocr_carea' id='block_1_83' title="bbox 528 4484 2046 4556">
    <p class='ocr_par' dir='ltr' id='par_1_83' title="bbox 528 4484 2046 4556">
     <span class='ocr_line' id='line_1_83' title="bbox 528 4484 2046 4556; baseline 0 -18"><span class='ocrx_word' id='word_1_602' title='bbox 528 4487 670 4539; x_wconf 80' lang='lat' dir='ltr'><strong>Deus</strong></span> <span class='ocrx_word' id='word_1_603' title='bbox 697 4485 876 4550; x_wconf 75' lang='lat' dir='ltr'><strong>Pater,</strong></span> <span class='ocrx_word' id='word_1_604' title='bbox 908 4485 1142 4540; x_wconf 83' lang='lat' dir='ltr'><strong>Verbum</strong></span> <span class='ocrx_word' id='word_1_605' title='bbox 1172 4485 1372 4549; x_wconf 86' lang='lat' dir='ltr'><strong>Patris,</strong></span> <span class='ocrx_word' id='word_1_606' title='bbox 1467 4484 1702 4556; x_wconf 88' lang='lat' dir='ltr'><strong>Spiritus</strong></span> <span class='ocrx_word' id='word_1_607' title='bbox 1729 4484 2046 4555; x_wconf 87' lang='lat' dir='ltr'><strong>paraclitus,</strong></span> 
     </span>
    </p>
   </div>
   <div class='ocr_carea' id='block_1_84' title="bbox 598 4574 2022 4646">
    <p class='ocr_par' dir='ltr' id='par_1_84' title="bbox 598 4574 2022 4646">
     <span class='ocr_line' id='line_1_84' title="bbox 598 4574 2022 4646; baseline -0.001 -18"><span class='ocrx_word' id='word_1_608' title='bbox 598 4574 732 4630; x_wconf 82' lang='lat' dir='ltr'><strong>Tres</strong></span> <span class='ocrx_word' id='word_1_609' title='bbox 762 4591 1026 4646; x_wconf 63' lang='lat' dir='ltr'><strong>personat,</strong></span> <span class='ocrx_word' id='word_1_610' title='bbox 1059 4593 1194 4631; x_wconf 86' lang='lat' dir='ltr'><strong>unus</strong></span> <span class='ocrx_word' id='word_1_611' title='bbox 1225 4577 1385 4643; x_wconf 83' lang='lat' dir='ltr'><strong>Deus,</strong></span> <span class='ocrx_word' id='word_1_612' title='bbox 1437 4589 1674 4646; x_wconf 81' lang='lat' dir='ltr'><strong>semper</strong></span> <span class='ocrx_word' id='word_1_613' title='bbox 1697 4575 2022 4638; x_wconf 82' lang='lat' dir='ltr'><strong>individuus,</strong></span> 
     </span>
    </p>
   </div>
   <div class='ocr_carea' id='block_1_85' title="bbox 597 4666 2069 4740">
    <p class='ocr_par' dir='ltr' id='par_1_85' title="bbox 597 4666 2069 4740">
     <span class='ocr_line' id='line_1_85' title="bbox 597 4666 2069 4740; baseline -0.002 -18"><span class='ocrx_word' id='word_1_614' title='bbox 597 4668 800 4722; x_wconf 88' lang='lat' dir='ltr'><strong>Cuncta</strong></span> <span class='ocrx_word' id='word_1_615' title='bbox 827 4671 1411 4740; x_wconf 87' lang='lat' dir='ltr'><strong>regensetcoherceus,</strong></span> <span class='ocrx_word' id='word_1_616' title='bbox 1463 4668 1660 4724; x_wconf 86' lang='lat' dir='ltr'><strong>sedens</strong></span> <span class='ocrx_word' id='word_1_617' title='bbox 1679 4677 1738 4722; x_wconf 91' lang='lat' dir='ltr'><strong>ut</strong></span> <span class='ocrx_word' id='word_1_618' title='bbox 1757 4666 2069 4722; x_wconf 84' lang='lat' dir='ltr'><strong>altissimus.</strong></span> 
     </span>
    </p>
   </div>
   <div class='ocr_carea' id='block_1_86' title="bbox 523 4759 1948 4832">
    <p class='ocr_par' dir='ltr' id='par_1_86' title="bbox 523 4759 1948 4832">
     <span class='ocr_line' id='line_1_86' title="bbox 523 4759 1948 4832; baseline 0.001 -21"><span class='ocrx_word' id='word_1_619' title='bbox 523 4759 628 4826; x_wconf 78' lang='lat' dir='ltr'><strong>Qui</strong></span> <span class='ocrx_word' id='word_1_620' title='bbox 655 4775 790 4829; x_wconf 82' lang='lat' dir='ltr'><strong>quos</strong></span> <span class='ocrx_word' id='word_1_621' title='bbox 812 4760 894 4814; x_wconf 87' lang='lat' dir='ltr'><strong>vis</strong></span> <span class='ocrx_word' id='word_1_622' title='bbox 916 4761 1148 4832; x_wconf 89' lang='lat' dir='ltr'><strong>benigno</strong></span> <span class='ocrx_word' id='word_1_623' title='bbox 1177 4759 1349 4832; x_wconf 87' lang='lat' dir='ltr'><strong>rcplcs</strong></span> <span class='ocrx_word' id='word_1_624' title='bbox 1467 4761 1660 4830; x_wconf 85' lang='lat' dir='ltr'><strong>spiritu</strong></span> <span class='ocrx_word' id='word_1_625' title='bbox 1689 4760 1948 4825; x_wconf 65' lang='lat' dir='ltr'><strong>scientiae,</strong></span> 
     </span>
    </p>
   </div>
   <div class='ocr_carea' id='block_1_87' title="bbox 597 4850 2041 4924">
    <p class='ocr_par' dir='ltr' id='par_1_87' title="bbox 597 4850 2041 4924">
     <span class='ocr_line' id='line_1_87' title="bbox 597 4850 2041 4924; baseline 0.001 -18"><span class='ocrx_word' id='word_1_626' title='bbox 597 4851 668 4906; x_wconf 82' lang='lat' dir='ltr'><strong>Et</strong></span> <span class='ocrx_word' id='word_1_627' title='bbox 687 4851 928 4924; x_wconf 85' lang='lat' dir='ltr'><strong>elingues</strong></span> <span class='ocrx_word' id='word_1_628' title='bbox 947 4850 1081 4908; x_wconf 79' lang='lat' dir='ltr'><strong>facis</strong></span> <span class='ocrx_word' id='word_1_629' title='bbox 1105 4867 1224 4909; x_wconf 85' lang='lat' dir='ltr'><strong>esse</strong></span> <span class='ocrx_word' id='word_1_630' title='bbox 1467 4867 1675 4924; x_wconf 80' lang='lat' dir='ltr'><strong>magna:</strong></span> <span class='ocrx_word' id='word_1_631' title='bbox 1698 4851 2041 4922; x_wconf 60' lang='lat' dir='ltr'><strong>eloquentiae,</strong></span> 
     </span>
    </p>
   </div>
   <div class='ocr_carea' id='block_1_88' title="bbox 2278 4112 2932 4184">
    <p class='ocr_par' dir='ltr' id='par_1_88' title="bbox 2278 4112 2932 4184">
     <span class='ocr_line' id='line_1_88' title="bbox 2278 4112 2932 4184; baseline -0.003 -16"><span class='ocrx_word' id='word_1_632' title='bbox 2278 4114 2380 4169; x_wconf 87' lang='lat' dir='ltr'><strong>Tui</strong></span> <span class='ocrx_word' id='word_1_633' title='bbox 2401 4122 2607 4184; x_wconf 86' lang='lat' dir='ltr'><strong>guttam</strong></span> <span class='ocrx_word' id='word_1_634' title='bbox 2634 4112 2742 4167; x_wconf 82' lang='lat' dir='ltr'><strong>vivi</strong></span> <span class='ocrx_word' id='word_1_635' title='bbox 2764 4112 2932 4167; x_wconf 87' lang='lat' dir='ltr'><strong>Iontis</strong></span> 
     </span>
    </p>
   </div>
   <div class='ocr_carea' id='block_1_89' title="bbox 2210 4202 3765 4274">
    <p class='ocr_par' dir='ltr' id='par_1_89' title="bbox 2210 4202 3765 4274">
     <span class='ocr_line' id='line_1_89' title="bbox 2210 4202 3765 4274; baseline -0.005 -12"><span class='ocrx_word' id='word_1_636' title='bbox 2210 4206 2533 4262; x_wconf 82' lang='lat' dir='ltr'><strong>Benedictus</strong></span> <span class='ocrx_word' id='word_1_637' title='bbox 2568 4215 2623 4261; x_wconf 88' lang='lat' dir='ltr'><strong>et</strong></span> <span class='ocrx_word' id='word_1_638' title='bbox 2646 4205 2942 4260; x_wconf 86' lang='lat' dir='ltr'><strong>laudandus</strong></span> <span class='ocrx_word' id='word_1_639' title='bbox 3163 4204 3217 4259; x_wconf 91' lang='lat' dir='ltr'><strong>iu</strong></span> <span class='ocrx_word' id='word_1_640' title='bbox 3239 4215 3553 4260; x_wconf 88' lang='lat' dir='ltr'><strong>sanctorum</strong></span> <span class='ocrx_word' id='word_1_641' title='bbox 3591 4202 3765 4274; x_wconf 80' lang='lat' dir='ltr'><strong>gloria,</strong></span> 
     </span>
    </p>
   </div>
   <div class='ocr_carea' id='block_1_90' title="bbox 2277 4298 3652 4371">
    <p class='ocr_par' dir='ltr' id='par_1_90' title="bbox 2277 4298 3652 4371">
     <span class='ocr_line' id='line_1_90' title="bbox 2277 4298 3652 4371; baseline -0.003 -15"><span class='ocrx_word' id='word_1_642' title='bbox 2277 4302 2518 4368; x_wconf 89' lang='lat' dir='ltr'><strong>Quorum</strong></span> <span class='ocrx_word' id='word_1_643' title='bbox 2543 4315 2772 4371; x_wconf 88' lang='lat' dir='ltr'><strong>corpora</strong></span> <span class='ocrx_word' id='word_1_644' title='bbox 2802 4308 3052 4354; x_wconf 88' lang='lat' dir='ltr'><strong>truncata</strong></span> <span class='ocrx_word' id='word_1_645' title='bbox 3161 4300 3411 4355; x_wconf 88' lang='lat' dir='ltr'><strong>redolent</strong></span> <span class='ocrx_word' id='word_1_646' title='bbox 3435 4309 3495 4353; x_wconf 91' lang='lat' dir='ltr'><strong>ut</strong></span> <span class='ocrx_word' id='word_1_647' title='bbox 3523 4298 3652 4360; x_wconf 81' lang='lat' dir='ltr'><strong>lilia.</strong></span> 
     </span>
    </p>
   </div>
   <div class='ocr_carea' id='block_1_91' title="bbox 2273 4389 3734 4461">
    <p class='ocr_par' dir='ltr' id='par_1_91' title="bbox 2273 4389 3734 4461">
     <span class='ocr_line' id='line_1_91' title="bbox 2273 4389 3734 4461; baseline -0.005 -13"><span class='ocrx_word' id='word_1_648' title='bbox 2273 4393 2372 4448; x_wconf 88' lang='lat' dir='ltr'><strong>Cui</strong></span> <span class='ocrx_word' id='word_1_649' title='bbox 2395 4393 2588 4447; x_wconf 87' lang='lat' dir='ltr'><strong>debent</strong></span> <span class='ocrx_word' id='word_1_650' title='bbox 2609 4405 2881 4446; x_wconf 77' lang='lat' dir='ltr'><strong>summam.</strong></span> <span class='ocrx_word' id='word_1_651' title='bbox 2904 4389 3115 4445; x_wconf 82' lang='lat' dir='ltr'><strong>laudern</strong></span> <span class='ocrx_word' id='word_1_652' title='bbox 3162 4390 3481 4461; x_wconf 85' lang='lat' dir='ltr'><strong>angelorum</strong></span> <span class='ocrx_word' id='word_1_653' title='bbox 3504 4389 3734 4460; x_wconf 82' lang='lat' dir='ltr'><strong>agmina.</strong></span> 
     </span>
    </p>
   </div>
   <div class='ocr_carea' id='block_1_92' title="bbox 2204 4482 3616 4548">
    <p class='ocr_par' dir='ltr' id='par_1_92' title="bbox 2204 4482 3616 4548">
     <span class='ocr_line' id='line_1_92' title="bbox 2204 4482 3616 4548; baseline -0.004 -6"><span class='ocrx_word' id='word_1_654' title='bbox 2204 4485 2339 4542; x_wconf 89' lang='lat' dir='ltr'><strong>Cum</strong></span> <span class='ocrx_word' id='word_1_655' title='bbox 2357 4495 2410 4541; x_wconf 92' lang='lat' dir='ltr'><strong>tu</strong></span> <span class='ocrx_word' id='word_1_656' title='bbox 2424 4484 2520 4548; x_wconf 88' lang='lat' dir='ltr'><strong>sis,</strong></span> <span class='ocrx_word' id='word_1_657' title='bbox 2534 4483 2804 4545; x_wconf 87' lang='lat' dir='ltr'><strong>Salvator.</strong></span> <span class='ocrx_word' id='word_1_658' title='bbox 2821 4483 3024 4538; x_wconf 87' lang='lat' dir='ltr'><strong>nostris</strong></span> <span class='ocrx_word' id='word_1_659' title='bbox 3046 4483 3111 4515; x_wconf 76' lang='grc'><strong>¹⁸¹</strong></span> <span class='ocrx_word' id='word_1_660' title='bbox 3164 4485 3321 4538; x_wconf 85' lang='lat' dir='ltr'><strong>unica</strong></span> <span class='ocrx_word' id='word_1_661' title='bbox 3354 4482 3616 4547; x_wconf 77' lang='lat' dir='ltr'><strong>defensio,</strong></span> 
     </span>
    </p>
   </div>
   <div class='ocr_carea' id='block_1_93' title="bbox 3165 4110 3765 4182">
    <p class='ocr_par' dir='ltr' id='par_1_93' title="bbox 3165 4110 3765 4182">
     <span class='ocr_line' id='line_1_93' title="bbox 3165 4110 3765 4182; baseline -0.008 -17"><span class='ocrx_word' id='word_1_662' title='bbox 3165 4111 3298 4165; x_wconf 85' lang='lat' dir='ltr'><strong>mihi</strong></span> <span class='ocrx_word' id='word_1_663' title='bbox 3329 4126 3517 4181; x_wconf 60' lang='lat' dir='ltr'><strong>quaeso</strong></span> <span class='ocrx_word' id='word_1_664' title='bbox 3546 4110 3765 4182; x_wconf 71' lang='lat' dir='ltr'><strong>porrige.</strong></span> 
     </span>
    </p>
   </div>
   <div class='ocr_carea' id='block_1_94' title="bbox 2273 4574 3616 4648">
    <p class='ocr_par' dir='ltr' id='par_1_94' title="bbox 2273 4574 3616 4648">
     <span class='ocr_line' id='line_1_94' title="bbox 2273 4574 3616 4648; baseline -0.003 -13"><span class='ocrx_word' id='word_1_665' title='bbox 2273 4575 2510 4635; x_wconf 68' lang='lat' dir='ltr'><strong>lubitum</strong></span> <span class='ocrx_word' id='word_1_666' title='bbox 2538 4577 2630 4648; x_wconf 91' lang='lat' dir='ltr'><strong>qui</strong></span> <span class='ocrx_word' id='word_1_667' title='bbox 2659 4576 2956 4648; x_wconf 62' lang='lat' dir='ltr'><strong>prastitisti</strong></span> <span class='ocrx_word' id='word_1_668' title='bbox 3151 4575 3352 4646; x_wconf 84' lang='lat' dir='ltr'><strong>populo</strong></span> <span class='ocrx_word' id='word_1_669' title='bbox 3373 4574 3616 4638; x_wconf 70' lang='lat' dir='ltr'><strong>Iudaico.</strong></span> 
     </span>
    </p>
   </div>
   <div class='ocr_carea' id='block_1_95' title="bbox 2275 4665 3764 4735">
    <p class='ocr_par' dir='ltr' id='par_1_95' title="bbox 2275 4665 3764 4735">
     <span class='ocr_line' id='line_1_95' title="bbox 2275 4665 3764 4735; baseline -0.006 -12"><span class='ocrx_word' id='word_1_670' title='bbox 2275 4668 2430 4724; x_wconf 79' lang='lat' dir='ltr'><strong>Adsit</strong></span> <span class='ocrx_word' id='word_1_671' title='bbox 2458 4668 2586 4722; x_wconf 87' lang='lat' dir='ltr'><strong>mihi</strong></span> <span class='ocrx_word' id='word_1_672' title='bbox 2629 4677 2716 4722; x_wconf 88' lang='lat' dir='ltr'><strong>tua</strong></span> <span class='ocrx_word' id='word_1_673' title='bbox 2745 4667 2919 4722; x_wconf 88' lang='lat' dir='ltr'><strong>virtus</strong></span> <span class='ocrx_word' id='word_1_674' title='bbox 3149 4665 3336 4721; x_wconf 74' lang='lat' dir='ltr'><strong>nutrix</strong></span> <span class='ocrx_word' id='word_1_675' title='bbox 3350 4665 3419 4698; x_wconf 79' lang='grc'><strong>⁸⁸⁸</strong></span> <span class='ocrx_word' id='word_1_676' title='bbox 3433 4666 3488 4721; x_wconf 84' lang='lat' dir='ltr'><strong>in</strong></span> <span class='ocrx_word' id='word_1_677' title='bbox 3498 4673 3764 4735; x_wconf 77' lang='lat' dir='ltr'><strong>perpetuo.</strong></span> 
     </span>
    </p>
   </div>
   <div class='ocr_carea' id='block_1_96' title="bbox 2207 4755 3618 4827">
    <p class='ocr_par' dir='ltr' id='par_1_96' title="bbox 2207 4755 3618 4827">
     <span class='ocr_line' id='line_1_96' title="bbox 2207 4755 3618 4827; baseline 0 -11"><span class='ocrx_word' id='word_1_678' title='bbox 2207 4760 2284 4816; x_wconf 89' lang='lat' dir='ltr'><strong>De</strong></span> <span class='ocrx_word' id='word_1_679' title='bbox 2312 4766 2584 4813; x_wconf 83' lang='lat' dir='ltr'><strong>tantorum</strong></span> <span class='ocrx_word' id='word_1_680' title='bbox 2622 4766 2966 4826; x_wconf 81' lang='lat' dir='ltr'><strong>peccatorum</strong></span> <span class='ocrx_word' id='word_1_681' title='bbox 3150 4757 3310 4812; x_wconf 85' lang='lat' dir='ltr'><strong>venia</strong></span> <span class='ocrx_word' id='word_1_682' title='bbox 3342 4765 3396 4812; x_wconf 90' lang='lat' dir='ltr'><strong>te</strong></span> <span class='ocrx_word' id='word_1_683' title='bbox 3423 4755 3618 4827; x_wconf 77' lang='lat' dir='ltr'><strong>ﬂagito.</strong></span> 
     </span>
    </p>
   </div>
   <div class='ocr_carea' id='block_1_97' title="bbox 2280 4843 3692 4927">
    <p class='ocr_par' dir='ltr' id='par_1_97' title="bbox 2280 4843 3692 4927">
     <span class='ocr_line' id='line_1_97' title="bbox 2280 4843 3692 4927; baseline -0.004 -22"><span class='ocrx_word' id='word_1_684' title='bbox 2280 4850 2544 4927; x_wconf 83' lang='lat' dir='ltr'><strong>Quicquid</strong></span> <span class='ocrx_word' id='word_1_685' title='bbox 2571 4847 2790 4919; x_wconf 81' lang='lat' dir='ltr'><strong>juvenis</strong></span> <span class='ocrx_word' id='word_1_686' title='bbox 2812 4848 3089 4922; x_wconf 86' lang='lat' dir='ltr'><strong>peccando</strong></span> <span class='ocrx_word' id='word_1_687' title='bbox 3149 4850 3233 4920; x_wconf 86' lang='lat' dir='ltr'><strong>egi</strong></span> <span class='ocrx_word' id='word_1_688' title='bbox 3265 4849 3322 4905; x_wconf 89' lang='lat' dir='ltr'><strong>in</strong></span> <span class='ocrx_word' id='word_1_689' title='bbox 3352 4850 3460 4905; x_wconf 88' lang='lat' dir='ltr'><strong>hoc</strong></span> <span class='ocrx_word' id='word_1_690' title='bbox 3486 4843 3692 4908; x_wconf 71' lang='lat' dir='ltr'><strong>iaculo,</strong></span> 
     </span>
    </p>
   </div>
   <div class='ocr_carea' id='block_1_98' title="bbox 1839 5003 2515 5064">
    <p class='ocr_par' dir='ltr' id='par_1_98' title="bbox 1839 5003 2515 5064">
     <span class='ocr_line' id='line_1_98' title="bbox 1839 5003 2515 5064; baseline 0.003 -7"><span class='ocrx_word' id='word_1_691' title='bbox 1839 5003 2070 5062; x_wconf 61' lang='lat' dir='ltr'><strong>VARIIE</strong></span> <span class='ocrx_word' id='word_1_692' title='bbox 2110 5004 2515 5064; x_wconf 79' lang='lat' dir='ltr'><strong>LECTIONES.</strong></span> 
     </span>
    </p>
   </div>
   <div class='ocr_carea' id='block_1_99' title="bbox 599 5122 937 5182">
    <p class='ocr_par' dir='ltr' id='par_1_99' title="bbox 599 5122 937 5182">
     <span class='ocr_line' id='line_1_99' title="bbox 599 5122 937 5182; baseline -0.006 -3"><span class='ocrx_word' id='word_1_693' title='bbox 599 5129 670 5163; x_wconf 70' lang='grc' dir='ltr'><strong>ηδ</strong></span> <span class='ocrx_word' id='word_1_694' title='bbox 695 5141 822 5182; x_wconf 88' lang='lat' dir='ltr'><strong>vero</strong></span> <span class='ocrx_word' id='word_1_695' title='bbox 846 5122 937 5177; x_wconf 81' lang='lat' dir='ltr'><strong>BI.</strong></span> 
     </span>
    </p>
   </div>
   <div class='ocr_carea' id='block_1_100' title="bbox 527 5199 751 5256">
    <p class='ocr_par' dir='ltr' id='par_1_100' title="bbox 527 5199 751 5256">
     <span class='ocr_line' id='line_1_100' title="bbox 527 5199 751 5256; baseline -0.018 -1"><span class='ocrx_word' id='word_1_696' title='bbox 527 5220 578 5255; x_wconf 82' lang='lat' dir='ltr'><strong>r.</strong></span> <span class='ocrx_word' id='word_1_697' title='bbox 607 5217 652 5256; x_wconf 90' lang='lat' dir='ltr'><strong>s.</strong></span> <span class='ocrx_word' id='word_1_698' title='bbox 692 5199 751 5253; x_wconf 83' lang='grc' dir='ltr'><strong>Β.</strong></span> 
     </span>
    </p>
   </div>
   <div class='ocr_carea' id='block_1_101' title="bbox 531 5267 857 5325">
    <p class='ocr_par' dir='ltr' id='par_1_101' title="bbox 531 5267 857 5325">
     <span class='ocr_line' id='line_1_101' title="bbox 531 5267 857 5325; baseline -0.012 0"><span class='ocrx_word' id='word_1_699' title='bbox 531 5275 594 5306; x_wconf 76' lang='grc'><strong><em>⁸⁷⁸</em></strong></span> <span class='ocrx_word' id='word_1_700' title='bbox 625 5273 762 5325; x_wconf 81' lang='lat' dir='ltr'><strong>deest</strong></span> <span class='ocrx_word' id='word_1_701' title='bbox 796 5267 857 5323; x_wconf 85' lang='grc' dir='ltr'><strong>Β.</strong></span> 
     </span>
    </p>
   </div>
   <div class='ocr_carea' id='block_1_102' title="bbox 977 5117 3760 5206">
    <p class='ocr_par' dir='ltr' id='par_1_102' title="bbox 977 5117 3760 5206">
     <span class='ocr_line' id='line_1_102' title="bbox 977 5117 3760 5206; baseline 0 -32"><span class='ocrx_word' id='word_1_702' title='bbox 977 5191 991 5204; x_wconf 38' lang='grc' dir='ltr'><strong><em>ο</em></strong></span> <span class='ocrx_word' id='word_1_703' title='bbox 1041 5123 1207 5206; x_wconf 32' lang='lat' dir='ltr'><strong>“hac</strong></span> <span class='ocrx_word' id='word_1_704' title='bbox 1234 5119 1308 5203; x_wconf 31' lang='lat' dir='ltr'><strong>OB.</strong></span> <span class='ocrx_word' id='word_1_705' title='bbox 1387 5119 2008 5206; x_wconf 46' lang='lat' dir='ltr'><strong>“:sustentarenrt‘urnet</strong></span> <span class='ocrx_word' id='word_1_706' title='bbox 2039 5117 2312 5173; x_wconf 85' lang='lat' dir='ltr'><strong>alerentur</strong></span> <span class='ocrx_word' id='word_1_707' title='bbox 2475 5119 2541 5151; x_wconf 82' lang='grc'><strong>¹⁶⁷</strong></span> <span class='ocrx_word' id='word_1_708' title='bbox 2572 5119 2688 5176; x_wconf 89' lang='lat' dir='ltr'><strong>alas</strong></span> <span class='ocrx_word' id='word_1_709' title='bbox 2715 5119 2761 5174; x_wconf 84' lang='grc' dir='ltr'><em>Β</em></span> <span class='ocrx_word' id='word_1_710' title='bbox 2835 5120 2904 5206; x_wconf 61' lang='grc' dir='ltr'><strong>¹⁶ξ</strong></span> <span class='ocrx_word' id='word_1_711' title='bbox 2943 5137 2988 5206; x_wconf 59' lang='lat' dir='ltr'><strong>s:</strong></span> <span class='ocrx_word' id='word_1_712' title='bbox 3031 5136 3077 5174; x_wconf 77' lang='grc' dir='ltr'><strong>ε.</strong></span> <span class='ocrx_word' id='word_1_713' title='bbox 3109 5128 3167 5175; x_wconf 89' lang='lat' dir='ltr'><strong>et</strong></span> <span class='ocrx_word' id='word_1_714' title='bbox 3199 5122 3509 5206; x_wconf 66' lang='lat' dir='ltr'><strong>specialiter</strong></span> <span class='ocrx_word' id='word_1_715' title='bbox 3525 5121 3660 5178; x_wconf 80' lang='lat' dir='ltr'><strong>beati</strong></span> 
     </span>
    </p>
   </div>
   <div class='ocr_carea' id='block_1_103' title="bbox 865 5187 2375 5330">
    <p class='ocr_par' dir='ltr' id='par_1_103' title="bbox 865 5187 2375 5330">
     <span class='ocr_line' id='line_1_103' title="bbox 865 5187 2375 5270; baseline -0.003 -25"><span class='ocrx_word' id='word_1_716' title='bbox 865 5194 930 5226; x_wconf 72' lang='grc'><strong>⁸⁸³</strong></span> <span class='ocrx_word' id='word_1_717' title='bbox 971 5191 1386 5260; x_wconf 80' lang='lat' dir='ltr'><strong>justiticationcs</strong></span> <span class='ocrx_word' id='word_1_718' title='bbox 1436 5190 1648 5245; x_wconf 90' lang='lat' dir='ltr'><strong>Domini</strong></span> <span class='ocrx_word' id='word_1_719' title='bbox 1700 5205 1746 5243; x_wconf 89' lang='lat' dir='ltr'><strong>s.</strong></span> <span class='ocrx_word' id='word_1_720' title='bbox 1815 5187 2137 5270; x_wconf 46' lang='lat' dir='ltr'><strong>Psallamus.</strong></span> <span class='ocrx_word' id='word_1_721' title='bbox 2167 5205 2234 5270; x_wconf 39' lang='grc' dir='ltr'><strong>ε..</strong></span> <span class='ocrx_word' id='word_1_722' title='bbox 2266 5189 2375 5258; x_wconf 88' lang='lat' dir='ltr'><strong>psal</strong></span> 
     </span>
     <span class='ocr_line' id='line_1_104' title="bbox 952 5258 2375 5330; baseline -0.001 -14"><span class='ocrx_word' id='word_1_723' title='bbox 952 5265 1019 5296; x_wconf 76' lang='lat' dir='ltr'><strong>m</strong></span> <span class='ocrx_word' id='word_1_724' title='bbox 1059 5279 1112 5330; x_wconf 90' lang='lat' dir='ltr'><strong>p.</strong></span> <span class='ocrx_word' id='word_1_725' title='bbox 1150 5278 1202 5330; x_wconf 90' lang='lat' dir='ltr'><strong>p.</strong></span> <span class='ocrx_word' id='word_1_726' title='bbox 1239 5261 1502 5330; x_wconf 87' lang='lat' dir='ltr'><strong>judebant</strong></span> <span class='ocrx_word' id='word_1_727' title='bbox 1551 5273 1606 5330; x_wconf 91' lang='lat' dir='ltr'><strong>p.</strong></span> <span class='ocrx_word' id='word_1_728' title='bbox 1640 5268 1700 5312; x_wconf 90' lang='lat' dir='ltr'><strong>ut</strong></span> <span class='ocrx_word' id='word_1_729' title='bbox 1739 5275 1786 5314; x_wconf 91' lang='lat' dir='ltr'><strong>s.</strong></span> <span class='ocrx_word' id='word_1_730' title='bbox 1829 5275 1864 5312; x_wconf 91' lang='lat' dir='ltr'><strong>I.</strong></span> <span class='ocrx_word' id='word_1_731' title='bbox 1903 5258 1956 5312; x_wconf 92' lang='lat' dir='ltr'><strong>d.</strong></span> <span class='ocrx_word' id='word_1_732' title='bbox 2009 5258 2283 5330; x_wconf 78' lang='lat' dir='ltr'><strong>sptrttalts</strong></span> <span class='ocrx_word' id='word_1_733' title='bbox 2315 5259 2375 5314; x_wconf 89' lang='grc' dir='ltr'><strong>Β.</strong></span> 
     </span>
    </p>
   </div>
   <div class='ocr_carea' id='block_1_104' title="bbox 2266 5187 3757 5261">
    <p class='ocr_par' dir='ltr' id='par_1_104' title="bbox 2266 5187 3757 5261">
     <span class='ocr_line' id='line_1_105' title="bbox 2266 5187 3757 5261; baseline 0.002 -21"><span class='ocrx_word' id='word_1_734' title='bbox 2266 5187 2560 5261; x_wconf 53' lang='lat' dir='ltr'><strong>psallentes</strong></span> <span class='ocrx_word' id='word_1_735' title='bbox 2613 5201 2670 5261; x_wconf 76' lang='lat' dir='ltr'><strong>et</strong></span> <span class='ocrx_word' id='word_1_736' title='bbox 2727 5207 2818 5261; x_wconf 43' lang='lat' dir='ltr'><strong>In:</strong></span> <span class='ocrx_word' id='word_1_737' title='bbox 2843 5191 3105 5261; x_wconf 65' lang='lat' dir='ltr'><strong>Ambros.</strong></span> <span class='ocrx_word' id='word_1_738' title='bbox 3168 5187 3279 5261; x_wconf 16' lang='lat' dir='ltr'><strong>Am</strong></span> <span class='ocrx_word' id='word_1_739' title='bbox 3330 5192 3620 5261; x_wconf 74' lang='lat' dir='ltr'><strong>psallamus</strong></span> <span class='ocrx_word' id='word_1_740' title='bbox 3679 5191 3757 5246; x_wconf 78' lang='lat' dir='ltr'><strong>Bt.</strong></span> 
     </span>
    </p>
   </div>
   <div class='ocr_carea' id='block_1_105' title="bbox 2473 5252 3758 5330">
    <p class='ocr_par' dir='ltr' id='par_1_105' title="bbox 2473 5252 3758 5330">
     <span class='ocr_line' id='line_1_106' title="bbox 2473 5252 3758 5330; baseline 0 -17"><span class='ocrx_word' id='word_1_741' title='bbox 2473 5258 2542 5330; x_wconf 84' lang='lat'><strong>&quot;&#39;_</strong></span> <span class='ocrx_word' id='word_1_742' title='bbox 2593 5252 2735 5315; x_wconf 78' lang='lat' dir='ltr'><strong>deest</strong></span> <span class='ocrx_word' id='word_1_743' title='bbox 2782 5259 2868 5316; x_wconf 76' lang='grc' dir='ltr'>ιιι.</span> <span class='ocrx_word' id='word_1_744' title='bbox 2945 5261 3013 5330; x_wconf 56' lang='grc'><strong>⁸1³</strong></span> <span class='ocrx_word' id='word_1_745' title='bbox 3057 5259 3293 5330; x_wconf 82' lang='lat' dir='ltr'><strong>denique</strong></span> <span class='ocrx_word' id='word_1_746' title='bbox 3330 5252 3424 5317; x_wconf 70' lang='grc' dir='ltr'>Ίιι.</span> <span class='ocrx_word' id='word_1_747' title='bbox 3525 5263 3591 5295; x_wconf 82' lang='grc'><strong>⁸⁷⁵</strong></span> <span class='ocrx_word' id='word_1_748' title='bbox 3641 5278 3682 5318; x_wconf 85' lang='lat' dir='ltr'><strong>s.</strong></span> <span class='ocrx_word' id='word_1_749' title='bbox 3723 5263 3758 5314; x_wconf 92' lang='grc' dir='ltr'><strong>Ι.</strong></span> 
     </span>
    </p>
   </div>
  </div>
