3934 5330
88 265 193 328 δη

157 379 235 435 Ut
264 392 388 433 eum
414 376 630 434 veneris
654 384 723 455 tu
744 374 909 448 judex
1003 377 1057 431 in
1081 376 1413 448 tuojudicio.

91 470 207 526 Heu
241 468 430 533 michi,
462 468 552 538 qui
577 476 653 523 tot
682 468 839 522 annis
1010 467 1121 522 vixi
1153 468 1207 522 in
1245 469 1345 523 hoc
1367 466 1585 532 smculo,

151 557 933 629 Numquambonaperpetravi
1004 560 1255 613 conscius
1278 558 1334 612 in
1372 558 1578 623 animo,

139 651 803 723 Flagransintus,ardens
818 649 948 706 foris
1011 650 1120 705 ullo
1157 650 1275 705 sine
1302 650 1553 705 termino.

91 743 301 800 Omnes
322 744 553 814 juvenes
582 752 637 797 et
666 742 795 797 cleri
813 742 879 773 ³⁸³
1011 741 1167 797 vobis
1190 742 1310 797 dico
1334 741 1590 806 maxime,

161 836 381 904 Quibus
408 844 541 889 tetas
567 844 731 903 atque
756 833 904 888 visus
1011 833 1209 887 candet
1240 832 1343 887 isto
1375 842 1623 901 tempore
1648 850 1661 885 :

126 927 331 984 Verbis
356 927 510 982 vanis
524 934 685 997 atque
702 924 841 995 jocis
1015 925 1243 979 multum
1267 925 1335 956 ⁸⁸³
1363 938 1549 994 quaeso
1575 940 1699 993 par-

1547 1016 1697 1090 [eite.

93 1108 253 1167 ditas
283 1109 561 1181 quondam
596 1107 888 1163 deaureata
997 1108 1149 1163 venit
1184 1108 1239 1162 in
1268 1115 1581 1177 argenteam
1611 1106 1700 1171 ⁸⁸⁵,

162 1202 436 1273 Nuncque
457 1217 595 1257 terea
619 1201 808 1256 infelix
993 1200 1195 1257 nostris
1222 1198 1641 1264 misitferream,

160 1293 351 1363 Atque
384 1294 543 1348 modo
570 1292 709 1346 malo
741 1299 929 1347 nostro
1003 1307 1102 1347 nos
1130 1290 1336 1346 invenit
1364 1291 1540 1355 lutea,

95 1383 485 1451 ﬂectestatur,
510 1385 613 1439 hoc
638 1384 922 1454 cognoscit
988 1382 1143 1454 plebs
1174 1380 1601 1445 anticltrjsticola

159 1478 353 1547 Longa
383 1485 536 1547 peste
559 1475 670 1545 jam
698 1475 921 1529 seducta
993 1472 1601 1544 valdeperltypocritam
1619 1510 1635 1535 ,

161 1572 266 1640 Qui
298 1572 571 1644 permittit
594 1587 720 1626 vera
735 1570 887 1626 falsis
988 1579 1112 1646 arte
1138 1570 1424 1625 diabolica.

95 1663 290 1720 Sedem
320 1679 448 1719 nam
466 1662 881 1718 Ambrosianam
1001 1673 1165 1732 atque
1204 1660 1322 1731 ejus
1355 1660 1619 1727 clericos,

159 1754 417 1814 Comites
442 1754 577 1809 duos
604 1754 839 1824 majores
1001 1762 1165 1822 atque
1189 1750 1304 1820 ejus
1339 1750 1569 1821 pepnlos

153 1847 497 1905 Oberrantes
520 1858 664 1902 nunc
689 1843 934 1898 videmus
1001 1858 1099 1914 per
1132 1842 1394 1912 quosdam
1420 1840 1694 1896 scismati-

1552 1930 1692 2003 [cos.

96 2031 235 2100 Quos
248 2029 561 2103 praevidens
573 2028 747 2084 almus
760 2027 951 2083 doctor
1005 2025 1198 2080 nobilis
1233 2024 1553 2079 Ambrosius

169 2128 353 2181 Deum
385 2132 608 2193 rogatet
629 2132 886 2193 precatur
995 2119 1319 2175 clericorum
1345 2118 1587 2180 vocilms,

160 2215 231 2272 Ut
259 2212 863 2270 scismaticidiscedaut
987 2224 1111 2264 cum
1148 2223 1368 2262 suorum
1406 2206 1634 2261 artibus.

96 2307 194 2375 Qui
224 2306 545 2363 redundant
564 2312 620 2361 et
652 2303 931 2359 abundant
998 2301 1120 2372 plus
1154 2315 1320 2369 quam
1346 2314 1451 2352 non
1491 2308 1575 2353 est
1597 2313 1691 2351 nu-

1364 2390 1572 2462 [merus
1603 2390 1689 2455 ‘3‘,

157 2489 487 2546 Castitatem
519 2486 853 2543 simulantes
992 2482 1207 2539 cunctis
1243 2496 1367 2537 cum
1402 2480 1691 2535 virtutibus

155 2582 380 2636 Rodunt
399 2578 605 2635 clerum
620 2579 930 2634 sacerdotes
996 2576 1132 2630 ultra
1147 2589 1309 2644 quam
1333 2572 1689 2627 commodius.

94 2672 156 2729 Et
189 2670 504 2742 limphatici
529 2677 591 2724 ut
612 2683 777 2724 canes
988 2675 1180 2736 optant
1216 2663 1539 2735 praecipitia,

154 2765 369 2822 Cuncta
390 2762 538 2833 justa
566 2772 621 2819 et
658 2762 856 2833 injusta
994 2759 1256 2814 habentes
1278 2756 1615 2828 promiscua,

155 2858 261 2925 lra,
305 2858 437 2914 odio
471 2855 685 2922 imbuti,
988 2868 1111 2922 quae
1135 2860 1218 2907 est
1244 2850 1385 2906 mala
1419 2847 1616 2905 bestia.

97 2954 236 3025 Rogo
258 2953 459 3018 Deum,
486 2951 577 3021 qui
602 2949 707 3005 huc
735 2947 885 3003 misit
987 2944 1292 3000 Barnabam
1322 2939 1655 3012 apostolum,

153 3045 359 3100 Postea
383 3051 441 3098 et
461 3042 553 3113 qui
572 3039 774 3095 direxit
987 3036 1246 3107 inclytum
1289 3030 1639 3088 Ambrosium

155 3135 254 3193 Det
287 3134 462 3191 michi
485 3146 655 3191 suave
681 3132 826 3201 loqui

157 3230 209 3284 l.
250 3228 409 3284 Inter
432 3226 600 3281 multa
626 3223 882 3279 hanelosa
912 3229 966 3278 et
990 3219 1288 3292 procellosa
1322 3217 1481 3273 malis
1504 3217 1683 3272 homi-

97 3320 241 3377 nibus
264 3316 723 3392 perturbantibus
748 3324 1014 3385 tempora,
1049 3312 1101 3367 in
1130 3311 1327 3381 quibus
1344 3303 1540 3365 omnes
1563 3322 1683 3363 cor.

97 3412 233 3481 poris
273 3410 390 3466 mei
416 3422 610 3465 sensus
657 3407 728 3463 ob
758 3404 1052 3460 multarum
1080 3412 1353 3458 sectarum
1390 3398 1686 3454 varietates

96 3505 488 3557 conturbantur
530 3506 588 3555 et
631 3513 729 3569 per
783 3496 996 3552 diversa
1056 3495 1385 3555 trahuntur,
1446 3491 1684 3546 multum

96 3592 372 3649 aestuando
399 3591 457 3647 in
488 3591 672 3646 animo
710 3604 830 3644 meo
865 3586 1185 3644 consiliatus
1228 3599 1373 3649 sum,
1403 3581 1687 3638 dissidium

97 3684 231 3754 quod
265 3682 508 3741 ecclesia
546 3680 905 3737 Ambrosiana
953 3694 983 3734 a
1026 3677 1178 3733 falsis
1208 3673 1468 3730 fratribus
1500 3673 1568 3705 ¹⁸⁸
1626 3680 1685 3727 et

98 3777 590 3848 pseudoprophetis
618 3788 873 3846 perpessa
902 3781 1005 3837 est,
1036 3772 1100 3826 de
1124 3769 1320 3841 quibus
1350 3766 1610 3822 Dominus
1635 3765 1689 3819 in

97 3869 373 3941 evangelio
417 3866 594 3923 dicit:
629 3884 648 3918 ι
679 3862 959 3920 Attendite
994 3878 1024 3917 a
1071 3860 1222 3916 falsis
1257 3857 1555 3929 prophetis,
1597 3857 1691 3926 qui

101 3962 318 4017 veniunt
358 3961 434 4016 ad
482 3975 582 4016 vos
618 3959 672 4014 in
716 3956 1063 4014 vestimentis
1100 3954 1317 4017 ovium,
1367 3950 1694 4006 intrinsecus

100 4062 269 4110 autem
293 4064 419 4110 sunt
454 4052 567 4123 lupi
595 4065 823 4121 rapaces
845 4048 1189 4120 (Matth.vn,
1228 4045 1341 4114 15),
1368 4064 1384 4097 ι
1414 4052 1576 4115 prout
1605 4043 1691 4097 in-

100 4145 365 4215 geniolum
392 4158 573 4200 meum
599 4156 828 4198 narrare
854 4140 995 4195 valet
1028 4148 1085 4195 et
1105 4138 1444 4199 edisserere;
1475 4150 1687 4188 memor

106 4240 242 4309 quod
276 4237 643 4295 ecclesiarum
676 4234 939 4306 magister
982 4230 1305 4287 Ambrosius
1350 4227 1694 4283 reverendis-

1070 262 1391 323 HISTORIA
1433 262 2011 323 MEDIOLANENSIS.
2052 296 2115 307 -—
2153 266 2283 325 LIB.
2318 266 2382 323 II.

3280 269 3394 328 842

1724 388 1778 449 Α
1805 381 2161 438 disscssiones
2187 383 2251 414 ¹⁹¹
2305 391 2361 438 et
2395 382 2582 453 quales
2632 385 3071 455 perturbationes
3121 400 3220 458 per
3259 387 3387 445 ficta
3442 378 3445 381 ’
3490 412 3505 421 ·

1804 472 2113 529 rudimenta
2159 489 2191 528 a
2217 473 2330 530 suis
2367 474 2491 530 filiis
2518 477 2794 543 sustinuit,
2852 492 3100 549 quosque
3144 478 3389 537 defectus

1804 564 2086 631 habuerit;
2124 581 2229 621 non
2252 566 2375 622 altis
2395 568 2575 623 verbis
2599 569 3071 641 philosophorum,
3100 572 3196 628 sed
3227 571 3390 643 plano

1803 656 1944 729 ston
1969 660 2379 729 compositoque
2403 675 2653 717 sermone
2687 662 2977 730 labiorum,
3028 672 3193 735 prout
3243 665 3390 723 Deus

1798 764 1899 819 per
1945 750 2165 820 gloriosi
2219 751 2545 809 confessoris
2602 762 2765 825 atque
2814 756 3029 825 patroni
3086 756 3192 812 mei
3253 758 3389 813 Am-

1804 841 1971 895 brosii
2008 841 2074 872 ¹⁹¹
2103 843 2459 909 concesserit,
2480 845 2696 901 curiose
2720 863 2947 903 narrare
2977 847 3224 919 stndebo.
3263 848 3385 905 Non

1806 947 1990 1003 regum
2014 932 2152 987 bella
2176 934 2505 1000 describere,
2524 951 2630 991 non
2654 938 2971 1007 populorum
2996 924 3388 997 eommotiones

1803 1036 1897 1082 aut
1920 1028 2136 1083 urbium
2160 1028 2458 1087 seditiones
2484 1031 2737 1099 pandere,
2766 1047 2873 1087 non
2896 1032 3182 1089 verborum
3209 1034 3388 1090 succis

1804 1114 2042 1173 laborem
2086 1119 2424 1188 impendere,
2454 1136 2561 1176 non
2592 1122 2784 1177 otiosis
2812 1123 2991 1179 verbis
3020 1139 3219 1179 vacare
3250 1136 3377 1182 sata-

1803 1207 1913 1277 gni,
1951 1209 2130 1265 sciens
2158 1210 2300 1278 quod
2334 1209 2596 1265 Dominus
2648 1227 2744 1281 per
2787 1213 3127 1285 evangelium
3175 1214 3389 1281 intonat

1803 1300 1991 1356 dicens
2028 1320 2040 1356 :
2088 1322 2107 1356 ι
2139 1302 2222 1357 An
2247 1302 2503 1369 nescitis,
2536 1305 2676 1374 quod
2724 1305 2791 1361 de
2828 1306 2977 1362 omni
3014 1307 3184 1363 verbo
3212 1309 3388 1364 otioso

1803 1392 2066 1447 reddituri
2112 1393 2245 1449 estis
2303 1393 2658 1449 rationem'iu
2692 1396 2778 1451 die
2819 1396 3058 1465 judicii?
3104 1417 3123 1450 ι
3165 1397 3384 1467 (Matth.

1802 1500 1901 1551 xu,
1922 1486 2037 1554 56.)
2075 1484 2368 1555 Propterea
2408 1487 2600 1543 timore
2625 1487 2837 1544 Domini
2866 1499 3168 1559 praeventus
3188 1499 3241 1546 et
3262 1505 3405 1546 oras

1803 1577 2041 1631 tionibus
2066 1576 2212 1632 beati
2239 1579 2503 1634 antistitis
2528 1580 2595 1611 ⁸⁸³
2622 1580 2896 1637 Ambrosii
2926 1582 3129 1651 fretus,
3154 1598 3275 1654 quae
3302 1594 3385 1641 ta-

1802 1669 1970 1724 cenda
1994 1679 2121 1723 sunt
2144 1671 2361 1736 tacebo,
2392 1680 2446 1726 et
2472 1686 2590 1740 qua:
2618 1673 2673 1727 in
2702 1674 2865 1730 corde
2898 1675 3136 1733 scribere
3183 1677 3387 1733 delibe~

1726 1766 1770 1827 Β
1800 1759 1937 1825 ravi,
1971 1760 2038 1815 ad
2089 1760 2314 1816 tutelam
2344 1761 2649 1819 animarum
2674 1774 2729 1821 et
2774 1780 3065 1836 corporum
3118 1768 3382 1835 munitio-

1800 1869 1921 1908 nem
1981 1853 2035 1908 in
2064 1852 2300 1922 posteris
2328 1851 2559 1909 fideliter
2586 1854 2697 1911 Deo
2722 1856 3027 1932 opitulante
3056 1857 3380 1923 edisseram.

1797 1942 1911 1997 Non
1935 1956 2185 2012 quarens
2206 1943 2499 1998 humanam
2537 1923 2775 2015 gloriam
2795 1923 3096 2011 hominum,
3128 1961 3236 2017 non
3274 1955 3384 2002 ter-

1797 2047 2055 2088 renarum
2077 2032 2300 2087 divitias
2324 2048 2529 2098 rerum,
2556 2049 2663 2088 non
2687 2049 2914 2105 pompas
2941 2043 3036 2089 aut
3054 2024 3399 2109 ornamenta

1794 2125 2060 2189 vesnum,
2115 2137 2219 2177 non
2266 2123 2488 2189 domos,
2538 2139 2644 2180 non
2686 2139 2893 2189 servos,
2966 2140 3074 2180 non
3131 2125 3382 2193 ancillas,

1794 2230 1913 2285 qua:
1955 2214 2137 2270 omnia
2170 2216 2522 2285 imperatores
2548 2226 2605 2271 et
2644 2217 2993 2289 magistratus
3024 2217 3386 2289 consulesque

1794 2304 2021 2362 Romani
2077 2305 2206 2361 olim
2263 2322 2373 2375 prie
2410 2306 2612 2385 ceteris
2660 2308 2728 2340 ¹⁹³
2774 2309 2905 2365 dare
2955 2318 3381 2382 consueverunt,

1792 2403 1887 2457 sed
1929 2411 2137 2457 tantum
2184 2404 2253 2457 ad
2288 2402 2520 2459 salutem
2576 2414 2942 2475 posterorum,
2986 2422 3279 2478 corporum
3325 2416 3395 2475 et,

1792 2494 2097 2549 animarum
2148 2493 2384 2550 illorum.
2448 2495 2591 2552 Visis
2648 2498 2817 2553 tantis
2875 2497 3045 2568 signis
3107 2498 3383 2568 tantisque

1792 2583 2123 2649 virtutibus,
2189 2593 2246 2640 et
2315 2584 2517 2642 auditis
2579 2587 2743 2642 tantis
2797 2588 3041 2644 cladibus
3106 2589 3391 2659 tantisque,

1792 2674 2293 2744 perturbationibus
2354 2676 2458 2731 sibi
2532 2679 2855 2747 provideant
2913 2693 3144 2750 seseque
3198 2690 3383 2747 custo-

1789 2766 1960 2831 diant,
1988 2775 2041 2822 et
2068 2766 2174 2822 mei
2201 2766 2401 2823 divinis
2419 2768 2904 2840 supplicationibus
2934 2786 3205 2828 memores
3244 2772 3378 2829 sint.

1856 2857 1914 2911 2.
1981 2857 2167 2913 Sancti
2227 2857 2294 2888 ¹⁹³
2349 2857 2609 2916 Honorati
2676 2869 2919 2932 tempore
2981 2862 3381 2934 archiepiscopi
3438 2854 3443 2863 ’

1790 2946 2231 3015 ﬂediolanensis,
2257 2963 2321 3003 ac
2346 2948 2716 3007 infelicissimo
2751 2965 2876 3023 rege
2903 2950 3192 3008 Lamberto
3212 2952 3382 3007 Italiae

1794 3048 2055 3111 usurpato
2077 3038 2305 3109 imperio
2330 3038 2635 3110 imperante
2662 3040 2801 3112 (49),
2840 3041 3177 3113 clandestina
3208 3041 3381 3114 pestis

978 3123 1688 3184 nostrorllmdiSSidium‘"°
1721 3127 1768 3192 C
1798 3132 2061 3189 immensa
2117 3147 2283 3203 super
2339 3134 2527 3189 urbem
2586 3134 3039 3193 Mediolanensem
3088 3136 3382 3192 durissimo

1787 3225 1975 3281 adorta
2021 3233 2124 3281 est.
2193 3223 2319 3279 Haec
2370 3226 2572 3282 etenim
2626 3227 2695 3259 ¹⁹⁸
2748 3229 2942 3284 civitas
3002 3243 3033 3283 a
3073 3228 3382 3299 magniﬁcis

1787 3316 2241 3388 imperatoribus,
2295 3318 2484 3374 orbem
2532 3319 2842 3376 universum
2888 3336 2987 3377 suo
3043 3322 3272 3393 imperio
3314 3337 3383 3376 ac

1787 3406 1998 3479 legibus
2026 3408 2143 3464 suis
2194 3407 2294 3464 sibi
2330 3409 2755 3477 vindicantibus,
2804 3412 3070 3468 honorata
3121 3412 3382 3470 decenter

1784 3506 1842 3553 et
1865 3497 2102 3553 exaltata
2132 3509 2505 3569 competenter
2540 3500 2800 3571 reﬂoruit;
2832 3511 2995 3573 atque
3014 3518 3176 3574 super
3202 3506 3380 3576 ipsam

1792 3590 2021 3647 Iiomam
2052 3592 2153 3649 loci
2184 3596 2501 3651 amoenitate
2550 3612 2615 3652 ac
2648 3600 2791 3656 aeris
2850 3600 3173 3658 salubritate
3201 3602 3378 3673 ipsam

1786 3681 2094 3751 diligentes,
2125 3682 2262 3737 ultra
2293 3699 2484 3742 omnes
2511 3686 2676 3743 Italia:
2714 3690 2966 3747 civitates
3011 3707 3080 3748 eo
3134 3700 3379 3765 tempore

1789 3772 2181 3839 sublimantes,
2242 3776 2426 3832 multis
2478 3794 2603 3833 cum
2662 3781 2947 3838 ornatibus
3005 3783 3379 3854 imperialibus

1789 3874 2082 3919 auxerunt.
2131 3866 2200 3919 At
2245 3875 2304 3920 ut
2337 3882 2464 3923 vere
2493 3869 2559 3901 ⁸³⁷
2588 3878 2644 3926 et
2681 3871 3053 3931 indubitanter
3080 3878 3223 3945 quod
3253 3879 3375 3935 dico

1790 3955 2004 4023 credas,
2048 3957 2199 4021 audi,
2238 3959 2380 4027 quod
2420 3961 2472 4014 in
2526 3962 2831 4025 verissimis
2878 3965 3166 4025 annalibus
3213 3978 3270 4025 et
3318 3969 3379 4031 in

1790 4045 2158 4118 descriptione
2183 4048 2321 4105 situs
2352 4049 2635 4107 Mediolani
2677 4053 2791 4124 (50)
2846 4056 3083 4126 repperi,
3137 4059 3377 4128 qualiter

1794 4140 2105 4209 augustales
2133 4142 2488 4213 imperatores
2506 4146 2635 4200 olim
2660 4147 2974 4218 magisterio
3002 4149 3165 4222 regali
3198 4151 3373 4221 ipsam

1793 4230 2131 4294 ornaverint,
2165 4231 2402 4289 locantes
2423 4234 2534 4305 (5l)
2557 4236 2610 4290 in
2636 4252 2697 4290 ea
2723 4253 2873 4294 more
2901 4240 3078 4309 patrio
3114 4241 3375 4297 eximium

102 4329 260 4385 simus
288 4334 481 4402 pastor
507 4327 647 4383 dixit
674 4324 741 4361 ¹⁸⁹
779 4324 893 4396 (48)
926 4342 940 4379 :
979 4342 997 4376 ο
1046 4322 1238 4377 Omnia
1263 4334 1386 4375 cum
1435 4317 1695 4374 conscilio
1797 4330 2151 4390 augustorum
2184 4322 2435 4392 dignitati
2469 4326 2749 4396 imperiale
2785 4331 3065 4400 palatium,
3096 4332 3373 4389 theatrum

105 4420 189 4493 ⁸³⁸,
210 4420 398 4489 facito,
453 4434 524 4475 ne
553 4426 610 4475 te
653 4418 913 4489 poeniteat
964 4414 1147 4486 operis
1184 4412 1283 4477 tui,
1317 4429 1333 4463 ι
1398 4410 1695 4480 qualesque
1796 4411 2259 4481 decentissimum,
2285 4420 2601 4485 aumatium,
2629 4421 2889 4489 thermas,
2912 4437 3032 4492 quae
3052 4432 3179 4479 sunt
3200 4425 3377 4482 calida

1370 4525 1606 4581 VARIIE
1652 4516 2057 4585 LECTIONES.

139 4634 235 4717 .m
262 4636 337 4688 ita
457 4631 639 4717 clerici
665 4628 817 4717 ,ζειίῆ
864 4629 937 4717 ξδδ
962 4629 1130 4717 multa
1158 4626 1243 4717 ιξι.
1319 4624 1790 4717 ξθξξιξξζεῐξξςθὶζέι..
1860 4627 1927 4659 ³⁸³
1953 4629 2383 4717 q.._sitnnum..ﬂ.
2468 4633 2533 4668 ³⁸⁸⁷
2561 4632 3206 4717 Explici_t_lil3er_|_)rimu_s.
3235 4638 3376 4717 Inci-

107 4704 177 4773 pit
204 4704 497 4760 secundus.
524 4703 632 4756 A".
664 4701 722 4755 Β.
752 4700 835 4755 BI.
864 4700 1060 4769 Incipit
1085 4698 1341 4769 prologus
1367 4696 1638 4749 secundus
1668 4695 1790 4749 libri
1816 4695 2059 4753 secundi-
2102 4703 2383 4758 S-‘cun'lus
2416 4695 2820 4774 ystoriographi
2857 4695 3163 4765 fidelissimi
3186 4711 3376 4777 omnia

107 4777 415 4829 supradicta
431 4782 488 4829 et
539 4774 639 4828 ista
677 4772 936 4829 locorum
983 4769 1323 4825 diversorum
1369 4766 1762 4829 perscrutanda
1791 4767 1959 4824 libros
1989 4775 2343 4829 reperientes.
2372 4776 2457 4826 A’.
2550 4774 2617 4805 ’⁸⁸
2661 4776 2801 4829 deest
2833 4775 2917 4829 Bt.
3015 4780 3083 4811 ιδ’
3110 4794 3275 4829 mem.
3315 4795 3373 4829 α.

107 4769 415 4845 supradicta
431 4782 488 4829 et
539 4774 639 4828 ista
677 4772 936 4829 locorum
983 4769 1323 4825 diversorum
1369 4769 1762 4846 perscrutanda
1791 4769 1959 4824 libros
1989 4775 2343 4840 reperientes.
2372 4769 2457 4826 Δί,
2550 4769 2801 4829 “rem:
2833 4775 2917 4830 Bt.
3015 4780 3083 4811 ¹⁸⁹
3110 4794 3275 4834 mem.
3298 4771 3373 4848 ἀ,

108 4843 290 4916 beatus
320 4845 484 4916 Amb.
530 4843 667 4916 dixit
696 4843 758 4916 ρ,
827 4842 933 4916 Δ¹⁹⁰
972 4837 1339 4916 c_onsili_is_
1440 4836 1504 4866 '9‘
1550 4836 1929 4916 dissensiones
1967 4839 2053 4892 BI.
2126 4844 2239 4916 “"3
2292 4860 2399 4914 per_
2442 4843 2583 4916 beati
2634 4846 2791 4916 Arnb.
2821 4846 2895 4916 Β.
2998 4849 3065 4879 ¹⁹³
3112 4848 3254 4903 deest
3310 4849 3372 4903 Β.

110 4914 173 4991 in
212 4916 393 4991 Poet-Is
568 4911 900 4991 Isi-Titulus
930 4929 949 4966 :
991 4910 1067 4965 De
1118 4908 1400 4991 obsidion'e
1452 4905 1897 4991 regis‘Lamhet-ti
1928 4925 2091 4978 super
2126 4905 2507 4991 ΜςξάὶίίΙξιΑιίιιηὶ.
2540 4915 2651 4991 An“.
2684 4914 2764 4966 BI.
2816 4915 3016 4991 Incipit,
3052 4919 3243 4991 deetc.
3280 4920 3373 4991 ᾼῖ.

110 4977 347 5111 ἓιιειὲῗὲιιὲ
380 4985 587 5109 ἕίνίιας
636 4982 927 5039 Mediolan.
986 4997 1084 5051 per
1129 4994 1308 5051 regem
1361 4977 1706 5031 Lambertum
1752 4978 1966 5049 dirupta
1998 4977 2123 5036 est.
2178 4985 2234 5037 Β.
2326 4984 2393 5015 ¹⁹⁶
2451 4985 2526 5036 ita
2569 4983 2627 5037 Β.
2681 4992 2736 5039 et
2787 4977 3047 5057 ejus-A2
3101 4987 3216 5042 A“.
3280 4986 3372 5041 BI.

1642 5112 1774 5126 QVA—i
1802 5117 1844 5126 .-
