3934 5330
536 281 640 338 843

1558 273 1898 332 [ιΞᾹΝΒιὲιΡΙ
1933 275 2110 331 MEDII

2214 274 2486 332 iNENSlS
2529 276 2798 334 CLERICI
3699 282 3788 337 ω

535 400 751 461 balnea,
783 397 872 452 ubi
913 396 1109 468 regina!
1148 395 1532 466 imperatorum
1570 411 1768 451 uxores
1803 398 1990 452 urbem
2019 412 2118 463 pro
2149 402 2194 458 Α
2225 397 2356 450 inito
2403 397 2658 461 consilio,
2687 399 2869 452 omnia
2908 412 3028 468 qua:
3058 397 3314 453 diabolus
3371 413 3471 467 per
3510 413 3573 452 os
3620 402 3783 456 rustici

536 499 778 558 tempore
805 487 1151 543 incolentium
1182 488 1251 520 ‘9“
1273 489 1541 544 semotim
1570 503 1598 541 a
1638 487 1896 542 masculis
1947 488 2116 542 nitide

535 580 956 646 mandabantur,
989 588 1042 634 et
1065 581 1332 635 universze
1364 581 1604 636 civitatis
1651 580 1959 642 multitudo,
1992 596 2113 633 cum

533 682 749 740 tempus
791 681 846 727 et
901 671 1105 726 utilitas
1149 672 1418 741 exigebat,
1475 671 1543 725 ad
1573 672 1886 735 lavandum,
1922 673 2052 726 viris
2083 687 2114 726 a

535 763 856 819 mulieribus
879 766 1260 834 sequestratis,
1275 764 1458 819 sedule
1471 764 1890 818 concurrebant.
1913 762 2116 819 Deinde

531 855 871 918 viridarium,
909 855 1060 925 quasi
1113 855 1407 910 Paradisus
1440 856 1558 919 Dei,
1613 855 1846 910 diversis
1896 855 2114 910 insitum

531 946 819 1000 arboribus
849 958 1143 998 amoenum.
1191 945 1296 1002 Nec
1329 962 1436 1000 non
1483 961 1708 1001 arenam
1741 945 2007 1016 lapidibus
2060 956 2116 1002 et

535 1038 864 1106 magisteriis
895 1037 1128 1092 diversis
1174 1049 1448 1103 ornatam,
1504 1039 1556 1093 in
1603 1054 1707 1108 qua
1753 1040 1919 1096 totius
1950 1040 2115 1097 Italia:

531 1127 731 1184 milites
758 1128 1056 1182 consedere
1091 1137 1144 1181 et
1181 1129 1248 1181 ab
1275 1144 1381 1180 uno
1405 1137 1623 1183 oratore
1645 1129 1833 1184 audire
1879 1139 1932 1184 et
1960 1145 2113 1185 eom-

529 1221 777 1293 peteuter
801 1219 1104 1288 intelligere
1134 1230 1373 1290 possent.
1403 1222 1729 1288 Quinetiam
1774 1223 1946 1294 ipsam
1999 1240 2117 1278 am-

529 1312 830 1382 plificantes
883 1309 1158 1366 civitatem
1190 1352 1204 1376 ,
1273 1311 1412 1366 ultra
1450 1328 1612 1382 quam
1669 1313 1913 1368 Senones
1973 1315 2110 1371 Galli

532 1405 1144 1473 Inetlificaverant—qui
1159 1414 1212 1459 et
1235 1405 1330 1474 ipsi
1357 1406 1578 1458 Romam
1596 1418 1790 1476 prmter
1801 1409 2112 1478 capitolium

529 1505 790 1568 ceperunt
821 1497 887 1528 ¹⁹⁹
908 1526 980 1535 —
1000 1506 1134 1565 quot
1167 1496 1283 1549 dies
1318 1495 1368 1550 in
1399 1511 1562 1560 anno,
1597 1505 1674 1552 tot
1701 1505 1878 1552 turres
1903 1499 2113 1554 densis-

528 1591 695 1645 simas
733 1603 898 1659 opere
932 1588 1120 1660 grandi
1182 1586 1519 1643 mdificarnnt
1575 1598 1628 1643 et
1681 1590 2106 1658 compleverunt.

526 1685 792 1740 Praeterea
820 1698 982 1752 super
1009 1698 1101 1737 sex
1127 1682 1367 1736 civitatis
1388 1691 1574 1751 portas
1600 1681 1869 1737 domicilia
1903 1684 2107 1739 altissi-

2223 488 2539 558 neqnissimi
2574 489 2783 544 loculus
2801 498 2904 554 est,
2926 490 3116 545 ordine
3143 489 3471 545 Lambertus
3503 491 3773 561 complevit

2222 579 2295 632 Ea
2331 587 2651 648 tempestate
2698 596 2819 636 cum
2869 583 3026 638 cives
3066 582 3406 637 obsidionem
3461 583 3786 638 durissimum

2219 671 2538 741 reintegrari
2583 672 2868 738 vidissent,
2909 685 2969 728 et
3008 675 3277 745 angustiis
3314 675 3552 728 diversis
3595 674 3786 744 repleti,

2219 761 2504 814 consilium
2560 763 2721 831 regis,
2777 764 3137 834 quadraginta
3189 765 3420 819 ducibus
3462 765 3788 820 validissimis

2218 853 2577 906 sacramentis
2606 853 2845 910 civitatis
2877 855 3240 926 integritatem
3270 865 3326 910 et
3351 856 3558 910 civium
3587 857 3783 912 univer-

2217 956 2400 996 sorum
2440 942 2870 999 incolumitatem
2891 943 3205 1012 jurantibus
3227 945 3514 1001 audissent
3532 955 3594 1001 et
3617 947 3787 1016 pavide

2218 1034 2607 1103 suscepissent,
2661 1036 2918 1091 cordibus
2949 1037 3162 1090 illorum
3195 1037 3274 1091 rei
3321 1036 3617 1092 veritatem
3644 1054 3787 1106 augu-

2217 1125 2484 1190 rantibus,
2533 1136 2588 1179 et
2623 1127 2947 1196 pravitatem
2999 1128 3181 1182 cordis
3223 1127 3468 1196 ejusdem
3531 1127 3784 1184 [Δωδεπό

2214 1231 2322 1273 non
2349 1217 2762 1278 intellexissent.
2795 1233 2929 1288 pace
2961 1229 3017 1273 et
3041 1219 3225 1288 quich
3259 1219 3432 1285 avidi,
3478 1233 3666 1288 regem
3705 1218 3785 1272 Sa-

2215 1323 2413 1364 raceno
2438 1311 2768 1368 deteriorem
2805 1326 2928 1366 cum
2957 1313 3070 1367 suis
3108 1322 3166 1367 ut
3192 1313 3301 1368 cito
3333 1313 3570 1368 intraret
3596 1322 3655 1368 et
3692 1316 3787 1370 exi-

2214 1410 2318 1468 ret,
2346 1410 2406 1456 ut
2432 1401 2554 1472 ipse
2575 1402 2750 1457 sacris
2773 1403 3069 1475 evangeliis
3091 1401 3371 1472 juraverat
3393 1447 3409 1468 ,
3452 1404 3601 1458 malo
3629 1405 3786 1460 omine

2213 1503 2591 1565 susceperunt.
2618 1495 2864 1566 Denique
2896 1498 3035 1550 trina
3086 1506 3245 1552 nocte
3287 1506 3414 1567 post
3435 1499 3783 1567 egressionem

2212 1586 2400 1640 urbem
2429 1584 2712 1640 Mediolani
2742 1587 3071 1657 ingreditur,
3119 1588 3392 1657 aliquibus
3427 1590 3784 1658 proditoribus

2213 1678 2412 1732 muenia
2451 1679 2691 1734 civitatis
2745 1678 3122 1751 frangentibus
3161 1680 3316 1752 juxta
3359 1681 3661 1737 ecclesiam
3687 1697 3784 1752 qu:e

528 1791 618 1831 ma
647 1786 703 1832 et
722 1776 975 1838 rotunda,
1005 1790 1067 1829 ac
1090 1773 1427 1843 auteportale
1451 1774 1776 1828 altissimum
1827 1785 1882 1830 et
1942 1776 2110 1829 trian-
2139 1759 2185 1819 Β
2216 1771 2377 1826 modo
2432 1770 2632 1825 dicitur
2683 1772 2858 1827 sancti
2905 1773 3134 1828 Andreae
3161 1773 3229 1828 ad
3279 1789 3501 1828 murum
3545 1784 3780 1845 ruptum;

527 1865 713 1934 gulare
731 1878 894 1935 opere
911 1863 1296 1919 decentissima
1323 1862 1712 1932 haedilicantes,
1725 1879 1846 1934 qua:
1869 1865 2114 1921 hostibus

528 1957 827 2012 barbaricis
853 1955 1007 2025 quasi
1040 1965 1234 2009 natura
1263 1955 1471 2009 munita
1502 1955 1783 2010 introitum
1813 1955 2114 2012 contende-

528 2060 670 2114 rent,
701 2063 861 2120 agere
889 2059 1222 2119 satagerunt.
1258 2047 1339 2104 Ob
1383 2063 1522 2118 quas
1567 2064 1762 2105 causas
1813 2037 2114 2121 szepissime

527 2143 597 2196 ah
619 2142 822 2198 eisdem
855 2141 1198 2210 postmodum
1226 2140 1472 2210 augustis
1502 2139 1833 2209 frequentari
1867 2153 1921 2196 et
1950 2141 2111 2196 incoli

524 2244 579 2286 ct
605 2233 855 2288 honorari
873 2231 1060 2300 cmpit,
1081 2230 1474 2300 maximequod
1497 2241 1641 2286 esset
1669 2231 1740 2285 ibi
1769 2229 2112 2285 saluberrimi

523 2325 668 2380 aeris
693 2322 969 2394 aptissima
1005 2321 1312 2391 temperies,
1338 2321 1593 2390 locusque
1618 2320 1684 2374 ad
1707 2335 1834 2374 usus
1859 2319 2115 2374 dom-esti-

527 2430 623 2470 cos
654 2412 1108 2485 inrefragabiliter
1143 2411 1542 2483 paratissimus.
1585 2411 1736 2466 lianc
1774 2410 1955 2479 itaque
1983 2409 2115 2465 civi-

529 2520 696 2564 tatem
719 2507 1126 2579 perosissimam
1165 2505 1372 2561 habens
1402 2504 1758 2573 impiissimus
1790 2503 2114 2558 Lambertus

526 2615 620 2656 rex
645 2597 1086 2663 nefandissimus,
1112 2597 1346 2651 maxime
1368 2596 1495 2665 quia
1549 2598 1655 2650 dux
1707 2595 1963 2666 llduynus
1999 2594 2113 2664 (52)

525 2693 696 2760 ipsam
729 2699 920 2759 regens
941 2688 1219 2744 civitatem
1257 2687 1358 2742 sibi
1389 2687 1612 2741 minimc
1634 2686 1868 2752 favebat,
1898 2685 2114 2756 regibus

525 2798 647 2838 cum
679 2782 850 2837 tribus
879 2795 942 2836 ac
980 2780 1209 2835 ducibus
1257 2779 1438 2835 multis
1496 2779 1766 2843 Francim,
1807 2778 2112 2845 Sansoniaz,

523 2873 870 2930 Nurmandiae
890 2888 954 2928 ac
967 2871 1297 2935 Teutonicat,
1317 2886 1381 2925 ac
1397 2869 1751 2926 barbarorum
1771 2869 2113 2924 multitudine

526 2965 931 3029 innumerabili,
962 2978 1058 3034 per
1083 2963 1268 3018 decem
1293 2977 1486 3028 annos,
1515 2962 1698 3016 multis
1723 2976 1786 3016 ex
1815 2961 1928 3016 suis
1953 2961 2110 3016 duci-

523 3059 626 3114 bus
654 3067 709 3114 et
729 3057 992 3112 militibus
1016 3065 1068 3111 et
1100 3056 1369 3125 peditibus
1417 3054 1630 3124 sagittis
1675 3069 1739 3107 ac.
1779 3053 1952 3109 variis
1997 3063 2107 3108 tor-

525 3150 726 3206 mentis
756 3149 1036 3212 emortuis,
1069 3149 1266 3203 frustra
1299 3147 1530 3202 obsedit.
1578 3146 1684 3201 Sed
1723 3163 1844 3200 cum
1867 3147 1980 3217 jam
2013 3145 2116 3216 per

528 3243 602 3277 ’°°
642 3241 866 3298 multum
917 3256 1040 3295 cum
1091 3241 1201 3295 suis
1254 3240 1525 3294 incassum
1576 3237 1908 3304 laborasset,
1955 3248 2009 3293 et
2043 3239 2112 3294 ab

525 3335 674 3390 omni
715 3348 808 3402 spe
829 3341 973 3387 esset
997 3331 1315 3394 frustratus,
1363 3345 1426 3384 ac
1453 3329 1601 3400 regni
1649 3344 1778 3399 opes
1835 3329 2106 3386 incassum

527 3424 718 3479 videns
747 3438 868 3478 esse
911 3436 1177 3492 expensas
1215 3439 1227 3473 :
1275 3421 1494 3475 tristitia
1544 3419 1777 3489 repletus
1823 3420 2107 3484 immensa,

529 3515 635 3570 iter
678 3528 788 3584 quo
838 3512 1015 3568 abiret
1071 3511 1235 3565 miser
1297 3510 1547 3580 arripuit.
1620 3509 1832 3564 interea
1885 3509 2106 3578 quidam

528 3607 768 3663 rusticus
824 3603 1212 3674 nequissimus,
1275 3617 1396 3659 eum
1423 3601 1533 3670 jam
1566 3617 1663 3672 per
1709 3610 1818 3656 tres
1850 3601 1968 3656 dies
2006 3601 2109 3655 iter

527 3715 650 3757 cum
680 3714 778 3756 suo
803 3699 1044 3754 exercitu
1071 3697 1316 3760 abiisset,
1342 3696 1528 3751 dolens
1551 3711 1613 3750 ac
1643 3709 1864 3765 regnum
1889 3709 2108 3764 supera-

527 3804 641 3849 tum
687 3802 742 3848 et
785 3791 1157 3848 concultatnm
1204 3788 1542 3852 acclamans,
1600 3787 1786 3844 scissis
1843 3786 2102 3850 vestibus,

530 3883 686 3956 quasi
725 3897 888 3938 verus
921 3881 1159 3936 furiosus
1209 3880 1456 3950 pervenit
1486 3880 1552 3933 ad
1583 3893 1783 3949 regem.
1834 3877 1934 3944 Qui
1984 3893 2106 3932 cmn

527 3975 592 4028 ad
642 3985 824 4043 regem
853 3971 1111 4035 venisset,
1160 3968 1306 4023 dedit
1350 3967 1635 4022 consilium
1689 3975 1957 4036 quatenus
2011 3981 2104 4022 rex

526 4076 649 4117 eum
677 4060 788 4115 suis
807 4059 1062 4114 omnibus
1083 4055 1420 4112 obsidionem
1436 4052 2108 4109 destitutamvalidissimis

527 4149 920 4209 assertionibus
949 4151 1208 4215 iteraret;
1265 4164 1329 4202 ac
1362 4148 1569 4202 interea
1597 4145 1752 4216 pauci
1808 4143 2105 4200 ﬁdelissimi

2215 1862 2401 1932 sicque
2430 1871 2488 1916 ut
2525 1877 2617 1917 rex
2650 1863 2953 1933 juraverat,
3009 1879 3118 1918 non
3167 1879 3267 1934 per
3314 1874 3538 1934 portam
3572 1864 3784 1920 civitatis

2216 1955 2309 2010 sed
2339 1970 2437 2026 per
2493 1965 2774 2024 rupturam
2829 1957 3108 2029 ingressus
3149 1965 3261 2021 est,
3313 1968 3369 2012 ut
3417 1957 3782 2026 jusjurandum

2214 2048 2505 2104 observare
2533 2048 2828 2103 videretur.
2870 2048 2988 2116 Quo
3016 2048 3159 2103 facto
3194 2048 3523 2103 Lambertus
3548 2049 3784 2104 crudelis-

2215 2139 2409 2203 simus,
2442 2137 2548 2193 ﬁde
2577 2153 2642 2193 ac
2665 2138 2774 2193 Deo
2807 2138 3028 2205 oblitus,
3059 2138 3250 2209 gladiis
3269 2139 3580 2209 evaginatis
3604 2137 3782 2194 civium

2214 2240 2450 2300 stragem
2481 2229 2804 2284 immensam
2839 2240 2948 2283 tam
3005 2230 3353 2300 parvulorqu
3386 2246 3557 2300 quant
3589 2245 3781 2289 senum,

2218 2330 2325 2377 tam
2351 2321 2610 2392 juvenum
2636 2337 2798 2392 quain
2831 2321 3118 2388 infantum,
3155 2323 3312 2378 furiis
3360 2323 3560 2392 plenus
3607 2323 3782 2377 damu-

2216 2415 2455 2479 uiorum,
2491 2415 2784 2469 inhumane
2817 2416 2980 2470 dedit.
3015 2414 3155 2482 Quin
3187 2416 3350 2470 etiam
3385 2415 3632 2469 civitatis
3662 2414 3782 2484 pala-

2217 2507 2311 2572 tia,
2345 2516 2542 2571 turres,
2595 2516 2650 2560 et
2698 2504 2814 2574 ejus
2865 2506 3191 2574 municipia,
3247 2507 3551 2577 omniaque
3601 2506 3778 2560 civium

2215 2597 2536 2661 munimina,
2565 2612 2685 2664 quae
2709 2597 2778 2650 ob
2802 2596 3042 2652 civitatis
3069 2596 3468 2652 munimentum
3494 2596 3668 2652 Breno
3692 2596 3782 2650 dux

2215 2686 2493 2742 Gallorum
2547 2703 2611 2742 ac
2669 2685 2840 2742 Nerva
2873 2704 2938 2743 ac
2998 2688 3266 2759 Trajanus
3328 2703 3395 2744 ac
3442 2687 3782 2743 Maximianus

2216 2778 2454 2834 crudelis
2525 2786 2579 2833 et
2611 2777 2699 2832 alii
2752 2779 3106 2849 imperatores
3163 2788 3609 2844 construxerant,
3638 2777 3779 2847 ,ωει-

2217 2869 2314 2923 leis
2333 2884 2399 2924 ac
2454 2871 2736 2939 manganis
2782 2870 2895 2940 (55)
2932 2871 3304 2925 destruebant.
3333 2871 3544 2926 Eodem
3585 2880 3638 2926 et
3679 2885 3780 2924 san-

2216 2973 2337 3018 ctus
2386 2962 2578 3018 beatus
2633 2971 2878 3032 tempore
2931 2964 3001 2995 ὀι
3033 2963 3373 3030 Ambrosius,
3418 2965 3616 3020 videns
3657 2965 3782 3018 civrs

2215 3062 2270 3107 et
2333 3051 2610 3106 civitatem
2677 3053 2946 3108 hostiliter
2980 3055 3254 3109 devastari
3307 3062 3476 3124 atque
3532 3055 3782 3119 consumi.

2213 3142 2268 3198 in
2298 3149 2457 3196 nocte
2468 3141 2641 3195 sancti
2663 3141 2850 3197 Severi
2867 3141 2980 3213 (54)
3005 3152 3058 3196 et
3087 3143 3199 3213 ipse
3221 3159 3495 3214 apparens
3514 3143 3781 3198 Lamberto

2214 3229 2352 3284 dixit
2388 3229 2621 3286 nefando
2654 3243 2668 3283 :
2705 3248 2724 3282 ι
2762 3230 2806 3287 0
2847 3232 2940 3287 Dei
2972 3242 3026 3288 et
3049 3233 3326 3288 hominum
3362 3235 3608 3303 inimice,
3633 3235 3779 3290 Deum

2213 3330 2440 3392 negatus
2489 3338 2554 3378 ac
2603 3332 2778 3379 morte
2838 3325 3213 3395 dampnatoria
3269 3327 3519 3398 dignus,
3601 3326 3779 3396 injuste

2212 3419 2434 3473 diruens
2465 3418 2735 3474 civitatem
2757 3429 2813 3474 et
2839 3417 2956 3488 ejus
2985 3421 3306 3486 munimina,
3338 3438 3464 3492 qua:
3492 3439 3593 3494 ego
3614 3423 3677 3477 ad
3701 3420 3778 3475 Dei

2213 3510 2472 3566 honorem
2512 3521 2567 3566 et
2614 3511 3041 3568 christianorum
3097 3514 3452 3570 incolentium
3511 3517 3778 3572 utilitatem

2211 3602 2465 3657 benedixi
2510 3615 2564 3658 et
2605 3605 2964 3660 consecravi!
3009 3607 3290 3676 gentiliter
3325 3607 3588 3678 populum
3625 3610 3778 3662 inter-

2211 3694 2410 3760 emisti,
2444 3711 2605 3765 quem
2652 3697 2794 3752 Deus
2817 3713 2915 3753 suo
2963 3699 3226 3770 sanguine
3256 3701 3504 3770 pretioso
3535 3702 3590 3757 in
3634 3715 3777 3755 cruce

2210 3786 2452 3856 pendens
2486 3789 2734 3843 redemit.
2766 3789 2974 3846 Noscas
3022 3792 3202 3860 itaque
3250 3807 3351 3846 nec
3408 3803 3463 3849 te
3493 3810 3594 3850 nec
3643 3803 3776 3847 tuum

2210 3879 2478 3934 hmredem
2502 3881 2591 3934 ditt
2618 3890 2803 3936 tenere
2830 3883 3140 3953 imperium,
3169 3899 3235 3938 ac
3278 3894 3456 3938 morte
3486 3885 3776 3953 turpissima

2211 3980 2270 4024 ut
2299 3973 2452 4025 canis
2473 3973 2740 4029 morieris.
2774 3973 2889 4030 Hoc
2915 3976 3121 4038 audito,
3179 3974 3366 4030 relicta
3419 3975 3666 4040 civiiate,
3703 3991 3776 4028 se-

2208 4075 2332 4116 cum
2359 4063 2512 4132 quasi
2549 4063 2601 4116 in
2628 4064 2848 4119 exilium
2876 4065 3044 4120 filium
3087 4067 3276 4121 llduiui
3310 4072 3521 4124 ducens
3549 4069 3778 4124 Parmam

2213 4152 2460 4218 tetendit,
2492 4153 2646 4222 eujus
2675 4171 2872 4211 nomen
2927 4168 3048 4212 erat
3094 4161 3209 4213 ΑΖο
3241 4159 3378 4229 (55),
3434 4175 3596 4230 quem
3629 4167 3779 4213 atate

524 4252 744 4313 pactum
779 4255 904 4296 cum
941 4239 1152 4294 civibus
1182 4248 1238 4291 ct
1267 4237 1403 4292 duce
1449 4235 1690 4306 Ilduyno.
1750 4241 1809 4287 ιιι
1859 4248 1953 4288 rex
1982 4249 2105 4288 cum
2201 4241 2552 4310 juvenculum
2599 4245 2782 4302 divino
2819 4258 2950 4302 nutu
2975 4249 3110 4306 adeo
3142 4250 3356 4316 dilexit,
3386 4262 3442 4306 ut
3477 4253 3594 4309 sine
3620 4266 3779 4322 puero

524 4333 638 4386 suis
666 4329 950 4385 civitatem
982 4337 1191 4382 tantum
1216 4327 1443 4380 intraret
1467 4333 1521 4379 et
1556 4324 1751 4390 exiret,
1781 4331 1836 4399 et
1857 4323 2108 4379 omnibus

523 4423 734 4478 civibus
764 4419 966 4485 illaesis,
991 4419 1210 4489 triginta
1235 4433 1298 4473 ex
1326 4417 1438 4472 suis
1462 4416 1690 4472 ducibus
1713 4416 1918 4472 sanctis
1941 4432 2106 4472 evan-

525 4513 678 4581 geliis
746 4509 1139 4565 aliirmantibus
1201 4518 1512 4580 satageret;
1570 4508 1767 4564 exinde
1826 4508 2102 4563 civitatem

523 4605 910 4672 introgressus,
949 4611 1011 4657 ut
1063 4601 1318 4658 dominus
1367 4601 1604 4657 civitatis
1660 4609 1712 4656 et
1751 4599 2105 4655 incolentium

525 4707 805 4770 appareat,
837 4708 917 4762 ct,
952 4706 1013 4752 ut
1057 4697 1239 4754 meriti
1266 4705 1414 4763 sunt,
1444 4697 1619 4767 ruptis
1647 4695 1946 4752 fmderihus
1981 4711 2108 4752 suos

524 4805 781 4846 exercere
803 4790 1018 4846 studeat
1045 4790 1136 4856 πί,
1176 4806 1242 4846 ac
1277 4805 1335 4846 se
1375 4805 1670 4862 numquam
1719 4791 1872 4845 urbis
1918 4798 2108 4858 portas

525 4885 848 4939 intraturum
872 4882 1228 4953 jurejurando
1268 4883 1519 4938 sancivit.
1574 4883 1742 4954 Igitur
1795 4880 2104 4936 detesmhili

2208 4331 2372 4387 nichil
2395 4345 2580 4404 ageret
2606 4351 2698 4390 rex
2729 4335 3070 4394 Lambertus.
3099 4339 3343 4406 Quiequ
3370 4357 3470 4411 per
3493 4352 3604 4398 tres
3619 4355 3778 4395 amics

2211 4424 2264 4480 in
2301 4425 2404 4481 illis
2429 4428 2675 4496 partibus
2703 4442 3031 4499 moraretur,
3065 4436 3298 4504 quadam
3328 4436 3418 4491 die
3447 4450 3503 4492 et
3533 4439 3641 4508 ipse
3663 4450 3778 4505 spa-

2211 4516 2347 4572 tiare
2397 4518 2788 4588 desiderasset,
2838 4532 3036 4578 venatu
3083 4525 3239 4596 juxta
3299 4541 3524 4583 nemora
3574 4528 3772 4586 ductus,

2209 4609 2412 4680 sparsis
2458 4612 2687 4667 canibus
2745 4629 2810 4670 ac
2863 4615 3195 4674 intromissis
3239 4619 3574 4684 nemoribus,
3625 4627 3680 4672 et
3712 4616 3776 4646 ’”

2210 4711 2499 4760 venatores
2522 4707 2701 4776 sagaci
2732 4708 2950 4780 ingenio
2969 4709 3288 4781 sylvestrem
3316 4709 3492 4768 feram
3545 4711 3777 4767 invenire

2209 4802 2488 4856 curarent,
2524 4795 2848 4865 gravissimo
2883 4807 3183 4868 occupatus
3211 4814 3426 4864 somno,
3477 4801 3527 4853 in
3580 4795 3777 4867 grumi!

2212 4879 2306 4934 filii
2337 4881 2542 4953 llduyni
2574 4903 2637 4942 ac
2666 4905 2824 4946 servo
2861 4888 2979 4959 ejus
3007 4899 3222 4948 astante
3248 4891 3454 4963 quievit
3476 4891 3603 4963 (56).
3626 4887 3776 4957 Quod

1846 5033 2076 5091 VARI/ii
2119 5034 2527 5094 LECT10NES.
