3934 5330
133 132 245 190 855

1118 128 1438 185 HISTORIA
1479 124 2050 181 MEDIOLANENSIS.
2093 153 2160 166 ——
2191 124 2322 180 LIB.
2348 122 2408 181 ll.

3310 119 3417 191 84a}

131 261 196 303 ut
215 247 483 302 viditAzo
511 246 713 318 llduyni
744 246 1255 309 ﬁlius,cord‘ortatus
1292 260 1320 294 a
1346 257 1524 304 servo,
1549 239 1729 292 oumia
1761 242 1808 301 Α
1906 238 1961 292 3.
2003 238 2170 307 Igitur
2199 241 2269 270 ¹⁰⁸
2290 238 2540 293 omnibus
2561 237 2829 307 episc0pts
2851 278 2864 300 ,
2897 235 2988 306 qui
3024 244 3151 291 ante
3184 237 3424 292 admira-

132 337 279 391 mala
313 353 434 407 quae
464 339 566 392 sibi
595 347 651 392 et
680 338 820 407 patri
849 336 1104 390 intulerat
1132 334 1512 395 reminiscens,
1545 345 1726 400 regem

133 427 328 481 multis
355 428 678 499 ambagibus
705 426 950 482 excussis
974 425 1223 480 occidere
1241 423 1470 487 statuit;
1495 435 1729 490 cumque

131 515 382 586 gladium
431 533 537 574 non
591 519 859 574 inveniret
909 518 975 574 ad
1022 517 1404 589 jugulaudum,
1457 529 1616 570 secus
1665 528 1725 567 se

130 607 354 676 spinam
374 609 890 664 viditacutissimam
915 609 1316 678 grandetnque;
1344 624 1449 677 qua
1481 614 1723 675 arrepta,

131 698 516 764 velutcanem,
543 708 599 753 ut
623 699 946 770 praedixerat
973 699 1162 753 beatus
1188 699 1525 763 Ambrosius,
1553 698 1726 766 ipsum

132 795 380 842 tractare
406 789 640 853 curavit,
673 805 738 843 ac
790 789 964 858 ipsum
1014 804 1270 858 percussa
1313 788 1553 842 mamilla
1607 803 1727 841 cor-

133 878 303 933 dialia
331 881 580 950 protinus
606 881 884 935 interemit
908 878 1223 952 (57).Cujus
1242 893 1438 934 carnes
1458 877 1728 932 terribiles

133 967 389 1024 vultures
417 981 472 1025 et
509 971 657 1026 corvi
709 970 917 1024 siuistri
963 971 1154 1024 rostris
1201 968 1533 1024 avidissimis
1568 981 1722 1020 man-

133 1056 336 1112 dentes
367 1059 723 1128 sepelierunt;
748 1069 804 1114 et
833 1058 906 1090 ὀδ
933 1074 1065 1129 puer
1085 1061 1408 1128 Azoequum
1427 1059 1726 1113 ascendens

135 1150 375 1221 regium,
393 1149 751 1206 Mediolanum
775 1152 1067 1216 accelerat,
1083 1152 1171 1206 ubi
1195 1151 1473 1205 civitatem
1489 1150 1722 1203 dirutam

132 1262 303 1316 quam
339 1248 534 1304 melius
559 1247 735 1318 potuit
762 1248 1099 1313 reformavit,
1130 1262 1258 1317 rege
1294 1263 1322 1300 a
1385 1245 1726 1301 silvestribus

133 1337 367 1394 laniato.
398 1339 571 1408 Quem
608 1356 730 1396 cmn
761 1341 843 1395 sui
882 1340 1082 1393 milites
1104 1355 1203 1409 per
1225 1348 1334 1393 tres
1358 1339 1474 1392 dies
1495 1337 1726 1391 circum~

136 1446 359 1504 quaque
386 1443 667 1504 vagantes,
709 1434 964 1488 carnibus
993 1433 1224 1496 abrosis,
1257 1433 1471 1486 ossibus
1511 1441 1722 1484 tantum

136 1529 537 1598 apparentibus
568 1530 917 1588 invenerunt,
949 1537 1001 1581 et
1027 1527 1144 1597 ejus
1173 1526 1354 1580 omnia
1397 1524 1718 1577 invenerunt

1833 328 1995 383 bilem
2023 331 2390 383 confessorem
2421 329 2771 384 Ambrosium
2795 329 3046 397 religiose
3069 339 3124 383 et
3152 329 3420 384 catholico

1831 421 2201 490 episcopatum
2227 429 2537 488 tenuerunt,
2573 421 2798 492 ipsoque
2836 436 2961 477 eum
3003 421 3112 476 illis
3141 422 3414 492 episcopis

1833 512 1925 582 qui
1964 521 2086 582 post
2105 527 2228 567 eum
2263 513 2382 569 vice
2421 512 2813 583 discipulorum
2869 511 3085 569 Domini
3143 514 3419 570 subsecuti

1833 613 1981 672 sunt,
2018 605 2085 661 ad
2109 605 2370 662 caelorum
2399 621 2566 677 regna
2587 621 2712 662 cum
2739 605 2956 663 Christo
2978 607 3418 678 tripudiautibus,

1834 694 2062 760 Fronto,
2094 696 2146 750 itt
2174 712 2283 766 quo
2297 711 2488 753 omnes
2519 698 2758 753 thesauri
2783 697 3007 754 malitiae
3035 698 3105 728 ¹⁰⁶
3137 708 3190 753 et
3226 699 3420 769 phare-

1832 795 1928 841 trae
1957 787 2325 858 nequitiarum
2351 796 2407 842 et
2434 803 2602 858 prava
2657 789 2872 861 ingenia
2929 789 3175 845 omnium
3235 806 3418 846 reruut

1830 889 1980 942 sunt,
2020 878 2338 933 cathedram
2376 879 2793 936 Anthrosianam
2836 881 3088 953 indignus
3115 890 3170 936 ct
3220 883 3417 938 innue-

1835 967 1972 1022 ritus
2002 968 2173 1023 utfur
2227 979 2280 1024 et
2312 969 2452 1026 latro
2508 970 2726 1025 invasit.
2777 971 2879 1038 Qui
2939 982 3093 1028 ortus
3148 974 3421 1030 nobilibus

1833 1061 2170 1130 parentibus.
2232 1077 2338 1117 non
2387 1061 2441 1116 in
2492 1063 2719 1117 scientia
2771 1065 2864 1119 Dei
2931 1080 3034 1122 nec
3086 1067 3140 1121 in
3184 1066 3420 1123 cultibus

1832 1151 2034 1207 divinis
2063 1168 2285 1222 operam
2309 1152 2480 1218 dedit,
2512 1153 2608 1208 sed
2652 1155 2706 1208 in
2737 1169 2870 1210 auro
2895 1166 2953 1213 et
3007 1167 3233 1228 argento
3271 1159 3418 1214 loeu-

1830 1243 1983 1313 ples,
2039 1245 2329 1300 monilibus
2382 1245 2568 1311 dives,
2631 1248 2806 1302 servis
2873 1257 2929 1304 et
2991 1251 3208 1306 ancillis
3269 1251 3421 1306 valde

1829 1335 2147 1392 habundans
2184 1337 2302 1392 fuit.
2343 1338 2414 1392 At
2460 1347 2724 1408 quantum
2782 1337 2884 1395 fuit
2934 1343 3176 1396 omnium
3244 1345 3415 1397 virtu-

1830 1437 1943 1482 tum
1984 1429 2248 1484 bonarum
2297 1429 2472 1483 nudus
2531 1439 2587 1484 et
2638 1445 2864 1500 pauper,
2921 1433 3256 1503 subsequens
3301 1435 3416 1491 lec-

1829 1520 1905 1574 tio
1966 1520 2380 1576 demonstrabit.
2455 1521 2654 1577 Plenus
2714 1524 2987 1590 avaritia,
3049 1540 3170 1595 quae
3235 1543 3412 1597 neque

134 1620 467 1675 vestimenta
495 1620 616 1675 tabe
638 1630 692 1674 et
715 1619 991 1674 vermibus
1013 1634 1074 1671 ac
1108 1616 1300 1671 fauore
1327 1613 1723 1678 sordidissima,
1760 1601 1800 1658 Β
1833 1611 1988 1680 copia
2037 1622 2266 1682 augetur
2332 1629 2508 1682 neque
2573 1614 2753 1686 inopia
2793 1617 3152 1688 extinguitur,
3193 1618 3260 1675 de
3309 1636 3415 1688 qua

137 1711 329 1768 tristes
359 1729 423 1767 ac
451 1713 634 1767 miseri
667 1711 958 1781 sepulturae
992 1726 1098 1764 non
1122 1719 1182 1762 ut
1213 1723 1394 1777 regem
1439 1707 1724 1761 dederunt.

134 1801 254 1869 Qua
285 1810 609 1873 tempestate
635 1817 759 1856 cum
789 1802 1064 1856 venissent
1097 1800 1149 1856 ιιι
1203 1799 1412 1854 Italiam
1466 1796 1724 1852 dirissimi

134 1893 507 1962 Langobardi,
554 1911 660 1949 non
691 1903 975 1965 parcentes
1013 1891 1305 1963 juvenibus
1335 1906 1434 1946 nec
1465 1891 1722 1956 senibus;

135 1985 228 2053 qui
259 1994 315 2038 et
347 1985 446 2054 ipsi
472 1985 702 2053 gentiles
741 1984 1076 2056 ingentiliter
1105 1998 1224 2038 sese
1248 1981 1530 2047 habentes,
1565 1996 1730 2036 vene-

135 2087 268 2131 runt
298 2077 683 2133 Mediolanum.
722 2077 832 2133 llos
873 2077 1180 2147 praevidens
1210 2077 1404 2133 beatus
1457 2075 1727 2144 archiepi-

134 2185 338 2239 scopus
373 2169 704 2234 Honoratus,
736 2170 919 2225 sciens
943 2169 1219 2224 civitatem
1243 2168 1602 2230 devastatam,
1627 2182 1727 2222 nec

134 2276 245 2314 non
302 2269 510 2331 apeste
537 2262 805 2316 vermium
859 2259 1260 2324 crudelissima,
1313 2267 1369 2312 et
1422 2257 1728 2311 hominibus

137 2351 635 2407 innumerabilibus
664 2351 947 2417 emortuis,
977 2360 1032 2406 et
1055 2352 1204 2405 cives
1227 2349 1519 2404 bellatores
1543 2364 1572 2402 a
1599 2363 1723 2401 cru-

135 2442 418 2498 delissimo
448 2442 740 2498 Lamberto
776 2441 894 2498 fore
939 2442 1120 2512 gladio
1168 2441 1495 2496 dilaceratos
1525 2459 1539 2495 :
1576 2441 1725 2494 mani

135 2532 386 2589 ecclesiae
419 2533 671 2589 thesauro
693 2543 914 2604 arrepto
954 2533 1182 2588 tendens
1213 2533 1267 2586 in
1311 2531 1564 2597 .lanuam,
1615 2542 1669 2584 ut
1698 2549 1726 2585 a

136 2625 397 2682 manibus
426 2625 908 2697 Longobardorum
947 2627 1206 2696 eriperet,
1246 2625 1482 2681 ﬁdeliter
1524 2626 1724 2695 depor—

139 2717 296 2771 tavit.
342 2715 446 2772 Hic
471 2718 618 2772 enim
649 2726 772 2788 post
811 2717 1020 2787 aliquot
1061 2718 1178 2772 dies
1211 2727 1366 2784 capta
1418 2717 1640 2772 civitate
1698 2732 1728 2770 a

137 2806 536 2880 Longohardis,
561 2823 681 2877 quae
708 2822 864 2863 muro
915 2818 972 2863 et
1015 2809 1256 2864 turribus
1301 2810 1578 2863 devastata
1627 2810 1719 2863 diu

138 2901 314 2956 teneri
353 2916 462 2956 non
496 2902 690 2972 potuit,
723 2900 814 2956 Dei
848 2901 1216 2956 misericordia
1252 2910 1304 2955 et
1325 2901 1439 2969 ejus
1465 2899 1726 2971 patientia

137 3005 412 3045 summam
447 2992 748 3047 amicitiam
782 2993 925 3063 regis
947 3001 1002 3047 et
1024 2991 1502 3062 Longobardorum
1533 2993 1728 3061 adepta

137 3079 260 3146 fuit,
288 3082 344 3135 iit
377 3091 584 3136 tantum
618 3091 672 3136 ιιι
711 3083 893 3136 multis
915 3083 1210 3153 privilegiis
1245 3081 1536 3152 multisque
1571 3097 1727 3137 cere-

139 3174 360 3240 maniis,
401 3175 656 3246 quicquid
683 3176 1183 3246 archiepiscopatus
1215 3177 1458 3243 haberet,
1487 3177 1555 3232 ab
1583 3177 1727 3231 omni

139 3276 301 3336 gente
321 3277 381 3321 et
414 3282 540 3338 rege
581 3269 782 3323 intacta
825 3279 875 3322 et
930 3267 1094 3322 illaesa
1134 3279 1534 3336 permanerent.
1577 3268 1731 3324 Uu.‘.c

138 3369 328 3428 postea
360 3361 672 3416 Desiilerius
723 3378 816 3418 rex
853 3361 1334 3432 Longobardorum
1377 3361 1468 3417 Dei
1516 3362 1732 3416 miseri-

141 3453 323 3507 cordia
359 3451 540 3508 factus
568 3454 932 3518 christianus,
975 3453 1107 3508 inibi
1131 3453 1306 3508 sancti
1340 3452 1604 3513 Vincentii
1635 3469 1729 3508 cc-

141 3545 362 3600 clesiatn
395 3555 452 3600 et
488 3545 875 3602 monachorum
925 3546 1235 3601 cmnobium
1275 3561 1372 3616 pro
1403 3545 1596 3600 animate
1620 3559 1732 3600 suae

144 3641 386 3697 remedio
419 3641 603 3696 multis
631 3642 876 3696 ornando
903 3639 1124 3711 praediis
1155 3650 1208 3695 et
1240 3638 1482 3694 castellis
1523 3638 1728 3692 haedili-

143 3729 444 3801 eavit(58).
472 3729 638 3798 Cujus
683 3738 838 3786 actus
886 3730 1238 3800 gravissimos
1283 3737 1465 3799 postea
1527 3728 1731 3782 habens

141 3819 439 3883 Adrianus,
475 3819 568 3890 qui
602 3829 657 3875 et
713 3820 826 3890 ipse
878 3819 1120 3888 pontifex
1182 3818 1482 3881 Romanus,
1533 3816 1732 3872 Carolo

143 3909 332 3983 Magno
357 3911 536 3982 Pipini
573 3912 702 3977 ﬁlio,
727 3921 784 3967 ut
818 3928 946 3968 suas
977 3912 1225 3967 civitates
1252 3927 1280 3965 a
1311 3910 1560 3965 manibus
1589 3909 1734 3965 Desi-

143 4003 274 4058 derii
334 4012 599 4065 erueret,
650 4004 834 4074 virgas
879 4003 1215 4074 episc0pales
1267 4003 1332 4057 ad
1365 4003 1732 4057 investieudos

145 4095 432 4166 episcopos
462 4103 518 4150 et
550 4094 740 4150 anulos
771 4095 906 4151 citra
935 4094 1017 4149 fas
1063 4105 1116 4150 et
1162 4095 1389 4158 licitum,
1415 4104 1474 4148 ut
1521 4093 1730 4148 clavum

144 4184 294 4239 clavo
324 4185 646 4256 expelleret,
670 4187 879 4256 printus
905 4185 1071 4241 dedit.
1107 4187 1210 4254 Qui
1246 4187 1376 4242 mihi
1412 4193 1592 4241 autent
1626 4201 1732 4239 non

145 4279 333 4344 credit,
360 4281 507 4350 legat
542 4279 858 4338 Pontiﬁcale
877 4282 1248 4337 Romanorum
1275 4297 1367 4337 seu
1407 4293 1558 4353 gesta
1586 4281 1728 4335 Lon-

147 4369 534 4437 gobardcrum,
566 4374 822 4442 quoniam
852 4389 974 4444 quae
996 4375 1104 4430 dixi
1141 4375 1369 4430 ﬁdeliter
1398 4383 1628 4430 tractata
1657 4373 1728 4427 ibi

150 4461 382 4529 reperiet
403 4461 539 4533 (59).
569 4465 642 4517 At
693 4464 1008 4535 priusquam
1049 4466 1444 4521 clandestinam
1496 4480 1592 4534 pes
1618 4479 1729 4528 em,

149 4567 263 4622 qua:
281 4555 494 4610 clerum
528 4558 690 4612 tutius
713 4557 1089 4614 Ambrosinus:
1115 4559 1358 4614 ecclesiae
1380 4558 1525 4612 velut
1549 4569 1733 4612 torvus

151 4641 231 4699 leo
255 4646 634 4702 crudelissime
665 4649 881 4714 invasit,
905 4649 1103 4712 dicam,
1129 4659 1184 4704 et
1210 4666 1239 4704 a
1264 4666 1372 4720 quo
1402 4651 1558 4705 sedes
1589 4650 1731 4705 bea'i

150 4735 419 4792 Ambrosii
454 4756 552 4810 per
585 4741 960 4809 symouiacam
998 4741 1246 4796 haeresim
1271 4741 1640 4797 contaminata
1681 4750 1734 4795 et

152 4825 344 4882 violata
381 4831 534 4900 prius
563 4832 684 4897 fuit,
715 4833 1002 4887 enucleare
1045 4848 1148 4886 non
1181 4834 1446 4888 desinam.

1830 1705 1964 1757 dicit
1987 1705 2303 1774 apostolus:
2343 1725 2360 1756 ι
2393 1706 2660 1773 Avaritia,
2703 1724 2825 1778 qua:
2865 1721 2951 1765 est
2980 1710 3265 1780 ydolorum
3301 1727 3418 1767 scr-

1833 1796 1972 1848 titus
2029 1794 2253 1863 (Coloss.
2298 1813 2390 1863 tu,
2421 1797 2498 1868 ὓ),
2533 1817 2550 1849 ι
2595 1808 2651 1853 et
2706 1800 2963 1857 Dominus
2996 1803 3048 1856 in
3091 1804 3418 1874 evangelio:

1835 1904 1852 1935 ι
1890 1886 2080 1956 Cupidi
2119 1897 2174 1942 et
2217 1889 2364 1943 avari
2408 1906 2510 1944 non
2545 1889 2830 1948 intrabttnt
2872 1895 2922 1948 in
2963 1911 3186 1964 regnum
3229 1898 3366 1966 Dei;
3398 1919 3416 1951 ι

1831 1974 2056 2044 insuper
2093 1979 2410 2034 ambitiosus
2459 1980 2598 2035 ultra
2645 1999 2804 2050 quam
2853 1987 2998 2039 credi
3031 1997 3231 2055 plliC:l.
3269 1988 3420 2056 Quae

1830 2066 1899 2097 ⁸⁸⁷
1930 2065 2128 2122 factum
2155 2079 2260 2133 est,
2284 2084 2498 2126 mortuo
2524 2073 2796 2129 llonorato
2821 2078 3103 2148 episcopo.
3132 2090 3334 2135 tantum
3369 2085 3422 2136 ιιι

1832 2158 2052 2212 nomine
2082 2169 2344 2229 quantum
2377 2163 2429 2216 in
2460 2163 2637 2219 officio
2667 2165 3044 2235 honorandus,
3076 2173 3167 2240 qui
3199 2183 3426 2230 octavus

1831 2247 2076 2303 decimus
2102 2260 2225 2318 υοδῑ
2255 2253 2466 2307 heattnu
2498 2254 2843 2312 Ambrosium
2873 2260 3042 2327 sedit,
3077 2264 3232 2318 turba
3262 2267 3421 2321 nubi-

1832 2338 1961 2393 littm
2002 2350 2056 2394 et
2105 2343 2302 2412 populo
2340 2347 2606 2402 immenso
2643 2351 2915 2406 catholico
2952 2355 3202 2424 religiose
3242 2368 3292 2412 et
3332 2377 3425 2414 ca-

1832 2433 2028 2489 tholice
2064 2436 2378 2506 episcopum
2420 2440 2473 2493 iit
2505 2439 2674 2496 Deunt
2717 2447 3088 2513 quaerentibus
3113 2457 3167 2504 et
3209 2452 3425 2506 desue-

1831 2525 2080 2581 rantibus
2109 2543 2232 2582 cum
2264 2530 2517 2587 universo
2553 2533 2700 2589 clero
2729 2555 2745 2590 ε
2779 2553 2907 2592 ecce
2933 2541 3112 2595 subito
3143 2542 3423 2600 fasciuatis

1831 2615 2016 2672 multis
2051 2618 2121 2650 ⁸⁸⁸
2157 2630 2508 2693 utrarumque
2546 2627 2816 2695 partium,
2858 2631 3036 2700 populi
3079 2635 3328 2691 videlicet
3369 2648 3426 2694 et

1832 2706 2122 2773 nobilium,
2169 2710 2434 2768 immensa
2467 2717 2804 2784 perturbatio
2833 2732 2950 2775 orta
2982 2732 3085 2777 est.
3121 2723 3285 2792 Igitur
3313 2728 3426 2782 ele-

1830 2798 2011 2854 ctione
2053 2803 2388 2870 perturbata,
2424 2804 2658 2872 Fronto,
2698 2811 2948 2866 omnibus
2992 2813 3149 2870 bonis
3184 2819 3424 2875 nudatus

1835 2889 2125 2960 multisque
2157 2894 2382 2948 vestitus
2415 2895 2590 2960 vitiis,
2640 2901 2831 2968 spiritu
2875 2903 3112 2974 maligno
3144 2909 3378 2978 repletus
3403 2935 3428 2978 ,‘

1757 2976 1802 3039 C
1835 2979 2014 3036 sciens
2049 2998 2108 3038 se
2147 2999 2244 3052 per
2278 2986 2600 3042 catholicam
2635 2991 2958 3047 eiectionem
2988 2995 3117 3050 cieri
3148 2976 3216 3053 eti
3240 2976 3422 3070 populi

1832 3075 2202 3145 episcopatum
2252 3079 2474 3134 minime
2511 3083 2710 3138 habere
2753 3101 2946 3155 posse,
2982 3104 3104 3144 cum
3157 3093 3424 3150 immenso

1831 3170 2069 3237 pondere
2093 3171 2208 3224 auri
2237 3180 2291 3225 et
2316 3174 2546 3243 argenti,
2574 3190 2697 3231 cum
2720 3179 2909 3248 paucis
2935 3182 3098 3238 etiam
3127 3187 3424 3252 nobilibus,

1832 3261 2179 3330 imperatoris
2204 3265 2370 3319 curia:
2395 3266 2728 3324 detestandae
2754 3286 2918 3328 cursu
2948 3277 3138 3345 rapido
3172 3283 3423 3338 tetendit.

1831 3351 2102 3409 Couscilio
2135 3365 2315 3409 autem
2345 3357 2504 3423 inito,
2539 3369 2737 3428 praeter
2767 3363 2855 3418 illa
2887 3381 3008 3435 quae
3049 3385 3212 3423 manu
3243 3372 3422 3439 dedit,

1833 3454 1887 3498 ut
1919 3446 2290 3514 episcopatum
2321 3448 2574 3515 haberet,
2607 3451 3002 3511 iuaestimabilia
3036 3462 3272 3528 pondera
3301 3465 3424 3520 attti

1832 3544 1886 3588 et
1915 3537 2124 3606 argenti
2153 3536 2380 3592 ducibus
2411 3548 2465 3594 et
2493 3542 2784 3597 comitibus
2819 3555 2873 3599 et
2907 3550 3158 3606 omnibus
3191 3556 3283 3622 qui
3322 3555 3426 3609 im-

1833 3627 2128 3695 perialibus
2152 3629 2320 3699 jussis
2349 3631 2592 3700 quotidie
2627 3636 3006 3692 deserviebant
3043 3645 3315 3709 promisit.
3351 3649 3425 3703 At

1835 3715 2160 3786 imperator,
2201 3721 2418 3789 cognita
2459 3723 2579 3792 ejus
2615 3727 2856 3794 nequitia
2891 3741 2948 3785 et
2988 3747 3204 3790 omnem
3244 3737 3424 3795 Frouo

1833 3807 1976 3862 tonis
2009 3808 2364 3865 intentionem
2404 3815 2740 3882 praevidens,
2771 3821 2888 3874 auri
2929 3823 3150 3888 avidus,
3185 3846 3293 3883 non
3330 3847 3426 3886 cu-

1835 3912 1964 3952 rans
1992 3897 2229 3967 qualiter
2256 3911 2351 3956 aut
2377 3905 2649 3972 quomodo
2673 3922 2734 3961 se
2763 3909 2906 3963 circa
2938 3914 3205 3970 catholica
3245 3921 3422 3977 ullieia

1832 3988 2198 4044 ecclesiastica
2236 3992 2500 4058 haberet,
2544 4005 2766 4066 accepto
2804 4001 2919 4053 auri
2963 4010 3017 4055 et
3060 4009 3272 4074 argenti
3318 4010 3421 4064 im-

1835 4097 2022 4138 menso
2043 4083 2300 4153 pondere.
2332 4095 2540 4140 tantum
2565 4087 2958 4157 aliquantulum
2988 4095 3226 4160 timidus,
3257 4104 3426 4172 queu-

1834 4174 1958 4228 dam
2010 4175 2371 4230 execrabilem
2423 4177 2803 4234 investituram
2851 4181 3267 4246 Mediolanensis
3306 4195 3426 4264 epi-

1836 4275 2088 4338 scopatus
2125 4267 2173 4323 ei
2206 4269 2484 4334 attribuit,
2515 4278 2572 4324 et
2598 4272 2872 4342 accipiens
2897 4275 2966 4332 ab
2991 4292 3058 4333 eo
3081 4280 3420 4358 ﬁdelitatem,

1784 4340 1808 4393 )
1835 4362 2122 4428 quemdam
2154 4361 2472 4416 comitatum
2505 4362 2650 4419 dedit
2683 4340 2731 4419 ei
2757 4366 2846 4432 ³⁸⁸,
2878 4367 2980 4424 sub
3005 4386 3114 4442 quo
3135 4387 3194 4430 se
3218 4340 3424 4435 Fronto

1838 4455 1904 4508 ad
1955 4454 2314 4510 simoniacam
2365 4455 2613 4512 haeresim
2665 4459 2979 4518 defenderet
3023 4475 3080 4521 et
3129 4467 3427 4539 imperator

1839 4545 2099 4601 innocens
2147 4560 2268 4600 esse
2308 4545 2466 4615 lmjus
2512 4549 2590 4602 rei
2637 4552 2934 4606 ascribitur
2981 4556 3073 4612 "'.
3115 4556 3234 4624 Quo
3282 4561 3428 4619 facto

1841 4654 2037 4710 magno
2087 4638 2324 4707 tripudio
2371 4639 2622 4694 exultans
2666 4640 2907 4711 Fronto,
2958 4648 3192 4718 stipatus
3243 4655 3432 4711 multis

1840 4731 2240 4804 Longobardis,
2277 4733 2368 4804 qui
2399 4747 2464 4787 eo
2499 4741 2740 4803 tempore
2778 4741 2945 4793 curiae
2991 4740 3302 4798 militabant
3336 4747 3432 4800 im-

1841 4825 2107 4894 peratoris
2145 4826 2239 4892 ’“,
2278 4825 2432 4895 quasi
2468 4824 2556 4878 fur
2584 4837 2637 4880 et
2678 4826 2814 4884 latro
2851 4834 2997 4886 ven't
3039 4832 3437 4890 Mediolanum.

1409 5003 1642 5063 VARI/ii
1687 5003 2087 5062 LECTIONES.

226 5117 295 5148 ’”
320 5119 454 5174 deest
489 5121 547 5174 Β.

155 5191 440 5246 simoniacis
469 5193 745 5247 ordinato.
786 5193 896 5247 A".
925 5195 983 5248 Β.
1010 5195 1096 5248 Bt.

154 5257 240 5314 Bt.
310 5265 376 5297 ³η
412 5264 824 5324 adscriberetur
859 5264 946 5319 Bt.
1023 5267 1092 5299 ³³³
1135 5266 1399 5330 imperiali
1431 5263 1518 5318 Bt.

627 5123 697 5154 τοι
724 5121 1069 5180 Titulus:l)e
1115 5126 1440 5181 Frontonea
1496 5119 1854 5175 Constantino
1894 5123 2148 5192 episcopo
2202 5116 2610 5174 Metliclanensi.
2651 5119 2736 5172 A‘.
2785 5123 2858 5175 De
2905 5120 2966 5174 F.
3015 5119 3442 5192 archiepiscopo

635 5203 745 5247 ato.
786 5193 896 5247 A“.
925 5195 983 5248 Β.
1010 5195 1096 5248 Bt.
1203 5197 1274 5228 ²⁰⁶
1329 5198 1403 5249 ita
1441 5192 1526 5247 Bl.
1556 5187 1745 5242 ntiiilie
1770 5191 1925 5245 codd.
2021 5191 2089 5222 ³⁸⁷
2133 5193 2250 5249 Quo
2276 5190 2363 5245 BI.
2473 5189 2543 5220 ’⁸³
2587 5190 2661 5243 ita
2692 5189 2754 5244 Β.
2801 5192 2941 5245 deest
2971 5192 3090 5246 rell.
3175 5189 3248 5220 ²⁰²
3294 5194 3442 5247 deest

1329 5209 1403 5251 tta
1441 5209 1526 5247 ω.
1556 5209 1745 5242 mutue
1770 5209 1925 5245 coaa.

2021 5191 2089 5222 m
2133 5193 2250 5258 Quo
2276 5190 2363 5245 Bt.
2473 5189 2543 5220 ’⁸³
2587 5190 2661 5243 ita
2692 5189 2754 5244 Β.
2801 5192 2941 5245 deest
2971 5192 3090 5246 rell.
3175 5189 3248 5220 ²⁰²
3294 5189 3444 5247 deest
