3934 5330
524 248 627 328 st't
1531 260 1877 327 LANDULFI
1915 267 2468 346 MED:OLAKNENSIS
2507 270 2772 348 CLEBICI
3412 258 3420 267 '
3682 284 3764 342 διε

438 397 440 400 ν
523 380 627 452 Qui
655 381 863 452 primus
892 380 1082 436 videns
1110 379 1483 450 episcopatum
1511 395 1609 450 per
1638 397 1787 436 arma
1810 379 2037 451 justitiae
2063 389 2118 436 ct
2148 385 2193 442 Λ
2223 380 2519 436 crudeliter
2541 393 2596 437 et
2625 399 2784 451 quam
2819 383 3113 442 sanissime
3135 401 3294 459 supra
3322 389 3544 448 calicem
3574 407 3765 454 aureum

521 473 842 529 electionem
873 469 1198 527 catholicam
1217 513 1231 537 ,
1258 471 1398 526 bona
1424 471 1534 526 vita
1564 481 1619 526 et
1651 471 1794 527 fama
1821 481 1876 528 et
1911 473 2110 543 prtedi-
2214 471 2355 525 beati
2384 472 2680 538 Ambrosii,
2717 491 2878 544 quem
2922 477 3033 545 ipse
3061 481 3296 550 proin-iis
3328 485 3582 542 inanibus
3607 501 3767 544 consa-

519 565 737 621 catione
793 565 1061 634 bonisque
1111 564 1356 619 moribus
1383 604 1399 630 ,
1452 565 1700 620 castitate
1748 574 1816 620 et.
1847 562 2068 635 jejuniis
2093 605 2108 629 ,
2212 572 2488 626 oraverat,
2517 580 2709 617 aurum
2734 567 2888 635 ειιλυς
2913 567 3246 626 Theodosius
3285 575 3585 644 imperator
3604 591 3765 636 saneto

517 658 891 713 munerem“
914 670 1094 727 posse,
1116 655 1323 711 nobiles
1345 667 1398 711 et
1421 667 1890 728 magnampaﬂem
1917 658 2106 728 pubis,
2209 649 2497 706 Ambrosio
2537 653 2756 708 dederat
2778 695 2792 717 ,
2834 672 2953 711 sese
2988 658 3176 713 babuit
3223 663 3320 726 "9,
3355 665 3574 722 curiose
3612 666 3766 729 audia-

516 747 727 818 sparsis
749 746 1064 800 muneribus
1091 748 1303 816 magnis
1325 746 1616 815 multisque
1637 747 2105 816 prumiSsion'tbus,
2209 751 2330 793 mus
2359 740 2449 793 "’-

513 852 706 891 omnes
741 836 806 889 ad
846 835 1159 890 ﬁdelitatem
1194 851 1298 891 non
1341 837 1550 890 intrans
1583 851 1679 905 per
1716 836 1951 891 hostium
2001 839 2074 892 im

2280 828 2529 885 Ausoniw
2557 843 2832 902 restquum
2862 836 2992 888 ditio
3020 839 3264 905 ﬂorentia
3293 842 3448 911 frena

513 929 690 998 pegit,
723 929 790 982 de
827 942 934 996 quo
967 927 1230 982 Dominus
1271 941 1367 996 per
1404 925 1746 997 evangelium
1787 927 2084 981 terribilitel

2352 919 2816 991 Langobardorum
2849 930 3044 996 excepit
3073 931 3142 961 ²²’
3171 931 3428 999 ecclesia,

511 1029 566 1074 et
603 1035 734 1074 voce
764 1020 1000 1073 veridica
1030 1029 1086 1072 et
1115 1018 1235 1072 viva
1267 1019 1502 1083 intonat,
1535 1017 1723 1073 dicens
1751 1033 1767 1072 :
1803 1036 1820 1070 t
1853 1019 1953 1086 Qui
1995 1035 2084 1073 not

2278 1005 2412 1062 [hec
2442 1011 2616 1064 senior
2642 1012 2788 1081 fama
2818 1017 3047 1083 primunt
3069 1034 3163 1087 per
3189 1023 3379 1076 mania
3409 1025 3579 1080 multa
3639 1071 3660 1091 η

511 1113 678 1165 intrat
708 1125 805 1181 per
834 1111 1071 1165 hostium
1116 1109 1168 1164 in
1209 1109 1349 1165 ovile
1389 1111 1570 1164 ovium
1600 1150 1614 1174 ,
1650 1126 1754 1164 non
1793 1119 1876 1165 est
1920 1119 2084 1178 pastm

2349 1099 2669 1158 Frontonem
2698 1108 2836 1161 sedis
2868 1107 3041 1175 fulcra
3069 1111 3267 1166 subisse
3297 1114 3442 1170 boat.

511 1204 717 1268 ovium,
762 1203 856 1257 sed
889 1211 968 1257 est
1002 1200 1091 1256 fur
1119 1211 1174 1256 et
1212 1202 1352 1257 latro
1383 1202 1568 1272 (Joan.
1618 1219 1673 1265 x,
1711 1202 1837 1272 1)..»
1877 1203 1950 1257 De
1994 1218 2084 1272 qut

2277 1192 2605 1249 Promissum
2635 1198 2815 1253 crebro
2844 1201 3104 1267 premitur
3122 1206 3444 1273 persolvere,
3469 1224 3690 1281 cumque
3883 1205 3885 1250 λ

509 1295 703 1351 beatus
740 1293 1063 1349 Ambrosius
1109 1293 1299 1348 doctor
1341 1302 1394 1346 et
1440 1293 1698 1364 magister
1744 1294 1990 1348 veritatis
2031 1295 2084 1325 ἰτ

2354 1285 2468 1339 Nec
2493 1287 2714 1357 dapibus
2744 1291 2958 1361 reliquis
2980 1293 3098 1363 jam
3122 1297 3263 1364 quod
3289 1297 3503 1353 haberet
3532 1314 3718 1369 opera:

508 1387 856 1456 subsequitur
887 1388 1074 1442 dicens
1105 1403 1116 1438 :
1153 1403 1170 1436 α
1205 1383 1250 1440 Ο
1281 1383 1469 1450 miser,
1498 1386 1641 1455 quod
1675 1387 1867 1441 dedisti
1901 1403 2097 1440 aurum

506 1478 642 1544 fuit,
674 1477 816 1548 quod
853 1475 1110 1544 accepisti
1145 1474 1288 1545 lepra
1321 1475 1390 1505 ¹¹³
1420 1483 1522 1529 est.
1553 1493 1571 1526 ι
1613 1473 1762 1529 Unde
1796 1491 1959 1544 super
1987 1475 2096 1529 Lu-

505 1587 624 1626 cam
655 1575 752 1638 (tv,
783 1569 873 1640 52)
906 1577 1128 1623 sanctus
1155 1567 1476 1623 Ambrosius
1503 1585 1514 1620 :
1557 1586 1574 1618 ι
1608 1568 2004 1638 Inexplicabilis
2028 1571 2097 1602 ’⁸⁸

503 1672 587 1719 est
615 1663 761 1719 enim
793 1661 995 1716 venditi
1024 1660 1178 1730 culpa
1209 1660 1476 1731 mysterii,
1503 1668 1557 1713 et
1587 1662 1758 1730 gratia
1796 1675 1825 1714 a
1859 1662 2094 1716 vindicta

2273 1377 2582 1432 Ambrosius
2609 1379 2823 1435 calicem
2853 1394 3092 1438 sanctum
3115 1403 3266 1456 quem
3292 1387 3488 1457 fecerat
3521 1388 3680 1456 olim,

2343 1468 2524 1524 Cursor
2551 1472 2841 1529 catholicus
2879 1474 3200 1532 Theodosius
3225 1477 3460 1548 pariter;

2268 1559 2624 1630 Con/landum
2657 1565 2822 1619 isdem
2845 1568 3144 1636 perhibemr
3178 1571 3410 1626 traderet
3440 1573 3570 1644 igni.

2341 1651 2486 1706 Proh
2516 1653 2669 1710 dolor
2698 1655 2964 1724 infaustus
2996 1661 3218 1730 turpiter
3245 1664 3482 1720 ocubttit.

502 1753 574 1784 ¹¹⁸
613 1751 788 1806 oculis
821 1751 891 1782 “"
925 1751 1120 1804 transit
1151 1751 1216 1804 ad
1253 1759 1518 1820 posteros.
1554 1767 1573 1800 ι
1621 1749 1754 1804 Item
1793 1764 1957 1820 super
1992 1750 2098 1805 Lu-
2132 1749 2174 1810 Β
2272 1741 2327 1795 4ο
2369 1741 2498 1799 Post
2523 1746 2593 1776 "’
2619 1748 2846 1803 multum
2874 1766 3002 1806 vero
3030 1762 3238 1823 tempus
3261 1750 3488 1812 veniens
3515 1769 3641 1830 post
3664 1759 3769 1819 bes-

504 1858 624 1897 cam
650 1844 748 1913 (tx,
769 1842 884 1913 l9):
918 1862 934 1895 ι
955 1842 1008 1896 In
1034 1842 1262 1898 ecclesia
1295 1842 1387 1897 Dei
1416 1842 1748 1896 consortium
1774 1855 1868 1898 eos
1895 1843 2092 1898 habere

502 1952 612 1990 non
645 1949 829 2005 posse.
861 1935 951 2006 qui
982 1935 1157 1993 sancti
1195 1934 1432 2006 Spiritus
1468 1934 1699 2001 gratiam
1734 1949 1839 1990 non
1872 1936 2094 2005 dignen-

501 2037 593 2082 tur
622 2029 712 2082 ²¹⁷.
745 2029 928 2082 Gratis
965 2029 1108 2083 enim
1137 2026 1446 2098 accepistis,
1477 2036 1531 2082 et
1561 2028 1731 2097 gratis
1758 2028 1902 2082 date.
1933 2028 2094 2082 Deni-

500 2135 607 2191 que
642 2117 896 2192 Symoni,
941 2119 1032 2190 qui
1065 2117 1442 2175 sanctiﬁcandi
1482 2133 1682 2174 munus
1725 2119 1900 2188 pretio
1942 2118 1994 2173 itt
2034 2134 2092 2174 se

497 2212 710 2280 putavit
740 2225 900 2283 posse
931 2210 1184 2266 conferre
1207 2250 1220 2275 ,
1254 2209 1533 2280 respondit
1559 2208 1750 2266 Petrus
1786 2229 1798 2263 :
1831 2210 2088 2277 Pecunia,

499 2306 707 2375 inquit,
748 2315 836 2360 tua
871 2313 1046 2360 tecum
1086 2305 1155 2360 sit
1197 2305 1250 2359 in
1289 2304 1673 2374 perditionem.
1717 2303 1983 2370 Quoniam
2020 2304 2090 2336 ⁸⁸⁸

496 2394 730 2464 gratiam
772 2394 864 2447 Dei
902 2402 1060 2463 putas
1090 2400 1140 2447 te
1175 2392 1404 2461 pecunia
1438 2389 1695 2460 consequi
1741 2405 1901 2460 posse
1927 2430 1942 2454 ,
1980 2405 2086 2444 non

496 2493 584 2542 est
618 2484 712 2541 tibi
751 2500 877 2555 pars
908 2499 1007 2539 nec
1048 2499 1165 2539 sors
1195 2485 1244 2538 in
1276 2485 1379 2539 hac
1417 2481 1523 2536 ﬁde
1554 2482 1694 2552 (Act.
1743 2497 1869 2547 vut,
1911 2481 2025 2552 20).
2063 2501 2081 2534 ι

494 2578 630 2634 Item
659 2577 728 2632 de
761 2576 1010 2632 ecclesiis
1039 2576 1091 2630 in
1139 2576 1329 2630 eodem
1376 2575 1452 2643 (IS
1475 2614 1488 2636 ,
1535 2573 1620 2644 I7)
1653 2591 1667 2628 :
1703 2591 1722 2625 ‹
1759 2573 1900 2629 Deus
1941 2575 2086 2628 enim

494 2669 565 2702 “’
596 2665 857 2738 templum
899 2680 1052 2721 suum
1097 2679 1202 2718 non
1245 2665 1567 2718 mercatoris
1595 2663 1711 2717 vult
1743 2677 1865 2740 esse
1901 2663 2085 2738 diver-

495 2760 736 2821 sorium,
779 2758 873 2814 sed
917 2756 1250 2812 domicilium
1299 2754 1649 2818 sanctitatis,
1688 2769 1791 2810 nec
1826 2753 2085 2808 vendibili

493 2849 775 2922 religionis
799 2846 1008 2912 cilicio,
1035 2847 1130 2901 sed
1171 2847 1432 2913 obsequio
1469 2846 1702 2914 gratuito
1739 2861 1894 2901 usum
1928 2846 2085 2900 mini-

493 2942 647 3001 sterii
684 2939 1042 2998 sacerdotalis
1079 2937 1355 2993 informat.
1391 2957 1408 2989 ›
1441 2936 1719 2992 Postremo
1750 2937 1950 2991 Fronto
1987 2951 2084 3006 per

491 3033 744 3090 undecim
784 3033 976 3087 vivens
1013 3045 1205 3094 annos,
1237 3029 1418 3084 omnia
1461 3027 1598 3082 bona
1635 3036 1690 3083 et
1721 3028 1893 3094 mala,
1932 3029 2084 3098 jus'a

2201 1840 2310 1890 tum
2342 1833 2628 1906 Agapitum
2665 1838 2776 1910 (6|)
2808 1841 2956 1897 urbis
2983 1841 3168 1898 Romae
3189 1847 3506 1916 pontiﬁcem
3539 1865 3766 1908 reveren-

2198 1922 2438 1984 tissimus
2485 1939 2672 1995 pastor
2713 1939 2769 1984 et
2805 1947 2941 2002 papa
2987 1932 3309 2004 Gregorius,
3362 1939 3552 1996 divino
3593 1943 3766 2012 spirits

2194 2021 2558 2088 ammonitus,
2588 2039 2778 2080 omnes
2808 2025 3013 2082 Latinte
3046 2029 3241 2100 linguae
3281 2032 3548 2089 ecclesias
3584 2050 3683 2106 per
3699 2037 3766 2089 di-

2191 2124 2347 2164 versa
2377 2111 2551 2166 cilicia
2583 2115 2809 2170 multum
2838 2116 3208 2188 discrepantes
3241 2121 3395 2178 vidit.
3436 2122 3541 2190 Qui
3577 2133 3762 2186 tantum

2193 2197 2306 2254 Deo
2337 2212 2612 2259 annuente
2639 2204 2706 2258 ad
2734 2206 2996 2270 unitatem
3030 2207 3288 2266 Romana:
3313 2212 3567 2268 ecclesia
3585 2223 3762 2284 prater

2192 2292 2262 2324 '“
2281 2292 2700 2352 Ambrosianum
2722 2300 3030 2355 misterium
3052 2305 3384 2373 compescuit
3406 2316 3464 2361 et
3489 2309 3760 2371 revocarit,

2188 2383 2375 2440 dicens
2405 2403 2418 2439 :
2459 2404 2477 2438 t
2508 2387 2552 2442 Ο
2585 2387 2786 2446 fratres
2815 2401 2867 2446 et
2893 2407 2928 2447 ο
2949 2396 3244 2450 venerandi
3271 2407 3476 2466 patres,
3507 2401 3697 2456 decens
3717 2412 3760 2456 et

2189 2485 2504 2544 competens
2527 2480 2665 2534 ratio
2686 2481 2844 2537 nobis
2866 2498 2984 2538 esse
3011 2487 3320 2551 ascribitur,
3344 2488 3521 2545 Paulo
3543 2491 3760 2562 apostolo

2157 2598 2160 2599 ν
2188 2578 2284 2636 per
2301 2566 2562 2636 Spiritum
2577 2581 2824 2626 sanctum
2839 2573 3079 2630 dicente:
3101 2593 3120 2626 ι
3140 2575 3295 2632 Unus
3315 2578 3485 2646 Deus,
3505 2596 3609 2635 una
3622 2581 3758 2648 ﬁdes,

2186 2670 2351 2710 unum
2376 2657 2703 2729 baptismum
2727 2662 2888 2734 (Eph.
2915 2680 2989 2732 tv,
3017 2666 3095 2735 5),
3119 2686 3139 2720 ι
3169 2669 3240 2723 ita
3265 2669 3359 2736 sit,
3384 2686 3558 2726 unum
3583 2683 3759 2744 myste-

2185 2753 2325 2808 rium
2355 2756 2521 2813 totius
2549 2757 2743 2831 Iiugua:
2770 2776 2891 2818 esse
2919 2763 3116 2820 debere
3142 2765 3369 2823 Latinae.
3401 2787 3424 2822 ι
3453 2768 3577 2836 One
3595 2771 3759 2826 audito

2183 2846 2438 2903 omnibus
2466 2849 2737 2920 religiosis
2768 2852 2902 2906 viris
2935 2855 3025 2923 qui
3058 2856 3406 2913 antestabant
3437 2859 3758 2925 terreiactis,

2183 2952 2412 3006 quorum
2438 2951 2659 2997 noverat
2682 2943 2880 3000 multos
2902 2958 3119 3002 sanctos
3141 2949 3290 3004 viros
3312 2951 3650 3008 diversarum
3669 2963 3760 3009 ter

2184 3040 2400 3094 rarum,
2442 3045 2542 3099 pro
2571 3031 2642 3064 ³⁸⁵
2676 3033 2969 3104 unicuique
2997 3037 3138 3092 sicut
3179 3039 3320 3094 Dens
3360 3041 3659 3101 donaverat
3685 3045 3758 3101 di-

492 3137 548 3182 ct
585 3128 784 3196 iujusta
828 3125 1035 3182 habens
1066 3125 1406 3194 promiscua,
1450 3138 1642 3179 omnes
1682 3123 1841 3192 lmjus
1879 3133 2081 3178 sancta:
2108 3109 2153 3170 C
2186 3133 2342 3175 Versa
2369 3121 2542 3178 OmCia
2564 3165 2578 3186 ς
2615 3136 2858 3182 Sancum!
2891 3129 3212 3186 Triliilalem
3246 3142 3304 3188 el
3346 3133 3624 3193 Πιιίιείῑειη
3647 3153 3758 3194 0οη·

489 3218 871 3275 Ambrosianae
904 3215 1150 3271 ecclesia:
1189 3215 1302 3269 fere
1339 3217 1484 3268 intus
1527 3223 1581 3267 ct
1606 3214 1754 3268 'I'oris
1795 3214 2082 3270 thesauros

492 3309 828 3366 devastando
859 3316 912 3363 et
955 3305 1096 3361 male
1133 3305 1490 3375 expendendo
1525 3305 1939 3360 consummavit.
1977 3306 2079 3373 Qui

491 3398 726 3470 quadam
765 3397 854 3452 die
890 3412 1015 3452 cum
1067 3395 1224 3449 turba
1263 3409 1485 3449 suorum
1534 3395 1763 3449 militum
1811 3396 2078 3466 stipatus,

491 3490 760 3547 Ordinatis
803 3493 1029 3546 canibus
1062 3500 1119 3546 et
1153 3489 1500 3544 venatoribus
1527 3527 1543 3554 ,
1591 3489 1656 3542 ad
1703 3503 1892 3545 nemus
1935 3491 2079 3560 quod

492 3581 861 3640 Caminadella
903 3583 1014 3655 (60)
1064 3597 1234 3653 usque
1272 3581 1434 3636 Iiodie
1470 3590 1728 3646 vocatur,
1767 3582 1987 3645 ivisset,
2026 3592 2081 3636 ct

492 3672 771 3728 inventam
807 3671 980 3729 feram
1012 3673 1078 3728 ad
1111 3682 1340 3727 mortem
1373 3680 1592 3726 curaret
1619 3672 1915 3738 deducere;
1951 3689 2082 3730 ecce

492 3765 670 3820 subito
713 3765 792 3819 ira
839 3765 930 3820 Dei
977 3773 1032 3819 et
1071 3763 1278 3835 ﬂagello
1322 3769 1630 3832 praéventus
1675 3763 1976 3835 citissimo.
2024 3763 2077 3817 in

491 3855 614 3912 loco
641 3857 922 3912 incurrens
953 3856 1097 3926 quod
1129 3855 1330 3910 dicitur
1369 3853 1571 3908 Puteus
1597 3854 1880 3909 Averanus
1902 3896 1918 3918 ,
1952 3869 2076 3909 eum

488 3945 649 4019 palus
677 3947 994 4004 absorbuit:
1028 3957 1085 4002 ct
1115 3947 1266 4017 quasi
1299 3945 1472 4000 Datan
1503 3953 1558 4000 et
1581 3946 1783 4000 Abiron
1815 3945 1949 3999 iram
1985 3945 2077 4000 Dei

491 4039 946 4107 provocantibus,
986 4037 1066 4091 sic
1099 4051 1222 4092 eum
1262 4047 1419 4091 terrae
1458 4035 1737 4090 inundatio
1778 4035 2076 4091 absorbuit.

487 4127 659 4199 Igitur
678 4128 954 4184 Frontone
977 4125 1116 4181 male
1143 4136 1356 4181 mortuo
1386 4125 1648 4195 pejusque
1674 4125 1906 4193 sepulto,
1933 4127 2076 4194 quod

485 4221 823 4295 epitaphium
861 4218 979 4288 ejus
1003 4259 1017 4282 ,
1051 4217 1194 4286 quod
1219 4230 1320 4286 ego
1361 4225 1547 4284 postea
1590 4216 1880 4270 transactis
1908 4229 2079 4270 anno-

487 4327 610 4367 rum
639 4310 827 4367 multis
855 4307 1142 4364 curriculis
1174 4307 1227 4360 in
1265 4305 1441 4375 lapide
1481 4303 1667 4374 polito.
1709 4301 1929 4373 pultare
1956 4310 2083 4358 cor-'

485 4402 637 4474 poris
663 4401 780 4469 ejus
808 4401 1032 4454 absente
1058 4397 1263 4462 iuveni,
1291 4395 1438 4451 dicat
1472 4393 1758 4450 audiamus
1786 4411 1799 4446 :
1831 4402 1881 4448 et
1912 4409 2074 4464 quam

2183 3212 2459 3270 laudantia
2491 3217 2721 3274 ﬁdeliter
2742 3229 2798 3276 et
2827 3221 3052 3278 miriﬁce
3082 3226 3442 3282 decantantes
3471 3228 3755 3285 ordinasse.

2183 3302 2421 3363 Tandem
2470 3309 2849 3367 conlaudatum
2893 3323 2948 3368 et
2988 3316 3372 3373 conﬁrmatqu
3412 3329 3518 3375 est.
3560 3322 3660 3378 Sed
3694 3321 3756 3374 de

2179 3393 2541 3453 Ambrosiano
2570 3401 2833 3471 mysterio
2860 3403 3049 3460 videns
3074 3420 3196 3462 esse
3222 3405 3433 3465 factum
3457 3411 3640 3467 divino
3656 3427 3755 3465 tua.

2181 3485 2424 3556 gisterio,
2457 3490 2676 3548 timidus
2705 3494 2972 3550 subsistit.

2251 3576 2304 3632 5.
2347 3576 2466 3646 Quo
2493 3581 2564 3612 ”⁶
2603 3582 2654 3637 in
2690 3592 2934 3656 tempore
2959 3587 3073 3656 (an.
3102 3586 3229 3659 595)
3258 3587 3614 3648 Constantius
3651 3593 3754 3662 epi-

2180 3681 2376 3739 scopus
2413 3671 2714 3730 catholicus
2742 3675 3112 3746 catboliceque
3145 3678 3462 3747 ordinatus,
3506 3682 3686 3738 tertius
3721 3696 3752 3734 a

2181 3758 2474 3826 Frontone,
2507 3764 2766 3821 diaconus
2799 3775 3002 3822 sancta:
3045 3767 3304 3824 Romana!
3346 3771 3595 3827 ecclesia:
3616 3771 3751 3842 (δί).

2179 3863 2340 3918 quem
2397 3852 2588 3908 beatus
2638 3852 2932 3924 Gregorius
2979 3855 3324 3929 Dialogorum
3378 3859 3436 3914 in
3481 3861 3751 3917 diaconatn
3791 3903 3798 3910 .

2179 3951 2595 3996 consecraverat
2615 3984 2629 4009 ,
2661 3945 2752 4014 qui
2781 3945 2848 4010 ad
2878 3946 3168 4002 concilium
3189 3989 3203 4013 ,
3230 3950 3377 4018 quod
3417 3951 3608 4007 beatus
3629 3950 3752 4005 Grc-

2179 4031 2364 4101 gorius
2403 4033 2748 4100 celebrabat,
2771 4051 2895 4090 cum
2935 4037 3065 4092 viris
3107 4037 3376 4093 timoratis
3406 4049 3463 4095 ct
3499 4041 3751 4112 episcopis

2181 4121 2539 4193 suﬂ‘ragancis
2568 4125 2650 4180 sui
2680 4135 2735 4182 et
2763 4127 2908 4182 beati
2944 4129 3217 4184 Ambrosii
3255 4131 3440 4187 multis
3481 4142 3537 4195 et
3568 4147 3748 4202 magno

2179 4215 2420 4269 exercitu
2435 4219 2933 4276 strenuissimorum
2952 4221 3180 4278 militum
3195 4223 3430 4292 stipatus
3443 4221 3746 4294 i\;erat(65).

2180 4303 2334 4370 Quod
2365 4305 2591 4375 factum,
2623 4308 2827 4380 Spiritu
2857 4322 3049 4368 sancto
3077 4314 3515 4381 administrante,
3542 4324 3596 4370 et
3615 4314 3747 4370 Con-

2179 4395 2389 4450 stantio
2413 4398 2828 4472 archiepiscopo
2849 4417 2971 4459 cum
2995 4404 3250 4460 omnibus
3273 4404 3530 4462 ﬁdelibus
3552 4403 3750 4462 clericis

1809 4503 2040 4560 VARI/13
2077 4507 2476 4567 LECTIONES.

557 4603 629 4636 ³η
665 4601 720 4657 d.
747 4613 797 4682 (ξε
824 4607 955 4653 m.v.
979 4597 1162 4682 desunt
1275 4595 1628 4682 “'POitath.
1661 4595 1803 4682 Iepta
1835 4598 1986 4682 codd.
2019 4597 2172 4682 Quod
2200 4600 2801 4682 accepit_pecun_i_a_t'uit
2825 4616 2880 4682 et
2903 4607 3047 4682 quod
3077 4609 3222 4682 dedit
3245 4611 3395 4682 lepra
3423 4610 3548 4678 fuit,
3569 4612 3630 4666 de
3645 4612 3748 4681 epi-

488 4689 646 4750 scopo
675 4670 885 4750 ordines
912 4669 1160 4750 uendente
1180 4667 1375 4723 dicitur
1405 4667 1458 4722 in
1487 4667 1619 4750 libro
1631 4667 1900 4750 pastorali
1923 4666 2197 4750 Ambrosio
2214 4666 2504 4750 supposito,
2528 4693 2577 4730 c.
2594 4675 2789 4750 _5_.W
2806 4666 3256 4750 _"‘Inexpiabilis
3275 4666 3518 4737 dtnbros.
3535 4666 3547 4678 ’
3593 4666 3746 4735 “"ita

486 4745 550 4800 Β.
581 4738 668 4824 ἰη.
697 4756 731 4824 a
758 4739 875 4824 lege
893 4741 1083 4824 ηκᾼςςέ
1117 4755 1190 4824 rp.
1224 4754 1276 4793 a.
1311 4753 1556 4824 gregeﬂv.
1702 4747 1861 4824 m._et
1892 4738 2711 4824 gratia}:_lege'vindic‘ata§(._
2749 4746 2834 4824 ’_“_
2856 4738 3087 4824 caelestis
3116 4751 3294 4824 Angor.
3374 4752 3445 4824 ἰγ
3484 4769 3535 4824 g.
3565 4751 3745 4824 nandi.

489 4807 878 4893 tienturAmtir.
954 4809 1111 4893 m’ita
1138 4809 1195 4864 Β.
1223 4807 1384 4893 quam
1408 4807 1527 4865 rell.
1596 4807 1975 4893 "'9nosterBI.
2014 4879 2027 4893 '
2053 4807 2394 4893 ’"babuerit
2419 4811 2507 4893 Bl.
2581 4815 2898 4893 'ffﬂubrira
2922 4817 3154 4893 {Versus
3173 4821 3467 4893 [frentanis
3484 4807 3704 4893 Episcopi
3722 4861 3739 4883 ν

487 4883 581 4963 qui
611 4883 820 4963 primus
849 4895 946 4951 per
967 4879 1168 4963 malam
1199 4879 1518 4963 electionem
1545 4881 1906 4963 .sym‘ouiacus
1933 4879 2635 4963 sedetnhsanctiAmmbrosii
2664 4886 2876 4963 invasit.
2909 4889 3000 4963 ῥ’.
3030 4890 3142 4945 A“.
3181 4890 3268 4963 Bt.
3302 4879 3537 4948 Versus.
3557 4879 3740 4963 reperti

486 4948 592 5033 tibi
606 4948 794 5033 debuit
818 4948 940 5033 esse
957 4951 1268 5033 sepulcrum
1298 4948 1611 5033 Frontonis.
1634 4950 1696 5003 Β.
1731 4949 1844 5033 μω
1881 4950 2083 5033 excipit
2105 4948 2200 5030 ,ΒΑ
2270 4951 2350 5032 f”
2392 4950 2598 5033 Titulus
2627 4972 2646 5010 :
2679 4956 2876 5033 Sermo
2899 4959 3199 5033 Constantii
3219 4948 3739 5033 arcltiepiscOpi'Iic-

487 5022 964 5093 diolani,qualiter
1000 5018 1187 5093 beatus
1211 5020 1504 5093 Gregorius
1544 5021 1611 5075 de
1647 5020 1946 5093 ordinando
1981 5018 2155 5093 ofﬁcio
2195 5020 2483 5093 universali
2529 5028 2796 5080 tractavit.
2839 5026 2900 5083 Β.
2932 5032 3161 5085 tentavit
3183 5028 3314 5085 Ἂν.
3357 5018 3447 5086 ΒῘ.
3478 5018 3738 5089 Ordinatio

486 5089 1880 5188 ηιίηίβιτοιίιξιιξι.Ρὶειξὶίὶιέῐῐ[ῖὲίξιέοξξὲξξ.ἓοέξέρ9.εὲ.τ.ῆ.Ξῖ
2343 5089 2606 5188 Pegasi"
2635 5097 3190 5188 90"Eiﬁca.“°'ee"°-
3225 5101 3737 5188 οοηξεειιιξξιέιεηενίσ
