3934 5330
179 333 266 392 849
1127 331 1444 389 HISTORIA
1487 331 2056 389 MEDIOLANENSIS.
2082 361 2156 374 —-
2179 331 2304 388 LIB.
2345 333 2406 389 ll.

3303 330 3410 386 8‘50

174 459 218 504 et
242 444 395 520 laycls
414 444 683 518 episcopis
707 447 974 518 religiosis
1005 448 1490 521 interpel!antibus,
1519 450 1719 519 partim
1750 455 1796 512 Α
1828 449 2069 504 tissimus
2097 463 2232 518 papa
2260 448 2553 518 Gregorius
2587 447 2639 502 in
2664 446 2883 515 Dialogo
2906 443 3218 514 descripsit,
3249 459 3412 516 appac

176 539 344 591 timore
381 535 472 590 Dei
502 542 559 590 et
585 535 730 590 beati
759 536 1066 601 Ambrosii,
1103 538 1278 591 sciens
1309 551 1432 591 eum
1476 538 1528 592 in
1568 553 1725 592 exer-

172 628 278 682 citio
315 626 493 682 divino
536 625 718 680 multis
755 641 818 683 ac
843 628 1054 698 magnis
1094 629 1368 686 laboribus
1397 629 1524 683 olim
1563 631 1726 685 desu-

172 718 340 780 dasse,
383 716 582 788 partim
628 727 850 788 prepter
883 719 1170 774 caritatem
1202 726 1258 772 et
1293 733 1533 774 amorem
1580 719 1724 774 Con-

172 809 335 863 stantii
359 810 596 877 episcopi
626 810 766 864 dixit
791 826 806 865 :
837 828 856 862 ι
891 810 1133 866 Ecclesia
1163 811 1520 866 Ambrosiaua
1549 811 1603 868 in
1629 827 1727 868 suo

167 906 291 953 statu
313 909 645 967 permaneat.
687 917 706 950 ο

223 987 270 1042 6.
305 985 421 1044 Non
451 989 518 1019 ¹¹⁷
551 1000 672 1057 post
711 990 933 1045 multum
977 997 1191 1062 tempus
1229 991 1474 1049 ordinem
1499 992 1729 1050 Ambro-

165 1079 379 1143 sianum,
415 1094 579 1151 quem
609 1079 962 1137 Constantius
994 1083 1293 1154 apostolico
1335 1084 1562 1139 multum
1593 1098 1725 1140 con-

164 1171 492 1238 laudaverat,
520 1188 551 1226 a
586 1170 834 1230 ﬁdelibus
870 1175 984 1229 suis
1020 1177 1398 1246 repraesentari
1443 1177 1546 1232 sibi
1589 1193 1729 1248 prte-

166 1264 311 1335 cepit.
338 1262 490 1332 Quod
521 1263 721 1320 factum
751 1275 864 1330 est,
896 1276 1033 1322 nutu
1073 1269 1260 1323 divino
1290 1268 1480 1340 legatis
1509 1270 1574 1324 ad
1603 1283 1726 1325 eum

165 1355 571 1424 revertentibus,
604 1356 800 1426 quibus
829 1357 946 1426 ipse
994 1357 1356 1429 imperaverat
1396 1369 1454 1414 ut
1481 1361 1728 1416 ordinem

163 1445 486 1501 Ambrosiaui
527 1447 770 1518 mysterii
803 1450 947 1505 circa
975 1457 1186 1520 tempus
1211 1459 1474 1505 statutum
1505 1451 1607 1507 sibi
1636 1467 1725 1507 re-

164 1547 290 1592 mota
315 1539 459 1592 omni
491 1539 778 1595 occasione
812 1551 1318 1610 repraesentaretur.
1364 1542 1470 1597 Sed
1509 1558 1632 1599 cum
1665 1543 1724 1599 in

163 1627 343 1696 palatio
381 1629 447 1683 de
477 1630 689 1700 magnis
720 1632 950 1700 negotiis
983 1646 1106 1687 cum
1150 1631 1518 1688 cardinalibus
1552 1633 1730 1688 omni-

163 1719 274 1784 bus,
303 1719 392 1788 qui
425 1719 491 1773 de
516 1719 687 1773 sancti
714 1720 985 1774 Ambrosii
1015 1721 1276 1790 mysterio
1300 1722 1353 1776 in
1383 1723 1587 1792 synodo
1611 1737 1727 1777 scr-

1831 551 1941 604 ret;
1971 548 2028 594 et
2057 556 2220 610 quam
2256 541 2610 610 paternaliter
2634 539 2701 593 ad
2724 539 2954 594 clericos
2992 537 3408 600 Ambrosianos.

1828 631 1918 701 qui
1944 630 2138 701 injuste
2161 629 2363 708 a‘t‘alsis
2384 628 2646 688 fratribus
2667 639 2721 686 et
2747 645 2776 684 a
2802 631 2960 686 malis
2989 638 3041 685 et
3062 629 3314 700 pessimis
3336 629 3407 662 ’³⁸

1827 722 2002 790 laicis,
2037 733 2258 794 prepter
2288 724 2608 780 electionem
2639 739 2802 794 quam
2845 722 3113 778 catholice
3153 731 3209 778 et
3249 737 3412 777 cano-

1830 813 1949 869 nice
1978 813 2242 878 fecerant,
2275 815 2638 884 patiebantur,
2667 829 2764 884 per
2793 812 3274 868 luculentissimam
3298 812 3413 882 epio

1830 901 2022 957 stolam
2053 915 2148 957 eos
2177 900 2487 956 adhortavit
2511 901 2742 964 editam,
2780 916 2902 972 quae
2942 916 3114 972 usque
3163 901 3323 956 modo
3357 901 3412 956 in

1831 992 2064 1063 registro
2094 991 2335 1060 ejusdem
2372 991 2663 1047 invenitur.
2695 990 2862 1062 igitur
2895 990 3113 1057 Datius,
3143 989 3269 1061 quia
3299 988 3414 1061 epi-

1830 1098 2026 1155 sc0pus
2053 1093 2107 1139 et
2131 1082 2350 1153 majoris
2372 1082 2654 1155 dignitatis
2675 1098 2796 1140 esse
2825 1083 3138 1148 ascribitur,
3172 1090 3231 1136 ut
3257 1089 3414 1152 pater

1832 1173 1972 1230 ﬁlios
2013 1174 2302 1241 prtecedat.
2348 1173 2424 1229 De
2463 1188 2571 1244 quo
2609 1173 2800 1228 beatus
2833 1172 3127 1243 Gregorius
3157 1171 3301 1227 inter
3323 1185 3418 1227 ce-

1833 1271 1950 1316 tera
1981 1261 2266 1327 miracula,
2300 1276 2420 1332 quae
2463 1275 2587 1317 cum
2633 1259 2794 1316 Petro
2842 1259 3108 1327 narravit,
3142 1260 3413 1332 quoddam

1830 1353 2176 1424 magniﬁcum
2211 1362 2374 1424 atque
2411 1351 2664 1409 mirabile
2703 1351 2988 1424 descripsit
3027 1353 3214 1410 dicens
3243 1350 3412 1423 (Dial.

1829 1463 1913 1510 ιιι,
1945 1447 2002 1518 4)
2036 1466 2049 1501 ε

1900 1541 1950 1593 7.
1999 1557 2018 1592 ι
2049 1537 2316 1610 Tempore
2345 1540 2415 1572 ’³³
2439 1538 2728 1594 Justiniani
2761 1536 3043 1609 principis,
3072 1551 3195 1592 cum
3223 1535 3416 1591 Datius

1834 1629 2250 1688 Mediolanensis
2295 1632 2448 1688 urbis
2503 1631 2791 1702 episcopus
2836 1644 3002 1686 causa
3052 1628 3176 1684 ﬁdei
3230 1626 3417 1700 exagi-

1832 1731 1976 1778 tatus
2003 1723 2071 1755 ²³⁸
2100 1723 2168 1778 ad
2198 1722 2849 1794 Constantinopolitanam
2892 1721 3081 1777 urbem
3127 1727 3414 1792 pergeret,

163 1808 396 1864 mocinati
421 1808 655 1872 inerant,
690 1816 1015 1865 tractantem
1045 1809 1208 1882 legati
1233 1813 1714 1882 supervenissent:
1747 1804 1795 1866 Β
1823 1812 2091 1870 Corinthii
2125 1815 2196 1848 ’"
2231 1815 2469 1871 devenit.
2521 1815 2623 1882 Qui
2670 1814 2797 1868 dum
2831 1813 3035 1884 largam
3083 1813 3302 1867 domum
3345 1810 3418 1868 ad

168 1913 283 1952 ecce
327 1898 506 1952 snbito
551 1914 656 1951 nou
691 1900 902 1954 modica
954 1899 1044 1953 lux
1086 1899 1326 1966 refulsit;
1375 1911 1429 1955 et
1473 1901 1727 1958 omnibus

161 1998 340 2057 praeter
358 1988 714 2056 apostolicum
743 1990 793 2044 in
821 1999 964 2046 terra
993 1992 1158 2047 nimio
1187 2008 1386 2063 pavore
1417 1993 1724 2064 prostratis,

162 2080 520 2148 ignorantibus
550 2089 761 2137 tantum
803 2083 874 2115 “"
903 2086 1032 2154 quid
1076 2085 1177 2141 boc
1217 2095 1400 2152 esset,
1439 2103 1574 2158 papa
1607 2097 1728 2143 tan-

165 2181 264 2224 tum
293 2172 358 2204 ²²⁸
393 2187 501 2227 non
531 2175 742 2230 modice
766 2175 1084 2233 mirabatur.
1118 2177 1324 2234 Interea
1350 2179 1509 2250 legati
1539 2196 1726 2236 rever-

164 2274 324 2322 tentes
363 2282 391 2317 a
434 2265 594 2321 beato
621 2266 940 2323 Constantio
972 2271 1122 2324 urbis
1166 2271 1580 2327 Mtdiolancnsis
1609 2273 1725 2344 epi-

163 2369 338 2422 sc0po,
367 2353 600 2408 salutato
627 2358 958 2425 apostolico.
991 2359 1187 2415 librum
1225 2360 1274 2416 ei
1309 2361 1592 2416 dederunt.
1626 2363 1728 2430 Qui

159 2447 337 2515 gaudio
373 2463 572 2517 magno
603 2448 859 2518 repletus.
888 2449 1084 2504 librum
1116 2453 1393 2520 aperiens.
1425 2463 1478 2508 et
1513 2456 1730 2510 curiose

159 2552 246 2604 per
274 2538 473 2602 omnia,
498 2538 732 2608 qualiter
764 2538 958 2600 beatus
982 2542 1302 2599 Ambrosius
1330 2545 1497 2600 libros
1526 2547 1728 2603 veteris

167 2630 458 2684 L‘stameuti
486 2638 542 2684 et
573 2631 696 2684 novi
731 2632 795 2687 ad
823 2633 1105 2703 legendum
1133 2634 1376 2690 ecclesiae
1407 2651 1518 2690 sua:
1548 2636 1734 2705 dispo-

162 2721 371 2786 suisset,
402 2730 455 2776 et
481 2721 713 2791 qualiter
739 2724 1014 2794 evangelia
1039 2735 1093 2780 et
1117 2725 1266 2780 Pauli
1289 2727 1545 2796 epistolas
1565 2737 1732 2798 atque

166 2811 464 2878 prephetias
495 2822 550 2867 et
585 2814 872 2868 missarum
903 2815 1204 2886 solempnia
1237 2824 1292 2871 ct
1326 2828 1507 2872 cetera
1548 2819 1732 2873 divino

166 2900 322 2956 cultui
370 2913 492 2972 apta
543 2904 832 2961 scribendo
865 2907 1201 2970 ordinasset,
1248 2909 1567 2979 supervidit.
1613 2911 1732 2978 Quo

161 2996 379 3065 cognito,
418 2997 575 3067 quasi
607 2997 673 3052 de
717 2999 1088 3054 amantissimo
1126 3009 1285 3070 prato
1328 3001 1526 3057 multos
1573 3001 1736 3061 ﬂores

165 3086 483 3144 lucidissime
515 3088 658 3144 serie
687 3088 828 3144 illius
856 3089 976 3144 libri
1007 3090 1313 3157 attrahcns,
1344 3091 1588 3147 Romano
1619 3095 1732 3148 cul-

1831 1905 2123 1976 hospitinm
2149 1905 2220 1937 ¹³⁶
2248 1913 2533 1976 quaereret,
2565 1920 2685 1974 quae
2720 1903 2864 1958 illius
2894 1903 3213 1958 comitatum
3247 1910 3418 1957 totum

1833 1998 1978 2053 ferre
2025 1999 2312 2067 potuisset,
2367 2007 2420 2053 et
2463 1997 2546 2052 vix
2602 1996 2898 2061 inveniret,
2943 1994 3157 2065 aspexit
3204 1993 3419 2050 eminus

1832 2087 2054 2142 domum
2087 2088 2436 2158 congruentis
2468 2084 2876 2156 magnitudinis,
2903 2099 3134 2154 eamque
3157 2082 3256 2139 sibi
3280 2098 3420 2154 pra:-

1830 2175 2014 2246 parari
2049 2175 2115 2230 ad
2148 2175 2530 2245 bospitandum
2551 2173 2735 2243 jussit.
2768 2172 3012 2243 Cumque
3041 2170 3282 2241 ejusdem
3313 2170 3420 2227 loci

1829 2266 2022 2324 incolae
2039 2266 2302 2332 dicerent,
2321 2269 2374 2322 in
2392 2282 2458 2322 ea
2475 2267 2542 2298 ’³⁷
2559 2281 2781 2321 manere
2803 2281 2909 2320 non
2937 2279 3116 2336 posse,
3133 2263 3256 2333 quia
3289 2262 3422 2316 mul-

1830 2361 2034 2429 tisjam
2057 2360 2216 2416 annis
2245 2360 2490 2416 diabolus
2525 2361 2668 2415 hanc
2698 2358 3056 2422 inhabitaret,
3091 2364 3255 2425 atque
3298 2354 3421 2409 ideo

1829 2467 2004 2508 vacua
2032 2451 2412 2516 remansisset;
2443 2450 2526 2504 vir
2558 2447 2886 2504 venerabilis
2920 2447 3110 2504 Datius
3147 2447 3423 2517 respondit

1831 2541 2062 2597 dicens:
2099 2558 2117 2593 ι
2157 2539 2270 2596 lino
2297 2540 2418 2596 ideo
2449 2538 2715 2609 hospitari
2747 2537 2802 2592 iu
2828 2538 2986 2594 domo
3023 2538 3211 2592 eadem
3247 2536 3418 2591 debe-

1834 2646 1978 2696 mus,
2005 2631 2052 2687 si
2084 2630 2222 2686 hanc
2260 2628 2528 2700 malignus
2553 2627 2779 2698 spiritus
2814 2625 3013 2682 invasit
3041 2634 3099 2680 et
3136 2626 3202 2680 ab
3232 2637 3295 2678 ea
3325 2623 3424 2678 ho-

1834 2723 2038 2778 minum
2065 2723 2439 2778 habitudinem
2470 2721 2542 2753 ⁷⁸³⁸
2566 2720 2779 2791 repulit.
2809 2739 2828 2774 ι
2859 2720 2913 2774 In
2945 2735 3009 2776 ea
3038 2719 3140 2775 sibi
3163 2718 3326 2790 igitur
3347 2715 3421 2750 “'

1832 2815 2015 2886 parari
2050 2815 2343 2885 praecepit,
2377 2827 2710 2884 securusque
2755 2811 2844 2867 illa.
2892 2813 2962 2844 ἰθ
3001 2811 3211 2882 antiqui
3247 2809 3421 2866 hostis

1835 2907 2136 2961 certamina
2172 2906 2500 2962 toleraturus
2538 2904 2782 2960 intravit.
2825 2903 3014 2974 Itaque
3055 2904 3106 2958 in
3147 2910 3424 2974 tempesta:

1837 2999 2015 3054 noctis
2046 2998 2266 3054 silentio
2293 3013 2462 3064 ,cum
2511 2996 2595 3050 vir
2644 2995 2740 3051 Dei
2786 2995 3122 3066 quiescent,
3170 2993 3424 3064 antiquus

1839 3090 2013 3146 hostis
2041 3090 2304 3146 inmensis
2333 3089 2552 3145 vocibus
2575 3089 2894 3160 magnisque
2911 3086 3238 3144 clamoribus
3261 3085 3426 3154 coepit

166 3177 233 3228 tni
257 3179 405 3244 quasi
433 3177 628 3232 bonam
654 3177 847 3234 olivam
871 3187 1032 3249 atque
1058 3180 1394 3236 l'ructiferam
1419 3182 1470 3236 in
1493 3182 1732 3239 oleastro
1759 3161 1806 3228 (ἶ
1838 3181 2042 3238 imitari
2073 3183 2282 3254 rugitus
2313 3181 2550 3246 leonum,
2576 3180 2786 3236 balatus
2815 3194 3096 3252 pecorum,
3124 3179 3331 3249 rugitus
3351 3176 3422 3209 ’⁵⁸

166 3266 400 3334 inseruit,
431 3283 556 3323 cum
590 3269 787 3338 quibus
817 3285 988 3339 usque
1030 3271 1191 3326 hodie
1221 3271 1448 3327 ecclesia
1484 3272 1731 3329 Romana

165 3355 388 3426 hynnis,
411 3359 774 3426 orationibus,
804 3359 1054 3431 gloriosis
1085 3363 1313 3418 canticis
1343 3365 1496 3433 quasi
1529 3380 1729 3437 sponsa

166 3462 237 3499 or.
262 3455 345 3502 ata
382 3450 611 3506 niversis
649 3453 929 3508 ornatibus
959 3462 1128 3508 extat.
1162 3453 1292 3521 Quae
1325 3455 1506 3510 omnia
1544 3457 1735 3512 beatus

164 3538 462 3609 Gregorius,
506 3551 568 3595 ut
597 3544 911 3605 ostenderet
942 3553 1158 3614 quanta:
1194 3545 1526 3601 excellentia:
1568 3563 1736 3618 quan.

169 3640 330 3701 neque
367 3632 648 3702 dignitatis
697 3643 896 3701 essent,
945 3636 1139 3692 videns
1187 3645 1352 3707 atque
1400 3652 1736 3709 cognoscens

167 3732 347 3777 cuncta
393 3740 514 3793 quae
555 3741 584 3778 a
626 3726 785 3781 beato
824 3727 1114 3782 Ambrosio
1158 3728 1446 3798 coluntpua
1491 3727 1735 3784 ecclesia:

168 3826 199 3867 ο
227 3815 401 3870 dinata
431 3827 611 3883 erant,
639 3826 694 3887 et
719 3827 778 3874 ut
803 3829 956 3890 petra
997 3834 1161 3890 super
1190 3830 1401 3891 petram
1437 3837 1532 3892 per
1565 3820 1736 3893 Spiri-

139 3913 269 3977 tun
310 3917 560 3964 sanctum
605 3909 816 3965 ﬁrmata
851 3921 1074 3977 essent,
1115 3913 1408 3983 insignium
1453 3915 1521 3946 ³³⁸
1549 3915 1736 3971 dicens

170 3993 415 4065 hymnum
464 3999 920 4069 Ambrosianum,
971 4003 1373 4073 responsorium
1425 4003 1738 4060 Ambrosia-

168 4102 307 4155 num,
339 4091 689 4163 antiphonam
722 4092 1170 4160 Ambrosianam,
1207 4095 1580 4152 iuvitatorium
1608 4096 1738 4151 Am-

169 4175 490 4245 brosianum,
514 4181 695 4256 oratio
717 4182 1094 4240 Ambrosiana.
1131 4184 1284 4240 Enim
1311 4185 1638 4257 ubicumque
1668 4188 1736 4220 “°

174 4263 347 4324 beatus
374 4271 668 4344 Gregorius
699 4273 900 4344 aliquid
941 4276 1009 4330 de
1048 4278 1161 4333 suis
1191 4279 1472 4334 ordinibus
1505 4279 1736 4336 interse-

174 4369 285 4412 rens
312 4362 618 4426 ordiuabat,
646 4378 862 4434 semper
895 4379 1091 4424 nomen
1127 4365 1544 4424 Ambrosianum
1581 4370 1737 4440 quasi

173 4457 259 4512 per
280 4453 547 4519 quoddam
578 4454 1274 4524 sigillumadministrabat,
1305 4460 1490 4515 dicens
1510 4461 1741 4519 Ambro-

1836 3275 2142 3342 asinorum,
2168 3274 2357 3332 sibilos
2379 3282 2714 3344 serpentum,
2748 3287 3036 3343 porcorum
3068 3269 3332 3327 stridores
3363 3277 3420 3324 et

1835 3369 2098 3424 suricum.
2125 3369 2262 3424 Cum
2287 3368 2359 3400 ’δ’
2387 3376 2606 3437 repente
2634 3367 2822 3421 Datius
2849 3374 2926 3420 tot
2948 3364 3242 3421 bestiarum
3273 3361 3422 3417 voci-

1835 3459 1936 3516 bus
1976 3459 2248 3517 excitatus
2305 3459 2544 3515 surrexit
2595 3459 2942 3513 vehementer
2989 3455 3195 3520 iratus,
3255 3464 3309 3508 et
3355 3452 3426 3484 ³⁸³

1836 3560 2025 3607 contra
2064 3551 2344 3621 antiquum
2368 3550 2578 3606 hostem
2612 3549 2823 3618 magnis
2855 3547 3018 3618 coepit
3053 3546 3274 3601 vocibus
3303 3543 3418 3599 cla-

1837 3659 2008 3711 mare,
2041 3644 2227 3700 dicens
2253 3661 2267 3698 :
2302 3663 2321 3695 ι
2357 3643 2502 3698 Bene
2525 3643 2621 3697 tibi
2653 3642 2879 3711 contigit
2902 3641 3088 3694 miser.
3117 3637 3193 3690 Tu
3219 3651 3278 3692 es
3310 3633 3421 3701 ille,

1838 3737 1938 3807 qui
1956 3736 2139 3792 dixisti
2171 3753 2186 3790 :
2220 3734 2425 3791 Ponam
2459 3733 2640 3789 sedem
2672 3748 2846 3786 meam
2875 3732 2944 3786 ab
2975 3728 3228 3799 aquilone
3250 3725 3340 3792 ⁸³⁸,
3368 3735 3426 3783 et

1837 3843 1931 3884 ero
1958 3827 2150 3883 similis
2176 3825 2456 3881 Altissimo
2481 3823 2636 3896 (lsai.
2662 3839 2784 3888 xiv,
2812 3821 2921 3891 ll).
2957 3821 3096 3875 Ecce
3119 3834 3216 3889 per
3237 3831 3425 3886 super-

1839 3919 1984 3976 biam
2018 3926 2163 3973 tuam
2195 3915 2378 3986 porcis
2408 3923 2463 3970 et
2489 3912 2760 3970 suricibus
2805 3911 2998 3967 similis
3031 3909 3207 3965 factus
3246 3922 3335 3970 es;
3368 3913 3424 3962 et

1837 4009 1929 4078 qui
1966 4007 2182 4078 indigne
2204 4007 2372 4062 Deum
2395 4001 2598 4060 imitari
2627 4001 2864 4065 voluisti,
2897 4015 3024 4056 ecce
3051 4007 3109 4052 ut
3130 3997 3323 4069 dignus
3357 4009 3419 4050 es

1840 4097 2071 4153 imitaris
2103 4096 2322 4151 bestias.
2366 4114 2384 4148 ι
2421 4093 2504 4148 Ad
2541 4107 2703 4164 quam
2739 4105 2922 4146 vocem
2965 4089 3104 4160 ejus,
3140 4095 3199 4140 ut
3237 4086 3314 4141 ita
3343 4083 3419 4139 di-

1838 4205 1980 4256 cam,
2007 4187 2361 4256 dejectionem
2389 4202 2541 4243 suam
2566 4182 3068 4256 spiritusmaliguus
3091 4179 3330 4235 erubuit.
3352 4177 3427 4232 At

1838 4296 1945 4337 non
1968 4280 2184 4337 erubuit
2205 4280 2296 4350 qui
2318 4277 2544 4334 eandem
2570 4276 2806 4338 donuuu,
2834 4273 2900 4328 ad
2921 4269 3225 4327 exhibenda
3265 4281 3422 4321 mon-

1839 4383 1953 4428 stra
1978 4386 2096 4442 quae
2139 4379 2517 4434 consueverat,
2547 4367 2774 4424 ulterius
2808 4382 2913 4420 non
2940 4362 3194 4418 intravit?
3223 4359 3424 4428 Sicque

1841 4464 2181 4535 postmodum
2234 4461 2470 4516 ﬁdelium
2526 4444 2893 4515 habitaculum
2939 4454 3081 4510 facta
3122 4459 3245 4518 est,
3295 4449 3424 4521 quia

176 4536 397 4596 sianum.
441 4543 517 4598 At
554 4545 817 4614 quantum
871 4548 1044 4601 amori
1073 4548 1166 4614 ἐι,
1213 4561 1540 4622 quarumque
1584 4569 1734 4608 reve-
1767 4514 1816 4577 υ
1842 4514 1970 4609 trium
2024 4569 2086 4609 ea
2129 4568 2269 4609 unus
2299 4551 2567 4608 veraciter
2599 4549 2771 4605 ﬁdelis
2801 4547 3079 4619 ingressus
3107 4553 3221 4609 est,
3260 4541 3328 4596 ab
3357 4555 3423 4596 ea

177 4629 354 4685 rentiae
405 4635 635 4689 ecclesia
694 4636 1051 4692 Ambrosiana
1107 4639 1372 4707 majestati
1429 4642 1736 4712 apostolicae

149 4713 285 4785 .iuit,
325 4722 681 4781 describenda
731 4727 1248 4800 qumdamegregia
1297 4740 1354 4786 et
1403 4735 1734 4801 aiuicabilia,

175 4825 285 4880 quae
311 4828 472 4888 super
504 4820 723 4877 beatum
753 4819 965 4876 Datium
997 4821 1462 4895 archiepiscopum
1488 4841 1742 4880 reveren-

1843 4644 2091 4715 protinus
2129 4643 2356 4698 mendax
2386 4642 2609 4711 spiritus
2635 4647 2797 4708 atque
2821 4637 3054 4702 inﬁdelis
3076 4632 3360 4690 abscessit.
3397 4648 3416 4682 ι

1915 4735 1972 4790 8.
2009 4734 2137 4790 Post
2170 4733 2241 4764 ⁸⁵⁸
2263 4731 2479 4802 aliquod
2510 4739 2879 4799 tempus,cum
2906 4729 3097 4782 beatus
3127 4719 3424 4792 Gregorius

1842 4826 1994 4883 urbis
2025 4826 2210 4880 Romae
2238 4823 2509 4892 totiusque
2539 4822 2724 4877 mundi
2747 4819 3018 4890 pontifex,
3051 4817 3238 4873 sedulo
3269 4825 3422 4868 more

1475 4982 1712 5038 VARUE
1750 4982 2160 5043 LECTIONES.

174 5194 300 5204 -ιᾳμτ

232 5113 304 5197 "'_
341 5115 545 5173 Titulus
573 5134 600 5202 ί
619 5116 698 5174 De
750 5119 1109 5204 o‘r‘din‘eulil'iri
1147 5121 1491 5204 ambrosiam
1551 5118 1784 5204 qualiter
1822 5131 2056 5203 sanctus
2100 5118 2394 5190 Gregorius
2429 5114 2528 5204 3b.
2573 5129 2638 5168 eo
2679 5112 2984 5204 instructus
3029 5103 3428 5204 ,ξυρρὼξξιηΐοξ

3105 5173 3326 5204 “Mli-am
3359 5171 3398 5204 ll

2709 5197 2754 5204 ..Α
2804 5195 3041 5204 ,μ-ν--.ρ-Αιο-
