3934 5330
142 307 237 362 853

1102 313 1425 373 HISTORIA
1461 317 2036 376 MI‘IDIOLANENSIS.
2075 353 2147 364 --
2181 322 2303 377 LIB.
2342 323 2406 378 II.

3271 326 3377 378 85v!

136 426 260 494 apud
306 424 530 482 Romam
586 428 798 500 imperii
833 432 900 463 ’τί
933 434 1215 505 magnilice
1249 445 1303 490 ct
1348 435 1693 492 inenarrabili
1727 446 1769 500 Α
1800 437 2037 493 lacrimis
2097 439 2242 493 velut
2303 454 2439 509 aqua
2500 437 2569 492 ab
2621 436 2792 493 oculis
2851 436 3258 494 decurrentibus
3299 439 3378 494 in-

135 515 346 570 militnm
373 521 616 576 exercitu
638 523 866 592 stipatus
889 525 1175 590 frueretur,
1193 538 1248 582 et
1271 544 1405 598 papa
1431 528 1693 584 resideret

133 604 402 672 Adrianus,
437 612 674 684 synodus
717 613 960 671 itnnensa
1004 618 1182 672 multis
1210 619 1541 672 diversarum
1581 629 1690 674 tero

135 711 298 749 rarum
341 698 610 769 episcopis
639 707 980 777 congregatis
1024 707 1290 763 celebrata
1343 716 1447 775 est,
1481 707 1532 761 ξ]
1585 725 1690 778 qua

131 800 238 839 cum
269 787 331 840 de
376 790 562 846 multis
609 802 772 862 atque
800 796 1026 852 diversis
1066 806 1392 854 tractas-ent
1440 799 1688 868 negotiis,

131 879 398 935 indiscrete
446 898 572 954 erga
604 887 916 957 mysterium
947 889 1040 944 Dei
1072 900 1126 944 et
1165 892 1302 945 beati
1352 892 1588 946 doctoris
1637 902 1698 946 ct

129 969 435 1027 ernfessoris
467 977 537 1008 ’ν’
566 977 834 1035 Ambrosii
879 997 997 1037 sese
1029 983 1341 1042 intulerunt.
1380 1001 1567 1053 parum
1600 995 1692 1040 rut

129 1062 278 1116 nichil
307 1075 523 1132 quanta:
551 1072 869 1128 reverentia:
922 1074 1213 1145 quantigue
1262 1077 1459 1130 amoris
1503 1077 1693 1132 beatus

127 1151 396 1223 Gregorius
417 1157 550 1212 olim
570 1161 813 1218 eccles'a:
835 1164 1202 1221 Ambrosiam:
1226 1181 1322 1235 per
1355 1169 1422 1198 ⁸⁷³
1443 1167 1691 1223 allectum

127 1247 439 1310 contulisset.
466 1251 911 1323 reminiscentes;
941 1269 1223 1326 propterea
1252 1262 1402 1329 quasi
1428 1261 1612 1315 exne-ali
1639 1269 1694 1315 et

125 1339 356 1392 ementati
410 1340 502 1408 ⁸⁷⁸,
531 1354 586 1399 et
615 1346 818 1416 absque
849 1349 955 1404 ullo
975 1351 1200 1419 judicia,
1235 1355 1376 1421 quo:
1405 1352 1475 1382 "'
1526 1352 1692 1422 incly-

127 1439 224 1482 tum
253 1442 303 1484 et
331 1448 427 1501 per
458 1436 629 1491 multa
670 1448 908 1510 tempora
960 1442 1171 1497 [irinum
1213 1455 1374 1513 atque
1401 1446 1688 1512 sancitum,

125 1521 500 1586 quo.'aunnodo
526 1527 840 1586 decolorare
862 1533 932 1564 ³⁷⁸
955 1544 1006 1588 et
1035 1534 1370 1597 obunbilare.
1397 1549 1448 1591 et
1477 1539 1543 1570 ’⁷⁷
1573 1540 1692 1608 plus

125 1611 301 1677 dicam,
349 1619 574 1673 omnino
629 1621 699 1653 ’⁷³
745 1623 924 1681 delere
975 1630 1211 1698 aggressi
1257 1639 1398 1684 sunt.
1457 1631 1692 1688 Edoctus

127 1704 284 1774 itaque
311 1706 756 1784 Karolusimper:
780 1725 866 1771 tnr
894 1735 922 1771 a
969 1722 1374 1790 quampluribns
1401 1725 1686 1794 episcopis.

125 1806 171 1846 ut
217 1812 307 1866 per
345 1809 517 1856 lotam
563 1804 799 1875 linguam
855 1812 1289 1878 proliciSi-eretur
1337 1814 1606 1882 Latinam,
1634 1826 1689 1872 et
1718 1795 1763 1854 Β

125 1885 350 1955 ιτιίυιιιιὶιι
383 1891 658 1948 diversum
706 1897 756 1950 in
787 1910 949 1954 cantu
993 1910 1047 1955 et
1076 1902 1378 1959 ministerio
1404 1907 1473 1937 ’⁷³
1506 1907 1688 1962 divino

126 1975 363 2031 inveniret
407 1994 437 2032 a
479 1979 744 2052 Romano,
781 1997 947 2043 totum
981 1992 1202 2060 deleret,
1232 2004 1286 2049 et
1312 1995 1378 2049 ad
1425 1995 1686 2052 unitatem

127 2069 337 2136 mysterii
384 2069 614 2128 Romani
651 2078 846 2133 uniret.
883 2081 1032 2139 Unde
1075 2083 1274 2139 factum
1317 2095 1423 2149 est,
1465 2089 1686 2144 veniens

127 2157 388 2227 imperator
422 2164 808 2236 Mediolanum,
840 2174 1114 2230 devastata
1147 2177 1328 2246 Papia-
1362 2195 1524 2248 quam
1575 2182 1687 2252 ipse

126 2249 191 2303 i;a
223 2252 604 2327 inextinguibili
637 2261 708 2318 ob
745 2263 1123 2336 imperatorem
1156 2269 1488 2326 Desiderium
1528 2249 1684 2328 suum

128 2343 382 2402 hamulum
407 2351 621 2418 oderat,
652 2369 812 2424 quem
861 2360 1057 2418 milites
1084 2362 1262 2432 Papia:
1287 2374 1472 2420 contra
1505 2365 1688 2424 Carlo-

126 2436 194 2488 nis
233 2437 507 2510 imperium
541 2447 768 2502 viriliter
800 2453 967 2507 armis
998 2461 1051 2509 et
1101 2455 1315 2525 ingenio
1354 2467 1683 2525 tutaveraut,

124 2541 285 2584 omnes
328 2532 491 2589 libros
521 2537 881 2597 Alllbl‘OSIaIIO
917 2544 1070 2601 titulo
1116 2545 1399 2616 sigillatos,
1437 2564 1572 2619 quos
1603 2551 1685 2605 vel

125 2622 270 2686 pretio
311 2624 390 2679 vel
419 2627 568 2684 dono
597 2631 679 2684 vel
733 2633 781 2687 vi
816 2635 1015 2692 habere
1062 2639 1252 2707 potuit.
1286 2640 1420 2698 alios
1464 2644 1684 2698 combu-

127 2728 246 2779 rrns,
273 2715 401 2772 alios
429 2726 588 2777 trans
619 2734 829 2781 montes
859 2730 1012 2797 quasi
1041 2729 1094 2784 in
1126 2731 1288 2787 exilio
1316 2747 1498 2789 secum
1532 2735 1682 2791 detu-

125 2802 186 2896 lit.
213 2803 308 2862 Sed
337 2810 578 2884 religiosi
613 2817 711 2870 viri
765 2820 899 2876 tales
925 2831 976 2876 et
1007 2832 1184 2878 tantos
1210 2826 1377 2883 libros
1416 2827 1679 2896 videntes,

125 2895 338 2968 religiose
368 2910 680 2962 tenuerunt.
707 2909 778 2964 At
805 2910 944 2970 Deus
971 2916 1061 2984 qui
1084 2918 1265 2973 omnia
1291 2920 1437 2976 videt
1459 2895 1683 2978 cuncta?

125 2998 554 3086 que-cognoscit,
609 3010 666 3055 et
711 3005 955 3061 cordium
1004 3009 1215 3065 occulta
1264 3012 1590 3086 investigare
1625 3025 1682 3072 et

124 3091 305 3148 aperire
338 3091 603 3156 przenovit
649 3093 858 3153 animos
885 3107 940 3152 et
975 3099 1326 3159 intentionem
1361 3115 1678 3163 cunctorum

123 3176 410 3242 prmi-ideas.
440 3184 587 3252 quod
635 3185 704 3217 ’⁸ο
729 3187 796 3242 ad
829 3189 1037 3247 laudem
1067 3203 1123 3250 et
1152 3195 1411 3253 honorem
1443 3201 1678 3257 nominis
1705 3156 1752 3220 Ο

126 3263 188 3360 sui
212 3281 296 3334 per
319 3268 580 3338 Spiritum
609 3287 856 3332 sanctum
885 3291 1076 3338 sancto
1102 3267 1390 3342 Ambrosio
1424 3290 1678 3360 episcopo

127 3355 329 3417 dictante
356 3365 420 3397 ’⁸⁸
467 3368 776 3427 ordinatum
809 3387 1056 3443 noverat,
1097 3380 1288 3435 violari
1337 3392 1430 3439 aut
1458 3399 1487 3440 a
1522 3386 1677 3441 malis

126 3446 370 3509 dilacerari
406 3473 513 3513 non
542 3475 732 3530 passus
762 3474 865 3521 est.

182 3540 255 3632 ll.
285 3542 639 3609 Proﬁciscens
669 3556 737 3589 ἠ
777 3566 959 3614 autem
987 3560 1233 3632 gloriosas
1263 3568 1538 3624 memoriae
1571 3571 1678 3625 Eu-

125 3630 764 3732 geniustransmontanus
805 3630 1111 3722 episcopus,
1154 3667 1366 3711 amator
1418 3669 1472 3713 et
1519 3663 1674 3732 quasi

125 3730 252 3785 pater
269 3725 608 3790 Ambros-iani
652 3741 892 3808 mysterii
922 3759 1020 3798 nec
1050 3760 1155 3801 non
1196 3757 1252 3802 et
1279 3749 1348 3782 ’⁸³
1377 3725 1672 3820 protector,

126 3820 590 3914 paler-spiritualis
632 3828 902 3899 Karlonis,
949 3851 1113 3892 causa
1164 3841 1378 3896 concilii
1424 3843 1672 3914 Romam,

128 3907 300 4000 invenit
325 3915 680 3981 apostolicum
717 3920 1039 3992 Adrianum,
1069 3929 1162 3998 qui
1209 3932 1414 4000 primus
1445 3907 1674 3993 annulos

125 4002 168 4096 tt
192 3999 352 4096 virgas
373 4007 438 4062 ad
463 4009 857 4070 investiendum
889 3999 1231 4090 episcopatus
1259 4023 1476 4080 Karloui
1509 4029 1675 4084 dona-

125 4091 329 4188 ‘fibjam
360 4113 458 4169 per
487 4111 598 4160 tres
623 4106 739 4163 dies
768 4109 1071 4167 celebrasse
1095 4115 1403 4172 concilium.
1435 4118 1536 4187 Qui
1561 4130 1675 4177 stu-

125 4178 250 4238 diose
269 4192 466 4259 omnia,
499 4204 558 4249 ut
587 4206 736 4268 gesta
768 4212 942 4270 erant,
972 4220 1068 4273 per
1096 4207 1341 4264 ordinem
1371 4211 1670 4282 inquirens,

125 4282 257 4372 prout
281 4290 393 4335 erat
415 4284 500 4340 vir
526 4285 811 4358 discretus,
843 4293 1099 4351 conscilio
1125 4311 1190 4353 ac
1206 4299 1464 4369 sapientia
1493 4303 1676 4372 provi-

126 4362 223 4456 dus,
245 4373 422 4431 animo
450 4377 710 4446 placidus,
741 4384 889 4439 vultu
919 4401 1164 4456 serenus,
1195 4393 1438 4448 doctrina
1469 4362 1523 4451 et
1550 4411 1671 4452 ver-

128 4451 507 4580 bis’nall‘abilis:
546 4481 711 4575 atque
761 4485 819 4532 ut
867 4479 984 4549 ejus
1039 4451 1274 4553 dignitas
1323 4487 1747 4580 exposcebat,.D

128 4544 242 4644 “Infit
281 4569 462 4614 omnes
494 4561 778 4634 benignus,
819 4544 962 4639 quod
993 4544 1209 4644 dignum
1240 4544 1407 4634 laude.
1421 4546 1542 4637 esse
1568 4544 1675 4637 sibi

128 4637 394 4741 videbatur,
435 4665 805 4725 competenter
836 4637 1205 4721 allirma'bat:
1241 4670 1457 4725 tandem
1505 4673 1677 4741 quali-

128 4737 194 4784 ter
211 4748 294 4793 aut
315 4749 579 4812 quomodo
594 4765 757 4820 super
782 4757 1096 4824 mysterium
1119 4737 1538 4818 Ambrosianum
1554 4779 1673 4819 sese

127 4827 329 4918 synodus
354 4832 650 4906 haLuissct,
688 4843 842 4911 qua:i
895 4846 943 4899 vi
977 4847 1045 4901 ab
1091 4848 1196 4902 illis
1222 4851 1466 4905 extorsit.
1516 4851 1668 4918 Quod

128 4911 200 4968 ubi
227 4919 508 5011 _Eugenins
564 4933 786 5000 audivit,
829 4935 1118 5007 plurimum
1175 4942 1246 4974 ³⁸⁵
1304 4957 1667 5011 expavescens

129 5009 386 5085 condoluit,
423 5027 478 5075 et
513 5037 640 5081 voce
680 5025 994 5085 lacrimabili
1039 5031 1296 5088 miserum
1339 5009 1398 5088 se
1443 5048 1662 5099 vocans,

1792 528 1910 598 quit
1937 529 2044 583 "'z

1868 621 1951 676 12.
1991 640 2010 672 ι
2055 621 2099 678 Ο
2150 623 2219 656 ³⁸⁸
2267 624 2453 690 miser,
2501 623 2627 694 quid
2665 625 2852 694 agam?
2889 623 3118 678 mundus
3155 631 3210 678 et
3260 637 3378 694 ejus

1787 711 1950 780 judcx
2005 714 2192 783 periit;
2251 716 2399 770 orbis
2452 717 2696 771 doctrina
2729 757 2744 781 ,
2800 723 2998 770 cuncta
3037 714 3197 785 hujus
3249 715 3378 769 vita:

1793 817 1914 870 qua:
1939 804 2206 859 vanitates
2231 814 2356 860 sunt
2383 804 2700 872 obfnseans,
2732 805 2984 862 elabitur.
3013 806 3187 861 Decus
3214 806 3379 862 totius

1795 894 2039 949 ecclesire
2069 903 2176 951 tam
2214 895 2416 952 Latina:
2453 913 2613 967 quam
2637 898 2841 953 Grazcaz
2874 897 3243 961 obnubilatur,
3282 897 3379 952 bo-

1796 1003 1946 1054 num,
2001 989 2228 1057 justum,
2289 998 2533 1045 sanctum
2583 991 2648 1021 ’⁸⁷
2709 990 3037 1049 eliminatur.
3079 989 3378 1061 Columpna

1793 1078 2058 1141 ecclesiae,
2091 1077 2500 1135 fundamentum
2529 1080 2674 1144 ﬁdei,
2699 1081 3202 1152 assertorjusticiar,
3229 1081 3379 1136 verbi

1795 1168 1889 1222 Dei
1948 1179 2160 1224 amator
2219 1172 2560 1241 deprimitur.
2602 1172 2801 1228 Doctor
2836 1172 3086 1243 egregius
3137 1171 3379 1227 omnium

1795 1262 1990 1315 astium
2016 1263 2207 1331 peritia
2248 1264 2485 1321 imbutus
2525 1264 2863 1327 disternitur.
2895 1264 3214 1335 mysterium
3238 1265 3382 1334 perit

1793 1354 2197 1424 mysteriowm,
2253 1357 2320 1412 de
2358 1373 2466 1428 quo
2520 1359 2750 1414 domnus
2792 1367 2848 1414 et
2907 1357 3381 1414 reverentissimus

1793 1460 1932 1519 papa
1951 1448 2246 1520 Gregorius
2273 1451 2475 1521 aliquid
2499 1451 2776 1507 sinistrum
2807 1451 3050 1521 proferre
3087 1450 3288 1517 timuit,
3312 1448 3380 1505 de

1793 1555 1901 1610 quo
1938 1551 2139 1610 quanta
2171 1551 2225 1597 et
2253 1558 2416 1612 quam
2443 1559 2634 1616 magna
2656 1545 2810 1614 quasi
2839 1545 3198 1600 lucidissimos
3219 1542 3379 1598 ﬂores

1793 1631 1985 1688 beatus
2030 1633 2291 1705 magister
2349 1644 2405 1692 et
2454 1640 2644 1693 doctor
2686 1637 2756 1669 ³⁸⁸
2820 1637 3112 1707 Gregorius
3165 1637 3380 1693 curiose

1793 1723 2074 1779 attrahens
2125 1724 2477 1796 Romanoque
2523 1729 2782 1799 mysterio
2829 1730 3156 1783 interserens
3207 1742 3379 1799 usque

1793 1813 1952 1870 hodie
1977 1815 2242 1884 adjunxit.
2275 1838 2294 1870 ›
2321 1818 2525 1889 Spiritu
2540 1823 2756 1875 demum
2781 1821 3068 1890 animoque
3084 1828 3373 1890 resumpto,

1782 1904 1933 1974 jussu
1975 1921 2126 1976 papa:
2164 1916 2218 1962 et
2255 1923 2449 1978 magna
2512 1909 2768 1964 nobilium
2819 1920 2974 1980 parte
3010 1909 3378 1965 Romanorum

1789 2014 1910 2053 cum
1943 1997 2115 2069 plebis
2153 2000 2312 2057 simul
2350 2001 2623 2059 voluntate
2651 2002 2920 2066 laudante,
2950 2018 3137 2059 omnes
3170 2002 3380 2074 episeo-

1785 2102 1905 2158 pos,
1933 2090 2390 2162 archiepiscopos,
2427 2093 2669 2160 abbates,
2695 2109 3041 2165 quoscunque
3074 2094 3374 2164 religiosos,

1788 2179 1956 2238 laicos
1993 2191 2048 2238 et
2087 2182 2336 2251 clericos,
2383 2201 2518 2256 quos
2553 2187 2784 2243 concilio
2822 2187 3129 2244 interfuisse
3179 2201 3378 2260 cogno-

1785 2273 1886 2340 vit,
1927 2276 2174 2345 quamvis
2214 2291 2311 2346 per
2346 2286 2457 2334 tres
2495 2279 2610 2334 dies
2645 2279 2998 2334 recessissent
3029 2294 3059 2332 a
3085 2277 3280 2346 Roma,
3308 2276 3379 2333 ad

1786 2367 1994 2422 curiam
2043 2369 2240 2425 summi
2276 2370 2546 2440 pontiﬁcis
2575 2373 2867 2427 revocavit.
2905 2371 3111 2440 Quibus
3152 2385 3378 2443 congre-

1785 2459 1926 2529 gatis
1968 2459 2162 2517 beatus
2199 2460 2471 2532 Engenins
2513 2464 2798 2533 episcopus
2831 2463 2897 2518 de
2937 2463 3200 2535 mysterio
3239 2463 3372 2518 Amo

1784 2549 2040 2607 brosiano
2076 2566 2210 2608 voce
2257 2552 2510 2624 benigna,
2538 2554 2680 2608 unde
2709 2553 3068 2623 incomposite
3106 2560 3373 2608 tractave-

1784 2650 1908 2696 rant
1957 2642 2048 2707 ‘3’,
2102 2643 2326 2698 multum
2375 2627 2704 2715 conquestus
2741 2654 2843 2700 est.
2887 2644 3010 2712 Quo
3036 2643 3238 2708 audito,
3279 2659 3372 2700 cx-

1785 2733 1956 2790 tranei
1986 2733 2169 2790 clerici
2191 2747 2583 2807 cognoscentes
2619 2738 2792 2792 virum
2820 2737 2976 2792 valde
3017 2737 3245 2808 probum
3283 2737 3374 2808 ju-

1783 2827 2052 2898 stitiaeque
2075 2838 2398 2895 amatorem,
2426 2831 2624 2902 partim
2647 2831 2781 2887 satis
2807 2831 3003 2887 mirari.
3022 2846 3084 2887 ac
3110 2844 3371 2886 verecun-

1780 2920 1899 2976 dari
1938 2930 2241 2994 ceepernnt.
2282 2921 2420 2991 Quid
2467 2923 2667 2978 multa?
2692 2923 2773 2978 Ab
2811 2923 3108 2994 apostolico
3153 2931 3205 2976 et
3244 2923 3369 2976 uni-

1781 3013 1952 3069 versis
2008 3014 2278 3085 episcopis
2337 3023 2392 3070 et
2445 3030 2476 3070 a
2533 3024 2644 3071 toto
2669 3015 2827 3070 .clero
2881 3015 2952 3070 ab
3009 3013 3370 3083 universoqno

1781 3105 1978 3173 populo
2013 3103 2261 3160 Romano
2296 3104 2693 3160 conclamatum
2742 3113 2800 3160 et
2856 3103 3236 3160 conlaudatum
3285 3112 3369 3158 est

1783 3203 1842 3247 ut
1889 3192 2085 3250 librum
2124 3193 2543 3251 Ambrosianum
2596 3202 2651 3252 et
2695 3195 2862 3252 beati.
2889 3194 3134 3265 Gregorii
3171 3194 3368 3250 librum

1781 3289 1972 3344 ambos
2024 3304 2188 3359 super
2225 3289 2367 3344 beati
2416 3288 2564 3345 Petri
2614 3289 2788 3344 altare
2836 3288 3039 3358 optime
3085 3286 3368 3356 sigillatos,

1779 3380 2030 3436 videlicet
2065 3382 2470 3438 evidentissime
2509 3381 2804 3452 apostolico
2840 3381 2908 3413 ²⁹⁰
2961 3379 3137 3450 sigillo
3187 3380 3368 3449 signa--

1781 3480 1880 3538 tos,
1922 3474 2022 3529 viri
2050 3474 2283 3547 religiosi
2321 3487 2718 3546 supponerent;
2757 3475 2886 3545 quin
2915 3474 3076 3528 etiam
3113 3472 3366 3528 omnibus

1777 3563 1971 3621 hostiis
2013 3567 2255 3623 ecclesia:
2292 3569 2632 3638 apertissime
2657 3569 2930 3640 sigillatis,r
2955 3566 3124 3620 indito
3157 3564 3365 3632 jejunio

1777 3671 1874 3728 per
1914 3666 2024 3713 tres
2049 3659 2164 3715 dies
2203 3660 2382 3715 cuncti
2423 3674 2453 3714 a
2485 3659 2712 3714 minimo
2756 3674 2924 3728 usque
2972 3658 3038 3711 ad
3068 3656 3361 3710 maximum

1775 3735 1970 3807 devote
1997 3750 2336 3821 jejunarent;
2369 3759 2422 3806 et
2445 3752 2524 3806 sic
2553 3753 2661 3806 Deo
2687 3751 2942 3821 prOpitio,
2987 3763 3365 3818 quemcunque

1777 3854 2024 3914 apertum
2053 3855 2106 3900 et
2134 3856 2430 3900 reseratum
2464 3846 2789 3911 invenirent,
2815 3845 2962 3898 illum
2992 3859 3201 3899 summa
3236 3856 3360 3897 cum

1775 3937 2062 3993 devotione
2094 3948 2148 3993 et
2181 3938 2548 3993 indubitanter
2577 3945 2846 4002 tenerent;
2888 3945 2942 3990 et
2985 3949 3361 4006 quemcunque

1775 4027 2059 4083 immotum
2085 4044 2147 4084 ac
2175 4029 2465 4099 sigillatum
2496 4029 2849 4100 reperissent,
2880 4027 3026 4082 illum
3062 4026 3359 4082 evidentis-

1774 4121 1908 4175 sima
1925 4121 2327 4191 dispensatione
2347 4124 2750 4178 comburerent.
2778 4123 2930 4189 Quod
2959 4121 3155 4175 Iaclum
3170 4120 3358 4184 est’“,

1747 4209 1973 4281 jejunio
1997 4211 2076 4266 ab
2099 4212 2366 4282 cpisc0pis
2403 4214 2651 4268 omnibus
2673 4212 2741 4244 ²⁹²
2763 4221 2817 4267 et
2842 4211 3092 4266 universo
3118 4211 3265 4266 clero
3302 4221 3359 4278 et

1773 4302 1970 4373 populo
1999 4303 2243 4360 Romano
2273 4303 2566 4369 Celebrato,
2597 4305 2649 4359 in
2689 4305 2843 4359 tertia
2872 4305 2958 4360 die
2988 4305 3162 4360 tertiae
3207 4304 3357 4363 ferite

1774 4393 1920 4449 illius
1950 4393 2322 4461 hebdomadas,
2352 4395 2405 4448 in
2435 4409 2539 4465 qua
2565 4394 2906 4450 Ambrosiani
2937 4413 2956 4447 ι
2991 4394 3357 4452 Misericordia

1776 4482 1888 4538 Don
1913 4482 1987 4539 ini
2025 4484 2180 4554 plena
2212 4493 2296 4541 est
2340 4493 2484 4540 terra
2523 4505 2541 4538 ι
2595 4501 2765 4556 usque
2792 4486 2954 4540 hodie
2981 4486 3172 4541 devote
3220 4501 3354 4542 ean-

1780 4583 1915 4640 tant,
1944 4573 1997 4630 in
2027 4591 2190 4630 unum
2228 4575 2494 4630 universis
2539 4575 2981 4631 convenientibus
3006 4577 3074 4632 ad
3121 4577 3355 4631 invisum

1774 4678 1829 4725 et
1869 4669 2168 4725 inauditum
2214 4670 2556 4733 miraculum,
2583 4671 2826 4727 ecclesiae
2861 4671 3258 4741 ianum-stante
3285 4675 3356 4706 ’⁸³

1771 4759 2069 4831 apostolico
2099 4769 2352 4815 reserata:
2381 4769 2437 4814 et
2461 4760 2600 4816 ultro
2622 4773 2823 4832 apertae
2856 4773 3000 4817 sunt.
3024 4761 3229 4829 Quibas
3273 4766 3354 4820 in-

1770 4851 2076 4924 trogressis,
2107 4853 2294 4907 ambos
2342 4851 2508 4906 libros
2545 4861 2602 4905 ut
2649 4853 2969 4909 dimiserant
3001 4856 3264 4927 sigillatos
3301 4868 3356 4914 et

1765 4944 1989 5000 omnino
2037 4942 2272 4998 intactos
2316 4941 2656 4996 invenerunt.
2697 4943 2815 5010 Quo
2846 4944 2962 5000 viso
2990 4947 3201 5002 cunctis
3247 4950 3352 5002 mil-

1770 5033 2016 5089 rantibus
2045 5032 2305 5102 valdeque
2328 5032 2839 5100 obstupesccntibus
2863 5037 3200 5105 nimiumque
3227 5051 3351 5092 con-

1401 5191 1634 5247 VARIAS
1674 5194 2080 5264 LECTIONES.
