3934 5330
568 278 675 336 855

1564 288 1904 347 LANDULFI
1946 289 2496 350 MEDIOLANENSIS
2531 291 2800 350 CLERICI

3723 296 3819 352 856

553 391 1023 465 gemescentibus,
1057 401 1178 458 libri
1210 403 1468 474 ligaturas
1493 420 1590 476 per
1624 422 1684 462 se
1713 408 1782 440 ’⁸⁵
1823 417 2150 478 rumpentes,

2259 427 2400 483 beati
2444 427 2722 484 Ambrosii
2751 427 2982 498 favente,
3017 430 3242 487 fideliter
3273 430 3506 503 aperuit.
3539 427 3634 484 llis
3661 432 3824 485 omni-

571 501 764 541 sonum
789 503 1041 560 magnum
1066 500 1229 562 atque
1257 494 1552 552 terribilem
1573 498 1646 532 ’⁸⁸
1667 498 2010 555 audientibus
2033 502 2149 556 uni-

525 621 530 629 .
568 578 1081 647 versis,'dedcrunt',
1121 593 1174 640 et
1203 601 1324 644 sese
1367 590 1534 658 digito
1573 590 1665 646 Dei
1712 595 2036 662 aperientes,
2077 595 2150 649 ita

573 677 737 732 ambo
783 681 957 748 aperti
996 691 1142 749 sunt,
1175 692 1234 737 ut
1277 683 1475 753 aliquis
1504 701 1665 740 unam
1714 685 1924 741 illorum
1969 685 2150 741 foliam

572 770 682 824 non
723 771 987 828 inveniret
1023 774 1143 844 plus
1187 777 1238 831 in
1287 793 1446 832 unam
1491 786 1698 847 partem
1739 793 1900 848 quam
1937 779 1990 835 in
2021 779 2153 836 alte-

575 876 714 916 ram.
745 863 1146 938 ltaqueingens
1188 871 1436 939 gaudium
1485 886 1678 928 ounes
1711 873 1956 943 abruptis
1995 874 2154 930 lacri-

573 955 680 1010 mis
709 954 854 1012 illico
882 959 1097 1014 invasit.
1131 959 1335 1018 Interea
1373 963 1522 1019 libris
1557 965 1819 1020 ambobus
1846 966 1995 1032 visis,
2019 982 2154 1038 qua-

573 1045 700 1102 liter
748 1051 920 1120 aperti
971 1047 1372 1122 apparuerunt,
1413 1072 1602 1114 omnes
1654 1059 1807 1128 quasi
1860 1074 1966 1114 una
2022 1075 2154 1116 voce

571 1139 982 1207 proclamabam
1016 1145 1296 1201 dicentes:
1334 1165 1353 1199 ι
1407 1147 1796 1220 Gregorianum
1844 1158 1897 1206 et
1925 1151 2154 1208 Ambro-

573 1230 786 1287 sianum
843 1235 1142 1292 mistcrium
1205 1238 1274 1294 ab
1321 1241 1571 1297 universa
1630 1243 1856 1300 ecclesia
1906 1243 2063 1299 laude
2091 1261 2155 1300 ur

521 1354 526 1358 ε
572 1327 924 1382 confirmetur
971 1328 1238 1400 sinmlque
1267 1346 1333 1386 ex
1377 1340 1490 1388 toto
1515 1344 1782 1390 teneatur.
1829 1356 1848 1389 ›
1891 1337 2156 1392 Dicebant

521 1435 528 1458 τ
571 1415 718 1469 enim
751 1408 815 1469 ε’(
846 1415 918 1471 Ut
942 1408 1060 1474 haec
1084 1422 1338 1490 mysteria
1372 1422 1661 1479 laudentur
1707 1425 2043 1496 lirmiterque
2086 1426 2155 1480 ab

525 1526 527 1528 ·
572 1505 841 1563 universis
874 1509 1037 1564 totius
1056 1511 1206 1566 orbis
1227 1513 1498 1584 episcopis
1518 1524 1817 1580 teneantur,
1851 1519 1942 1573 Dei
1973 1519 2152 1574 omni—

523 1622 530 1631 ν
567 1599 809 1665 potentis
833 1608 888 1654 et
913 1600 1054 1655 beati
1098 1602 1242 1658 Petri
1283 1607 1507 1675 apostoli
1539 1609 1781 1664 cernitur
1819 1625 1940 1666 esse
1965 1611 2154 1666 volun-

571 1696 676 1745 trs.
732 1709 752 1744 ι
804 1690 873 1746 At
927 1693 1245 1762 quibusdam
1287 1697 1388 1754 hoc
1431 1702 1654 1755 verbum
1708 1702 1991 1758 videbatur
2037 1702 2154 1760 fore

530 1823 537 1834 .
570 1781 794 1848 bonum,
819 1783 1140 1854 quibusdam
1170 1803 1301 1844 vero
1325 1791 1540 1848 dilIicile
1577 1804 1738 1867 atque
1779 1796 2149 1852 durissimum.
2181 1763 2230 1826 Β

530 1903 532 1906 ν
570 1870 809 1929 Tandem
834 1876 1033 1932 domini
1057 1892 1208 1948 papae
1235 1881 1527 1938 etaliortttn
1551 1885 1872 1956 sapientium
1903 1887 1973 1920 ’⁸⁸
1991 1897 2154 1958 atque

567 1960 928 2020 discretorum
996 1966 1234 2024 virorum
1293 1972 1655 2029 collaudatum
1725 1985 1810 2032 est
1886 1985 1946 2032 ut
1999 1979 2154 2033 sedes

564 2053 945 2122 Ambrosiana,
977 2057 1027 2112 in
1061 2074 1168 2130 quo
1218 2063 1479 2133 mysterio
1513 2067 1771 2122 ordinata
1820 2076 1877 2124 et
1924 2083 1955 2123 a
1997 2069 2154 2124 beato

531 2180 536 2182 -
567 2147 858 2204 Ambrosio
881 2151 1115 2207 exaltata
1144 2165 1248 2219 est,
1283 2155 1372 2210 illo
1392 2157 1507 2214 solo
1534 2169 1784 2216 contenta
1815 2172 2150 2232 permaneat,

566 2253 670 2295 nec
699 2255 804 2296 non
831 2250 1013 2297 cetera
1035 2259 1160 2313 pars
1185 2246 1352 2314 orbis,
1380 2264 1499 2318 qua:
1539 2250 1735 2321 linguae
1769 2253 1972 2307 Latinae
2007 2255 2156 2310 voci-

539 2327 669 2386 .hus
692 2346 947 2390 resonare
968 2335 1035 2369 ³⁸⁷
1061 2336 1119 2394 vi
1135 2337 1290 2402 letur,
1325 2341 1576 2397 omnibus
1598 2343 1718 2398 aliis
1751 2345 2151 2414 pra-termissis,

531 2417 959 2492 ~Gregorianum
1001 2428 1242 2485 studiose
1268 2438 1322 2485 et
1345 2434 1561 2489 curiose
1591 2443 1774 2490 tenere
1795 2437 2029 2492 studeat.
2059 2437 2154 2494 llis

529 2547 539 2553 -
564 2513 825 2570 omnibus
846 2517 1007 2572 rebus
1046 2517 1222 2586 factis,
1261 2521 1425 2578 ﬁnitis
1445 2534 1498 2578 et
1527 2527 1854 2602 terminatis,
1885 2529 2156 2602 Eugenius

565 2606 765 2674 gaudio
807 2623 1002 2679 magno
1052 2611 1374 2682 tripudians,
1404 2600 1557 2684 quasi
1602 2618 1668 2672 ad
1719 2600 1982 2689 proprios
2016 2621 2154 2678 filios

559 2698 796 2754 tendens
837 2699 1196 2758 Mediolanum
1235 2709 1500 2775 pervenit.
1540 2709 1616 2764 De
1645 2725 1751 2780 qua
1790 2711 1924 2767 urbe
1967 2715 2155 2782 paucis

533 2826 538 2830 ς
565 2797 726 2845 antea
766 2795 1060 2849 transactis
1081 2794 1269 2851 diebus
1294 2797 1590 2868 imperator
1608 2801 1760 2872 jussu
1788 2803 2004 2859 concilii
2048 2820 2155 2874 quo

535 2879 756 2952 .Itomaa
811 2882 1101 2952 interfuit,
1151 2902 1313 2943 omne
1363 2893 1682 2962 mysterium
1732 2894 2152 2953 Ambrosianum

531 2971 799 3042 desuper
847 2973 1040 3032 faciem
1095 2986 1255 3033 terrae
1303 2982 1762 3041 omniuo'delere
1807 2988 2152 3056 desiderans,

2254 523 2355 577 bus
2399 523 2597 579 auditis
2645 524 2796 594 quasi
2828 534 2985 594 pater
3019 526 3179 581 unico
3228 533 3445 579 mortuo
3497 523 3568 554 ³⁸⁸
3620 522 3724 579 ﬁlio
3776 535 3826 579 et

2253 621 2436 682 postea
2467 613 2561 670 Dei
2588 614 2877 672 clementia
2910 617 3229 672 resuscitato
3264 616 3430 670 laetati
3461 622 3517 670 ct
3547 615 3825 670 secundum

2255 705 2528 761 tristitiam
2577 722 2682 778 qua
2730 707 2920 780 repleti
2986 717 3140 764 erant
3181 709 3352 780 gavisi
3397 717 3552 764 sunt.
3601 706 3826 764 Tandem

2253 798 2526 866 Eugenius
2553 815 2674 854 cum
2703 801 3084 857 habundanter
3115 800 3231 857 illos
3254 803 3320 856 ad
3352 801 3446 857 Dei
3482 801 3740 857 honorem
3780 801 3827 855 in

2254 889 2558 946 ministerio
2582 891 2726 946 beati
2755 891 3027 948 Ambrosii
3070 893 3355 948 caritative
3391 892 3754 956 cohortasset,
3781 900 3831 946 et

2254 979 2322 1033 ab
2365 981 2468 1035 hac
2495 981 2626 1036 urbe
2649 981 2930 1038 discedere
2953 983 3229 1044 voluisset.
3263 998 3361 1054 per
3385 981 3702 1052 quindecim
3729 980 3832 1036 fere

2255 1071 2370 1126 dies
2396 1079 2653 1138 moratus,
2680 1071 2811 1127 cleri
2843 1081 2896 1127 et
2928 1073 3157 1141 majores
3186 1074 3275 1142 qui
3307 1073 3678 1129 Mediolanum
3707 1071 3828 1127 lacte

2254 1159 2612 1217 Ambrosiano
2638 1176 2735 1232 per
2766 1161 2882 1230 ejus
2912 1162 3213 1218 doctrinam
3245 1161 3334 1218 illo
3365 1163 3418 1216 iu
3455 1171 3700 1232 tempore
3744 1177 3831 1216 nu-

2255 1253 2579 1322 triebantur,
2609 1255 2856 1325 quamvis
2885 1255 3163 1327 perpauci,
3196 1253 3511 1310 ﬁdelissime
3547 1253 3828 1325 Eugenium

2255 1344 2560 1416 supplicare
2608 1355 2662 1400 et
2707 1361 2936 1401 exorare
2976 1355 3259 1417 coeperunt
3313 1355 3588 1416 quatenus
3637 1343 3830 1414 ipse,si

2257 1437 2503 1508 dignitati
2537 1453 2648 1492 sum
2672 1453 2735 1493 ac
2765 1438 2991 1494 bonitati
3019 1439 3276 1509 placeret,
3299 1453 3422 1494 eum
3445 1437 3553 1492 illis
3581 1443 3828 1492 maneret.

2256 1527 2409 1597 Quod
2453 1530 2542 1586 ubi
2591 1529 2680 1586 ille
2729 1531 2954 1596 audivit,
2987 1529 3330 1585 iticllabiliter
3357 1529 3581 1585 beatum
3620 1528 3829 1583 Ambro-

2257 1622 2394 1677 sium
2433 1629 2490 1676 et
2525 1621 2640 1692 ejus
2669 1624 2889 1678 ordines
2917 1632 3077 1692 atque
3105 1633 3298 1678 cantus
3336 1624 3600 1694 diligens,
3620 1622 3833 1691 benigne

2257 1711 2406 1766 vultu
2438 1713 2652 1784 placido
2697 1723 2860 1784 atque
2889 1715 2962 1746 ³⁰²’
2989 1730 3180 1770 sereno
3228 1716 3510 1786 reSpondit
3540 1733 3554 1770 :
3603 1734 3626 1767 ι
3660 1714 3833 1770 Mat

2257 1803 2458 1859 caritas
2483 1811 2665 1860 vestra
2706 1804 2798 1872 ³⁰¹,
2827 1803 3025 1860 fratres
3047 1806 3339 1873 carissimi,
3367 1821 3559 1862 amore
3607 1815 3666 1861 et
3705 1820 3832 1859 reve-

2255 1899 2428 1954 rentia
2458 1897 2599 1954 beati
2629 1899 2924 1963 Ambrosii,
2959 1899 3025 1954 ad
3056 1897 3208 1968 cujus
3234 1900 3503 1954 honorem
3532 1899 3652 1968 jam
3689 1907 3828 1952 antea

2255 1977 2648 2060 aliquantulum
2701 1989 2983 2055 desudavi,
3037 2002 3330 2059 vestraque
3382 1987 3723 2056 fraternitas,
3758 2004 3829 2043 me

2255 2095 2362 2134 non
2394 2089 2600 2136 tantum
2631 2081 2684 2136 in
2734 2081 2837 2138 hac
2869 2083 3099 2139 ecclesia
3149 2083 3431 2140 vobiscum
3472 2099 3718 2146 manere,
3754 2098 3833 2136 vo-

2253 2170 2464 2226 biscum
2497 2185 2640 2238 esse,
2691 2173 2971 2229 vobiscum
3021 2174 3241 2244 degere,
3266 2174 3356 2230 sed
3393 2175 3561 2229 etiam
3591 2175 3648 2229 in
3677 2189 3832 2230 carce-

2256 2279 2370 2318 rem
2416 2263 2507 2326 3”,
2539 2263 2584 2317 si
2632 2278 2767 2333 opus
2825 2274 2917 2321 aut
2952 2267 3206 2336 temporis
3248 2266 3594 2336 perturbatio
3643 2266 3833 2322 crebre-

2254 2353 2529 2408 scentibus
2581 2354 2652 2386 ³⁸⁵
2681 2355 2839 2412 malis
2861 2367 3200 2428 exposceret,
3224 2357 3410 2414 animo
3457 2358 3704 2430 cupienti
3732 2374 3833 2428 pro-

2254 2458 2448 2513 perare
2493 2445 2584 2499 ³⁰³;
2624 2465 2642 2498 ι
2678 2447 2880 2504 Vivens
2924 2459 3110 2519 postea
3160 2463 3292 2506 vero
3338 2449 3535 2505 beatus
3580 2449 3833 2520 Eugenins

2257 2537 2544 2608 episcopus
2589 2553 2688 2610 per
2739 2555 2941 2609 paucos
2990 2543 3124 2608 dies,
3164 2558 3353 2598 omnes
3397 2543 3534 2607 vita,
3588 2542 3830 2604 moribus.

2256 2632 2518 2702 bonisque
2543 2632 2806 2702 exemplis
2835 2635 3232 2705 patientissime
3282 2635 3584 2702 imbuebat.
3633 2636 3832 2690 Demurn

2253 2721 2447 2794 plenus
2505 2722 2731 2779 scientia
2793 2735 2848 2781 et
2904 2729 3146 2798 pietate,
3200 2729 3433 2784 caritate
3484 2737 3544 2784 et
3601 2729 3830 2784 castitate

2255 2812 2571 2882 eunetisque
2593 2813 2904 2882 virtutibus,
2931 2819 3167 2874 moriens
3189 2829 3396 2874 natura:
3422 2821 3724 2875 concessit.

2330 2904 2416 2957 Μ.
2466 2904 2647 2962 Multis
2688 2907 2756 2940 ⁸⁸⁸
2802 2911 3135 2980 temporibus
3178 2913 3499 2976 transactis,
3540 2929 3667 2968 cum
3708 2909 3834 2968 beati

2259 2995 2493 3068 Eugenii
2521 2997 2761 3068 episcopi
2796 3001 3057 3056 memoria
3085 3001 3168 3056 sui
3214 3002 3454 3058 nominis
3489 3011 3658 3074 atque
3684 3001 3836 3073 sepul-

530 3109 538 3117 .
566 3065 854 3120 trucidatis
878 3067 1064 3122 multis
1093 3070 1308 3127 clericis
1331 3075 1598 3130 minorum
1624 3085 1679 3132 et
1702 3079 1963 3150 majorum
2009 3083 2158 3138 ordi-
2183 3119 2229 3181 ϐ
2263 3065 2398 3143 ιιινῷ
2424 3105 2452 3143 a
2486 3091 2745 3146 cordibus
2791 3091 3056 3148 universa:
3077 3093 3252 3164 gentis
3278 3094 3443 3166 hujus
3474 3095 3630 3151 urbis
3665 3094 3837 3151 accol:

568 3172 692 3181 ηπ,
763 3171 948 3181 ,μ-,η
988 3159 1276 3181 ,ηιμωεη
1315 3179 1360 3181 η
1620 3175 1632 3181 -
1775 3170 1787 3181 .
2093 3173 2123 3181 ..
2294 3177 2308 3181 μ
2482 3178 2495 3181 -

565 3172 720 3221 num,
761 3171 950 3214 omnes
976 3159 1368 3219 Ambrosianus
1395 3164 1586 3232 libros,
1619 3175 1726 3222 tam
1775 3170 1826 3223 in
1870 3173 2156 3228 sententiis

565 3247 692 3301 novi
718 3264 882 3318 quam
927 3251 1128 3306 veteris
1173 3256 1484 3310 testamenti
1515 3272 1675 3326 quam
1712 3259 1764 3313 in
1794 3261 2000 3317 musica
2040 3273 2156 3319 arte

537 3339 867 3396 secundum
918 3340 1267 3398 Ambrosium
1320 3345 1651 3418 descriptos,
1704 3348 1930 3407 abrasit.
1979 3351 2154 3409 Nichil

567 3429 722 3484 enim.
756 3441 954 3501 praeter
977 3433 1198 3492 missale
1226 3438 1506 3505 remansit,
1539 3440 1682 3509 quod
1717 3442 1937 3512 quidam
1978 3444 2155 3500 bonus

539 3555 543 3566 ε
568 3529 736 3591 atque
753 3521 924 3580 lidelis
947 3527 1202 3583 sacerdos
1225 3528 1522 3585 abseonsus
1546 3530 1598 3586 in
1623 3534 1870 3589 cavernis
1890 3537 2153 3592 mentium

566 3627 667 3683 per
687 3629 786 3670 sex
808 3616 1135 3674 ebdomadas
1160 3619 1395 3677 ﬁdeliter
1421 3625 1736 3679 reservavit.
1761 3625 2062 3684 Manualem
2085 3629 2155 3662 ’⁸⁸

541 3735 544 3738 ~
569 3712 758 3760 autem
773 3715 961 3776 postea
983 3717 1195 3767 astante
1206 3711 1451 3782 Eugenio
1473 3706 1759 3785 episcopus
1787 3717 2150 3786 ﬁdelissimus,

567 3795 842 3864 sapientes
895 3806 1001 3854 tam
1050 3801 1394 3858 sacerdotum
1450 3819 1612 3874 quam
1660 3806 2008 3877 clericorum,
2058 3811 2151 3881 qui

566 3889 734 3946 multa
779 3893 1096 3948 memoriter
1142 3896 1419 3976 tenebant,
1449 3898 1833 3956 convenientes
1871 3900 1932 3955 in.
1964 3917 2153 3970 unum,

567 3980 682 4038 Deo
702 3983 1024 4054 opitulante,
1049 3994 1106 4042 ut
1138 3996 1299 4044 antea
1328 3989 1540 4060 integer
1570 3990 1675 4047 fuit
1704 3992 2061 4063 invenientes,
2097 3995 2156 4052 in

544 4072 802 4142 posteris
832 4073 1188 4132 tradiderunt.

641 4165 731 4222 15.
761 4164 868 4220 Per
889 4166 958 4228 '9?
989 4166 1128 4223 idem
1161 4178 1373 4240 tempus
1395 4172 1586 4228 beatus
1623 4173 1894 4245 Eugenius
1922 4177 1991 4234 ab
2021 4178 2155 4235 urbe

546 4254 768 4322 Roma,
807 4272 929 4312 cum
953 4256 1067 4327 jam
1090 4259 1257 4316 .Carlo
1285 4261 1659 4320 Ambrosiante
1680 4266 1924 4323 ecclesiae
1964 4269 2155 4327 inﬁde-

567 4347 638 4404 lis
664 4349 963 4406 devastatis
985 4359 1148 4422 atque
1167 4355 1467 4411 combustis
1488 4358 1940 4417 reverentissimis
1971 4361 2161 4420 multis.

2260 3177 2440 3248 elapsa
2472 3178 2682 3245 fuisset,
2707 3181 2907 3250 placuit
2933 3182 3043 3237 Dco
3065 3184 3154 3254 qui
3179 3193 3372 3239 cuneta
3397 3184 3720 3243 abscondita
3742 3185 3836 3239 suis

2259 3270 2505 3327 fidelibus
2534 3273 2758 3336 revelat,
2787 3283 2842 3329 et
2863 3290 2991 3330 suos
3019 3274 3202 3332 ﬁdeles
3227 3292 3292 3333 ac
3331 3277 3542 3334 milites
3567 3279 3634 3334 ad
3683 3279 3832 3334 bono-

2258 3379 2374 3419 rem
2413 3364 2497 3419 sui
2530 3366 2786 3431 nominis,
2818 3367 2908 3437 qui
2938 3370 3211 3436 quondam
3244 3378 3336 3423 aut
3359 3369 3593 3440 jejuniis
3618 3380 3713 3426 aut
3735 3385 3832 3425 ora-

2260 3455 2496 3511 tionibus
2518 3466 2610 3510 aut
2638 3457 2836 3527 vigiliis
2862 3467 2955 3512 aut
2982 3461 3178 3514 ceteris
3203 3460 3373 3516 armis
3398 3461 3628 3519 virtutis
3669 3462 3833 3516 trium-

2225 3547 2516 3616 phavere,
2545 3563 2716 3618 usque
2744 3550 2902 3604 hodie
2951 3551 3158 3622 pandit,
3185 3567 3283 3621 per
3330 3554 3616 3622 quandam
3653 3562 3833 3608 matro-

2258 3651 2383 3691 nam
2413 3637 2571 3692 malis
2616 3637 2800 3693 multis
2839 3648 3002 3709 atque
3047 3640 3264 3710 paralisi
3295 3641 3485 3696 multis
3535 3642 3830 3698 dissolutam

2257 3728 2469 3803 diebus,
2509 3744 2705 3784 nomen
2738 3730 2976 3802 episcopi
3019 3741 3073 3786 et
3121 3717 3412 3800 sepultura:
3459 3732 3640 3789 locum
3676 3732 3832 3803 signis

2256 3799 2680 3878 evidentissimis
2726 3837 2990 3878 reserare.
3042 3821 3331 3878 Enimvero
3362 3833 3497 3879 nutu
3531 3825 3738 3881 accedit
3775 3822 3832 3853 ‘"

2258 3910 2461 3977 divino,
2485 3927 2608 3968 cum
2634 3913 2688 3968 in
2716 3929 2815 3969 suo
2839 3913 2977 3969 lecto
3000 3927 3150 3970 more
3169 3913 3330 3970 solito
3353 3914 3576 3970 inllrma
3600 3913 3829 3985 languida

2258 4011 2424 4073 atque
2451 4003 2704 4060 omnibus
2755 4003 3012 4059 membris
3047 4003 3288 4070 dimissa,
3317 4004 3516 4075 Opibus
3571 4005 3753 4059 nmltis
3790 4012 3832 4057 et

2243 4092 2472 4165 magnis
2516 4094 2831 4160 attenuatis,
2860 4109 2995 4165 quas
3025 4103 3084 4150 ut
3113 4095 3182 4150 ab
3205 4095 3529 4165 :egritudine
3555 4111 3663 4166 qua
3704 4104 3833 4150 teneo

2261 4183 2419 4240 batur
2445 4183 2795 4250 liberaretur,
2823 4199 2920 4256 per
2954 4185 3195 4241 diversos
3224 4187 3564 4254 expenderat
3593 4185 3829 4246 medicos,

2257 4278 2584 4350 quiesceret,
2615 4277 2798 4332 animo
2823 4277 3165 4342 exmstuanti,
3199 4275 3438 4347 qualiter
3459 4285 3556 4330 aut
3584 4275 3833 4346 quomodo

2258 4376 2455 4426 cuneta
2483 4381 2581 4424 sua
2630 4367 2744 4423 fere
2770 4369 2912 4424 bona
2960 4367 3205 4439 cogitans
3234 4383 3354 4438 quae
3384 4367 3695 4423 inconsulte
3728 4382 3830 4437 per-

569 4437 725 4495 libris
751 4440 1028 4510 paululum
1060 4443 1418 4514 discessisset,
1455 4465 1760 4508 convocans
1792 4453 2063 4525 dispersos
2098 4467 2154 4513 et
2178 4472 2230 4534 D
2256 4459 2504 4526 didisset,
2531 4457 2673 4514 illico
2691 4473 2908 4514 omnem
2939 4437 3088 4529 spem
3116 4437 3307 4514 salutis
3331 4474 3444 4514 sua:
3469 4460 3522 4514 in
3553 4459 3682 4520 Deo,
3707 4459 3828 4512 ultra

568 4530 853 4590 laceratos.
886 4531 1132 4602 clericos,
1164 4538 1306 4594 ultra
1331 4539 1547 4597 modum
1580 4542 1764 4601 tristes
1809 4559 1874 4601 ac
1923 4548 2154 4605 miseros

570 4621 782 4690 videns,
827 4625 1156 4694 permultum
1206 4629 1287 4686 eis
1326 4631 1642 4700 condolens,
1687 4644 1947 4704 quantum
1984 4638 2160 4694 valuit-

553 4728 664 4775 veOS
708 4715 1028 4776 cohortatus
1069 4729 1172 4777 est.
1207 4722 1309 4791 Qui
1338 4733 1556 4794 cuncta,
1587 4727 1820 4797 qualiter
1844 4743 1945 4799 per
1968 4729 2152 4786 omnia

567 4809 925 4870 de.misterio
976 4814 1336 4875 Ambrosiam
1392 4819 1621 4877 Romam
1683 4823 1824 4894 apud
1877 4839 2150 4880 summum

555 4900 877 4968 .pontilicem
917 4907 1102 4964 multis
1139 4909 1410 4981 episcopis
1455 4913 1757 4969 astantibus
1804 4924 1957 4986 gesta
2017 4915 2152 4972 fuis-

567 5003 711 5060 sent,
753 5010 814 5051 se
838 5012 936 5068 per
977 4999 1268 5070 plurimum
1299 5011 1560 5075 operante
1585 5014 1643 5061 et
1667 5005 1782 5063 Deo
1807 5008 2152 5065 orationibus

2256 4562 2317 4608 ut
2342 4567 2438 4608 sua
2483 4561 2630 4608 esset
2651 4550 2922 4618 voluntas,
2952 4550 3147 4606 inﬁxit.
3176 4551 3306 4618 Quae
3332 4566 3459 4606 cum
3491 4551 3658 4606 multa
3683 4551 3827 4605 animi

2257 4644 2540 4700 voluntate
2589 4645 2736 4700 circa
2782 4642 3154 4700 ecclesiastica
3202 4658 3299 4714 per
3334 4644 3551 4700 diversa
3581 4654 3638 4700 et
3661 4658 3829 4715 quam.

2254 4736 2488 4807 plurima
2515 4734 2693 4792 ofﬁcia
2723 4736 2788 4791 ad
2831 4735 2926 4791 Dei
2947 4735 3215 4792 honorem
3247 4735 3491 4806 cogitare
3519 4736 3713 4791 iterum
3746 4734 3828 4787 ite-

2255 4839 2489 4899 rumque
2543 4828 2818 4898 cmpisset,
2877 4827 2993 4882 Dei
3025 4824 3204 4884 subito
3251 4841 3380 4883 ecce
3432 4827 3713 4883 voluntate
3761 4823 3827 4877 vir

2254 4919 2556 4976 reverentia
2599 4919 2817 4989 dignus,
2846 4905 3023 4985 vultu,
3057 4918 3272 4986 habitu,
3308 4918 3574 4988 qualitate
3590 4929 3827 4972 veneran-

2251 5010 2382 5077 dus,
2399 5009 2607 5080 capillis
2629 5009 2824 5080 capitis
2842 5009 2956 5081 jam
2981 5005 3417 5075 eanescentibus,
3443 5009 3649 5081 virgam
3680 5017 3824 5061 manu

1825 5202 1829 5204 ’
1887 5220 2121 5278 vanu:
2155 5220 2560 5279 LECTIONES.
