3934 5330
122 191 247 248 865

120 403 436 470 gnanimus
487 401 927 471 archiepiscOpus
976 400 1228 456 omnibus
1276 401 1545 480 regalibus
1573 399 1730 454 indu-

120 493 350 549 mentis
377 509 500 548 cum
533 492 808 562 manipulo
837 492 1183 558 subdiacone,
1230 507 1430 549 corona
1465 493 1730 564 superine»

119 585 342 652 posita,
377 584 679 640 astantibus
719 585 863 639 beati
913 586 1187 640 Ambrosii
1223 585 1582 655 sull‘raganeis
1608 585 1730 641 uni-

120 677 318 732 versis
369 675 662 746 multisque
696 677 925 732 ducibus
950 686 1113 747 atque
1152 679 1583 742 marchiouibus,
1631 681 1727 732 de-

120 769 458 824 centissime
488 767 793 824 ct‘miriiice
836 768 1089 824 Ottonem
1139 785 1318 841 regem
1349 769 1729 825 conlaudatum

121 867 184 912 et
245 874 355 928 per
394 860 575 914 omnia
626 858 1003 914 confirmatum
1049 860 1218 916 induit
1251 871 1412 930 atque
1453 861 1724 930 perunxit.

124 951 256 1019 Quo
269 951 421 1008 facto
434 967 528 1006 rex
551 952 734 1020 paucis
754 961 1120 1007 commoratus
1140 951 1329 1009 diebus
1346 952 1725 1018 Mediolanum,

119 1043 406 1099 conscilio
445 1044 704 1114 Walperti
733 1046 979 1109 edoctus,
1007 1047 1161 1118 cujus
1191 1046 1516 1116 probitatem
1562 1055 1728 1117 atque

126 1132 469 1188 industriam
499 1134 636 1188 ultra
667 1149 855 1189 omnes
900 1144 955 1189 et
980 1149 1142 1205 super
1169 1150 1359 1190 omnes
1379 1136 1611 1190 habebat
1634 1147 1728 1190 sa-

125 1225 379 1294 pientes,
409 1225 735 1282 festinanter
782 1226 1064 1282 Albertuni
1098 1227 1150 1281 in
1175 1228 1386 1282 cunctis
1415 1227 1484 1259 ³⁸³
1522 1243 1729 1298 ιιι-ωοο-

116 1333 351 1388 cupans
373 1319 626 1389 negotiis,
653 1316 924 1374 universis
973 1329 1180 1373 tantum
1229 1319 1496 1390 episcopis
1517 1335 1584 1372 ex
1611 1334 1727 1373 om-

129 1410 304 1466 nibus
332 1409 505 1466 Italia:
528 1410 860 1476 civitatibus,
886 1425 988 1465 nec
1013 1427 1119 1466 non
1134 1410 1380 1478 ducibus,
1398 1413 1728 1466 marchioni-

123 1501 264 1568 bus,
298 1503 624 1572 capitaneis,
676 1501 1100 1568 valvassorihus,
1151 1501 1405 1558 Ottonem
1458 1501 1724 1573 Walperti

1127 150 1446 250 tusruma
1490 190 2062 253 usuromususrs.
2097 229 2167 240 -
2195 200 2324 257 LIB.
2367 202 2432 256 ιι.

119 307 457 364 divinarum
481 307 914 378 solempnitatum
946 309 1202 363 misteriis
1219 349 1234 373 ,
1255 308 1569 380 Walpertus
1615 323 1727 362 ma-
1754 309 1805 371 Δ

3307 215 3413 272 863

3079 342 3292 390 scretus

3079 342 3292 390 scretus

1939 407 2132 466 Vultus
2153 409 2357 469 habens
2386 414 2724 485 angelorum,
2758 427 2814 476 et
2846 431 2928 476 est
2959 431 3112 491 pater
3139 439 3231 479 or-
3298 334 3339 407 ν]

2987 514 3340 590 phanorum.]

1936 585 2036 655 Te,
2064 590 2308 660 Alberte,
2341 595 2498 652 decet
2522 613 2734 666 nemus,
2762 611 2819 658 et
2847 601 3232 660 Ottonetnma-

3001 710 3093 753 net
3124 700 3308 757 decus.

3001 710 3093 753 net
3124 703 3308 757 decus.

1934 770 2039 862 I’ro
2073 774 2294 834 infamia
2328 778 2592 852 Walperti
2621 791 2676 839 te
2707 785 2994 861 decetalga
3024 790 3093 822 ε⁶³
3117 703 3337 862 regni;]

1932 861 2040 918 Pro
2069 864 2254 936 regina
2277 884 2421 925 nunc
2443 870 2642 928 latrina
2667 875 2738 907 ³⁸⁸
2769 885 2921 934 utere
2941 878 3053 948 jam
3085 861 3229 939 nunc

3067 986 3307 1027 marina:

3067 986 3307 1027 marma°

1933 1041 2038 1097 Pro
2065 1045 2230 1116 regali
2255 1057 2470 1118 sceptro
2495 1061 2683 1110 nostro
2721 1053 2902 1112 fruere
2921 1056 3035 1126 jam
3071 1061 3228 1116 navis
3294 974 3336 1045 ’1

3107 1161 3288 1210 1⁵081Γο

2018 1170 2024 1175 ·
3107 1161 3288 1210 rostro

1937 1223 2100 1282 Utere
2124 1227 2242 1284 vela
2272 1231 2505 1298 marina,
2537 1233 2716 1291 fruere
2739 1236 2855 1307 jam
2884 1236 3174 1298 Salonicha
3202 1155 3335 1313 ηδ’]

1933 1315 2003 1372 Ut
2023 1319 2284 1378 defendas
2305 1324 2469 1379 vitam
2501 1326 2684 1395 istam,
2710 1338 2890 1388 vestes
2907 1348 3154 1402 quaerens
3174 1345 3232 1394 et

3054 1425 3336 1504 farinam.]

1897 1500 1984 1592 I7.
2017 1501 2226 1558 Interea
2258 1504 2328 1536 ⁸⁸⁸
2360 1505 2486 1560 dum
2544 1508 2865 1580 dignitatem
2926 1522 3090 1585 atque
3157 1500 3408 1592 magniﬁ-

125 1607 330 1649 amore
354 1595 766 1662 comitantibus,
791 1610 914 1650 cum
944 1595 1324 1650 innumerabili
1355 1593 1724 1664 atqueineﬁ‘a—
1753 1663 1796 1679 ἢ
1825 1591 2061 1646 centiam
2090 1594 2624 1667 archiepiscoporum
2665 1605 3099 1672 supradicturum
3139 1591 3406 1679 recolens,

124 1686 231 1740 bili
281 1687 523 1758 peditum
566 1687 804 1742 virorum
837 1686 1060 1742 fortium
1105 1663 1468 1752 multitudine,
1497 1688 1720 1743 Romam
1753 1663 1797 1720 Β
1823 1692 1878 1738 et
1909 1684 2146 1753 aliquam
2177 1663 2494 1758 magnarum
2546 1663 2747 1748 rerum'
2767 1707 3003 1764 partem,
3028 1663 3409 1774 quasvrnag'ui:

117 1793 245 1848 quo
264 1780 532 1846 tenderet,
559 1780 663 1836 iter
691 1793 983 1849 aggressus
1022 1788 1127 1835 est.
1173 1779 1411 1834 Tandem
1445 1779 1725 1851 Walperto

120 1883 236 1938 per
274 1878 384 1925 tres
404 1869 520 1926 dies
544 1885 724 1942 regem
753 1871 982 1926 Romam
1015 1874 1389 1939 antecedente,
1437 1882 1494 1926 ut
1549 1873 1721 1944 ipsum

116 1973 324 2015 teram
355 1961 597 2016 omnium
625 1963 864 2034 gentium
891 1963 1236 2018 multitudine
1265 1973 1573 2030 coronaret,
1614 1963 1723 2018 Deo

124 2051 433 2121 atljurante
460 2056 722 2122 pervenit.
749 2055 820 2109 At
847 2054 1101 2112 Albertus
1145 2057 1359 2128 cognita
1393 2058 1536 2128 regis
1568 2057 1726 2113 Otto-

127 2143 223 2197 nis
250 2142 398 2197 fama
425 2151 480 2198 et
507 2144 927 2214 magniﬁcentia,
958 2146 1152 2203 videns
1166 2162 1224 2202 se
1240 2147 1462 2202 omnino
1485 2149 1533 2203 ei
1557 2149 1724 2205 armis

129 2234 400 2289 resistere
427 2234 738 2308 non'posse,
768 2245 823 2292 et
854 2234 1118 2308 Walperti
1145 2240 1378 2310 cognitis
1407 2239 1719 2304 virtutibus,

129 2339 262 2382 sero
294 2325 442 2396 quod
469 2341 626 2384 (eum
657 2327 1116 2383 verecundaverat
1160 2329 1452 2398 paenitens,
1499 2326 1724 2399 perosus

127 2414 248 2468 fere
271 2413 533 2470 omnibus
554 2425 608 2471 et
635 2415 773 2472 ct'clo
792 2426 846 2472 et
873 2427 1039 2483 terra,
1073 2420 1139 2474 ab
1170 2419 1442 2475 universis
1472 2420 1724 2490 gentibus

132 2506 456 2573 destitutus,
478 2508 688 2563 meritis
716 2509 1056 2578 exigentibus
1079 2507 1213 2576 suis,
1239 2510 1291 2566 in
1313 2509 1490 2565 insula
1514 2511 1724 2566 marina

129 2613 255 2667 qua:
274 2599 506 2654 Corsica
529 2609 774 2665 vocatur,
808 2601 1002 2668 tristis,
1027 2599 1216 2668 miser,
1242 2595 1496 2666 imbellis,
1516 2600 1721 2669 inhen,

131 2692 349 2758 infelix,
379 2693 610 2759 occulte,
645 2695 878 2766 amplius
899 2696 951 2751 in
980 2713 1146 2768 regno
1176 2712 1284 2752 non
1304 2712 1642 2765 reversurus,
1670 2706 1727 2754 et

133 2786 283 2840 velut
310 2785 478 2842 furet
501 2787 640 2845 latro
672 2788 932 2844 velociter
953 2789 1182 2861 aufugit.
1227 2782 1374 2846 Idem
1416 2800 1599 2846 autem
1629 2805 1728 2861 per

134 2889 355 2948 tempus
384 2895 482 2936 rex
509 2878 636 2937 Otto
680 2881 892 2936 devicto
919 2891 975 2937 et
1001 2882 1236 2950 elfugato
1260 2883 1513 2949 Alberto,
1549 2883 1722 2953 tripu-

1825 1773 1926 1828 ﬁce
1954 1774 2006 1828 in
2035 1775 2201 1830 Deum
2226 1785 2282 1831 et
2317 1779 2370 1832 in
2401 1780 2653 1836 sarculum
2709 1788 2916 1855 operati
2967 1798 3094 1844 sunt
3149 1773 3408 1848 intuendo

1825 1863 2108 1935 descripsi,
2140 1867 2335 1922 saltum
2387 1885 2453 1925 ex
2500 1872 2797 1943 improviso
2853 1879 3033 1936 dando
3083 1881 3409 1942 Landulfum

1823 1955 2028 2024 exilivi,
2049 1959 2167 2028 qui,
2194 1959 2411 2031 iniquus
2435 1962 2585 2019 velut
2608 1970 2843 2038 scorpio,
2875 1970 2928 2024 in
2959 1976 3220 2031 extremis
3238 1979 3409 2034 cauda

1827 2056 1979 2104 torve
2005 2052 2254 2107 venando
2282 2056 2614 2123 percutiens,
2658 2059 2890 2128 majores
2933 2065 3287 2125 ecclesiastici
3319 2087 3410 2126 or-

1826 2140 1996 2206 dinis,
2058 2143 2310 2201 videlicet
2361 2147 2824 2216 archidiacouem,
2875 2156 3409 2232 archipresbyterum

1825 2241 2144 2302 ceterosque
2173 2234 2429 2302 majores,
2449 2253 2553 2292 nec
2585 2254 2690 2294 non
2727 2243 3099 2311 primicerium
3132 2251 3415 2322 presbyte-

1826 2334 2032 2386 rerum,
2056 2323 2148 2392 qui
2195 2325 2552 2395 coepiscorus
2572 2340 2819 2397 vocatur,
2856 2343 3182 2406 ceterosque
3229 2343 3410 2398 archi-

1825 2412 2173 2482 presbyteros
2213 2414 2371 2484 hujus
2418 2419 2568 2474 urbis
2617 2423 2973 2480 ecclesiarum
3027 2428 3411 2489 decentissime

1823 2516 1922 2580 per
1941 2502 2111 2557 multa
2167 2512 2410 2573 tempora
2447 2508 2588 2563 ultra
2636 2524 2830 2567 omnes
2859 2513 3020 2582 hujus
3068 2519 3248 2573 saeculi
3303 2521 3409 2577 cle-

1827 2593 1966 2650 ricos
2019 2594 2360 2660 sublimatos,
2413 2599 2648 2667 quadam
2688 2601 3136 2662 insania'ductus
3195 2605 3411 2665 incomo

1825 2687 2178 2765 pensatiliter
2236 2698 2292 2744 et
2337 2690 2730 2750 iudicretcet
2761 2696 2960 2766 injuste
3010 2699 3408 2759 dehonestavit.

1823 2774 1984 2830 Enim
2014 2786 2074 2832 ut
2099 2779 2644 2852 archiepiscopatum,
2668 2800 2829 2856 quem
2854 2787 2966 2856 ipse
2993 2787 3144 2844 duris
3168 2799 3225 2847 et
3242 2793 3412 2850 .malis

1825 2868 2033 2928 artibus
2058 2871 2227 2940 patris
2252 2873 2566 2943 aquisierat,
2612 2877 2895 2943 retineret,
2927 2879 3208 2938 universos
3233 2883 3413 2939 eccleo

129 2969 418 3027 diantibus
446 2971 712 3026 universis
739 2972 924 3027 Romae
955 2973 1024 3027 ab
1051 2971 1349 3042 apostolico
1374 2971 1720 3027 conclamau-
1748 3001 1794 3062 ο
1826 2960 2077 3018 εῖδειίεοε
2141 2963 2376 3021 honores
2430 2977 2594 3036 alque
2635 2968 2948 3037 dignitates
3009 2985 3146 3040 (ιιιειε
3187 2974 3410 3031 οΐάἱηοι

135 3064 280 3120 tibus
300 3073 359 3120 et
382 3059 813 3122 collaudantibus
826 3067 1204 3123 universarum
1223 3066 1462 3138 gentium
1488 3065 1722 3138 populis,

136 3157 422 3230 Walperto
476 3167 684 3214 tantum
735 3168 968 3226 astante,
1028 3157 1320 3216 Coronatus
1345 3168 1430 3216 est
1458 3159 1566 3231 (an.
1594 3146 1721 3238 962,

135 3251 296 3306 Febr.
329 3251 412 3322 2).
438 3251 647 3306 Interea
696 3251 938 3307 omnium
988 3266 1278 3324 regnorum
1333 3251 1562 3323 imperio
1605 3253 1723 3325 sine

133 3342 381 3412 gentium
427 3343 572 3397 cmde
639 3351 733 3396 aut
792 3341 1076 3397 ullis‘siue
1135 3328 1402 3398 bellorum
1464 3344 1723 3414 periculis

129 3435 356 3505 adepto,
394 3433 732 3504 Walpertum
779 3435 1081 3489 astantibus
1137 3435 1405 3489 universis
1448 3449 1542 3489 rex
1597 3434 1722 3491 Otto

133 3526 426 3591 extollens,
473 3526 666 3595 oppida
717 3525 883 3579 multa
938 3524 1137 3596 regalia
1179 3525 1232 3579 iu
1259 3524 1423 3579 Italia:
1478 3527 1721 3596 partibus

134 3615 536 3670 commorantia
581 3603 963 3669 decentissime
990 3630 1053 3668 ac
1087 3615 1390 3670 bonorilice
1440 3616 1489 3670 ei
1511 3615 1722 3681 donans

133 3705 422 3772 exultavit,
449 3707 841 3778 magniﬁcavit,
866 3706 1270 3773 honoriﬁcavit,
1316 3716 1370 3761 et
1399 3722 1509 3777 pra:
1545 3697 1720 3762 omni?

135 3802 235 3856 bus
263 3809 323 3858 et
355 3799 409 3853 in
440 3800 689 3854 omnibus
725 3797 1133 3855 honorificando
1170 3798 1504 3854 sublimavit.

314 3887 592 3944 Cantilena
622 3887 693 3920 '“
722 3904 878 3957 super
900 3897 1096 3943 statum
1139 3889 1273 3958 regis
1314 3887 1536 3943 Alberti.

246 3981 380 4051 Age,
411 3995 510 4052 age
529 3980 663 4051 jam,
687 3980 1080 4046 Alberte,ultra
1112 3980 1332 4035 Decium
1361 3981 1610 4050 superbe.

241 4074 422 4139 Disce,
449 4073 614 4129 miser
639 4083 694 4128 et
715 4072 1085 4145 miselle,quid
1108 4071 1258 4128 fuisti
1285 4081 1378 4126 aut
1407 4072 1536 4142 quid
1565 4087 1625 4129 es
1717 4075 1719 4078 ⁴

241 4168 412 4225 Adest
431 4165 560 4224 Otto
582 4179 675 4223 rex
711 4174 1019 4221 nostrorum
1045 4181 1239 4236 regens
1268 4176 1543 4237 sceptrum

1273 4256 1648 4333 populorum,]

241 4347 340 4406 Cui
385 4346 585 4404 debent
631 4361 897 4403 summam
920 4345 1134 4403 laudem
1165 4361 1322 4419 reges
1348 4360 1536 4418 regum

1130 4447 1131 4450 ‘
1238 4509 1240 4511 ν
1278 4438 1646 4514 saeculorum.)

251 4536 397 4596 Ultra
423 4535 579 4608 reges
621 4528 832 4593 habens
861 4535 1021 4601 scire,
1057 4549 1219 4606 supra
1261 4533 1430 4591 fortes
1453 4550 1541 4590 re-

1305 4641 1436 4698 gens
1457 4627 1646 4701 vires,]
1711 4704 1713 4706 η

243 4723 392 4792 Quos
422 4715 569 4778 nunc
600 4720 764 4778 habet
793 4719 1024 4777 mundus
1051 4719 1176 4790 iste,
1213 4721 1541 4791 superpollet

1292 4800 1423 4866 Satis
1451 4809 1643 4882 juste.]
1710 4799 1714 4804 ’

247 4906 405 4962 Manu
448 4903 606 4962 fortis
632 4901 996 4974 etjocundus,
1041 4901 1333 4960 bellicosus
1367 4909 1422 4957 et
1451 4903 1534 4958 di-

1828 3054 2124 3124 supradi'cti
2153 3070 2250 3125 per
2293 3058 2463 3112 multa
2517 3058 2584 3113 ad
2633 3060 2891 3114 honorem
2938 3063 3290 3125 ecclesiarum
3346 3061 3410 3123 et

1826 3146 1975 3203 beati
2000 3145 2545 3220 Ambrosiitempora
2593 3160 2851 3207 rexerant
2881 3153 3044 3226 atque
3093 3162 3407 3226 tenuerant,

1827 3239 1958 3296 feris
2003 3251 2058 3297 et
2103 3238 2416 3297 stevissimis
2466 3241 2620 3297 laic‘is
2675 3234 2919 3299 tradidit.
2971 3245 3044 3300 At
3090 3248 3409 3320 priusquam

1826 3333 1987 3402 hujus
2017 3334 2096 3388 rei
2139 3342 2288 3405 gesta
2318 3333 2590 3390 narrando
2613 3325 2950 3406 percurram,
2984 3335 3038 3392 in
3070 3338 3227 3409 cujus
3265 3344 3410 3414 regis

1827 3435 2071 3495 tempore
2089 3426 2305 3489 accidit,
2329 3425 2590 3496 cujusque
2612 3429 2828 3496 generis
2861 3435 2916 3483 et
2941 3427 3095 3497 cujus
3122 3436 3412 3500 potestatis

1824 3528 1879 3574 et
1910 3536 1939 3574 a
1975 3534 2081 3589 quo
2104 3527 2258 3590 patre
2284 3526 2458 3583 ortus,
2489 3519 2760 3573 disserere
2798 3525 3020 3588 operam
3050 3521 3210 3578 dabo.
3243 3523 3412 3594 Igitur

1827 3621 2068 3682 tempore
2097 3610 2308 3667 Ottouis
2335 3609 2683 3679 imperatoris
2729 3609 2961 3665 Romani
2997 3612 3179 3681 primi,
3204 3613 3411 3672 Bonizo

1826 3704 1961 3774 (75),
2007 3719 2036 3759 a
2089 3718 2196 3774 quo
2253 3700 2552 3756 Landulfus
2611 3701 2916 3757 nativitatis
2973 3716 3085 3757 sua:
3140 3705 3409 3774 originem

1823 3798 1997 3863 duxit,
2039 3797 2236 3851 virtute
2277 3794 2346 3848 ab
2399 3778 2726 3863 imperatore
2779 3803 3024 3864 accepta,
3069 3786 3237 3852 totam
3266 3800 3410 3858 hanc

1824 3887 2010 3941 urbem
2050 3885 2197 3939 velut
2247 3883 2355 3938 dux
2399 3883 2513 3951 (74)
2567 3891 2808 3938 castrum
2849 3884 3195 3954 procurando
3254 3891 3410 3938 tene-

1823 3976 1930 4030 bat.
2000 3974 2129 4029 Erat
2174 3973 2320 4028 enim
2355 3971 2620 4026 bonorum
2680 3971 2914 4027 militum
2968 3981 3025 4027 ct
3088 3973 3412 4027 strenuissi-

1821 4079 2033 4121 morum
2091 4064 2288 4118 civium
2316 4062 2515 4119 raritas
2563 4062 2825 4128 inmensa,
2873 4077 3010 4134 quos
3067 4063 3316 4134 homines
3337 4062 3408 4096 ’δ’

1716 4167 1719 4174 “
1820 4154 2123 4227 pestilentia
2188 4154 2455 4209 vermium
2517 4153 2692 4208 invisa
2753 4161 2809 4208 et
2874 4153 3136 4217 inaudita,
3183 4153 3277 4224 qui
3309 4153 3412 4208 sub

1819 4248 2038 4321 pulvere
2095 4246 2402 4320 parvissimi
2461 4245 2742 4301 latitantes
2793 4235 2904 4312 ³³⁷⁸,
2958 4254 3021 4300 ut
3064 4246 3259 4317 anguis
3325 4254 3409 4299 te-

1745 4348 1796 4409 D
1823 4341 2076 4398 terrimus
2117 4353 2318 4411 eosque
2341 4336 2595 4394 mordens
2643 4336 2756 4393 fere
2807 4347 3238 4408 consumpserat.
3278 4336 3412 4392 Pro-

1828 4421 2010 4502 pterea
2035 4429 2145 4486 viui
2174 4419 2462 4486 sestarium
2486 4443 2584 4499 per
2609 4427 2883 4484 civitatem
2899 4427 3188 4482 denarium
3215 4435 3408 4493 unum,

1823 4525 2060 4581 modium
2132 4521 2388 4578 frumenti
2449 4509 2704 4578 denarios
2757 4530 3027 4590 quatuor,
3103 4509 3406 4589 plaustrum

1823 4633 1989 4674 unum
2019 4615 2290 4688 lignorum
2351 4615 2655 4670 denarium
2697 4629 2885 4680 unum,
2913 4627 3170 4669 verveces
3225 4622 3408 4668 autem

1820 4721 1916 4766 aut
1945 4725 2140 4782 porcos
2185 4719 2480 4778 ceteraque
2507 4706 2715 4777 majora
2745 4705 2999 4761 animalia
3053 4703 3196 4760 ultra
3243 4711 3405 4775 quam

1819 4805 2070 4874 cuiquam
2115 4800 2277 4856 modo
2331 4795 2590 4855 credibile
2639 4798 2728 4860 sit,
2775 4806 3018 4867 tempore
3071 4797 3161 4852 illo
3203 4797 3408 4852 vende-

1823 4897 2024 4953 bantur
2078 4892 2214 4965 (75).
2268 4892 2375 4949 Per
2425 4890 2567 4945 idem
2599 4899 2808 4960 tempus
2830 4897 3043 4945 mortuo
3089 4879 3412 4946 Gettofredo

1417 5001 1652 5072 vitam:
1688 5005 2092 5072 LECTIONES.

218 5111 286 5147 ³⁸³
308 5111 350 5160 i-
370 5115 420 5160 ε.
473 5111 657 5160 desunt
687 5111 748 5160 Β.
826 5109 896 5145 ³⁸⁵
918 5109 1105 5160 suavis
1139 5108 1290 5160 addi!
1318 5107 1406 5160 A‘.

1483 5107 1555 5141 ³⁸⁸
1591 5105 1737 5160 alca:
1761 5109 1849 5160 ἐῢ.

1927 5101 1993 5136 ³⁸⁸
2023 5099 2196 5158 latina
2218 5102 2306 5157 BI.
2410 5097 2479 5129 ³⁸⁷
2501 5096 2848 5154 Salonichina
2875 5095 2960 5150 BI.
3038 5095 3110 5129 ‘°'
3144 5095 3352 5149 Titulus
3389 5105 3410 5144 :
