3934 5330
530 83 632 140 867

528 289 788 342 memoria
813 303 1101 358 perparum
1129 289 1268 358 apud
1296 304 1395 344 nos
1424 299 1602 351 sonat,
1658 288 1862 343 Bonizo
1904 287 2106 343 Carca-

526 378 701 432 niensi
723 379 884 447 opido
906 379 1170 434 oriunzlus
1205 379 1529 449 dignitatum
1566 379 1952 445 avidissimus,
2007 393 2106 433 suo

529 468 641 522 ﬁlio
667 467 934 523 Landult‘o
973 469 1025 522 in
1074 468 1312 538 pondere
1369 470 1487 523 auri
1549 478 1603 524 et
1654 470 1860 540 argenti
1911 484 2106 540 magno

527 557 1056 628 archiepiscOpatum
1123 558 1577 614 Mediolanenscm
1624 570 1814 614 contra
1862 561 2104 614 omnium

527 651 777 704 ordinum
828 650 1150 703 clericorum
1205 651 1540 706 voluntatem
1589 651 1901 721 adquisivit.
1961 653 2104 708 lnte-

528 757 620 797 rea
656 740 950 796 Landull'us
983 743 1168 812 paucis
1196 753 1565 798 commoratus
1587 745 1769 808 annis,
1798 753 1954 813 patre
1988 745 2104 814 ejus

530 833 668 887 male
725 845 935 888 utortno
985 851 1014 887 a
1045 835 1280 904 quodam
1329 835 1566 890 Tazonis
1621 837 1844 890 vernula
1892 851 1991 891 suo
2031 837 2100 867 ³⁷¹

529 928 581 980 in
639 928 806 990 lecto,
853 929 919 981 ad
962 927 1214 982 Ottonem
1283 929 1664 998 imperatorem
1712 945 1874 984 cursu
1933 929 2100 984 veloci

527 1017 738 1087 fugiens
778 1015 1019 1071 tetemlit.
1047 1017 1232 1086 itaque
1259 1033 1381 1072 cum
1424 1027 1550 1072 ante
1581 1019 1720 1088 regis
1758 1019 2100 1088 prmsentiam

527 1111 788 1172 venisset,
840 1119 895 1163 et
929 1111 1110 1163 otnnia
1165 1109 1301 1163 bella
1327 1125 1447 1178 qua-
1493 1118 1650 1180 pater
1695 1109 1812 1178 ejus
1840 1111 1986 1180 regia
2033 1110 2102 1165 ob

527 1198 608 1252 sui
640 1198 897 1252 honorem
928 1199 1136 1268 imperii
1160 1211 1369 1268 egerat,
1401 1214 1563 1268 quam
1591 1198 1710 1268 ejus
1755 1199 2103 1256 ﬁdelissimus

527 1287 682 1341 tniles
715 1287 928 1350 fuisset,
971 1289 1247 1354 narravit;
1281 1291 1410 1358 quin
1461 1289 1624 1344 etiam
1655 1290 1838 1346 multis
1865 1291 2101 1346 lacrimis

527 1375 818 1444 multisque
866 1379 1150 1446 promissis
1183 1395 1305 1432 eum
1347 1379 1646 1443 obtestans,
1685 1390 1743 1434 ut
1776 1381 1890 1451 ipse
1924 1383 1990 1436 ad
2017 1384 2097 1437 sui

526 1466 786 1520 honorem
821 1475 876 1521 et
913 1467 1122 1536 imperii
1153 1469 1468 1539 dignitatent
1494 1477 1551 1524 et
1588 1469 1878 1526 Bonizonis
1909 1473 2100 1526 ductus

1541 83 1884 140 LANDCLFI
1913 77 2463 137 MEDXOLANENSIS
2509 79 2778 136 CLliﬂlCl

529 195 937 267 archiepiscopo
964 202 1073 269 (an.
1104 197 1238 252 979l
1263 237 1278 262 ,
1315 197 1460 267 Sept.
1499 197 1610 267 19),
1657 197 1813 266 cujus
1866 194 2102 251 nominis
2134 198 2179 255 Α
2209 206 2444 261 quorum
2473 192 3209 263 virtutearchiepiscopatum
3240 201 3472 260 teneret,
3510 195 3763 266 expoliata
3857 219 3859 240 :

2209 278 2415 348 injuste
2443 281 2660 338 clericis
2697 281 3074 349 ecclesiarum,
3135 297 3229 353 per
3283 286 3654 342 detestati-lam
3700 290 3763 344 ia-

2217 373 2542 428 vestituram
2610 375 2795 445 plebes
2847 378 2966 432 illas
3042 379 3220 432 dando
3271 378 3610 435 sublimavit.
3649 380 3762 449 Quin

2161 526 2164 528 η
2205 461 2369 516 etiam
2386 463 2704 535 propinquis
2721 481 2862 544 quos
2887 467 2939 522 in
2963 466 3298 522 Carcanensi
3312 468 3511 537 oppido
3540 470 3761 532 habebat.

2203 553 2271 608 de
2298 555 2439 610 beati
2485 556 2757 613 Ambrosii
2807 559 3308 628 archiepiscopatus
3355 559 3544 626 bonis,
3600 563 3764 630 quitus

2204 642 2321 711 ipse
2367 643 2646 701 fruebatur
2696 647 2990 718 indignus,
3045 649 3405 718 quadraginta
3468 650 3616 704 milia
3663 668 3754 704 iuo-

2205 733 2324 789 dios
2364 743 2524 791 terra:
2553 737 2843 802 fructuum,
2870 747 2928 793 ut
2991 738 3108 794 illos
3157 737 3296 793 ultra
3345 755 3545 796 omnes
3597 740 3763 795 ditant

2205 823 2435 889 vicinos,
2467 841 2564 895 per
2589 826 2806 882 l'eudutn
2836 829 3004 883 deJit.

2273 914 2358 970 18.
2389 915 2515 987 (An.
2543 918 2692 989 998.)
2729 919 2962 975 Veniens
3009 920 3081 951 ³⁷⁸
3108 930 3288 976 autem
3320 919 3590 976 Amulqu
3617 936 3646 974 a
3673 937 3760 973 m-

2201 1020 2308 1078 gno
2340 1007 2616 1079 Walperto
2638 1011 2860 1082 quintus
2891 1012 3122 1068 viriliter
3171 1014 3554 1083 episcopatum
3579 1027 3761 1081 regem.

2202 1107 2414 1154 mortuo
2443 1110 2618 1156 tamen
2674 1103 2894 1167 Ottone,
2949 1118 3110 1172 quem
3154 1102 3473 1173 Walpertus
3527 1104 3677 1156 unxit
3719 1105 3760 1154 ia

2203 1203 2406 1256 regem,
2426 1191 2590 1261 regali
2615 1192 2783 1246 curiae
2807 1191 3020 1248 Ottonis
3045 1193 3293 1264 lllregis,
3321 1193 3468 1247 ﬁlius
3490 1193 3757 1256 Ottonisll,

2203 1279 2460 1334 decenter
2505 1283 2800 1337 secundum
2850 1291 3061 1354 tempus
3118 1283 3414 1340 serviebat.
3467 1284 3606 1338 Erat
3645 1288 3761 1337 enim

2199 1366 2325 1423 Otto
2337 1368 2551 1427 Ottonis
2573 1371 2716 1428 ﬁlius
2741 1374 2964 1428 secundi
2981 1389 3011 1427 a
3029 1372 3136 1428 ﬁlio
3157 1373 3560 1445 mconjugali,
3586 1385 3762 1426 manu:

2199 1459 2424 1532 conjuge
2436 1477 2500 1518 ex
2515 1479 2620 1532 qna
2633 1465 2732 1518 sibi
2753 1464 2920 1518 tilium
2948 1467 3246 1520 masculum
3261 1467 3490 1520 minime
3511 1478 3762 1536 genuerat,

526 1558 774 1620 capuam,
802 1572 959 1626 quem
984 1557 1096 1627 ipse
1123 1575 1284 1629 super
1327 1560 1515 1615 omnes
1544 1559 1701 1616 bonis
1746 1563 1955 1618 auibus
2002 1580 2098 1632 (η)-
2131 1557 2172 1615 Β
2201 1548 2543 1618 alienus.Qui
2567 1553 2755 1607 Clllan
2780 1555 3030 1609 castitate
3049 1556 3232 1610 VltlBllS
3246 1571 3344 1625 per
3364 1556 3662 1611 humanam
3679 1556 3764 1608 ἰη-

528 1649 768 1718 tinioque
820 1650 1039 1704 servitio
1082 1651 1362 1720 probando
1401 1660 1700 1718 amaverat,
1751 1668 1852 1708 nec
1907 1669 2011 1708 non
2044 1665 2102 1708 ut

527 1740 833 1809 superbiam
871 1750 1031 1796 tantae
1060 1741 1298 1798 civitatis
1323 1743 1720 1812 compescendo
1766 1744 2098 1810 humiliaret,

527 1833 880 1889 Ma'aiolanum
907 1838 1074 1891 armis
1123 1847 1285 1906 atque
1325 1838 1568 1908 gentiuut
1596 1838 1808 1908 populis
1865 1839 2104 1892 diversa-

527 1941 644 1982 r‘m
669 1927 926 1990 munitus,
960 1929 1012 1982 in
1047 1927 1367 1984 fortitudine
1400 1944 1596 2000 magna
1647 1939 1699 1983 et
1749 1929 1973 1984 brachio
2005 1946 2103 1984 cx-

527 2027 674 2072 tcnto
714 2019 1159 2073 circumveniret.
1190 2019 1553 2086 Quamobrem
1601 2035 1692 2074 rex
1725 2019 1852 2074 Otto
1880 2019 1920 2074 ll
1952 2021 2102 2076 velut

524 2109 610 2165 leo
662 2120 989 2173 commotus,
1045 2127 1168 2165 cum
1225 2111 1492 2165 Laudulfo
1543 2110 1798 2165 ineffabili
1855 2113 2102 2182 gentium

527 2201 886 2255 barbararum
908 2201 1202 2256 etmilitum
1236 2201 1734 2255 strctittissimorttm
1750 2210 1907 2271 gente
1942 2203 2107 2270 stipa-

527 2301 612 2348 tus
643 2295 864 2347 veniens
916 2293 1298 2356 Mediolanum,
1359 2304 1635 2361 totamque
1665 2295 1938 2348 civitatem
1990 2311 2108 2348 ma-

523 2385 700 2440 chinis
729 2393 783 2440 et
827 2385 1060 2440 diversis
1089 2386 1374 2440 tormentis
1421 2387 1789 2451 circumlatis,
1817 2387 1968 2441 oznni
2019 2397 2100 2441 ta-

525 2493 647 2531 men
677 2477 793 2532 sine
822 2477 964 2533 bello
995 2479 1260 2533 consedit.
1287 2477 1455 2532 Nocte
1487 2479 1720 2548 denique
1746 2480 1938 2537 eadem
1969 2482 2104 2535 visio

526 2565 825 2620 reverenda
871 2567 1282 2636 superveniens,
1335 2566 1662 2622 Landnlfum
1720 2568 1878 2639 longo
1919 2571 2105 2629 labore

524 2656 765 2725 duroque
789 2656 986 2711 itinere
1009 2655 1317 2712 confectum
1345 2656 1524 2711 verbis
1545 2658 1886 2714 suavissimis
1917 2663 2102 2717 omnia

523 2745 728 2801 inferni
766 2754 1036 2799 tormenta
1064 2747 1398 2802 merentibus
1425 2746 1499 2800 illi
1522 2747 1834 2812 ostendens,
1857 2760 1914 2802 et
1938 2763 2101 2818 quam

524 2839 708 2895 suavia
740 2839 1036 2909 locafatque
1059 2840 1282 2908 praemia
1306 2839 1638 2910 sempiterna
1671 2839 1789 2895 illos
1812 2841 1904 2911 qui
1931 2842 2101 2896 Deum

2205 1639 2462 1711 gilitatcm
2483 1645 2776 1715 persistere
2789 1661 2846 1700 se
2865 1661 2976 1714 non
2991 1662 3170 1716 posse,
3187 1649 3582 1718 gravissimum
3597 1650 3762 1702 ducens

2203 1733 2319 1789 fore
2354 1733 2580 1802 crimen,
2617 1751 2799 1807 regem
2825 1737 2894 1768 ³⁷⁸
2915 1748 3010 1792 aut
3035 1738 3316 1794 adulteriis
3367 1740 3643 1794 sordidari
3692 1749 3762 1791 aut

2203 1824 2652 1882 fornicationibus
2682 1828 3057 1899 coinquinari:
3080 1830 3294 1884 tandem
3319 1829 3632 1896 Arnull‘um,
3658 1845 3757 1885 eum

2204 1929 2315 1984 quo
2344 1930 2403 1971 se
2438 1918 2504 1971 de
2530 1918 2758 1988 conjuge
2783 1933 3021 1989 congrue
3050 1920 3490 1984 consciliaretur,
3540 1921 3758 1974 advocari

2203 2008 2483 2077 praecepit.
2535 2009 2722 2078 Itaque
2764 2009 3026 2064 Arnull'us
3081 2026 3204 2066 cum
3254 2021 3381 2065 ante
3448 2011 3763 2080 imperatoris

2205 2095 2400 2152 faciem
2453 2099 2778 2163 advenisset,
2813 2115 2908 2155 rex
2955 2116 2986 2155 e
3021 2101 3156 2156 solio
3216 2116 3451 2173 surgens
3498 2101 3764 2157 bonoriliut

2205 2203 2328 2244 eum
2357 2190 2615 2260 suscepit.
2645 2189 2888 2246 Tandem
2937 2194 3193 2249 conseilio
3244 2201 3493 2264 accepto,
3539 2195 3610 2248 ad
3632 2195 3763 2262 impeo

2205 2288 2442 2335 ratorem
2463 2280 3144 2353 Constantinopolitanum,
3200 2293 3260 2339 ut
3291 2285 3462 2339 til.am
3511 2301 3667 2339 suam
3698 2285 3759 2336 ul-

2208 2379 2288 2425 tra
2317 2388 2505 2426 omnes
2555 2374 2790 2444 virgines
2841 2374 3333 2445 splendidissimam
3381 2379 3484 2433 sibi
3538 2378 3768 2446 conjugis

2207 2465 2274 2495 ³⁷⁷
2303 2466 2560 2531 sociaret,
2585 2465 2870 2521 Arnult'um
2906 2466 3161 2523 ineﬂ‘abili
3195 2469 3439 2523 thesauri
3468 2472 3760 2540 argentEq-Ie

2206 2555 2446 2626 pondere
2483 2556 2774 2612 honustum
2809 2559 3089 2613 curialiter
3139 2543 3363 2614 direxit.
3419 2561 3495 2614 At
3522 2559 3762 2614 Arnuttus

2206 2646 2455 2701 omnibus
2474 2645 2696 2702 allluens
2725 2646 2945 2713 divitiis,
2972 2662 3094 2702 cum
3139 2648 3194 2702 in
3236 2649 3448 2703 curiam
3476 2648 3763 2704 Constanti.

2207 2736 2572 2804 nopolitanam
2602 2745 2850 2806 receptus
2901 2747 3079 2792 tamen
3128 2739 3427 2794 honorilice
3457 2740 3526 2794 ab
3558 2740 3761 2808 impera-

2208 2835 2324 2880 tore
2355 2827 2766 2897 admirabilique
2795 2829 3025 2883 militum
3064 2845 3128 2884 ac
3157 2831 3486 2886 clericorum
3544 2836 3762 2888 evexit:

527 2931 719 2985 timent
739 2939 793 2985 et
835 2931 1089 3000 operibus
1122 2931 1280 2985 bonis
1331 2931 1564 2985 ﬁdeliter
1593 2946 1763 3000 usque
1813 2932 1881 2986 ad
1936 2933 2098 2988 ﬁnem

2205 2916 2437 2984 stipatus
2478 2916 2714 2972 venisset
2740 2957 2754 2994 ρ
2786 2933 2882 2986 per
2906 2918 3114 2988 aliquos
3137 2921 3252 2976 dies
3289 2931 3561 2988 moratus,
3592 2933 3640 2977 et
3665 2939 3763 2977 cum

523 3029 875 3092 perseverant
899 3029 955 3074 et
978 3030 1218 3086 manent,
1248 3021 1421 3088 ipsum
1446 3021 1760 3089 perterruit.
1804 3021 2102 3091 Propterea

523 3107 827 3162 Landult‘us
875 3107 1075 3162 divinis
1123 3109 1452 3162 intrinsecus
1498 3108 1680 3162 verbis
1728 3119 2103 3178 exasperatus,

525 3198 621 3251 Dl'i
665 3199 858 3253 timore
895 3207 951 3253 et
1005 3199 1148 3253 beati
1200 3199 1477 3254 Ambrosii
1530 3201 1840 3255 reverentia
1902 3211 2101 3268 tactus,

525 3289 713 3344 videns
744 3304 840 3357 pro
869 3289 952 3343 sui
984 3299 1192 3343 tantum
1243 3290 1448 3345 honore
1479 3290 1757 3360 populum,
1791 3308 1952 3361 quem
1985 3307 2103 3346 ma-

527 3391 646 3435 ture
675 3383 972 3450 periturum
997 3383 1262 3446 audierat,
1304 3383 1561 3454 civesque
1590 3385 1822 3453 quadam
1853 3387 2096 3455 pertina-

522 3476 605 3540 cia
634 3475 984 3545 sibimetipsis
1015 3477 1201 3532 hostes
1239 3475 1432 3538 tactos,
1465 3488 1520 3533 et
1563 3477 1703 3534 ﬁlios
1731 3479 1891 3550 paulo
1939 3491 2101 3535 antea

522 3566 624 3620 sibi
679 3582 857 3632 caros,
909 3582 1052 3621 nunc
1108 3569 1354 3637 nequiter
1414 3570 1466 3622 in
1519 3568 1712 3638 gladiis
1771 3570 2103 3626 coadunatos

515 3658 810 3728 Idirissimis
847 3660 898 3713 in
936 3670 1164 3715 mortem
1212 3661 1524 3716 smvissime'
1559 3674 1780 3733 paratos
1825 3679 1980 3730 esse;
2005 3681 2101 3719 co-

520 3766 792 3821 gnoscens
819 3752 1114 3822 vidensque
1140 3755 1281 3824 quod
1315 3755 1419 3808 illis
1467 3755 1544 3807 ira
1593 3759 1738 3824 regis
1776 3765 1830 3811 et
1859 3757 2102 3826 gentium

522 3837 576 3892 in
605 3839 772 3908 spolia
796 3839 1032 3894 hostium
1061 3844 1116 3894 in
1162 3856 1393 3909 quorum
1425 3842 1494 3873 3"
1525 3843 1875 3911 gaudentium
1919 3853 2103 3916 posset

521 3931 758 3996 evenire,
782 3932 1002 3986 omnino
1021 3932 1276 4004 obriguit.
1295 3933 1480 4002 Itaque
1501 3935 1818 3990 convocatis
1859 3936 2102 4006 aliquan-

523 4021 591 4075 tis
616 4037 682 4075 ex
714 4021 846 4075 urbe
874 4022 1167 4086 nobilibus,
1200 4037 1327 4093 rege
1380 4033 1558 4078 tamen
1590 4024 1764 4094 primo
1795 4026 2098 4096 ignorante,

523 4121 708 4177 postea
745 4124 874 4164 vero
898 4111 1187 4167 durissimo
1245 4115 1639 4180 consentiente,
1692 4116 1956 4186 pollicens
1998 4119 2102 4176 illis

522 4215 712 4253 omnes
769 4201 953 4270 plebes
996 4217 1294 4272 omnesque
1350 4203 1640 4274 dignitates
1681 4215 1844 4276 atque
1867 4212 2100 4266 xenodo-

521 4288 671 4352 cbia,
699 4305 821 4357 qua:
849 4291 1030 4344 omnia
1064 4293 1298 4362 majores
1329 4295 1590 4349 ordinarii
1647 4305 1810 4365 atque
1838 4298 2097 4368 primice-

527 4379 638 4433 rius
666 4380 1108 4448 decumanornm,
1154 4383 1614 4457 archipresbyteri
1669 4395 1723 4442 et
1775 4388 2097 4450 cimiliarclti

525 4469 684 4538 hujus
704 4471 854 4526 urbis
876 4472 1230 4529 ecclesiarum
1261 4475 1536 4543 tenebant,
1559 4477 1916 4546 jurejurando
1944 4499 2097 4539 asse-

527 4579 649 4619 rens
681 4573 896 4635 pactum
948 4581 1120 4636 usque
1167 4567 1486 4625 detestabile
1533 4580 1784 4641 pactatus
1809 4583 1914 4628 est.
1946 4574 2098 4642 Quod

523 4655 726 4712 factum
755 4673 934 4729 regem
964 4658 1188 4715 minime
1220 4660 1406 4728 latuit;
1437 4671 1492 4716 et
1522 4665 1773 4732 quamvis
1817 4665 2002 4721 multis
2030 4681 2096 4721 ex

521 4749 700 4804 causis
750 4749 802 4805 in
850 4751 997 4808 cives
1043 4752 1341 4809 crudeliter
1395 4754 1739 4809 maniaverat
1787 4754 1879 4820 ³⁷³,
1920 4762 2102 4812 tamen

522 4843 758 4897 amicitia
787 4844 1023 4899 civitatis
1044 4846 1412 4916 redintegrata
1445 4859 1541 4917 per
1562 4845 1859 4914 plurimum
1886 4847 2104 4918 gavisus

515 4941 621 4997 cst.
669 4931 780 4988 Hoc
811 4933 954 4988 tacto
977 4934 1279 4990 Landult‘us
1309 4936 1589 4992 civitatem
1623 4938 1980 5007 introgresso,
2006 4954 2098 4992 rex

520 5021 647 5077 Otto
677 5022 929 5078 omnibus
957 5023 1206 5078 salutatis
1233 5025 1294 5078 in‘
1319 5026 1565 5095 partibus
1598 5025 1834 5095 Liguria:
1851 5028 2097 5082 secessit.

519 5116 635 5184 Quo
667 5116 719 5170 in
747 5125 987 5186 tempore
1012 5115 1308 5171 Landultus
1337 5132 1526 5174 omnes
1580 5117 1782 5173 milites
1833 5117 2092 5186 majores.

2205 3007 2318 3060 suis
2353 3009 2603 3062 omnibus
2640 3022 2703 3062 ex
2743 3007 2902 3079 longo
2951 3009 3147 3066 itinere
3193 3027 3259 3066 ac
3298 3011 3498 3069 labore
3550 3015 3764 3087 fatigatis

2204 3107 2500 3163 recreatus,
2525 3114 2723 3169 equum
2773 3100 3132 3172 imperialcm,
3160 3119 3323 3174 quem
3360 3105 3496 3162 Otto
3551 3109 3757 3179 impera-

2207 3197 2294 3246 tor
2317 3189 2593 3247 Romanus
2619 3192 2722 3248 sibi
2749 3195 2816 3248 ad
2846 3195 3007 3266 hujus
3057 3197 3260 3253 laboris
3315 3199 3569 3256 solamen
3620 3204 3759 3257 dona-

2202 3292 2376 3348 verat,
2421 3285 2697 3340 substrato
2740 3286 2904 3356 pallio
2931 3289 3255 3354 admirabili,
3308 3291 3480 3350 ferris
3527 3297 3700 3351 aureis
3723 3307 3764 3350 et

2204 3373 2371 3430 clavis
2397 3377 2670 3447 argenteis
2697 3380 2891 3448 pedum
2938 3381 3154 3451 ungulis
3201 3382 3417 3440 abrasis
3455 3389 3669 3443 curiose
3692 3403 3763 3456 ap-

2205 3467 2310 3522 tari
2338 3466 2497 3524 fecit.
2533 3469 2700 3540 Igitur
2725 3471 2884 3540 hujus
2925 3473 3002 3528 rei
3055 3473 3196 3528 fama
3239 3491 3336 3546 per
3389 3479 3594 3548 palatia
3647 3482 3764 3552 regis

2203 3557 2583 3616 incunctanter
2610 3561 2840 3624 volante.
2870 3579 2981 3618 rem
3007 3565 3206 3620 milites
3235 3567 3462 3636 palatini
3493 3573 3763 3628 inauditam

2202 3651 2508 3718 audientes,
2542 3654 2778 3710 universi
2831 3671 3014 3712 coram
3066 3659 3398 3728 imperatore
3448 3679 3602 3721 more
3634 3666 3766 3721 solita

2202 3753 2461 3809 astantes,
2491 3745 2839 3801 vehementer
2867 3748 3120 3804 admirati
3151 3761 3298 3806 sunt.
3329 3754 3492 3810 Enim
3542 3758 3642 3812 hoc
3676 3773 3765 3811 sr-

2201 3833 2384 3891 null‘us
2408 3835 2475 3890 ad
2501 3837 2761 3893 honorem
2804 3838 3034 3896 Romani
3077 3841 3313 3914 imperii,
3341 3848 3677 3904 excellentia:
3703 3859 3764 3903 at-

2201 3941 2306 3997 que
2335 3929 2749 3998 magniﬁcentia:
2781 3931 2925 4002 regis
2950 3931 3183 4001 Ottonis,
3215 3939 3494 4010 totiusque
3517 3943 3678 3998 Italia
3701 3941 3766 3996 te-

2201 4029 2367 4074 cerat.
2383 4019 2616 4076 Tandem
2632 4039 2749 4077 (‘llllt
2770 4024 3025 4082 Arnultus
3037 4029 3485 4103 archiepiscopus
3505 4035 3763 4105 mmagno

2200 4108 2395 4162 ducatu
2427 4109 2654 4166 militum
2685 4114 2931 4183 stipatus,
2957 4119 3333 4186 quospellibtts
3364 4123 3671 4179 martuliuis
3688 4133 3764 4176 aut

2201 4201 2471 4268 cibelinis,
2485 4215 2577 4259 aut
2590 4208 2880 4264 renonibus
2895 4210 3063 4266 variis
3073 4223 3129 4267 et
3141 4212 3464 4272 hermelinis
3474 4228 3761 4275 ornaverat.

2203 4293 2397 4361 quibus
2425 4295 2716 4364 imperator
2745 4298 2977 4355 miriﬁce
3016 4315 3141 4355 eum
3192 4303 3493 4372 imbuerat,
3528 4308 3595 4362 ab
3624 4309 3764 4376 impe-

2204 4394 2385 4439 ratore
2410 4387 2474 4442 de
2503 4388 2613 4442 tilia
2641 4389 2760 4461 ejus
2783 4401 2930 4448 esset
2947 4407 3194 4462 securus,
3213 4404 3270 4450 et
3290 4396 3408 4467 ipse
3433 4409 3563 4455 ante
3588 4401 3761 4457 faciem

2202 4477 2319 4547 ejus
2345 4478 2510 4542 solus,
2539 4481 2841 4538 astantibus
2893 4484 3077 4541 multis
3101 4487 3375 4559 episcopis
3402 4499 3457 4547 et
3488 4492 3606 4548 aliis
3632 4508 3738 4548 sum

2203 4582 2638 4640 mzemagnreque
2683 4572 2979 4643 dignitatis,
3038 4577 3236 4648 quibus
3278 4586 3406 4634 ante
3433 4582 3758 4650 prmsentiam

2203 4655 2546 4724 imperatoris
2570 4659 2760 4716 sedere
2791 4678 2898 4716 non
2931 4664 3078 4729 licet,
3110 4680 3276 4735 super
3300 4667 3758 4740 cicotergitronum

2206 4749 2275 4780 ³⁷³
2305 4749 2534 4816 sederet,
2563 4751 2743 4807 multis
2763 4768 2857 4823 per
2878 4755 3234 4826 interpretem
3262 4760 3425 4813 rebus
3449 4760 3760 4816 sermocina-

2209 4841 2298 4905 tis,
2333 4841 2476 4910 quod
2502 4843 2648 4899 intus
2674 4843 2932 4900 Arnull'us
2958 4856 3076 4900 erat
3103 4845 3236 4901 foris
3261 4850 3537 4918 apparuit.
3567 4848 3756 4904 Interea

2207 4932 2219 4986 i
2248 4953 2255 4960 ·
2283 4943 2495 5001 perator
2524 4933 2835 5000 Arnult‘um,
2867 4945 2926 4990 ut
2975 4950 3159 4991 secum
3195 4949 3454 4994 venatum
3511 4939 3659 5010 quasi
3703 4940 3758 4990 ad

2204 5025 2542 5094 depclleadas
2588 5042 2876 5097 corporum
2913 5030 3287 5100 gravitudines
3334 5032 3459 5097 iret,
3521 5043 3756 5102 precatus

2202 5127 2305 5172 est.
2332 5115 2591 5174 Arnull’us
2618 5128 2798 5176 autem
2828 5133 2960 5175 voce
3001 5120 3256 5193 benigna,
3287 5124 3468 5192 primo
3503 5123 3757 5196 paululum

1661 5272 1664 5274 ·
1745 5249 1976 5308 VARle
2013 5250 2419 5306 LECTIONES.
