3934 5330
83 255 210 314 869

1077 245 1402 305 HISTORIA
1440 241 2010 302 MEDIOLANENSIS.
2048 276 2117 286 —
2155 247 2284 302 LIB.
2322 245 2384 303 ll.

3281 243 3384 300 870

85 367 310 428 tacitus
336 366 479 423 inter
502 379 561 422 se
599 363 848 436 cogitans
898 361 1147 416 ordinem
1188 357 1572 430 episcopalem,
1632 356 1686 410 in
1715 361 1763 418 Α
1791 369 1945 426 pater
1972 359 2334 430 ejus.i(Joan.
2365 374 2460 414 vin
2486 358 2598 426 44).
2629 358 2727 414 Cui
2758 358 2809 412 al
2831 358 2954 429 quis
2982 358 3250 415 catholica
3281 359 3386 413 im-

83 458 309 527 quibus
331 472 588 513 exercere
619 471 680 511 se
705 455 886 519 debet,
915 452 1132 508 tandem
1157 451 1294 506 dixit
1322 468 1335 505 :
1371 450 1483 520 Ego
1531 450 1694 513 enim,

89 548 248 602 vobis
283 550 330 601 si
353 548 544 615 placet.
564 560 667 616 qua
691 550 821 600 Itora
845 559 986 598 meas
1031 542 1330 597 venationes
1382 539 1584 609 insequi
1613 555 1700 593 so-

92 638 237 692 litus
259 655 404 702 sum,
429 637 553 692 meis
584 636 744 690 armis
773 636 1000 705 meisque
1054 633 1309 686 militibus
1355 630 1585 684 crastino
1615 627 1699 683 die

95 729 384 781 mediante
410 728 478 780 ad
505 743 590 780 vos
613 727 819 780 veniens
854 735 1184 794 prwparatus
1212 740 1321 777 ero.
1353 724 1423 776 At
1467 721 1700 791 impera-

97 827 222 879 tor,
247 816 319 870 de
341 817 539 884 quibus
579 817 746 870 armis
778 814 1084 884 quibusque
1115 812 1382 867 militibus
1437 809 1702 866 Arnulfus

93 907 370 969 dixisset,
405 907 626 961 minime
673 921 770 976 per
825 906 1172 976 interpretem
1203 905 1318 974 ipso
1368 903 1706 959 balbutiente

89 995 410 1050 intellexit.
472 995 705 1050 Veniens
771 1005 950 1050 autem
1007 993 1265 1050 Arnulfus
1338 995 1424 1049 die
1478 1003 1702 1059 statuta.

87 1065 512 1155 episcopalibus
538 1084 864 1138 indumentis
878 1092 1104 1138 ornatus
1118 1099 1241 1136 cum
1271 1083 1428 1149 stola,
1458 1083 1576 1137 sine
1599 1099 1705 1152 qua

91 1187 415 1241 numquam
453 1171 584 1227 foris
608 1181 699 1225 aut
729 1173 781 1225 in
805 1173 1025 1227 civitate
1055 1171 1176 1226 ullis
1203 1173 1436 1243 negotiis
1470 1173 1708 1227 interve-

93 1263 392 1320 nientibus
446 1274 537 1317 aut
563 1263 1062 1334 perturbationibus
1091 1277 1212 1318 esse
1261 1263 1451 1318 solitus
1478 1261 1602 1328 fuit,
1651 1271 1708 1318 et

89 1354 350 1419 crisma,
386 1353 976 1422 honorabilissimisque
1022 1353 1345 1408 clericorum
1416 1355 1706 1409 ordinibus

94 1446 380 1512 vallatus,
410 1461 545 1517 quos
561 1461 744 1501 secum
765 1445 984 1512 tulerat,
1012 1453 1064 1498 et
1087 1445 1260 1500 tribus
1288 1461 1413 1500 cum
1443 1446 1696 1510 ducibus,

95 1537 475 1592 honorandus
498 1537 740 1608 pervenit
766 1537 832 1591 ad
881 1536 1287 1606 imperatorem.
1315 1535 1431 1604 Quo
1455 1537 1569 1592 viso
1605 1537 1708 1589 im-

94 1641 344 1701 perator
380 1645 481 1700 per
508 1629 734 1684 multum
785 1629 926 1684 inter
961 1643 1019 1685 se
1046 1629 1345 1696 admirans,
1379 1630 1570 1684 videns
1592 1637 1712 1683 tan-

1798 449 1963 505 butus
1987 450 2091 504 ﬁde
2114 450 2273 504 ﬁdem
2301 450 2566 505 adhibere
2588 464 2696 504 non
2723 450 2902 505 debet.
2919 451 3104 520 Itaque
3131 450 3386 504 omnibus

1799 539 2121 609 ambagibus
2141 541 2381 604 omissis,
2414 541 2482 596 ad
2508 543 2725 610 portum
2754 541 2964 602 salutis.
2991 541 3126 596 velis
3147 541 3387 596 dimissis

1801 628 2111 684 accelerare
2143 629 2484 685 festinemus.
2525 648 2543 681 ι
2581 629 2823 685 Tattdem
2854 645 2976 685 cum
3011 631 3064 685 in
3089 640 3246 700 portu
3289 647 3388 699 per

1803 727 1914 773 tres
1941 718 2060 774 dies
2085 719 2320 783 sederet,
2347 730 2401 773 ut
2427 734 2515 774 res
2542 729 2663 774 erat
2704 719 2758 774 in
2788 721 3018 774 veritate
3048 731 3387 788 compertum

1802 819 1906 864 est.
1941 809 2237 880 Propterea
2289 811 2500 865 eunetis
2552 810 2790 877 graviter
2824 812 3385 880 eongemescentibus,

1805 898 2016 969 magnis
2071 898 2322 954 lamentis
2369 888 2688 970 magnisqu
2738 901 2989 969 suspiriis
3033 901 3296 956 Arnulfus
3332 912 3389 958 et

1805 989 1948 1060 regis
1988 989 2099 1044 lilia
2135 1005 2256 1044 cum
2312 991 2565 1046 omnibus
2599 991 2714 1047 suis
2765 991 2834 1046 ad
2886 993 3124 1062 patriam
3170 995 3388 1049 domum

1807 1093 2060 1133 remeans
2090 1080 2326 1147 separati
2358 1090 2503 1134 sunt.

1879 1169 1966 1224 l9.
1999 1168 2108 1223 Rex
2135 1170 2199 1201 ³³⁸
2233 1180 2414 1224 autem
2463 1171 2589 1226 Otto
2631 1171 2693 1225 Ill
2744 1188 2867 1226 cum
2919 1173 3104 1229 Romae
3149 1184 3390 1229 castrum

1807 1257 2134 1323 Crescentii,
2167 1261 2318 1328 quod
2338 1261 2451 1329 ipse
2482 1273 2673 1316 contra
2698 1262 2982 1332 imperium
3008 1278 3165 1318 suum
3198 1282 3388 1320 erexe-

1809 1357 1894 1402 rat
1925 1365 2091 1418 opere
2126 1350 2359 1406 mirifico
2407 1361 2797 1416 constructum,
2852 1369 2948 1422 per
2987 1354 3188 1409 multos
3236 1357 3394 1410 obse-

1809 1441 1975 1496 disset
1995 1457 2184 1507 annos,
2208 1443 2275 1498 ad
2322 1442 2570 1498 ultimum
2620 1455 2862 1500 casuum
2905 1456 2960 1501 et
3017 1448 3192 1516 ipsum
3247 1449 3388 1504 Cre-

1809 1535 2081 1590 scentiuut
2111 1536 2350 1605 ingenio,
2369 1554 2474 1590 non
2504 1538 2674 1594 armis
2699 1553 2872 1608 neque
2904 1542 3150 1609 corporis
3183 1543 3396 1598 viribus

1809 1628 1954 1698 cepit
1977 1628 2230 1698 (an.998,
2259 1631 2384 1699 Apr.
2407 1629 2524 1697 ‘29).
2555 1631 2696 1709 Quin
2724 1632 2888 1686 etiam
2939 1633 3111 1702 ipsum
3137 1633 3396 1690 Cresecn.

99 1729 225 1773 tum
249 1720 434 1773 virum
470 1720 523 1772 in
556 1720 652 1774 Dei
681 1734 842 1788 opere
873 1719 1208 1790 religiosum,
1237 1720 1559 1789 sapientein,
1590 1720 1703 1774 dis-
1733 1709 1781 1768 Β
1811 1719 2415 1790 tium,nobiliprogenie
2431 1730 2608 1776 ortum
2654 1724 3308 1794 oculistnrpitercvulsis.
3329 1727 3398 1778 ad

82 1818 329 1864 eretum
407 1820 569 1878 atque
621 1809 934 1879 benignum,
986 1809 1385 1880 aliquantulum
1443 1809 1589 1879 quod
1642 1810 1710 1864 de

87 1900 410 1954 venatione
432 1900 645 1954 dixerat
668 1900 1062 1956 verecundatus
1083 1942 1097 1966 ,
1130 1915 1228 1970 per
1255 1900 1439 1954 omnia
1477 1900 1709 1955 laudans

97 2001 278 2062 atque
330 1991 686 2061 magniﬁcans
727 2007 790 2047 ac
830 2007 1004 2062 graece
1064 1992 1479 2047 sermocinando
1529 1991 1708 2062 ipsum

97 2082 390 2136 extollens
423 2082 690 2137 subsistit.
748 2081 898 2149 Quod
935 2081 1144 2138 factum
1207 2082 1384 2138 Graeci
1443 2082 1707 2153 episcOpi,

99 2173 539 2243 archiepiscopi,
567 2173 880 2227 sacerdotes
907 2172 1325 2252 perplurimutn,
1355 2173 1500 2243 quod
1543 2173 1614 2205 ³⁸⁸
1645 2187 1710 2228 co

103 2267 160 2320 in
189 2275 448 2334 tempore
471 2264 636 2318 curiae
661 2264 1009 2328 insistebant,
1065 2266 1351 2330 mirantes,
1401 2279 1530 2335 erga
1559 2263 1715 2318 Lati-

105 2376 217 2415 nos
249 2368 465 2413 tantam
500 2357 815 2429 religionem
849 2358 1072 2414 minime
1099 2358 1216 2413 fore
1249 2359 1558 2423 credentes,
1591 2374 1712 2428 per-

103 2449 358 2509 multum
381 2450 602 2504 beatum
631 2449 976 2504 Ambrosium
1004 2448 1387 2516 benedicentes
1414 2449 1664 2503 dicebant
1695 2463 1710 2503 :

111 2563 134 2597 ι
177 2545 400 2599 Decens
423 2552 478 2597 et
500 2551 814 2612 competens
843 2543 978 2597 ratio
997 2542 1117 2609 fuit,
1144 2554 1203 2597 ut
1225 2545 1366 2598 sicut
1400 2559 1499 2597 nos
1523 2543 1716 2598 beatus

107 2635 453 2690 Ambrosius
474 2649 648 2704 usque
671 2633 832 2689 hodie
861 2633 1060 2688 divinis
1091 2635 1186 2688 alit
1226 2634 1498 2688 alimentis
1533 2649 1716 2688 sacra-

106 2725 470 2796 tissimisque
507 2725 932 2780 amonitionibus
977 2725 1061 2781 vel
1115 2741 1245 2780 suos
1282 2726 1420 2781 tilios
1475 2725 1613 2780 lacze
1663 2733 1720 2778 et

112 2816 286 2872 melle
310 2816 465 2870 verbi
495 2815 664 2870 divini
707 2813 989 2882 informat,
1043 2815 1121 2871 sic
1165 2817 1398 2870 domnus
1430 2813 1713 2880 Amulius,

116 2909 258 2963 tanti
292 2907 400 2961 viri
427 2907 676 2978 tantique
704 2907 921 2977 patroni
951 2923 1259 2972 successor,
1275 2909 1390 2963 suis
1407 2923 1505 2962 nos
1526 2922 1711 2961 exem-

116 2999 229 3070 plis
263 2998 430 3052 modo
467 2997 788 3054 colilizando
816 2998 1160 3054 informaret.
1187 3001 1395 3055 Interea
1419 2999 1718 3070 imperator

117 3093 468 3152 etArnullus
507 3109 630 3150 cum
684 3095 874 3165 paucis
913 3097 1184 3168 episCOpis
1216 3098 1267 3151 in
1320 3114 1486 3152 unum
1514 3111 1718 3154 conve-

121 3187 363 3248 nientes,
391 3199 459 3239 ex
489 3185 718 3240 secretis
745 3193 1122 3241 tractaverunt
1176 3189 1444 3244 consiliis.
1478 3188 1718 3246 Moratus

120 3286 312 3330 autem
336 3274 599 3330 Arnulfus
636 3290 732 3346 per
768 3285 880 3330 tres
904 3276 1018 3332 fere
1043 3291 1260 3333 menses
1306 3279 1447 3349 apud
1479 3279 1718 3348 impera-

123 3376 346 3430 torem,
405 3365 578 3434 gratia
649 3366 792 3435 regis
842 3367 1059 3436 adepta,
1116 3378 1426 3438 serpentem
1485 3385 1716 3435 amount,

122 3472 289 3527 quem
321 3453 532 3524 Moyses
565 3454 616 3507 in
643 3455 860 3510 deserto
896 3456 1080 3512 divino
1125 3457 1356 3526 imperio
1404 3457 1718 3514 admonitus

123 3563 318 3603 coram
353 3547 480 3602 filiis
505 3547 1050 3615 lsraelexaltaverat,
1102 3549 1418 3622 imperatori
1470 3552 1724 3621 qumsixit

114 3647 180 3691 et
222 3636 432 3691 habere
489 3637 705 3702 meruit,
755 3647 811 3693 et
859 3639 1083 3694 veniens
1113 3639 1166 3693 in
1254 3640 1483 3696 ecclesia
1545 3642 1721 3696 sancti

124 3727 412 3781 Ambrosii
477 3727 654 3796 ipsum
719 3728 980 3784 exaltavit
1037 3729 1172 3800 (76).
1227 3729 1302 3785 De
1331 3746 1440 3800 quo
1495 3741 1718 3786 sanctus

127 3810 460 3872 Ambrosius
492 3818 544 3871 in
578 3818 883 3873 Examcron
917 3835 931 3872 :
976 3837 994 3870 ‹
1044 3819 1110 3874 Et
1157 3821 1272 3890 ipse
1300 3821 1447 3877 sicut
1495 3837 1724 3892 serpens

128 3908 432 3977 exaltatus,
462 3909 687 3966 devorat
717 3912 965 3967 colubres
989 3911 1396 3985 Egyptiorum.
1438 3934 1457 3968 ι
1496 3914 1724 3969 Domum

129 4002 327 4058 multis
361 4013 418 4058 et
444 4004 658 4074 magnis
687 4004 842 4060 donis
879 4019 947 4060 ex
983 4020 1117 4060 auro
1147 4015 1201 4061 et
1232 4008 1462 4077 gemmis
1485 4007 1724 4073 dotatus,

129 4110 259 4150 cum
288 4093 401 4148 ﬁlia
432 4094 696 4164 ejusdem,
751 4110 914 4164 quam
964 4096 1210 4152 Romano
1263 4097 1576 4168 imperatori
1619 4107 1727 4152 tra-

130 4183 292 4240 deret
323 4183 378 4237 in
428 4181 702 4256 coniugio,
757 4185 912 4240 ltetus
952 4194 1007 4242 et
1047 4186 1237 4242 hilaris
1278 4186 1392 4242 fere
1428 4203 1598 4257 usque
1659 4189 1729 4244 ad

131 4280 355 4348 portum
386 4269 684 4328 Bariannm
741 4282 1088 4344 pervenerat.
1149 4276 1289 4333 Ecce
1325 4277 1470 4332 enim
1503 4295 1568 4334 ex
1628 4278 1730 4333 im-

1811 1809 2058 1865 ultimum
2088 1811 2344 1866 omnibus
2388 1812 2648 1868 membris
2691 1813 3033 1869 detruncatis
3096 1815 3398 1884 decapitzzri

1805 1901 1987 1990 jussit.
2014 1903 2142 1958 Post
2169 1902 2396 1957 multum
2429 1917 2555 1958 vero
2600 1920 2705 1958 non
2738 1917 2947 1975 tempus
2971 1910 3082 1976 (an.
3115 1907 3272 1974 1002)
3307 1923 3398 1962 rex

1812 1993 1939 2050 Otto
1970 2009 2090 2047 cum
2114 1995 2262 2066 gravi
2290 1995 2613 2065 :egritudine
2639 1999 3305 2066 Oppressnsrruciarctur,
3342 2008 3400 2053 et

1813 2085 2064 2142 omnibus
2104 2085 2350 2149 medicis,
2401 2086 2491 2155 qui
2537 2086 2656 2154 ejus
2704 2087 2868 2140 eurize
2925 2097 3087 2156 atque
3111 2089 3396 2157 praeceptis

1813 2175 2042 2232 solchite
2065 2175 2405 2239 serviebant,
2435 2176 2710 2246 probatis,
2741 2193 2880 2246 qurr
2902 2193 2971 2231 nn
3002 2178 3282 2233 medicina:
3305 2188 3408 2232 aut.

1815 2267 2043 2330 antidoti
2078 2269 2184 2337 regi
2215 2267 2379 2322 nichil
2409 2268 2780 2338 profecerant,
2811 2269 2922 2325 fere
2944 2271 3013 2326 ab
3032 2272 3178 2326 omni
3203 2271 3398 2327 salutis

1815 2373 1910 2428 spe
1939 2359 2209 2427 privatus,
2262 2369 2352 2413 t:n
2377 2360 2477 2414 Yem
2508 2361 2557 2414 ei
2589 2360 2656 2392 ³³¹
2706 2377 2735 2413 a
2777 2375 2884 2429 quo
2907 2362 3009 2415 tam
3063 2361 3412 2418 culiculario.

1817 2449 2048 2504 relatum
2081 2458 2165 2504 est
2213 2450 2356 2517 quod
2383 2449 2677 2518 Stephania
2711 2466 2847 2504 uxzir
2871 2452 3175 2507 Crescentii
3199 2457 3264 2506 de
3297 2453 3401 2507 lu-c

1816 2539 2007 2594 morbo
2030 2539 2169 2594 ultra
2199 2555 2390 2595 omnes
2415 2540 2544 2594 disc
2562 2552 2648 2594 ete
2676 2542 2924 2596 sentirrt.
2955 2543 2998 2608 Ο
3039 2559 3126 2598 a:n
3157 2559 3188 2598 c
3210 2561 3278 2596 un
3309 2560 3398 2597 rex

1817 2631 1916 2688 sibi
1945 2631 2198 2686 advoca-ri
2237 2631 2611 2701 przecepisset.
2649 2633 2873 2702 cupiens
2899 2648 3022 2689 eam
3058 2635 3217 2690 bmis
3247 2634 3406 2688 factis

1818 2725 2082 2794 bonisque
2114 2724 2398 2796 promissis
2426 2740 2459 2779 a
2483 2724 2665 2781 dolore
2702 2727 2897 2782 sedare
2928 2727 3138 2793 mariti,
3179 2728 3344 2796 grain!
3369 2743 3402 2782 a

1819 2817 1958 2872 dona
1988 2818 2104 2872 auri
2136 2826 2192 2872 et
2216 2818 2423 2887 argenti
2457 2817 2528 2872 illi
2561 2821 2933 2887 repra'sentari
2959 2820 3142 2889 jussit.
3185 2821 3253 2875 At
3280 2820 3343 2875 St
3380 2848 3405 2863 -

1818 2908 2019 2978 pltat-ia
2046 2916 2202 2963 caute
2229 2908 2628 2978 aliquantulum
2656 2909 2724 2964 de
2745 2911 3066 2980 aegritudine
3107 2911 3223 2978 ejus
3265 2913 3353 2966 sci.
3374 2939 3416 2978 ο,

1821 2999 2028 3066 citans,
2057 3000 2250 3054 durum
2273 2998 2476 3054 habens
2507 3000 2606 3054 sub
2632 3015 2665 3069 p
2686 3009 2850 3055 'ctoze
2878 3000 3073 3056 vulnus
3114 3001 3261 3071 (77),
3297 3018 3418 3072 mea

1823 3089 2018 3146 dicinis
2042 3088 2232 3144 Galeni
2280 3099 2368 3143 aut
2429 3089 2708 3159 Ypocratis
2739 3081 3121 3160 sapientissimi
3155 3091 3417 3160 quatims

1825 3197 2006 3253 regem
2056 3183 2125 3237 ab
2173 3182 2346 3237 inviso
2382 3184 2572 3238 morbo
2597 3182 2887 3248 liberaret,
2937 3184 3301 3240 intromittere
3351 3200 3418 3260 se,

1824 3273 2000 3327 misit.
2058 3272 2226 3342 Igitur
2283 3271 2578 3343 Stcphania
2637 3290 2762 3329 cum
2822 3291 2918 3346 per
2965 3275 3244 3332 duodecim
3297 3277 3346 3332 d2
3386 3293 3421 3339 se

1823 3378 2003 3433 regem
2041 3361 2224 3417 multis
2260 3364 2549 3433 unguentis
2586 3363 2878 3434 multisque
2907 3367 3296 3436 experimentis
3325 3367 3406 3420 in.

1824 3458 2024 3520 visset,
2050 3463 2104 3509 et
2131 3453 2242 3510 sola
2277 3465 2370 3509 aut
2393 3469 2514 3509 cum
2553 3457 2747 3510 ancilla
2778 3458 3014 3513 intrandi
3054 3468 3147 3513 aut
3172 3473 3350 3514 ,exeun
3395 3461 3411 3514 i

1825 3545 2136 3607 facultatem
2163 3544 2422 3611 haberet,
2456 3546 2644 3601 videns
2673 3561 2733 3603 se
2753 3546 2867 3616 jam
2893 3558 3106 3620 tempus
3133 3551 3202 3606 ad
3233 3552 3411 3605 vind-

1825 3637 2058 3695 candnm
2090 3636 2345 3690 maritum
2392 3647 2753 3707 praeparatum
2795 3643 3095 3708 carpsisse,
3153 3643 3346 3697 militib
3387 3659 3416 3709 s

1825 3727 2136 3784 convocatis
2153 3727 2404 3797 palatinis
2419 3728 2576 3797 quasi
2596 3743 2792 3799 magno
2812 3745 2934 3783 cum
2955 3732 3216 3800 conscilio
3236 3735 3417 3787 omni-

1826 3820 1928 3876 bus
1956 3819 2134 3874 dixit:
2183 3838 2201 3872 ι
2240 3819 2540 3885 Omilites,
2601 3820 2645 3874 si
2688 3819 2917 3876 salutem
2951 3823 3193 3890 qua‘ritis
3240 3824 3410 3890 impc-

1826 3913 2027 3968 ratoris
2053 3920 2109 3966 et
2136 3909 2254 3980 ejus
2285 3911 2447 3965 vitam
2472 3909 2627 3965 vobis
2651 3925 2894 3966 necessu:
2911 3912 3019 3966 iam
3051 3911 3165 3967 fore
3191 3913 3410 3977 videtis,

1827 4003 2036 4060 corium
2083 4002 2362 4057 cervinum
2412 4015 2603 4057 recens
2655 4011 2818 4071 atque
2855 4003 3212 4072 sanguineum
3249 4021 3348 4060 cur
3380 4023 3422 4060 n.

1829 4094 2170 4150 velocissimo
2198 4093 2329 4149 mihi
2351 4093 2620 4149 adducite.
2648 4095 2731 4148 Es'
2753 4095 2896 4150 enim
2919 4095 2985 4150 ad
3007 4096 3234 4150 salutem
3269 4101 3420 4167 [εἰς

1829 4186 1984 4242 valde
2017 4185 2406 4240 t.ecess:trium.
2438 4183 2632 4255 Operae
2659 4186 2892 4254 pretium
2923 4195 3035 4250 est,
3081 4195 3139 4242 t.t
3170 4204 3260 4242 rex
3290 4189 3418 4260 huic

1831 4281 2057 4336 cervino
2091 4279 2381 4351 unguentis
2409 4281 2594 4335 multis
2631 4289 2898 4349 perunclo
2937 4282 3304 4339 curiosissime
3334 4283 3424 4337 ἰ..-

130 4362 363 4472 ρτοΣίδο
390 4378 492 4417 vox
517 4363 753 4419 humana
807 4365 980 4437 regia,
1037 4382 1200 4436 quam
1252 4368 1550 4440 imperator
1602 4385 1727 4425 cum
1758 4374 2098 4472 Dvolvatur.
2136 4390 2155 4427 ι
2207 4372 2358 4440 Quod
2388 4387 2512 4428 cum
2544 4372 2746 4428 milites
2771 4384 3043 4444 praecepto
3068 4375 3418 4445 imperatoris

133 4451 223 4472 ευ
276 4451 401 4472 Α...
920 4465 957 4472 μ,
1173 4458 1208 4472 _.
1271 4460 1287 4472 ,
1417 4459 1459 4472 .,,
1571 4469 1578 4472 Α
2397 4465 2429 4472 ..
2608 4466 2618 4472 .
2917 4467 2927 4472 -
2999 4468 3009 4472 -
3133 4468 3143 4472 -
3245 4466 3257 4472 -

131 4450 403 4508 ineffabili
441 4453 684 4522 pondere
739 4455 860 4510 auri
909 4465 965 4510 et
999 4458 1210 4528 argenti
1258 4459 1486 4514 Arnulfo
1531 4469 1586 4515 et
1616 4476 1729 4516 suae

137 4543 275 4600 filiae
298 4544 620 4611 donaverat,
645 4546 832 4602 dicens
867 4565 880 4602 :
921 4547 1176 4604 Ottonem
1206 4550 1593 4621 imperatorem
1624 4552 1731 4606 llo-

136 4649 371 4689 manum
401 4642 677 4690 mortuum
707 4649 828 4692 esse
852 4635 963 4706 (an.
994 4637 1154 4692 1002.
1181 4639 1442 4710 Ιαιι.25),
1471 4642 1730 4697 insonuit.

134 4724 210 4779 At
235 4723 501 4783 Arnulfus
526 4741 710 4782 vocem
728 4727 1040 4796 hujusmodi
1069 4731 1320 4800 audiens,
1337 4732 1731 4802 aliquantulum

132 4831 539 4888 expavescens,
604 4819 836 4874 viriliter
905 4823 1190 4880 universos
1260 4825 1558 4882 exhortans
1597 4841 1732 4883 voce

135 4909 444 4980 episcopali
473 4925 664 4966 omnes
685 4911 906 4967 intuens
933 4911 1097 4968 dixit:
1119 4934 1136 4967 ι
1159 4913 1203 4970 Ο
1225 4914 1446 4983 fratres,
1473 4934 1573 4974 vox
1590 4919 1733 4973 enim

135 5001 262 5056 hac
293 5000 588 5058 fantastica
623 5014 681 5058 ut
719 5019 819 5058 nos
859 5004 1210 5062 terrefacerct
1262 5008 1436 5074 venit;
1496 5025 1600 5064 vox
1653 5017 1738 5066 est

137 5092 292 5132 illinc
346 5092 435 5132 ιιιιῖ
475 5095 876 5132 nrntnnlnnclnc
912 5094 1118 5132 r‘nnnnh
1182 5099 1273 5132 η.ιῖ

1320 5099 1357 5132 n
1369 5102 1733 5132 nl'alcnln‘nﬂl\m

1834 4475 2060 4539 urgente
2091 4465 2257 4522 nichil
2305 4465 2430 4520 mali
2471 4466 2813 4536 suspicantes
2851 4467 3101 4521 celeriter
3132 4466 3420 4537 implentcs

1833 4560 2038 4615 corium
2069 4558 2382 4622 duxissent,
2443 4556 2739 4627 Stephania
2772 4566 2932 4613 caute
2959 4567 3014 4612 et
3051 4557 3418 4613 (ccultissin'e

1833 4664 1958 4706 eum
1987 4648 2278 4719 unguentis
2307 4647 2484 4701 toxico
2519 4649 2698 4701 infuso
2739 4647 2880 4703 illico
2925 4649 3199 4718 perunxit.
3234 4649 3420 4719 Itaque

1835 4740 1998 4796 rebus
2021 4739 2106 4792 his
2130 4737 2382 4792 omnibus
2418 4740 2738 4807 praeparatfs
2759 4780 2774 4802 ,
2831 4737 3126 4807 Stephania
3175 4740 3420 4795 studiosa:

1837 4829 1955 4884 htec
1982 4826 2160 4884 omnia
2193 4841 2252 4882 se
2282 4840 2443 4896 agere
2468 4825 2760 4889 simulans,
2814 4826 3034 4882 veniens
3083 4829 3149 4880 ad
3177 4843 3418 4900 regem,

1839 4921 2022 4976 multis
2054 4918 2317 4974 militibus
2343 4916 2646 4972 aSIantibus
2675 4917 2846 4987 ipsum
2890 4920 3113 4975 omnino
3158 4921 3423 4976 nudatum

1837 5011 1985 5067 corio
2027 5008 2116 5063 illo
2161 5024 2258 5078 per
2307 5006 2537 5062 multum
2583 5007 2960 5077 constringens
3007 5007 3254 5062 involvit.
3310 5011 3429 5077 Quo

1838 5102 1980 5132 ἔδησα-ι
2011 5100 2305 5132 αιοιιιυιηῖη
2340 5098 2450 5132 νιοηῖ
2485 5097 2759 5132 οἶιοηιῖηηκ

2790 5099 3074 5132 ἶηιηιηιουο
3156 5099 3432 5132 ιῖτσηιηηη-
