3934 5330
529 281 631 342 87!

1547 273 1892 334 L‘ANDULFI
1933 269 2485 330 MEDiOLANENSlS
2515 272 2785 332 CLERICI

3695 270 3808 328 873

528 395 794 453 medicina
822 391 1098 463 quam'ad
1120 391 1125 398 '
1146 389 1290 462 regis
1325 395 1471 446 esset
1505 389 1671 444 vitam
1720 389 2014 459 putabant,
2047 385 2114 440 ad
2145 394 2192 449 Α
2223 385 2389 441 rando
2410 387 2663 457 prmcepit
2689 397 2770 452 ut,
2795 385 3153 457 leguminibus
3181 401 3213 443 a
3240 384 3510 442 ministris
3541 387 3801 458 receptis,

528 495 756 544 mortem
781 473 998 540 inventa
1027 492 1131 540 est.
1178 481 1310 550 Qute
1356 481 1538 537 omnia
1567 496 1690 536 cum
1734 477 1993 534 Arnulfus
2030 477 2113 532 vir

529 593 627 648 per
647 575 828 632 omnia
857 573 1261 630 curiosissimus
1286 570 1532 626 seriatim
1560 577 1614 624 et
1651 569 1891 624 studiose
1933 566 2116 636 inqui-

527 674 676 722 reret
692 706 708 731 ,
736 674 792 720 ut
822 665 1004 720 Romae
1029 671 1180 732 gesta
1205 669 1361 716 erant
1378 689 1395 726 ,-
1417 667 1611 714 cuncta
1640 657 1693 712 in
1714 658 1942 712 veritate
1963 669 2114 710 com-

527 759 726 829 peruit.
783 755 951 825 igitur
997 753 1340 808 diversarum
1382 749 1782 818 multarumque.
1825 761 2008 801 rerum
2058 744 2112 800 in

529 862 664 902 auro
689 855 743 902 et
768 855 992 917 argento
1031 858 1097 898 ac
1139 841 1424 912 palliorum
1454 840 1794 895 diversorum
1823 834 2113 894 mobilibus

531 940 825 1000 honustus,
859 935 1095 990 visitatis
1132 931 1500 1001 apostolorum
1541 928 1786 998 reliquiis
1825 927 2114 995 multisque

530 1029 857 1101 martyribus
885 1066 901 1092 ,
955 1025 1153 1097 quibus
1181 1017 1368 1079 'Roma
1413 1035 1587 1091 usque
1636 1020 1796 1074 hodie
1840 1026 2033 1074 ornata
2058 1025 2116 1072 et

529 1118 847 1174 honoranda
889 1132 918 1171 a
967 1115 1151 1171 multis
1187 1114 1563 1184 frequentatur
1599 1111 1830 1182 populis,
1882 1124 1982 1164 nec
2007 1121 2120 1162 non

530 1210 830 1280 apostolico
862 1209 1133 1272 salutato,
1175 1208 1245 1262 ab
1275 1207 1575 1275 eademque
1614 1205 1747 1258 urbe
1786 1202 2072 1258 discedens
2094 1239 2110 1266 .

531 1303 636 1356 iter
653 1315 762 1371 quo
789 1299 1143 1355 Mediolanum
1168 1299 1361 1369 repeda
1371 1305 1451 1351 ret
1465 1310 1754 1368 aggressus
1774 1301 1878 1350 est.
1904 1293 2112 1348 interea

527 1393 803 1448 Arduinus
835 1391 1031 1447 nobilis
1057 1401 1112 1447 et
1137 1390 1384 1445 marcliio
1407 1388 1548 1444 altus
1571 1427 1586 1452 ,
1616 1386 1858 1458 locuples
1879 1386 1932 1440 in
1956 1400 2111 1448 auro.

529 1482 624 1537 sed
685 1481 911 1536 scicntia
954 1496 1182 1553 parcus,
1249 1480 1417 1534 armis
1469 1479 1735 1550 prudens,
1793 1477 2114 1549 ingenioque

529 1592 730 1646 gnarus
751 1576 848 1643 ³⁸³.
880 1577 1068 1647 paucis
1091 1575 1557 1632 consentientibus
1578 1573 1746 1629 italia:
1767 1572 2113 1644 primatibus,

530 1667 728 1724 Ottone
748 1667 860 1737 jam
883 1677 1097 1723 mortuo
1118 1668 1268 1737 quasi
1297 1667 1479 1722 furtim
1495 1666 1548 1720 in
1573 1680 1753 1735 regem
1775 1671 2110 1720 surrexerat.

2217 485 2269 531 et
2307 484 2430 530 octo
2475 476 2720 530 fabarum
2771 477 2978 533 modios
3015 477 3420 550 eiimosynariis
3460 477 3709 533 studiose
3737 492 3804 532 ae

2215 565 2428 622 curiose
2453 567 2602 622 omni
2639 567 2726 622 die
2765 567 2818 622 in
2850 574 3010 623 mane
3050 577 3531 639 reprmsentarent.
3580 568 3810 638 insuper

2217 665 2395 712 autem
2423 657 2572 713 omni
2617 671 2801 714 mense
2830 659 2974 715 circa
3009 659 3279 716 Kalendas
3312 675 3573 716 nummos
3606 661 3807 717 multos

2215 763 2280 804 ac
2303 763 2468 804 novas
2495 758 2669 804 vestes
2698 751 2927 820 propriis
2959 752 3209 808 manibus
3255 753 3442 808 dabat.
3497 753 3568 808 Et
3600 752 3806 807 factum

2217 849 2299 896 est
2316 841 2462 895 omni
2494 856 2604 895 sua:
2627 846 2865 911 tempore
2890 844 3012 898 vita:
3035 883 3052 910 ,
3090 853 3284 912 praeter
3312 859 3492 899 annos
3521 845 3580 898 in
3607 845 3806 914 quibus

2217 939 2310 984 aut
2333 945 2456 984 cum
2496 939 2624 1002 rege
2653 944 2741 986 aut
2781 948 2903 987 cum
2937 934 3343 990 marebionibus
3379 946 3476 990 aut
3503 951 3632 992 cum
3653 934 3810 991 duci-

2217 1023 2319 1077 bus
2363 1030 2458 1077 aut
2501 1035 2626 1078 eum
2667 1024 2917 1094 gentibus
2965 1027 3242 1081 extraneis
3293 1027 3378 1082 vel
3427 1041 3556 1082 cum
3609 1029 3808 1098 populo

2218 1115 2446 1170 diversis
2478 1125 2774 1186 occupatus
2804 1118 3033 1188 negotiis
3062 1118 3381 1186 insistebat,
3433 1135 3656 1176 summa
3688 1136 3809 1176 cum

2219 1206 2504 1262 devotione
2555 1206 2768 1262 assidue
2815 1209 2926 1262 Deo
2972 1219 3244 1264 annuente
3289 1209 3654 1281 adimpletum
3707 1221 3808 1265 est.

2217 1296 2425 1354 Interea
2473 1313 2596 1354 cum
2633 1299 2861 1355 domnus
2911 1299 3226 1355 iicribertus
3271 1303 3809 1374 archiepiscopatum

2219 1389 2467 1458 nequiter
2496 1404 2528 1444 a
2555 1389 2738 1445 multis
2786 1406 2852 1445 ac
2903 1391 3055 1446 varie
3107 1391 3469 1448 dilaceratum
3512 1394 3721 1449 virtute
3759 1393 3809 1448 in

2220 1481 2817 1549 magna‘recuperando
2843 1477 3076 1536 viriliter
3095 1483 3490 1554 reintegrasset
3509 1525 3525 1550 ,
3558 1486 3812 1541 omnibus

2219 1572 2318 1628 s'bi
2350 1573 2510 1629 rebus
2535 1575 3000 1644 prosperantibus,
3027 1576 3080 1631 in
3103 1578 3315 1633 cunctis
3339 1580 3582 1650 negotiis
3607 1581 3810 1650 episco-

2219 1662 2429 1733 palibus
2464 1664 2686 1733 provide
2708 1673 2763 1720 ut
2786 1666 2959 1722 bonus
2985 1678 3168 1737 pastor
3195 1683 3325 1724 oves
3348 1679 3685 1726 restauruns
3707 1712 3722 1733 ,
3752 1685 3812 1725 ac

532 1760 646 1815 iloc
681 1761 904 1815 audiens
931 1761 1161 1816 domnus
1183 1757 1474 1822 Arnull‘us,
1529 1757 1717 1826 paucis
1743 1762 2114 1811 commoratus
2147 1742 2190 1802 Β
2217 1769 2316 1810 suo
2342 1756 2490 1827 gregi
2536 1757 2773 1826 graviter
2817 1759 3052 1828 scapulis
3095 1759 3412 1831 imponens,
3446 1773 3680 1818 strenue
3709 1761 3811 1816 Deo

531 1853 756 1918 diebus,
789 1861 989 1908 sanctae
1019 1851 1200 1906 Mariae
1224 1866 1287 1906 ac
1315 1850 1487 1906 sancti
1515 1848 1788 1904 Ambrosii
1817 1848 1871 1901 in
1898 1860 2034 1900 auro
2058 1853 2116 1899 et

536 1951 764 2013 argento
788 1941 962 2012 palliis
983 1951 1036 1998 et
1053 1941 1280 2012 gemmis
1301 1940 1529 1996 diversis
1553 1936 1834 1993 honoratis
1848 1924 2124 2005 ecclesiis,

534 2035 588 2088 in
618 2033 920 2089 Rouchalia
949 2049 1072 2089 cum
1105 2033 1358 2090 omnibus
1385 2031 1550 2086 italia:
1577 2030 1900 2101 primatibus
1948 2028 2117 2084 collo-

530 2126 716 2196 quium
746 2126 956 2180 statuit.
992 2123 1098 2180 Ubi
1155 2140 1277 2179 cum
1327 2123 1541 2179 diverse
1577 2124 1644 2178 de
1691 2122 1842 2191 regni
1887 2120 2122 2191 negotiis

532 2224 892 2281 tractassent,
942 2214 1168 2270 Arduiui
1220 2223 1405 2284 spreto
1439 2213 1712 2280 dOﬂiitliO,
1761 2213 1906 2284 quod
1963 2211 2121 2270 malis

532 2307 740 2362 artibus
786 2313 1174 2376 usurpaverat,
1203 2303 1506 2360 ‘ilenricum
1539 2301 1608 2336 ³⁸⁸
1645 2302 1685 2356 i.
1723 2301 2119 2367 Teutonicum,

533 2399 760 2457 scientia
813 2399 1110 2464 illustrem,
1164 2395 1333 2452 armis
1383 2393 1738 2450 fortissimum
1779 2393 2127 2462 militumque‘

532 2491 702 2562 c0piis
723 2489 1086 2545 abundantem
1120 2501 1184 2542 ac
1202 2486 1410 2541 divitiis
1449 2484 1756 2541 aliiuentem
1789 2481 2118 2554 eiegit‘(78).

531 2579 720 2650 Itaque
749 2577 1013 2633 Henricus
1059 2577 1104 2633 i.
1159 2583 1490 2651 convocatus
1520 2582 1604 2630 est
1647 2574 1749 2640 ³⁸⁸,
1796 2573 2021 2634 veniens
2065 2572 2122 2627 in

533 2669 770 2734 italiam,
809 2669 984 2724 fretus
1009 2666 1191 2723 domni
1217 2665 1422 2722 Arnum
1455 2664 1799 2728 aminiculis,
1831 2658 2122 2735 imperium

531 2761 837 2820 Romanum
882 2761 1127 2818 hostibus
1177 2758 1378 2832 fugatis
1407 2757 1642 2814 viriliter
1686 2757 1830 2814 rexit
1855 2764 1912 2812 et
1941 2755 2120 2812 tenuit

533 2857 650 2930 (αη.
692 2854 877 2926 iuet).

605 2946 696 3003 20.
729 2945 967 3002 Veniens
982 2944 1053 2978 ³⁸⁸
1069 2951 1252 3000 autem
1267 2940 1596 2997 ’Heribertus
1614 2939 1824 2996 Arnuiﬂ
1840 2951 2125 2994 successor

535 3037 793 3103 secundi,
823 3037 1034 3093 viribus
1066 3035 1222 3091 fortis
1247 3043 1412 3104 atque
1454 3030 1667 3087 fortiori
1697 3030 1954 3086 insistens
1982 3037 2120 3084 tem-

536 3133 666 3202 pore
692 3170 708 3198 ,
739 3129 920 3186 divina
969 3128 1182 3200 pollens
1227 3125 1460 3182 scientia
1509 3123 1868 3193 sazcuiarique
1906 3121 2123 3193 ingenio

535 3232 749 3279 astutus
767 3261 784 3288 ,
833 3221 902 3276 ad
928 3221 1183 3275 universa
1229 3215 1587 3274 restauranda
1613 3227 1735 3286 quae
1759 3211 2124 3284 archiepisco-

535 3323 702 3386 patus
720 3311 1082 3383 quorumdam
1101 3309 1236 3364 vitio
1263 3307 1444 3378 inepte
1467 3306 1728 3360 amiserat
1750 3302 2119 3359 ecclesiastica

538 3405 834 3470 sollicitus,
877 3401 1061 3458 infulis
1106 3398 1432 3472 praefulgens
1475 3395 1902 3468 episcOpalibus,
1938 3394 2124 3449 cathe-

539 3497 652 3552 dra:
677 3493 1048 3552 Ambrosiam:
1077 3491 1297 3548 sedibus
1321 3490 1552 3545 viriliter
1597 3485 1821 3543 resedit.
1867 3485 1926 3540 in
1971 3484 2125 3554 cujus

540 3597 782 3658 tempore
813 3589 926 3657 (an.
955 3585 1114 3656 1018)
1156 3577 1325 3638 fames
1361 3579 1466 3638 non
1492 3573 1721 3634 'tamen'
1751 3575 1818 3611 ³⁸⁷
1866 3575 2127 3632 terribilis

539 3695 642 3751 per
671 3678 858 3749 viginti
889 3687 1076 3733 tenens
1101 3673 1311 3730 italiam
1341 3667 1810 3741 annos,*populos
1843 3666 2130 3722 universos

541 3769 803 3825 invadens
831 3767 1071 3840 graviter
1115 3765 1367 3836 arripuit.
1407 3763 1479 3817 At
1521 3771 1715 3818 contra
1748 3761 1943 3817 beatus
1971 3757 2129 3813 Heri-

539 3864 730 3921 bertus
753 3861 934 3918 divina
958 3859 1284 3918 intrinseciis
1302 3865 1480 3914 motus
1508 3853 1909 3919 misericordia,
1932 3851 2128 3907 videns

541 3967 810 4026 pauperes
827 3949 1135 4024 egenosqne
1149 3958 1351 4015 tantos,
1381 3949 1746 4018 orplianorum
1763 3957 1828 4000 ac
1841 3943 2132 4000 viduarum

539 4046 750 4118 capiam
775 4046 1095 4100 immensam
1110 4083 1124 4106 ,
1149 4039 1437 4097 convocari
1451 4038 1523 4094 ad
1549 4051 1610 4093 se
1625 4035 1866 4108 quinque
1889 4033 2129 4104 pistoria:

541 4137 677 4192 artis
706 4135 996 4205 magistros
1025 4132 1301 4204 praecepit.
1343 4127 1551 4196 Quibus
1594 4125 1914 4184 convocatis
1955 4136 2129 4194 pauca

541 4227 724 4282 divina
767 4223 1014 4295 eloquia,
1078 4230 1139 4277 ut
1187 4221 1307 4276 illos
1342 4221 1398 4274 in
1448 4217 1544 4274 Dei
1598 4217 1824 4273 servitio
1862 4215 2133 4270 animaret

543 4316 786 4387 aperuit;
831 4324 887 4370 et
922 4313 1028 4369 illis
1053 4315 1303 4368 mercede
1328 4317 1521 4382 pactus
1557 4309 1742 4366 divina
1780 4308 1851 4365 ob
1881 4306 2007 4377 jura
2031 4306 2134 4360 im-

2149 3079 2200 3143 ρ.

2218 1847 2498 1918 vigilabat.
2520 1849 2786 1904 Praeterea
2811 1865 3021 1907 summa
3043 1851 3262 1908 Henrici
3292 1853 3331 1906 i.
3365 1854 3438 1885 ³⁸⁸
3463 1853 3815 1925 imperatoris

2219 1938 2410 1996 ductus
2435 1942 2703 2008 amicitia,
2732 1945 2890 2011 quem
2923 1959 3016 2000 rex
3044 1929 3158 2014 ipse
3179 1960 3343 2015 supra
3369 1959 3574 2000 omnes
3606 1957 3805 2000 morta-

2217 2029 2299 2086 les
2327 2031 2380 2086 in
2406 2047 2573 2103 regno
2597 2047 2660 2088 ac
2686 2033 2958 2090 conseiliis
2985 2035 3096 2106 regi
3125 2035 3510 2091 ministrandis
3539 2035 3648 2090 ﬁde
3673 2037 3812 2106 regia

2220 2120 2635 2188 sublimaverat,
2684 2124 2736 2178 in
2765 2124 3025 2180 Roncaiia
3067 2125 3138 2180 ob
3181 2126 3332 2197 regni
3380 2126 3812 2182 stabilimentum

2221 2213 2406 2268 multis
2435 2227 2555 2268 cum
2588 2213 2813 2269 ducibus
2837 2222 2892 2270 et
2914 2216 3179 2286 episcopis
3203 2224 3455 2286 tempore
3487 2219 3812 2290 competenti

2221 2301 2548 2374 colloquium
2579 2303 2836 2360 decenter
2854 2307 3158 2360 construxit
3188 2305 3327 2377 (79).

2290 2395 2399 2450 2L
2421 2395 2495 2451 Ea
2529 2396 2597 2429 ³⁸³
2637 2395 2958 2469 tempestate
2984 2398 3248 2455 Eusebius
3281 2399 3574 2469 Papiecsis
3605 2400 3809 2470 episco-

2221 2501 2321 2570 pus
2350 2501 2566 2542 crucem
2612 2498 2888 2559 tamquam
2931 2490 3381 2560 metmpoiitanus
3431 2501 3565 2546 ante
3613 2491 3808 2562 portari

2223 2569 2459 2645 faciens,
2488 2569 2752 2656 copiosus
2778 2587 2834 2635 et
2864 2578 2931 2635 ab
2957 2580 3068 2650 ipsa
3091 2580 3323 2651 Copiosa
3350 2581 3627 2636 oriundus
3644 2621 3660 2645 ,
3686 2596 3812 2636 sum-

2224 2684 2313 2726 mo
2358 2670 2626 2750 snperbia:
2682 2671 2825 2727 fastu
2867 2671 3076 2738 elatus,
3124 2672 3553 2729 Mediolanensis
3596 2673 3810 2732 eulmini

2223 2763 2544 2836 prazsulatus
2594 2759 2863 2836 cothuari
2905 2764 3176 2834 anellans,
3228 2767 3510 2823 serotinus
3555 2765 3812 2834 colloquio

2224 2857 2390 2913 venit.
2428 2853 2500 2914 Ut
2546 2867 2728 2914 autem
2771 2860 2914 2915 hunc
2962 2853 3195 2914 domnus
3239 2857 3570 2924 Heribertus
3606 2859 3813 2914 eminus

2223 2945 2391 3010 vidit,
2414 2954 2600 3002 'tactus
2625 2945 2810 3002 dolore
2839 2947 3020 3003 cordis
3040 2947 3369 3004 intrinsecus
3394 2990 3412 3013 ,
3465 2949 3560 3005 diu
3593 2947 3738 3004 inter
3763 2962 3813 3000 se

2227 3035 2389 3091 tacite
2421 3037 2733 3107 suspirans,
2763 3037 2979 3092 domum
3005 3039 3331 3094 mirantibus
3361 3036 3650 3094 universis
3680 3036 3811 3093 clara

2226 3142 2356 3183 voce
2404 3129 2456 3182 iu
2487 3129 2663 3184 medio
2695 3129 2854 3183 iniit:
2921 3147 2939 3180 ι
2979 3129 3204 3185 Summe
3245 3131 3390 3187 Deus
3431 3139 3685 3197 :eterne,
3731 3125 3812 3200 qui

2225 3221 2406 3275 omnia
2438 3229 2528 3276 tua
2551 3221 2792 3293 disponis
2821 3222 3115 3292 sapientia,
3166 3222 3258 3292 qui
3301 3223 3528 3293 regibus
3569 3232 3629 3278 et
3678 3223 3813 3292 prin—

2226 3309 2435 3381 cipibus
2458 3309 2627 3382 legem
2647 3352 2662 3378 ,
2693 3319 2753 3366 ut
2777 3311 2860 3367 sui
2885 3321 3070 3367 essent
3086 3310 3228 3381 juris
3247 3314 3496 3369 contenti
3519 3356 3537 3380 ,
3567 3313 3809 3375 sanxisti,

2227 3415 2326 3457 nec
2354 3419 2460 3457 non
2491 3401 2914 3474 archiepiscOpis
2961 3404 3393 3478 metrOpoitanis
3433 3422 3501 3462 ac
3546 3405 3806 3476 episcopis

2227 3492 2594 3549 subordinatis
2615 3535 2632 3561 ,
2668 3502 2729 3548 ut
2762 3488 3108 3564 suis'i‘egibus
3135 3494 3528 3565 spiritualihus
3558 3511 3592 3551 a
3618 3498 3811 3552 sanctis

2229 3584 2476 3652 patribus
2501 3578 2664 3641 editis
2692 3593 2747 3642 et
2783 3586 3040 3655 parochis
3081 3588 3270 3644 sedule
3317 3589 3569 3642 contenti
3617 3601 3815 3657 perma~

2231 3684 2460 3742 tierent,
2512 3676 2742 3746 benigne
2771 3683 2830 3731 ut
2867 3679 3121 3748 .medicus
3161 3681 3616 3734 accuratissimus
3641 3678 3815 3752 prasi-

2229 3766 2402 3836 gnasti
2427 3781 2442 3820 :
2471 3767 2715 3822 homines
2739 3768 2845 3833 isti,
2872 3770 2964 3839 qui
2995 3769 3163 3826 nimio
3185 3770 3496 3840 iniquitatis
3522 3770 3642 3826 zelo
3667 3771 3814 3825 decus

2229 3865 2287 3911 ct
2315 3855 2576 3912 honorem
2593 3867 2796 3914 sancta:
2817 3861 3190 3916 Ambrosianae
3207 3861 3650 3932 metropaiitana:
3662 3860 3815 3916 eccle-

2230 3948 2325 4003 sia:
2359 3946 2644 4004 obfuscare
2671 3959 2967 4015 conantur,
2997 3951 3149 4006 obliti
3185 3952 3320 4022 legis
3345 3962 3598 4022 paterna
3626 3967 3689 4008 ac
3715 3967 3812 4006 uia-

2227 4039 2410 4110 jorum
2442 4041 2776 4107 reverentia,
2839 4042 2982 4098 unde
3010 4044 3346 4114 proCedunt?
3391 4043 3557 4098 Enim
3586 4045 3678 4114 qui
3700 4057 3812 4096 con-

2232 4129 2356 4183 dam
2385 4134 2575 4186 sanc'to
2600 4140 2654 4186 et
2691 4134 3133 4190 reverentissimo
3161 4133 3461 4190 Benedicto
3491 4132 3812 4190 antecessori

2233 4231 2419 4277 nostro
2448 4223 2514 4279 de
2537 4222 2820 4293 Papiensis
2841 4225 3185 4296 episcopatus
3208 4215 3629 4284 consecratione
3655 4229 3706 4281 in
3738 4241 3812 4296 sy-

2233 4311 2380 4368 nodo
2420 4313 2663 4370 Bomana
2712 4314 2782 4348 ⁸⁹⁶
2818 4318 3174 4396 conquerenti
3233 4316 3437 4386 injuste
3483 4316 3808 4380 causarerit,

543 4407 753 4478 peravit
793 4405 981 4461 ut.die
1011 4403 1158 4459 omni
1194 4418 1258 4458 ac
1316 4410 1509 4468 nocte,
1573 4399 1834 4470 quamdiu
1877 4397 2051 4453 fames
2078 4397 2130 4452 in
2162 4418 2210 4476 ι)
2236 4403 2475 4458 animum
2515 4403 2667 4460 ducis
2687 4401 2976 4477 ingerens,
3039 4422 3142 4463 non
3187 4410 3360 4480 patris
3409 4407 3670 4464 affectum
3702 4408 3812 4462 reti-

544 4497 710 4553 italiaa
727 4496 974 4566 partibus
994 4502 1260 4559 maneret,
1293 4493 1440 4548 omni
1457 4491 1565 4547 alio
1585 4491 1772 4547 labore
1793 4489 2126 4556 intermisso,

545 4587 698 4658 operi
725 4586 1002 4642 curialiter
1030 4585 1378 4650 insisterent,
1403 4584 1658 4656 quatinus
1683 4583 1934 4639 mixtura:
1960 4596 2133 4653 panes

545 4689 604 4736 et
620 4679 824 4735 cereris
862 4686 988 4735 octo
1016 4678 1164 4733 milia
1202 4692 1300 4748 per
1328 4676 1472 4733 diem
1505 4689 1948 4748 unamquamque
1975 4689 2134 4732 sumo

549 4771 606 4826 in
660 4784 820 4826 mane
865 4770 988 4826 suis.
1017 4768 1406 4840 consignareut
1454 4766 1740 4822 ministris.
1777 4765 1920 4833 Quin
1963 4765 2128 4821 etiam

548 4874 709 4918 cocos
730 4860 1102 4932 representari
1142 4860 1226 4916 ad.
1249 4873 1309 4914 se
1349 4858 1675 4916 domesticos
1723 4857 1928 4913 iaciens
1959 4857 2133 4924 impe-

2235 4510 2396 4557 uens.
2426 4497 2544 4552 sine
2586 4497 2702 4569 iege
2735 4499 2972 4569 pastoris
3018 4500 3224 4556 inlicite
3261 4517 3362 4556 suo
3391 4502 3462 4556 ad
3498 4515 3811 4557 consecran-

2235 4585 2361 4639 dum
2411 4585 2687 4641 domicilio
2736 4587 3048 4657 usurpative
3085 4589 3344 4656 attraxit,
3399 4605 3503 4646 nec
3559 4590 3808 4645 civitatem

2236 4673 2426 4729 dilexit
2465 4675 2686 4745 Papiam
2712 4716 2728 4743 ,
2782 4692 2946 4731 unam
2977 4686 3032 4732 et
3069 4679 3414 4733 caritativam
3461 4678 3808 4736 obedientiam

2238 4765 2442 4820 nostris
2483 4763 2920 4822 antecessoribus
2959 4767 3280 4835 habentem,
3334 4767 3492 4836 cujus
3545 4768 3808 4825 ecclesiam

2238 4856 2304 4911 de
2339 4855 2448 4910 illia
2478 4857 2579 4912 sibi
2604 4858 2856 4914 auciihm
2885 4858 3161 4930 colligavit
3191 4859 3258 4891 ³’ί
3281 4900 3296 4927 ,
3347 4875 3452 4916 nec
3480 4860 3660 4916 sancti
3697 4861 3804 4912 Au:-

1843 4967 2077 5023 vama:
2122 4965 2527 5050 LECTIONES.

621 5066 690 5103 ³⁸³
716 5067 936 5139 ignarus
968 5065 1055 5139 Bi.
1128 5063 1366 5139 ’θξΑΙιεν
1413 5062 1538 5139 εοιέ.Δ
1590 5062 1726 5139 (ἕηςΣ
1774 5061 1864 5139 é.)
1905 5059 2396 5139 ‘_Coura_dum'_B_l.

1657 5130 1754 5205 f”_
1777 5129 2027 5205 Tilulnsr':
2047 5130 2220 5205 __Ei_tpi.
2249 5129 2739 5205 deArnuil'oarch.
2775 5134 2970 5204 incipit
2995 5136 3059 5190 de
3088 5135 3377 5190 iicriberto
3400 5135 3804 5205 arcliirpiscnpj.

587 5139 643 5196 ui
689 5131 860 5194 altero
908 5137 1126 5192 nomine
1177 5135 1328 5196 Cyno
1374 5148 1423 5188 c.
1473 5131 1559 5186 Bt.

2507 5063 2575 5102 ³⁸³
2607 5081 2656 5118 c.
2716 5078 2768 5118 e.
2822 5065 3009 5119 desunt
3063 5065 3123 5119 Β.
3160 5064 3308 5119 Alter
3365 5066 3487 5119 cod.
3552 5062 3807 5120 Conradus

598 5213 640 5266 ‘.
674 5209 751 5264 De
776 5209 948 5280 gestis
973 5206 1178 5282 domini
1204 5201 1484 5282 ﬁctilierti
1517 5201 1914 5284 arcniiieuiscOpi
1941 5201 2360 5286 bl'eiliolaneusis
2632 5205 2749 5259 rell.
2776 5201 3136 5286 """;_tantum
3180 5205 3268 5258 Bl.
3347 5205 3420 5238 ³⁸⁸
3450 5201 3731 5259 alicr'cod.
3754 5201 3800 5268 (ἱ.
