3934 5330
77 316 168 371 875

1015 306 1342 364 HISTORIA
1383 300 1954 385 MEDIOLANENSIS.
1985 331 2052 342 —
2079 300 2206 356 LIB.
2249 301 2314 355 ll.

3199 299 3306 354 87-!

76 428 222 487 bmsii
248 425 460 490 sedem,
508 433 568 480 ut
613 423 785 480 sancti
837 423 1266 493 prmdeccssores
1313 418 1633 490 apostolici,

1758 423 2020 468 rostremo
2046 426 2174 466 vero
2200 411 2268 466 ab
2293 411 2400 465 alio
2421 410 2551 474 vita,
2575 425 2696 479 qua:
2733 418 2816 465 cst
2843 410 3130 478 pretiosior
3155 426 3310 477 auro.

77 519 236 592 patrio
263 517 451 571 dilexit
473 513 684 569 affectu.
716 513 870 570 Unde
897 513 1112 568 dolores
1143 510 1318 581 magni
1349 518 1402 564 et
1450 509 1624 581 dupli-

75 615 168 668 cati
192 611 336 667 cordi
363 609 626 664 inhaerent
655 623 775 662 meo
796 649 813 672 ,
839 616 1081 662 sanctam
1119 605 1457 660 devotionem
1480 603 1624 658 beati

73 701 288 758 Iuventii
321 709 376 754 et
422 697 657 768 Crispini
687 712 787 751 nec
829 711 932 751 non
960 704 1015 751 et
1042 693 1457 750 reverentissimi
1494 691 1624 762 Epi-

75 795 188 849 lanii
218 791 397 847 sedule
425 805 782 862 cognoscens,
834 803 995 858 quam
1054 787 1110 842 in
1158 795 1344 842 nostra
1396 783 1625 840 ecclesia

76 889 249 940 devote
296 891 352 936 ut
407 891 633 936 matrem
681 888 1043 935 sustentantes
1087 877 1477 946 impenderunt.
1503 874 1626 942 Qui,

74 993 182 1030 cunt
209 981 388 1028 nostra
425 971 684 1036 ecclesia,
737 971 1122 1040 imperatorum
1173 976 1226 1022 et
1269 976 1627 1038 tyrannorum

73 1066 264 1119 smnia
295 1064 422 1119 olim
465 1073 683 1132 pastore
711 1061 925 1116 viduata
945 1101 959 1126 ,
1023 1059 1115 1114 Dei
1162 1058 1429 1126 adjutorio
1461 1072 1633 1127 quan-

74 1160 231 1223 doque
259 1165 559 1209 sustentata
582 1152 880 1216 floruisset,
929 1153 1098 1222 ipsam
1143 1150 1388 1218 benignis
1420 1164 1632 1203 ammo-

73 1248 356 1302 nitionibus
410 1257 465 1301 et
518 1245 1020 1302 consecrationibus
1070 1242 1414 1306 refoverunt,
1473 1242 1634 1312 lmjus

72 1349 260 1394 sancta:
281 1339 523 1394 ecclesia:
545 1339 968 1408 primiceriatum
992 1345 1046 1392 et
1066 1337 1306 1391 omnium
1325 1344 1634 1390 nostrorum

72 1433 434 1500 episcoporum
486 1429 836 1500 providentia:
874 1429 1284 1498 praerogativam
1332 1426 1590 1483 habentes
1617 1468 1634 1492 ,

72 1521 360 1590 pmsertim
380 1520 566 1588 quanti
581 1519 783 1573 amoris
795 1534 934 1588 quan
945 1528 1116 1587 neque
1136 1517 1426 1587 diligentia!
1447 1527 1638 1573 sancto

71 1610 360 1664 Confessori
388 1618 570 1663 nostro
608 1609 706 1663 fuit
740 1609 1044 1674 Ambrosio,
1080 1609 1202 1678 qui,
1241 1609 1487 1678 quamvis
1513 1625 1638 1663 cor-

72 1703 211 1769 poris
251 1702 500 1756 molestia
527 1710 872 1771 gravaretur,
915 1701 1046 1755 irtibi
1073 1702 1409 1756 sacerdotem
1436 1701 1488 1755 in
1516 1702 1635 1770 epi-

69 1805 226 1858 scopo
258 1805 420 1844 manu
445 1789 660 1859 prapria
690 1789 942 1844 ordinare
969 1789 1196 1844 curavit.
1236 1807 1254 1840 ι
1293 1789 1409 1855 Quo
1431 1790 1640 1852 audito,

71 1880 263 1934 animis
315 1880 559 1934 omnium
616 1879 1080 1934 circumstantium
1134 1879 1305 1949 magis
1355 1894 1419 1934 ac
1475 1879 1646 1949 magis

72 1970 582 2032 exardescentibus,
619 1969 712 2038 qui
745 1968 910 2024 multa
945 1983 1086 2023 saeva
1122 1983 1186 2024 ac
1229 1984 1421 2038 aspera
1464 1967 1647 2039 praelia

72 2062 136 2116 ob
158 2062 300 2116 beati
330 2060 597 2116 Ambrosii
629 2076 900 2124 amorem.
937 2062 1084 2116 caede
1116 2062 1242 2116 data
1289 2061 1552 2116 immensa
1586 2076 1651 2116 ac

73 2168 99 2205 a
130 2153 238 2206 Deo
261 2154 387 2205 data
417 2151 640 2205 victoria
675 2152 1076 2216 sustinuerant,
1125 2166 1256 2206 crux
1281 2165 1446 2220 quam
1475 2150 1652 2204 Euxe-

75 2243 190 2296 hius
215 2243 323 2297 sibi
351 2240 609 2295 anteferri
649 2241 790 2296 fastu
840 2241 1106 2310 superbiae
1151 2241 1548 2310 praamittebat,
1582 2239 1652 2296 ab

75 2331 188 2400 ipso
221 2345 433 2385 summa
463 2324 768 2383 humilitate
809 2342 873 2383 ac
913 2328 1197 2383 devotione
1240 2328 1420 2383 debita
1467 2343 1652 2382 coram

73 2424 214 2476 omni
265 2421 608 2476 multitudine
653 2419 882 2474 refutatu
929 2429 1050 2484 est;
1098 2435 1218 2490 qua:
1253 2435 1422 2489 usque
1463 2420 1653 2485 hodie,

76 2515 368 2585 plurimum
393 2511 631 2582 crystalli
663 2511 900 2574 habens,
949 2511 1001 2564 in
1029 2520 1229 2565 sancta:
1271 2510 1453 2564 Mariae
1481 2525 1658 2563 secre-

79 2605 216 2658 tario
245 2603 302 2657 in
336 2600 646 2656 testimonio
671 2610 1010 2670 posterorum
1049 2600 1302 2654 decenter
1332 2599 1654 2656 custoditur.

143 2691 238 2746 ἥ.
317 2688 421 2744 Per
451 2689 520 2721 ³⁹¹
552 2690 694 2743 idem
743 2697 950 2759 tempus
998 2687 1184 2760 (1057)
1225 2703 1346 2742 cum
1381 2687 1661 2743 Conradus

78 2783 377 2853 imperator
403 2781 616 2850 Papiae,
664 2782 1054 2835 circumstante
1100 2781 1371 2846 exercitu,
1413 2781 1664 2850 imperia-

79 2873 218 2929 libus
246 2871 574 2944 praefulgens
604 2872 958 2941 dignitatibus
986 2873 1354 2936 consedisset,
1392 2873 1664 2928 universis

78 2967 168 3037 qui
197 2967 556 3022 ecclesiarum
582 2965 842 3020 beneﬁcia
874 2965 1214 3031 invaserant,
1251 2975 1344 3020 aut
1363 2965 1454 3036 qui
1489 2965 1666 3020 homi-

1727 527 1857 568 ense
1869 511 2016 582 regio
2027 512 2201 580 capite
2217 511 2455 567 abscisso
2469 508 2779 565 anferebatu
2789 526 2831 564 r.
2847 509 3055 566 Interea
3083 512 3304 581 quidam

1733 621 2179 668 transmontanus
2194 622 2318 667 ante
2346 612 2686 682 imperatoris
2707 613 3070 682 prtesentiam,
3097 629 3311 670 summa

1733 704 2077 759 multitudine
2103 703 2513 769 circumstante,
2545 705 2612 759 de
2639 714 2790 759 curte
2822 703 2980 759 Leuci
3012 720 3174 775 super
3203 705 3311 761 He-

1734 789 1999 844 rihertum
2023 788 2488 858 archiepiscopum
2511 798 2837 858 conquestus
2858 800 2959 844 est.
2990 788 3101 844 Hoc
3127 790 3317 846 audito

1734 879 2054 935 Heribertus
2082 880 2182 934 hac
2223 879 2588 950 indignatione
2615 882 2863 936 turbatus
2890 896 3064 951 neque
3087 897 3315 952 respon-

1732 973 1859 1027 dere
1888 987 2062 1043 neque
2089 971 2376 1027 defendere
2421 986 2541 1027 sese
2569 975 2799 1042 paravit.
2844 973 3083 1027 Tandem
3111 989 3141 1028 c
3185 974 3322 1028 solio

1733 1078 2088 1135 consurgens,
2121 1063 2490 1134 hujuscemodi
2519 1065 2721 1130 verbis,
2765 1074 2822 1118 ut
2844 1081 2934 1119 rex
2965 1066 3196 1134 spatium
3225 1081 3324 1136 per

1737 1158 2007 1213 induciam
2035 1157 2220 1223 daret,
2249 1157 2519 1237 quaesivit.
2570 1157 2721 1214 Unde
2754 1157 2940 1212 multis
2973 1157 3323 1214 conlatranti-

1736 1250 1839 1304 bus
1863 1263 1919 1304 et
1950 1266 2130 1321 regem
2161 1250 2216 1305 in
2239 1251 2374 1305 iram
2400 1250 2843 1320 provocantibus,
2871 1264 3034 1318 super
3065 1247 3324 1304 Heriber-

1742 1354 1856 1398 tum
1888 1344 2054 1398 nimio
2074 1343 2198 1398 odio
2228 1342 2384 1398 zelati
2412 1351 2558 1398 sunt.
2585 1343 2769 1410 Itaque
2791 1343 2880 1396 ubi
2904 1343 3005 1396 hoc
3029 1342 3326 1412 imperator

1739 1435 2014 1504 cognovit,
2045 1435 2122 1488 ira
2153 1444 2208 1489 et
2237 1433 2501 1489 malorum
2531 1433 2708 1487 verbis
2755 1441 3074 1498 commotus,
3125 1433 3327 1488 oblitus

1740 1527 1888 1596 quod
1916 1542 2040 1580 cum
2073 1525 2359 1580 lleriberto
2385 1524 2561 1580 fmdus
2590 1523 2914 1586 fmdaverat,
2946 1522 3094 1577 ferali
3127 1525 3205 1577 ira
3238 1539 3329 1580 re-

1740 1617 1942 1686 pletus.
1987 1617 2394 1687 archiepiscopo
2441 1626 2499 1671 ut
2544 1615 2860 1671 lamentanti
2899 1615 3068 1686 legem
3124 1615 3329 1670 faceret

1744 1708 2050 1779 imperavit.
2092 1708 2210 1776 Quo
2256 1718 2562 1775 recusante,
2594 1723 2688 1764 rex
2719 1708 2833 1778 ipse
2879 1723 2908 1762 e
2944 1707 3078 1763 SOItO
3108 1723 3337 1763 consur-

1747 1816 1879 1874 gens
1915 1802 2087 1872 regio,
2119 1810 2178 1856 ut
2224 1800 2543 1856 lleribertus
2579 1809 2928 1870 capereretur
2956 1801 3232 1870 prxecepit.
3265 1801 3335 1856 At

1749 1890 1975 1959 milites,
2013 1899 2231 1959 quanta:
2260 1889 2538 1961 dignitatis
2564 1898 2886 1959 quantaeque
2923 1889 3337 1958 magnificentia

1750 1979 2067 2037 lleribertus
2093 1991 2240 2037 esset
2279 1991 2688 2053 cognoscentes,
2734 1983 2986 2038 timentes
3035 1999 3228 2038 manus
3281 1985 3336 2038 in

1753 2073 1904 2128 illum
1947 2075 2182 2141 mittere,
2217 2073 2434 2145 paulum
2461 2075 2802 2129 sustiterunt.
2832 2075 3055 2128 Demum
3081 2073 3339 2130 lleriber-

1755 2173 1843 2219 tus
1871 2180 2050 2235 regem
2088 2165 2155 2218 ad
2189 2163 2472 2233 pristinam
2518 2163 2835 2227 amicitiant,
2877 2163 3114 2232 qualiter
3147 2164 3201 2217 in
3247 2178 3339 2218 re-

1753 2269 1860 2324 gno
1890 2255 2001 2324 ipse
2030 2268 2152 2308 eum
2174 2251 2524 2321 adjuvaverat
2551 2262 2608 2308 et
2645 2263 2870 2308 strenue
2900 2251 3108 2307 fecerat
3134 2253 3342 2307 viribus

1754 2344 2036 2405 omnibus,
2091 2342 2214 2396 altis
2261 2356 2526 2397 revocans
2572 2343 2753 2396 verbis
2802 2342 3003 2396 frustra
3051 2341 3337 2396 laboravit.

1760 2434 2054 2488 Venientes
2079 2443 2259 2487 autem
2285 2448 2452 2487 canes
2477 2432 2700 2501 palatini
2750 2441 2805 2486 et
2833 2431 3114 2486 suavissimi
3144 2431 3344 2486 Teuto-

1759 2526 1888 2591 n;ci,
1937 2525 2028 2595 qui
2062 2527 2310 2580 nesciunt
2338 2526 2467 2596 quid
2499 2527 2569 2580 sit
2602 2525 2743 2580 inter
2791 2525 3067 2580 dexteram
3117 2535 3172 2580 et
3216 2525 3346 2581 sini.

1760 2627 1931 2672 stram
1963 2617 2098 2689 (80),
2123 2627 2176 2671 et
2196 2617 2441 2687 jumenta
2489 2615 2674 2681 multa,
2729 2616 3070 2672 lleribertum
3103 2619 3347 2672 detinue-

1762 2719 1914 2764 runt.
1969 2709 2083 2764 lloc
2145 2709 2288 2764 facto
2351 2711 2528 2764 onmis
2587 2711 2730 2779 regis
2785 2720 2835 2765 et
2891 2710 3024 2780 legis
3073 2712 3223 2780 vigor
3252 2711 3346 2776 ”',

1757 2797 2034 2868 judicibus
2080 2810 2132 2856 et
2181 2802 2408 2857 ducibus
2452 2803 2811 2872 omnibusque
2861 2803 3132 2873 episcopis
3183 2815 3350 2873 atquo

1764 2891 2174 2946 marchionibns
2204 2908 2300 2962 per
2339 2892 2550 2946 diversa
2581 2894 2815 2962 quadam
2858 2891 2938 2950 ira
2969 2895 3253 2948 commotis
3282 2909 3351 2948 ac

1768 2983 2234 3052 perstrepentibus
2246 2983 2335 3048 ³⁸⁸,
2360 2983 2652 3038 dissolutus
2671 2993 2776 3039 est.
2804 2985 2922 3051 Quo
2943 2987 3184 3048 detento,
3203 2985 3350 3040 fama

76 3058 222 3112 cidia
254 3057 460 3124 injuste
488 3056 908 3121 commiserant,
950 3064 1039 3110 aut
1065 3056 1431 3126 orphanornm
1462 3064 1556 3110 aut
1583 3057 1654 3109 vi-

1769 3074 1837 3126 ad
1862 3073 2115 3128 concives
2143 3089 2206 3127 ac
2229 3074 2366 3129 lilios
2387 3091 2512 3128 suos
2539 3076 2754 3144 Deoquc
2785 3075 3066 3144 adoptivos
3093 3075 3355 3130 citissime

78 3151 313 3205 duarum
341 3150 540 3220 pradia
565 3149 898 3203 devastando
921 3149 1311 3214 contriverant,
1335 3158 1390 3205 et
1415 3150 1664 3204 omnibus

78 3242 172 3312 τεῖί
203 3240 402 3310 injuste
430 3256 460 3293 a
492 3226 711 3310 perﬁdis
734 3239 1038 3294 hominibus
1063 3256 1158 3309 per
1181 3241 1412 3311 aliquam
1444 3256 1663 3296 causam

81 3330 501 3391 cruciabantnr,
543 3336 602 3381 ut
647 3328 729 3382 sui
754 3328 962 3397 imperii
994 3329 1144 3399 vigor
1166 3330 1446 3400 exigebat,
1471 3345 1668 3384 secun-

81 3419 212 3474 dum
241 3417 416 3488 legem
465 3417 645 3472 facere
675 3418 967 3472 humanam
1013 3427 1069 3473 et
1110 3417 1355 3487 judicare
1401 3419 1663 3474 decrevit.

80 3508 272 3577 itaque
295 3509 634 3577 conspiciens
662 3509 860 3564 multos
892 3509 944 3563 in
978 3509 1142 3564 italia
1163 3507 1405 3578 partibus
1434 3509 1669 3564 circum-

79 3614 308 3667 spersos
352 3599 472 3654 sine
523 3598 662 3668 lege,
712 3599 830 3654 sine
883 3599 1105 3662 taedere,
1143 3600 1290 3653 omni
1343 3599 1567 3654 dimisso
1605 3599 1670 3652 ti-

82 3703 240 3744 more
293 3688 664 3743 inhumaniter
704 3688 934 3742 invicem
985 3687 1288 3754 offendere,
1354 3696 1418 3742 ut
1479 3703 1671 3742 omnes

80 3794 116 3831 a
175 3777 325 3832 malo
383 3779 437 3833 in
485 3779 685 3833 bonum
739 3787 1046 3843 revocaret,
1097 3778 1353 3848 quatinus
1406 3779 1498 3848 qui
1548 3778 1669 3834 sine

81 3867 210 3938 lege
229 3868 420 3924 omnia
461 3869 725 3923 habentes
776 3870 1082 3938 promiscua
1131 3867 1336 3924 inlicite
1371 3881 1491 3924 sese
1515 3880 1672 3923 exeré

78 3971 354 4027 onerant,
395 3976 493 4032 per
542 3961 712 4029 legem
761 3962 1004 4016 districte
1053 3961 1452 4031 iudicarentur,
1495 3960 1672 4015 edicto

81 4066 192 4120 per
239 4053 487 4108 diversas
515 4050 678 4104 italiae
736 4053 1044 4122 provincias
1100 4052 1318 4106 volante
1374 4049 1534 4120 hujus
1591 4052 1673 4106 rei

81 4153 257 4196 causa
321 4142 465 4196 diem
508 4142 718 4196 statuit.
783 4142 901 4208 Quo
977 4142 1161 4197 audito
1233 4142 1462 4212 orphani
1519 4141 1672 4196 multi

84 4236 382 4305 viduaeque
447 4234 668 4299 multae,
742 4233 1122 4305 quarnplurimi
1179 4233 1348 4290 duces
1411 4233 1672 4304 multique

83 4324 331 4394 cpiscOpi
355 4363 374 4389 ,
412 4323 556 4379 velut
594 4340 732 4395 aqua
769 4325 820 4378 in
869 4323 1100 4389 sentina,
1129 4321 1295 4394 Papia
1336 4331 1464 4378 ante
1496 4324 1670 4393 impc-

1772 3164 2038 3232 pervenit.
2086 3163 2377 3233 Propterea
2425 3165 2584 3234 hujus
2632 3164 2783 3219 urbis
2816 3164 3024 3219 nobiles
3051 3165 3170 3219 sine
3198 3179 3350 3220 mora

1770 3269 1865 3324 per
1886 3269 2073 3310 omnes
2101 3254 2265 3309 Italia:
2292 3265 2474 3324 partes
2499 3267 2810 3319 currentes,
2829 3254 3024 3309 multos
3049 3256 3353 3325 episcopos,

1773 3348 1964 3412 duces,
1991 3347 2238 3401 civitates
2261 3346 2915 3406 sollicitando.consilium
2948 3346 3194 3402 mirabile
3221 3346 3357 3402 inie-

1772 3446 1916 3490 runt.
1947 3437 2158 3491 lnterca
2194 3451 2385 3491 omnes
2423 3435 2900 3490 Medioiaueusium
2931 3437 3205 3501 concives,
3239 3453 3356 3490 nta-

1766 3528 1914 3598 jorcs
1976 3539 2137 3584 astate
2199 3543 2262 3584 ac
2321 3530 2580 3593 mittbrcs,
2643 3530 2979 3592 sacerdotes,
3038 3529 3223 3585 clerici
3287 3543 3356 3586 ac

1771 3629 2036 3674 matrona:
2067 3619 2275 3673 nobiles
2301 3629 2358 3673 et
2394 3619 2861 3686 sanctimoniales,
2907 3620 3158 3674 omnibus
3192 3635 3359 3675 orna-

1773 3711 1972 3766 mentis
2021 3709 2269 3778 abjectis,
2314 3709 2498 3764 cinere
2545 3717 2600 3764 et
2642 3709 2822 3764 cilicio
2870 3709 3067 3773 induti,
3122 3726 3354 3780 corpora

1773 3811 2086 3858 sanctorum
2111 3801 2332 3871 jejuniis
2359 3811 2416 3856 et
2445 3800 2802 3863 orationibus,
2837 3799 3038 3857 litaniis
3065 3811 3121 3858 et
3149 3801 3362 3860 crebris

1773 3891 1972 3962 vigiliis
2017 3892 2184 3945 Deum
2215 3889 2568 3961 supplicando
2593 3888 2904 3944 visitahant.
2935 3890 3001 3944 Et
3049 3907 3170 3946 cum
3198 3890 3360 3963 longa

1767 3981 1974 4052 jejunia
2005 3982 2073 4013 ⁸⁸⁷
2107 3980 2224 4036 fere
2253 3995 2422 4049 usque
2448 3981 2515 4036 ad
2561 3989 2774 4036 noctem
2817 3982 3100 4042 ducerent.
3141 3992 3356 4038 coctum

1773 4072 1914 4142 quod
1961 4071 2244 4126 comedere
2286 4071 2583 4137 debebant,
2627 4071 2958 4141 pauperibus
2987 4085 3196 4126 summa
3228 4089 3355 4128 cum

1777 4160 2077 4215 reverentia
2139 4159 2482 4222 tribuebant.
2516 4162 2680 4231 quod,
2740 4159 2886 4216 velut
2939 4161 3066 4218 filiis
3129 4163 3357 4219 mortuis

1773 4249 2029 4318 omnique
2074 4247 2373 4303 substantia
2416 4248 2777 4306 habitantium
2810 4250 3016 4308 viribus
3042 4252 3356 4322 iniquorum

1777 4341 1993 4404 abrasa,
2021 4340 2163 4395 tristi
2194 4339 2340 4394 vultu
2382 4351 2437 4396 et
2474 4342 2722 4397 maerenti
2752 4343 2932 4397 animo
2959 4344 3354 4402 consistebant.

85 4414 296 4469 ratoris
317 4425 593 4484 aspectum
618 4415 987 4485 unusquisque
1013 4416 1078 4469 de
1099 4415 1316 4485 propria
1339 4429 1654 4484 conqueren:

1780 4431 1849 4486 At
1869 4432 2175 4487 sacerdotes
2195 4441 2249 4488 et
2273 4432 2522 4487 monachi
2545 4432 2752 4488 intimis
2772 4435 3021 4503 suspiriis
3043 4437 3360 4506 magnisque

85 4503 293 4574 injuria
317 4505 644 4563 conﬂuxere.
668 4507 722 4562 In
745 4523 852 4578 quo
878 4509 1014 4573 loco,
1040 4521 1198 4580 prout
1223 4516 1342 4564 erat
1363 4507 1676 4565 offensionis

87 4612 308 4663 causa,
373 4598 466 4652 alii
523 4600 910 4656 restituebatur
959 4617 1058 4672 pro
1123 4601 1249 4658 facti
1301 4601 1679 4657 emendatione

82 4690 286 4760 optimi
313 4691 436 4745 auri
466 4691 601 4746 libra
629 4703 722 4748 aut
748 4693 956 4764 argenti
991 4693 1233 4757 marcha,
1273 4700 1330 4747 et
1374 4691 1488 4758 alii,
1537 4693 1678 4748 sicut

87 4781 177 4835 rei
224 4797 391 4836 causa
435 4781 696 4847 habebat,
735 4784 1072 4839 indicabatur
1093 4783 1162 4816 ³⁸⁸
1190 4782 1484 4838 secundum
1509 4781 1678 4851 legem

84 4870 170 4903 ’”
199 4888 215 4936 ;
245 4873 377 4943 quin
409 4874 570 4929 etiam
620 4875 739 4930 aliis
766 4876 1060 4930 secundum
1093 4875 1226 4945 legis
1253 4883 1522 4944 praecepta
1567 4890 1682 4927 tua-

87 4977 207 5018 nus
255 4967 674 5034 truncabantur,
720 4967 840 5023 aliis
867 4968 1008 5024 oculi
1059 4967 1304 5023 funditus
1330 4969 1680 5032 eruebantur,

1780 4523 2034 4579 lamentis
2054 4523 2295 4595 singulos
2319 4539 2414 4595 per
2435 4524 2551 4579 dies
2571 4525 2801 4578 letanias
2823 4525 3061 4580 studiose
3081 4527 3362 4602 celebran-

1784 4623 1866 4670 tes
1912 4613 2071 4670 nudis
2101 4616 2340 4684 pedibus,
2385 4615 2570 4670 multis
2599 4627 2654 4670 et
2701 4615 2910 4686 magnis
2941 4617 3212 4687 mysteriis
3238 4635 3366 4690 sup-

1784 4706 2048 4777 plicantes
2075 4707 2364 4762 Dominum
2391 4715 2447 4761 et
2474 4707 2689 4761 beatum
2716 4706 3063 4762 Ambrosium
3092 4719 3145 4762 et
3174 4725 3364 4766 omnes

1779 4809 1998 4856 sanctos
2045 4808 2364 4861 exorantes,
2413 4798 2748 4852 incessanter
2805 4797 3191 4871 fatigabantur.
3243 4801 3355 4859 Sed

1787 4892 2056 4961 Deus.qni
2079 4900 2276 4947 cuncta
2304 4898 2581 4945 scrutatur
2603 4891 3048 4955 occulta,cuncta
3073 4901 3368 4964 antequam

1791 4982 1921 5037 ﬁant
1944 4993 2129 5054 aperta
2153 4980 2454 5053 cognoscit,
2471 4980 2656 5036 videns
2678 4997 2869 5040 omnes
2891 4983 3160 5039 lleriberti
3185 4985 3376 5042 fidech

1397 5131 1634 5188 VARle
1677 5133 2081 5192 LECTIONES.

177 5260 248 5288 In
273 5261 479 5290 τξιυι..-
501 5279 514 5290 .
543 5266 612 5290 ἢ-
645 5266 892 5292 Π-.....ι.1σι
925 5268 1144 5294 2....---1

1157 5283 1248 5294 Α-Δι
1289 5267 1463 5296 λια“ξ-⁸

1472 5267 1580 5296 ξωΛ
1651 5280 1701 5298 Α.
1742 5275 1772 5298 ,Ι

1840 5276 2126 5300 lno-ntus...“
2171 5269 2584 5300 Α-Αἰιξιι-ιιῖοηηηη
2652 5271 2711 5300 ΑΟ
2767 5275 3011 5300 ﬁnal-Ian
3057 5270 3382 5300 ῘῙΛιιῗΙιΑι-ειι.
