3934 5330
588 295 691 357 875

1589 289 1935 348 LANDULFI
1978 287 2534 347 MEDIOLANENSIS
2573 288 2851 349 CLERICI

3750 293 3845 352 876

585 418 853 482 concives,
887 414 1109 488 populos
1134 411 1343 467 vicinos
1372 415 1533 479 atque
1567 406 1888 479 longinquos
1916 408 1983 463 ad
2020 408 2154 463 libe-
2185 412 2235 471 Α
2263 415 2373 461 tum
2399 407 2644 478 clanculo
2676 408 2727 462 in
2760 408 2898 464 lecto
2926 408 3297 479 quiescentem
3327 408 3588 475 excitate,
3630 416 3689 465 et
3721 410 3838 465 velit

584 507 817 562 randum
849 516 904 561 ct
923 502 1306 559 vindicandum
1336 499 1509 570 ipsum
1539 498 1880 554 IIeribertum
1910 515 2080 568 usque
2107 488 2174 557 ad

582 609 818 655 mortem
858 595 1345 660 obstinatissimos,
1386 600 1442 648 et
1488 591 1554 645 ad
1607 590 1808 646 caulem
1852 591 2172 648 immensam

584 708 748 762 super
758 688 1063 746 Conradum
1078 701 1141 743 ac
1152 701 1279 742 suos
1292 684 1575 761 saltellites
1589 683 1786 738 animis
1799 691 1852 737 et
1867 684 2032 738 armis
2047 700 2175 755 prac-

570 782 825 853 ‘paratos,
870 783 997 837 ante
1025 788 1235 855 tempus
1256 777 1324 849 ad
1348 770 1546 832 bellum
1570 782 1855 839 statutum,
1885 775 2002 830 sine
2032 775 2173 832 bello

573 879 641 930 'ct
667 876 907 946 gentium
947 872 1229 941 utriusque
1259 870 1430 942 partis
1470 879 1649 939 strage
1675 867 2016 923 Heribertum
2044 884 2178 924 eon-

568 958 704 1021 'silio
729 965 1014 1021 abbatissae
1039 963 1225 1019 Sancti
1260 960 1397 1017 Sixti
1423 1002 1440 1027 ,
1472 976 1635 1031 quam
1665 959 1779 1031 ipse
1824 974 2175 1017 consecrave-

564 1050 691 1124 a-at,
726 1075 753 1111 a
797 1058 1050 1113 manibus
1077 1040 1384 1125 iniquorum
1438 1052 1706 1107 liberavit.
1735 1051 1868 1108 Cum
1900 1054 2044 1108 enim
2073 1051 2175 1109 He.

570 1151 824 1205 'ribertus
856 1165 884 1203 a
911 1148 1163 1205 Cunrado
1187 1146 1306 1202 viro
1333 1145 1515 1200 invido
1536 1154 1592 1200 et
1619 1144 1807 1205 odioso
1830 1143 1901 1177 ⁸⁹⁸
1921 1146 2172 1201 detentus

568 1242 779 1296 'I'uissct
808 1280 821 1303 ,
873 1254 980 1294 non
1020 1246 1198 1293 tamen
1247 1235 1596 1301 constrictus,
1646 1244 1704 1289 ut
1750 1235 1840 1289 alii
1892 1234 2170 1306 dampnati

584 1338 787 1399 solent,
834 1333 929 1389 sed
977 1331 1257 1388 curialiter
1299 1346 1329 1384 a
1369 1329 1682 1385 Teutonicis
1732 1330 1972 1384 munitus
2012 1329 2171 1400 juxta

579 1428 779 1482 ﬁumen
805 1425 947 1495 quod
972 1423 1167 1479 Trebia
1194 1408 1421 1479 vocatur
1445 1463 1460 1490 ,
1491 1438 1596 1477 non
1628 1405 1782 1493 longe
1808 1437 1837 1475 a
1870 1421 2169 1487 Placentia,

572 1519 678 1574 Dei
716 1516 1118 1599 dispensatione
1148 1526 1309 1585 atque
1348 1500 1547 1569 ducatu
1580 1514 1835 1578 venisset,
1888 1512 2174 1584 papilioni-

579 1611 686 1666 bus
718 1619 772 1665 et
802 1607 1001 1665 ceteris
1025 1608 1362 1663 ornamentis
1388 1604 1806 1662 consedentibus
1835 1621 1932 1675 per
1956 1605 2166 1676 aliquot

566 1696 702 1757 'tlics
731 1709 974 1756 moratus
1008 1699 1229 1770 quievit.
1261 1698 1470 1756 Interea
1502 1697 1819 1753 Ileribertus
1841 1696 2167 1754 Teutonico-

2280 497 2412 551 nolit
2440 498 2612 566 ipsum
2646 500 2895 569 accipite,
2932 508 2984 556 et
3008 515 3178 571 equos
3207 517 3237 555 a
3274 515 3361 555 me
3381 500 3587 567 deforis
3607 517 3636 555 a
3663 506 3843 559 castris

2276 601 2611 660 pncparatos
2641 591 2815 661 ipsum
2847 593 3109 673 stipantes
3136 595 3602 671 supcraseendite,
3648 602 3704 648 et
3737 597 3843 650 navi

2277 673 2575 765 praeparata
2623 684 2689 738 ad
2733 684 2954 739 Eridani
3001 670 3216 757 portum
3260 685 3676 742 accuratissime
3716 688 3843 741 omni

2277 774 2499 845 depulso
2526 775 2720 832 timore
2746 780 2920 847 ipsum
2948 778 3216 833 deducite.
3267 798 3288 831 ι

2346 866 2436 921 25.
2476 866 2586 922 lioc
2616 868 2687 899 ⁸⁰¹
2730 870 2916 925 audito
2963 862 3235 951 Heriberti
3281 871 3660 934 domesticus,
3704 870 3847 925 tacito

2276 958 2377 1013 sub
2406 968 2625 1028 pectore
2657 960 2864 1016 rimans
2892 974 2946 1017 et
2986 960 3146 1032 hujus
3174 963 3253 1017 rei
3284 972 3543 1019 eventum
3574 963 3672 1018 Dei
3700 979 3841 1017 maria

2262 1054 2678 1125 commendans,
2729 1062 2791 1109 ut
2827 1064 2948 1109 erat
2977 1058 3198 1130 edoctus
3224 1070 3415 1110 omnes
3447 1054 3593 1109 alios
3637 1053 3847 1109 familia-

2277 1160 2365 1200 res
2398 1144 2743 1201 ﬁdelissimos
2761 1144 3203 1202 acccuratissinre
3223 1147 3277 1201 in
3297 1146 3384 1201 Itis
3405 1146 3666 1201 omnibus
3692 1148 3847 1216 priva-

2278 1238 2380 1292 tim
2439 1239 2730 1294 animando
2794 1240 3028 1296 edocuit.
3096 1238 3324 1293 Factum
3383 1246 3471 1294 est
3526 1246 3712 1292 autem
3771 1238 3847 1292 Dei

2277 1318 2680 1398 dispensatione
2706 1340 2759 1387 et
2787 1332 2904 1404 ejus
2926 1331 3300 1386 misericordia
3326 1329 3663 1400 opitulante,
3688 1330 3845 1383 omnia

2282 1420 2371 1476 illa
2401 1461 2415 1486 ,
2454 1424 2886 1494 utipraodixerat
2930 1422 3201 1477 abbatissa
3249 1422 3475 1491 Deoque
3528 1428 3847 1481 consecrata,

2266 1512 2394 1585 .siue
2427 1514 2575 1569 caede
2604 1515 2846 1570 seriatim
2872 1498 3190 1570 evenerunt.
3238 1512 3410 1580 Igitur
3458 1511 3735 1566 Heriberti
3773 1511 3849 1563 de

2273 1606 2482 1660 mestici
2530 1621 2653 1660 cum
2705 1606 2891 1662 multis
2934 1606 3092 1662 donis
3136 1605 3431 1672 multisque
3477 1602 3765 1673 promissis
3802 1603 3846 1654 in

2279 1697 2711 1769 Teutonicorum,
2735 1698 3033 1754 amicitiam
3063 1697 3430 1760 dcvenisscnt,
3456 1704 3517 1749 et
3542 1695 3654 1749 illis
3681 1693 3850 1748 multos

581 1808 708 1849 rum
739 1793 1081 1866 guiositatem
1120 1800 1176 1847 et
1203 1792 1415 1847 animos
1458 1790 1584 1845 vino
1616 1789 1826 1845 deditos
1854 1790 2044 1846 videns
2092 1801 2175 1877 at:
2206 1772 2249 1830 Β
2279 1806 2343 1846 ac
2374 1791 2620 1847 diversos
2648 1804 2947 1861 apparatus
2996 1798 3051 1846 et
3102 1790 3225 1844 vina
3269 1789 3624 1845 diversarum
3674 1787 3848 1855 specie

586 1902 692 1956 quc
716 1885 786 1918 '”
815 1898 1169 1956 cognoscens,
1200 1899 1366 1939 unum
1396 1882 1461 1938 de
1500 1880 1832 1937 ﬁdelissimis
1857 1881 2173 1940 domesticis

582 1968 800 2045 tollens,
828 1976 970 2047 quod
996 1990 1179 2031 secum
1215 1975 1481 2039 habebat,
1530 1973 1596 2028 ad
1624 1973 1953 2028 abbatissam
1985 1974 2172 2031 Sancti

568 2070 746 2136 ‘Sixti,
777 2068 930 2138 cujus
961 2067 1350 2123 monasterium
1398 2064 1536 2120 infra
1565 2065 1842 2121 civitatem
1872 2065 2165 2123 Placentia:

586 2154 750 2216 situm
780 2166 881 2225 est,
916 2159 1156 2214 studiose
1182 2157 1236 2212 in
1258 2157 1510 2212 omnibus
1531 2172 1651 2227 quae
1674 2156 1888 2212 volebat
1920 2158 2170 2214 edoctum

585 2252 808 2307 direxit.
841 2252 941 2318 Qui
973 2250 1061 2305 ubi
1086 2251 1267 2305 omnia
1301 2248 1566 2314 seriatim,
1599 2264 1720 2319 qua:
1751 2248 2039 2307 Ileriberto
2082 2252 2169 2307 in-

574 2347 729 2413 juste
760 2350 1072 2408 evenerant,
1106 2340 1393 2395 abbatissa;
1424 2350 1928 2405 commemorasset,
1960 2350 2017 2396 et
2043 2358 2169 2398 con-

565 2427 769 2490 silium
803 2450 910 2505 quo
943 2432 1117 2487 fuerat
1146 2432 1339 2488 doctus
1375 2432 1423 2487 ei
1450 2431 1825 2501 apperuisset:
1866 2423 2074 2489 ut‘erat
2119 2443 2174 2489 et

565 2524 657 2558 ’⁸η
688 2524 1022 2581 consiliatrix
1047 2523 1293 2594 provida,
1323 2522 1730 2577 accuratissime
1752 2532 1807 2579 et
1838 2525 2001 2579 tacite
2030 2525 2173 2582 inter

564 2614 645 2672 'se
684 2600 869 2671 rimari
907 2614 1076 2686 carpit
1111 2616 1219 2685 quo
1242 2613 1458 2686 ingenio
1512 2629 1686 2683 quove
1717 2615 1977 2674 conscilio
2023 2617 2176 2673 Heri-

566 2711 802 2765 ‘bcrtum
829 2725 857 2761 a
882 2706 1316 2763 Teutonieorum
1347 2706 1595 2762 manibus
1621 2706 1831 2775 eripere
1861 2717 1914 2763 et
1943 2708 2175 2765 liberare

559 5210 571 5319 l

590 2810 794 2869 posset.
829 2797 1014 2866 Itaque
1039 2796 1337 2861 abbatissa,
1373 2794 1564 2850 videns
1588 2793 1915 2852 Teutonicos
1942 2798 2067 2853 vino
2093 2799 2175 2855 ni-

585 2892 696 2944 tnio
724 2887 1201 2944 inebriari‘solitos
1234 2888 1308 2943 eti
1330 2903 1399 2941 :m
1430 2894 1550 2957 post
1575 2900 1787 2943 etenam
1818 2888 1871 2943 in
1912 2891 2173 2947 nucleolis

583 2990 643 3036 et
689 2978 987 3048 majoribus
1032 2979 1261 3035 nucibus
1292 2978 1496 3049 optimo
1546 2978 1673 3035 vino
1708 2978 2065 3048 interjocare,
2119 2993 2177 3039 ut

582 3073 732 3128 ratio
764 3071 893 3127 fera:
921 3071 1099 3143 gentis
1124 3070 1218 3138 ‘°',
1244 3081 1297 3124 et
1328 3070 1618 3126 indiscrete
1652 3080 1707 3126 et
1743 3069 2047 3127 inconsulte
2081 3074 2173 3130 dc-

573 3164 816 3219 ‘iectari:
846 3164 950 3219 hoc
993 3163 1152 3218 modo
1200 3162 1387 3218 fallere
1430 3178 1525 3220 eos
1574 3164 1889 3221 desiderans
1918 3206 1932 3230 ,
1979 3168 2171 3238 viginti

587 3270 752 3311 onera
784 3256 1027 3311 carnium
1066 3254 1406 3311 diversarum
1439 3266 1493 3310 et
1521 3257 1703 3311 decem
1730 3259 1971 3327 plaustra
1998 3261 2174 3316 diver-

588 3363 777 3404 sorum
811 3348 1054 3403 vinorum
1084 3363 1209 3403 cum
1256 3347 1439 3403 multis
1465 3344 1711 3418 frugibus
1742 3364 1807 3404 ac
1832 3349 2062 3407 diversis
2106 3353 2173 3408 ad

582 3441 938 3515 JIeribertum
977 3440 1265 3513 magniﬁce
1289 3441 1542 3512 misit,gt
1571 3441 1680 3496 sola
1727 3444 2000 3515 accipiens
2026 3444 2172 3500 illum

582 3539 802 3586 secrete
830 3529 1225 3595 ﬁdelissimum,
1258 3545 1418 3599 quem
1448 3531 1549 3586 sibi
1582 3520 1901 3589 Ileribertus
1929 3526 2170 3601 miserat,

576 3618 752 3676 tacite
781 3636 845 3675 ac
880 3620 1155 3692 sapienter
1182 3621 1488 3678 amonendo
1534 3623 1791 3678 instruxit
1836 3626 2090 3694 quatinus
2121 3628 2174 3681 in

583 3711 765 3782 primo
794 3726 944 3773 sero,
1003 3725 1111 3782 quo
1136 3720 1427 3780 apparatus
1446 3709 1731 3767 Heriberto
1770 3702 2176 3785 archiepiscopo

580 3803 962 3873 repraesentati
980 3803 1227 3875 fuissent,
1241 3803 1496 3859 omnibus
1509 3803 1715 3859 viribus
1727 3818 1948 3875 operam
1986 3807 2177 3861 darent

576 3892 649 3945 ‘ut
676 3892 960 3949 Teutonici
985 3892 1150 3948 nimia
1174 3907 1329 3949 cinna
1362 3890 1581 3964 turgidi,
1612 3892 1717 3947 illis
1739 3893 1977 3950 studiose
2007 3912 2174 3951 nuces

587 3993 754 4052 atque
782 3984 1058 4040 nucleolos
1087 3984 1419 4057 frangentes,
1471 3983 1525 4038 in
1578 3984 1774 4054 quibus
1819 3983 2074 4041 delectari
2120 3984 2179 4042 ut

587 4077 796 4146 largius
840 4075 1028 4132 bibant
1061 4076 1206 4131 soliti
1255 4084 1401 4141 sunt,
1449 4072 1693 4130 funditus
1749 4074 2173 4141 inebriarentur,

581 4168 722 4238 'quin
760 4168 925 4223 etiam
971 4181 1160 4223 omnes
1210 4165 1480 4221 lleriberti
1530 4165 1809 4221 domestici
1850 4166 2178 4235 permultum

587 4273 711 4315 sese
736 4258 919 4315 bibere
945 4275 1007 4313 ac
1034 4258 1361 4312 manducare
1386 4255 1729 4320 simulantes,
1756 4256 1876 4325 puri
1905 4265 1959 4310 et
1994 4272 2026 4311 a
2055 4258 2177 4316 vino

590 4349 791 4405 sinceri
821 4356 1242 4418 permanerent;
1275 4347 1489 4401 demum
1519 4346 1598 4402 sic
1624 4332 1908 4428 facientes,
1929 4357 1985 4404 et
2010 4365 2177 4421 usque

590 4439 662 4494 ad
707 4441 970 4510 gallorum
1028 4438 1249 4493 tertium
1288 4446 1343 4492 et
1370 4428 1622 4507 quartum
1667 4445 1887 4493 cantum
1934 4454 2029 4495 eos
2060 4450 2174 4496 stn-
2202 4478 2252 4536 Β

593 4530 745 4585 diose
769 4537 823 4584 et
850 4538 1004 4585 caute
1029 4528 1347 4584 iuebriando
1367 4528 1745 4597 perducerent.
1779 4546 1797 4580 ι
1827 4528 1896 4584 At
1915 4544 2036 4585 cum
2056 4529 2170 4598 jam

590 4608 760 4677 nimia
785 4621 890 4700 vini
924 4622 1185 4678 ebrietate
1214 4619 1491 4677 temulenti
1514 4618 1797 4674 Teutonici
1825 4635 1889 4675 ac
1910 4620 2171 4679 deebriati

587 4714 701 4770 huc
732 4726 892 4785 atque
924 4713 1050 4771 illuc
1080 4714 1202 4770 vina
1242 4714 1311 4770 ad
1345 4712 1664 4781 semctipsos
1711 4713 1999 4770 fundentes
2044 4717 2174 4785 quid

593 4814 757 4874 agant
793 4805 1012 4859 omnino
1052 4805 1387 4876 ignorantes,
1432 4809 1485 4856 et
1536 4799 1751 4855 tandem
1796 4800 2005 4873 fatigati
2045 4807 2173 4860 vino

594 4896 949 4964 atqueiabore
964 4895 1322 4961 militi:e,sese
1341 4893 1393 4949 in
1415 4893 1547 4948 locis
1568 4891 1742 4947 solitis
1766 4904 2175 4963 prosternentes

584 4972 919 5056 'quiev'eriut,
954 4997 1063 5041 tum
1093 5003 1216 5043 cum
1249 4986 1362 5043 suis
1388 4985 1601 5041 clericis
1631 4989 1901 5053 omnibus,
1934 4989 2173 5043 dimissis

593 5079 885 5135 mobilibus
910 5070 1063 5148 eQuis
1099 5085 1261 5148 atque
1308 5077 1580 5149 muiabus,
1611 5082 1868 5138 domuum
1919 5079 2177 5134 Heriber-

1905 5190 2140 5248 VARIIE
2168 5192 2588 5259 ,LECTIONES.

702 5306 747 5330 II
798 5305 862 5330 -ι.
908 5306 1236 5330 2....ιιι-Αιιι-ιι
1287 5306 1329 5330 n
1409 5305 1467 5330 na
1589 5308 1656 5330 an
1719 5324 1751 5330 μ
1826 5326 1845 5330 _
1940 5311 2013 5330 Δ..
2110 5323 2120 5330 .
2154 5312 2195 5330 n

2258 1899 2395 1957 .rum
2449 1883 2617 1939 odore
2666 1893 2721 1938 et
2768 1884 3063 1940 herbarum
3113 1880 3407 1936 virtutibus
3462 1878 3764 1934 redolentia
3806 1879 3848 1930 in

2273 1975 2450 2047 primo
2494 1990 2617 2030 sero
2661 1981 3081 2045 pratparassent,
3136 1973 3282 2042 ipsos
3328 1972 3383 2026 in
3434 1972 3563 2026 istis
3600 1970 3850 2025 ultroneus

2274 2066 2621 2128 delectantes,
2641 2065 2942 2137 largissime
2971 2066 3115 2120 inter
3137 2073 3318 2119 cetera
3342 2063 3475 2119 vina
3505 2064 3725 2119 diversa
3748 2077 3849 2131 pro-

2274 2158 2543 2228 piuantes,
2571 2159 2707 2213 ultra
2733 2158 2947 2214 modum
2980 2156 3229 2212 incbriati
3258 2166 3404 2210 sunt.
3435 2156 3649 2211 Etcum
3658 2157 3761 2226 jam
3776 2157 3846 2208 ui-

2273 2251 2380 2304 mia
2400 2250 2675 2305 temulenti
2700 2250 2964 2305 ebrietate
2992 2250 3043 2302 in
3065 2249 3345 2318 potatione
3359 2248 3481 2303 fere
3504 2264 3683 2317 usque
3699 2254 3846 2302 adtre-

2275 2350 2418 2396 clem
2474 2342 2709 2396 mediam
2773 2343 3166 2413 persisterent,
3226 2348 3283 2396 et
3342 2340 3726 2410 unusQuisque
3769 2354 3850 2393 ιω

2254 2433 2517 2501 compari
2543 2441 2604 2487 ut
2631 2433 2804 2503 magis
2844 2448 2907 2488 ac
2953 2431 3130 2503 magis
3161 2431 3376 2488 biberet
3421 2447 3655 2502 operam
3700 2433 3843 2491 daret.

2260 2524 2459 2587 aureis
2483 2532 2537 2580 et
2561 2524 2836 2596 argenteis
2872 2523 3006 2580 silﬁs
3038 2524 3150 2593 (8i)
3186 2525 3701 2595 superjoeantibus,
3731 2540 3848 2579 nunc

2275 2616 2447 2673 oeulis
2505 2619 2676 2673 torvis
2731 2631 2971 2687 voceque
3017 2616 3245 2672 terribili
3302 2617 3542 2671 invicem
3599 2618 3848 2672 minaren-

2277 2717 2384 2773 tur,
2434 2718 2491 2765 et
2535 2708 2698 2764 modo
2738 2710 2889 2763 vultu
2926 2708 3243 2764 lacrimabili
3290 2708 3540 2765 lacrimis
3575 2710 3848 2781 largissime

2277 2799 2693 2855 decurrentibus
2737 2800 2935 2871 turgidi
2979 2809 3034 2855 et
3062 2814 3091 2853 a
3120 2800 3245 2855 vino
3279 2800 3353 2831 ⁸⁸³
3404 2801 3692 2865 inebriari,
3743 2801 3846 2869 quid

2278 2899 2503 2961 agerent
2526 2892 2749 2947 omnino
2781 2892 3123 2962 ignorantes,
3156 2899 3211 2946 et
3255 2891 3476 2957 singula
3510 2893 3749 2948 umbra
3771 2907 3847 2947 sua

2280 2995 2386 3035 non
2411 2990 2692 3035 servarent
2715 2979 3043 3052 elﬁciahbue
3063 2989 3116 3036 et
3139 2981 3266 3035 illuc
3289 2997 3413 3036 sese
3428 2992 3845 3052 prosternerent:

2280 3068 2550 3127 ileriberti
2606 3044 3053 3127 domestici‘baec
3097 3082 3294 3129 cuncta
3348 3044 3626 3141 videntes,
3675 3075 3847 3146 gaudio

2280 3161 2451 3233 gavisi
2490 3162 2794 3228 immenso,
2838 3162 2959 3217 illos
3007 3162 3249 3233 singulos
3284 3165 3337 3216 in
3385 3165 3591 3219 stratis
3615 3167 3755 3220 bene
3772 3180 3846 3219 or-

2258 3255 2419 3311 .natis
2446 3253 2589 3309 velut
2619 3261 2860 3311 mortuos
2897 3262 3177 3323 portantes
3204 3254 3641 3310 collocaverunt.
3666 3256 3848 3310 Interea

2277 3346 2547 3418 soporatis
2568 3356 2623 3402 et
2651 3348 2786 3403 bene
2814 3346 3068 3403 facinatis
3092 3347 3164 3379 ⁸⁸³
3194 3346 3539 3414 Teutonicis,
3564 3349 3620 3403 in
3642 3363 3846 3419 quorum

2260 3442 2518 3498 custodia
2549 3441 2866 3497 Heribertus
2892 3449 3030 3508 erat,
3081 3440 3381 3496 ﬁdelissimi
3428 3441 3554 3510 ejus
3585 3458 3711 3499 cum
3753 3441 3845 3510 jam

2280 3543 2492 3604 tempus
2532 3534 2601 3589 ad
2638 3533 2912 3606 negotium
2951 3541 3213 3590 statutum
3247 3535 3535 3604 prosperis
3573 3534 3852 3590 accelerare

2277 3624 2615 3682 successibus
2645 3625 2931 3691 vidissent,
2956 3632 3011 3680 et
3050 3623 3333 3679 Teutonici
3381 3625 3659 3681 ebrietate
3707 3623 3851 3679 nimia

2278 3717 2390 3772 vini
2413 3716 2615 3781 diversi
2640 3715 2867 3787 perfusi,
2885 3717 3153 3772 membris
3168 3716 3282 3772 fere
3304 3719 3546 3774 mortuis
3562 3728 3625 3795 et
3649 3718 3849 3773 omnino

2278 3807 2483 3864 ebetati
2522 3807 2809 3865 inhoneste
2835 3808 3180 3879 quiescerent
3211 3818 3267 3863 et
3311 3810 3643 3865 terribiliter
3683 3818 3851 3864 state

2280 3910 2425 3967 rent,
2452 3901 2652 3957 sinceri
2679 3910 2734 3957 et
2762 3901 2845 3957 sui
2879 3901 3082 3956 domini
3112 3901 3290 3956 salute
3319 3902 3470 3956 anxii
3500 3901 3849 3958 secretissima

2279 3991 2624 4046 Iieribertum
2654 3990 2978 4053 excitantes,
3007 3990 3182 4059 ipsum
3210 4000 3538 4046 renuentem
3556 4030 3575 4057 ,
3621 3993 3735 4046 sine
3761 3986 3850 4043 cai—

2280 4081 2600 4148 ceamentis,
2638 4078 2857 4137 nemine
2900 4080 3113 4134 illorum
3161 4080 3453 4147 sentiente,
3490 4082 3563 4135 ab
3599 4082 3704 4136 illis
3749 4094 3851 4134 eum

2281 4174 2640 4238 abrascrunt,
2695 4180 2751 4226 et
2806 4185 2978 4242 equos
3038 4171 3572 4242 superascendentes
3628 4169 3852 4228 clanculo

2282 4263 2347 4318 ad
2394 4270 2610 4333 portum
2638 4262 2901 4319 citissime
2926 4254 3311 4332 pervenerunt.
3342 4260 3465 4317 Jam
3497 4264 3647 4319 enim
3691 4262 3847 4316 navim

2280 4352 2750 4416 conscenderant;
2782 4367 2911 4407 ecce
2948 4351 3231 4406 Teutonici
3264 4353 3498 4407 terribili
3538 4355 3746 4424 garritu
3774 4364 3849 4401 ro-

2279 4445 2541 4513 cibusque
2564 4442 2969 4498 dissonantibus
2993 4442 3167 4497 nimio
3188 4443 3295 4497 vini
3324 4444 3527 4500 ardore
3551 4445 3847 4501 bacbantcs.

2282 4552 2379 4591 sua
2439 4550 2545 4591 non
2587 4535 2771 4605 lingua
2827 4533 3140 4598 frendentes
3180 4536 3546 4599 cursitabant,
3604 4552 3670 4592 ac
3720 4535 3848 4589 velut

2281 4636 2432 4683 torva
2463 4626 2717 4683 animalia
2764 4627 2963 4682 latratu
2995 4631 3295 4686 saevissimo
3327 4632 3435 4686 huc
3479 4631 3733 4700 illlucque
3759 4628 3847 4681 (ﬁs.

2281 4720 2592 4782 currentia,
2625 4717 2796 4772 nimio
2840 4718 3027 4773 dolore
3076 4720 3163 4775 vel
3204 4721 3287 4775 sui
3339 4722 3732 4791 percussionne
3776 4714 3844 4769 πὶ

2282 4816 2600 4864 venatorum
2654 4810 2872 4878 ingenio
2923 4813 3123 4883 sagitta
3174 4814 3375 4867 emissa
3424 4813 3512 4868 vel
3565 4812 3843 4867 catulorum

2274 4899 2599 4965 amissione,
2627 4915 2764 4970 quos
2790 4911 3018 4971 paterno
3047 4911 3102 4957 et
3125 4911 3375 4957 materno
3404 4920 3593 4959 amore
3638 4906 3742 4974 jam
3766 4916 3843 4953 an-

2290 4999 2375 5045 tea
2401 4990 2712 5059 diligebant,
2744 4994 3097 5061 pervolabant
3118 4993 3329 5048 facibus
3359 4996 3547 5048 multis
3574 5011 3639 5050 ac
3660 4992 3843 5061 magnis

2287 5070 2549 5147 accensis,
2579 5098 2643 5137 ac
2673 5083 2968 5140 multorum
2999 5085 3199 5157 ignium
3228 5097 3285 5140 et
3312 5087 3590 5157 palearum
3639 5088 3844 5143 varietav
