3934 5330
151 339 251 397 8·θί

1103 322 1419 389 HISTORIA
1461 313 2029 376 MEDIOLANENSIS.
2070 342 2142 353 —
2168 311 2297 367 LIB.
2334 309 2398 365 ll.

3280 295 3387 354 878

156 452 297 505 tibus
330 447 695 504 discurrentes
733 440 989 497 ululatum
1038 436 1331 492 terribilem
1376 431 1717 495 Beribcrtum
1748 433 1791 489 Λ
1823 419 2159 492 prmliantes,
2197 419 2371 489 primo
2420 410 3007 487 aliquantulumgcives
3056 416 3389 505 terruerunt,

149 548 453 612 quarentes
478 539 693 592 dabant.
717 536 940 590 Demum
966 532 1076 586 Deo
1094 528 1390 598 opitulante
1411 522 1716 584 sinerctede,

120 630 465 691 ,Teutoaicis
517 625 791 681 frustratis
837 634 892 678 et
939 621 1169 676 inaniter
1217 615 1608 676 laborantibus,
1654 625 1722 667 ac

148 721 473 776 clericorum
502 728 558 772 et
583 717 779 772 civium
824 713 1073 784 precibus
1107 709 1320 777 adjutus
1342 720 1583 769 suorum,
1610 701 1719 759 He-

151 812 389 865 ribertus
413 823 624 863 summa
643 821 766 861 cum
788 802 981 874 gaudio
1006 800 1248 877 miroque
1274 797 1479 875 honore
1501 806 1723 862 magna.

146 916 258 971 que
284 898 736 964 reverentiajpso
757 896 844 951 die
866 911 895 948 a
923 892 993 924 “'
1026 890 1177 969 clero
1206 900 1262 944 et
1286 903 1317 942 a
1365 884 1560 958 populo
1603 881 1723 937 uni-

149 1004 313 1044 verso
348 996 599 1057 receptus
639 983 995 1040 Mediolanum
1020 979 1320 1050 repedavit.
1346 975 1446 1043 Qui
1471 972 1723 1055 omnibus

147 1078 431 1143 salutatis,
460 1079 867 1143 animarumque
906 1070 1124 1126 ferculis
1170 1074 1446 1122 recreatus
1472 1063 1565 1130 ⁵⁸⁸,
1614 1062 1723 1148 Deo

146 1176 206 1221 et
235 1168 400 1222 beato
430 1164 716 1220 Ambrosio
763 1160 965 1231 gratias
992 1171 1155 1228 agens
1182 1155 1471 1217 inmensas,
1518 1148 1726 1206 civibus

150 1257 579 1326 tripudiantibus
600 1251 1011 1316 universigsuis
1039 1245 1368 1314 elimosynis,
1396 1241 1721 1329 utvidimus,

146 1350 368 1419 adjutus
395 1357 452 1403 et
478 1347 752 1411 liberatus,
774 1344 1004 1398 viriliter
1029 1340 1229 1395 resedit
1264 1346 1322 1394 et
1351 1336 1609 1392 feliciter.
1698 1414 1703 1419 .

124 1430 125 1433 “
220 1440 315 1494 24.
351 1439 577 1493 Factum
606 1437 674 1469 “"
696 1446 778 1492 est
818 1444 1020 1498 autem,
1046 1446 1170 1487 cum
1211 1427 1370 1497 hujus
1396 1427 1474 1482 rei
1502 1433 1729 1481 eventus

128 1530 222 1599 ad
261 1518 573 1584 Canradum
621 1527 1023 1596 imperatorem,
1072 1510 1306 1591 qualiter
1335 1527 1430 1573 aut
1458 1510 1728 1587 quomoda

147 1629 340 1675 actum
362 1618 577 1681 fuisset,
607 1615 847 1671 seriatim
874 1611 1263 1682 divulgaretur,
1316 1608 1490 1661 virum
1524 1618 1727 1674 cogno-

148 1725 315 1765 scens
362 1710 615 1779 probum,
654 1704 907 1761 conseilio
961 1703 1190 1757 militum
1234 1698 1727 1755 strenuissimorum

1823 524 1877 569 ct
1920 514 2166 568 cominus
2187 511 2422 573 lanceas,
2459 508 2681 578 sagittas
2703 514 2992 571 ceteraque
3012 499 3225 572 proeliis
3261 513 3389 555 con-

1820 618 1953 674 grua
1977 601 2308 664 eminentes,
2333 600 2548 654 incaute
2572 612 2636 651 ex
2660 595 2861 650 nostris
2883 590 3078 646 multos
3099 588 3389 645 feriebant.

1831 694 1903 747 At
1931 692 2126 755 nostri,
2152 699 2209 744 ut
2230 697 2386 744 erant
2407 687 2605 752 edocti,
2627 684 2796 756 portis
2817 690 2869 737 et
2893 681 3031 736 seris
3053 679 3124 712 δί’
3149 686 3204 734 et
3230 688 3387 732 ante-

1825 784 2002 854 portis
2056 780 2297 836 turribus
2351 779 2508 833 valde
2542 777 2786 840 munitis,
2837 773 2982 845 quod
3047 768 3392 841 anteportale

1824 885 2053 932 vocatur
2087 874 2355 928 consitum
2378 879 2504 926 ante
2523 879 2708 941 portas
2736 880 2793 924 et
2831 864 3179 936 triangulare,
3229 862 3420 941 hosti-1

1825 971 1928 1023 bus
1956 966 2233 1022 introitum
2273 963 2555 1025 claudens.
2579 971 2632 1018 et
2661 960 2900 1017 turribus
2923 956 3152 1012 muratis
3184 965 3399 1009 trecen-

1828 1068 1939 1113 tum
1973 1059 2158 1115 decem
2208 1055 2343 1127 (84),
2377 1070 2497 1124 qua:
2525 1055 2578 1118 in
2610 1054 2840 1109 circuitu
2894 1049 3044 1105 urbis
3089 1049 3163 1103 ita
3216 1048 3397 1104 densas

1827 1156 2008 1212 erant,
2034 1155 2093 1203 ut
2116 1161 2306 1202 omnes
2330 1146 2398 1177 ⁸¹¹
2429 1146 2518 1215 qui
2548 1160 2643 1200 cas
2678 1130 3077 1204 custodiebant,
3128 1150 3188 1198 ut
3229 1139 3396 1196 vicini

1812 1238 2244 1309 'supersedentes
2267 1236 2335 1270 δ¹³
2393 1227 2893 1299 confabularcntur,
2939 1233 3094 1289 valde
3150 1232 3400 1301 munitis,

1829 1332 2004 1400 prima
2041 1328 2195 1398 juxta
2234 1330 2459 1386 archum
2505 1326 2917 1398 triumphalem,
2957 1328 3118 1407 quem
3144 1325 3217 1357 ¹¹³
3242 1322 3400 1380 [leri-

1829 1421 2019 1474 bertus
2064 1419 2336 1489 papilione
2372 1419 2790 1491 superimposita
2819 1427 2876 1473 et
2902 1418 3032 1472 viris
3071 1416 3401 1473 fortibussu-

1829 1511 2197 1582 perimpositis
2223 1511 2453 1570 miriﬁce
2478 1511 2669 1576 armis,
2701 1508 3123 1573 munitionibus,
3158 1517 3399 1565 tormen-

1833 1604 1901 1659 tis
1928 1604 2248 1668 muniverat,
2276 1586 2541 1677 esercitui
2599 1590 2845 1659 hostium
2884 1594 3116 1656 viriliter
3151 1600 3402 1672 prmllan-

1833 1704 1913 1750 tes
1935 1693 2132 1749 obviati
2155 1705 2298 1749 sunt.
2326 1695 2393 1748 Et
2422 1695 2667 1752 videntes
2695 1703 2900 1749 tantam
2931 1693 3171 1764 gentium
3216 1692 3404 1749 multiv

149 1809 208 1855 et
242 1798 486 1869 peditum
520 1786 757 1859 fortium,
788 1794 1062 1849 dominum
1092 1792 1206 1846 auri
1236 1799 1291 1847 et
1314 1787 1520 1861 argenti
1551 1786 1732 1857 copio—
1760 1805 1808 1864 Β
1837 1785 2076 1840 tudinem
2113 1795 2275 1854 atque
2323 1799 2600 1840 armorum
2653 1786 2955 1841 inauditum
2987 1784 3269 1840 audientes
3300 1784 3407 1839 fra-

150 1891 462 1953 sissimunf,
497 1889 657 1943 corde
681 1895 855 1941 tactus
879 1886 1113 1939 humano
1160 1883 1342 1939 omnia
1366 1895 1485 1951 qum
1510 1879 1559 1935 ei
1582 1879 1729 1933 intu-

149 1983 295 2035 lerat
324 1981 467 2035 mala
514 1978 679 2034 corde
724 1986 879 2032 tenus
913 1960 1291 2040 reminiscens,
1332 1972 1479 2027 vultu
1513 1970 1730 2042 pallenti

127 2052 433 2140 vobriguit.
489 2067 726 2122 Tandem
790 2076 850 2120 ut
895 2063 1313 2137 tyrampnidem,
1386 2078 1548 2135 quam
1618 2062 1733 2132 ipse

149 2161 304 2214 circa
356 2167 550 2228 pectus
595 2145 877 2223 versabat,
933 2153 1227 2210 crudeliter
1267 2161 1566 2217 exerceret,
1622 2160 1732 2206 tota

148 2266 278 2316 cum
301 2249 525 2303 civitate
563 2242 906 2303 lleribertum
939 2246 993 2300 in
1026 2238 1256 2323 vinculis
1290 2244 1459 2315 redigi
1509 2243 1735 2314 cupiens

149 2355 208 2397 et
239 2343 357 2411 ejus
392 2343 655 2405 fautores,
687 2338 937 2395 omnibus
962 2353 1149 2393 eorum
1199 2337 1324 2393 ﬁliis
1362 2346 1525 2406 atque
1556 2350 1736 2391 rerum

152 2434 488 2489 substantiis
527 2432 789 2487 militibus
841 2431 956 2485 suis
1002 2430 1054 2484 in
1101 2430 1281 2499 praeda
1323 2428 1558 2492 donatis,
1588 2426 1736 2483 obsi-

154 2525 325 2579 dione
356 2532 561 2601 statuta
587 2512 787 2577 obnixe
812 2518 1078 2575 ﬁrmando
1119 2518 1377 2574 decrevit.
1415 2517 1581 2601 Igitur
1606 2532 1738 2572 cnn-

156 2617 376 2672 vocatis
403 2598 623 2687 regibus
646 2600 888 2685 quatuor
910 2611 1049 2683 (82),
1076 2620 1131 2667 et
1151 2598 1468 2667 coadunatis
1514 2609 1739 2665 ducibus

156 2714 218 2759 et
247 2706 661 2761 marchionibus
689 2704 979 2760 comitibus
1025 2717 1126 2758 nec
1173 2694 1280 2757 non
1328 2692 1597 2772 episcopis
1619 2717 1737 2756 om—

155 2795 346 2859 nibus,
400 2809 540 2865 quos
581 2802 676 2848 aut
725 2791 1004 2848 blanditiis
1040 2800 1135 2845 aut
1191 2789 1488 2846 terroribus
1549 2791 1642 2847 illo
1685 2792 1737 2845 in

157 2896 415 2953 tempore
467 2884 668 2939 habere
713 2890 946 2954 poterat,
996 2890 1051 2935 et
1099 2881 1338 2951 peditum
1395 2879 1741 2936 multitudine

158 2974 450 3038 inelfabili,
496 2974 566 3028 ad
611 2970 970 3047 lleribertum‘
1034 2971 1391 3027 obsidendum
1462 2980 1774 3057 totamque.

153 3064 279 3131 ejus
304 3064 607 3128 civitatem,
632 3064 951 3132 minansque
1000 3062 1163 3129 fame,
1199 3062 1342 3117 ferro
1368 3070 1421 3116 et
1441 3062 1566 3131 igne
1592 3062 1742 3117 inex-

1831 1891 2034 1946 gorem,
2068 1876 2206 1930 ultra
2245 1876 2533 1932 herbarum
2566 1876 2965 1933 multitudinem
2995 1891 3091 1933 eos
3135 1876 3407 1933 extiman-

1833 1975 1938 2033 tes,
1967 1967 2020 2021 in
2043 1967 2220 2036 primo
2250 1968 2360 2023 ictu
2385 1967 2533 2035 belli,
2590 1984 2716 2023 cum
2764 1968 2948 2025 hostes
2984 1983 3145 2025 manu
3170 1967 3237 2022 ad
3276 1982 3397 2022 ma.

1832 2074 1961 2113 num
2013 2058 2365 2125 cursitarent,
2424 2075 2637 2115 summa
2688 2060 2895 2131 impetu
2948 2060 3057 2115 tela
3092 2060 3409 2115 amittentes

1834 2150 2231 2221 aliquantulum
2257 2151 2598 2208 sustiteruut.
2649 2152 2863 2209 Interea
2916 2151 3114 2217 nostri,
3139 2166 3264 2206 eum
3309 2166 3410 2207 eos

1834 2244 2095 2314 paulatim
2132 2244 2226 2316 qui
2277 2246 2330 2301 in
2391 2245 2559 2301 armis
2616 2260 3005 2316 armorumque
3058 2243 3259 2300 ictibus
3309 2253 3409 2302 aut
3492 2286 3503 2297 .

1833 2333 1959 2389 belli
1990 2336 2206 2407 ingenio
2220 2336 2474 2415 valerent
2504 2337 2909 2408 cognovissent,
2943 2336 3148 2395 lanceis
3170 2344 3225 2410 et
3260 2324 3408 2391 ensi-

1804 2496 1807 2499 _
1836 2427 1958 2492 bus,
1980 2427 2177 2497 jaculis
2205 2436 2367 2498 atque
2387 2428 2602 2500 sagittis
2623 2428 2930 2499 ceterisque
2956 2427 3220 2482 bellorum
3245 2442 3408 2487 orna-

1839 2518 2039 2573 mentis
2067 2518 2213 2575 velut
2242 2518 2441 2574 misera
2470 2518 2728 2573 animalia
2764 2534 2859 2574 eos
2892 2520 3092 2590 ubique
3134 2518 3411 2590 dispersos

1840 2607 2208 2663 trucidabant.
2238 2609 2370 2663 Cum
2403 2618 2583 2666 autem
2627 2611 2840 2691 eminus
2886 2610 3197 2677 veniebam,
3245 2625 3412 2679 unus:

1828 2697 2091 2769 quisque,
2124 2708 2283 2768 prout
2314 2699 2654 2756 diversarum
2680 2710 2949 2759 terrarum
2975 2711 3094 2757 erat
3110 2702 3409 2774 provinciis

1836 2788 2000 2845 voces
2020 2790 2267 2847 dissonas
2288 2792 2602 2859 emittenda,
2633 2808 2844 2852 summa
2875 2794 3078 2866 impetu
3105 2795 3159 2851 in
3195 2803 3436 2852 nostros:

1840 2881 1946 2937 tela
1974 2881 2274 2938 emittenda
2304 2883 2569 2943 irruebat.
2610 2883 2690 2940 οδ
2719 2885 2821 2943 huc
2864 2886 3010 2940 enim
3077 2886 3254 2942 nostri
3307 2885 3413 2941 ali-

1841 2972 2160 3040 quantulum
2218 2975 2598 3042 subsistentes,
2666 2976 2848 3033 omnia
2930 2977 3157 3033 telorum
3208 2962 3415 3050 general

1843 3078 1963 3133 quae
1990 3073 2214 3134 possunt
2260 3067 2459 3131 emitti,
2518 3069 2587 3123 ab
2641 3057 2877 3125 inimicis
2926 3069 3137 3125 detorta
3190 3071 3416 3142 recipie-

157 3153 440 3224 tinguibili
476 3152 894 3216 circumvenire,
916 3152 1179 3221 pervenit.
1198 3152 1353 3218 Quod
1381 3151 1505 3206 dum
1539 3151 1606 3207 ad
1636 3152 1740 3207 hoc
1769 3148 1814 3209 C
1844 3157 1994 3212 bant.
2022 3157 2207 3228 Itaque
2233 3160 2574 3216 inimicorum
2602 3162 2721 3217 telis
2754 3163 2948 3219 callide
2989 3166 3254 3236 exceptis,
3282 3166 3417 3221 νει-ῖς

155 3243 539 3313 peragendum
565 3242 865 3313 negotium,
898 3257 925 3295 a
964 3257 1071 3311 quo
1094 3242 1298 3297 retrahi
1326 3242 1398 3275 ⁸⁸⁸
1430 3256 1553 3298 eum
1581 3258 1741 3299 nemo

157 3340 406 3402 poterat,
460 3331 789 3386 circumfuso
830 3340 992 3401 atque
1056 3331 1457 3400 circumsparso
1499 3333 1742 3388 exercitu

159 3421 533 3477 Mediolanum
558 3421 917 3490 pervenisset,
952 3420 1111 3490 juxta
1139 3419 1359 3477 ﬂuvium
1416 3423 1561 3495 quod
1594 3421 1746 3478 Vita-

158 3514 292 3568 bilis
317 3513 434 3583 (83)
488 3523 739 3579 vocatur,
762 3513 907 3584 quod
932 3512 1004 3547 ⁶⁰⁹
1034 3514 1306 3582 quondam
1357 3520 1547 3568 omnes
1575 3516 1746 3571 ultra-

159 3603 418 3658 marinas
477 3604 694 3658 divitias
746 3618 867 3666 _cum
930 3602 1153 3658 ﬂumine
1201 3602 1435 3659 Lambro
1487 3605 1556 3660 ab
1611 3606 1747 3659 urbe

160 3707 342 3761 usque
369 3692 424 3745 in
458 3690 659 3747 Padum
689 3694 957 3748 sociatum
1006 3692 1166 3748 nobis
1196 3700 1257 3747 ut
1287 3702 1461 3749 mater
1502 3695 1746 3767 quotidie

162 3785 623 3852 repraesentabat,
677 3784 768 3839 ubi
817 3798 924 3838 non
974 3783 1131 3855 longe
1180 3784 1249 3838 ab
1296 3785 1429 3839 urbe
1471 3786 1669 3839 castris
1694 3794 1750 3839 et

163 3875 426 3930 tentoriis
468 3876 677 3941 inﬁxis,
708 3875 968 3947 fatigatus
1009 3877 1277 3931 consedit.
1313 3876 1467 3932 Unde
1522 3892 1619 3947 per
1648 3878 1746 3931 ali-

161 3978 298 4037 quat
324 3968 447 4021 dies
473 3983 627 4022 suum
681 3966 811 4022 inibi
856 3983 1115 4023 recreans
1155 3963 1479 4033 exercitum,
1532 3969 1750 4024 ordina-

165 4059 350 4127 tisque
372 4056 542 4126 signis
566 4066 728 4126 atque
766 4057 1034 4128 legionum
1085 4046 1333 4121 ducibus,
1371 4058 1423 4111 in
1479 4058 1641 4113 tertia
1664 4058 1752 4114 die

164 4157 227 4200 ut
254 4148 546 4201 civitatem
575 4145 817 4202 funditus
846 4146 1219 4210 demoliretur,
1246 4160 1437 4202 omnes
1458 4147 1658 4202 milites
1687 4161 1751 4202 ac

163 4239 555 4292 universorum
610 4238 850 4307 peditum
881 4247 1128 4293 catervas
1174 4237 1239 4291 ad
1280 4236 1632 4305 praeliandum
1655 4252 1753 4309 per

164 4344 620 4400 unamquamque
648 4338 861 4399 portam
907 4330 1146 4384 civitatis
1174 4328 1321 4385 velut
1352 4318 1496 4384 feras
1524 4330 1749 4386 dimisit.

1844 3243 2119 3302 liter'sua
2176 3263 2327 3304 arma
2383 3260 2633 3320 regentes
2678 3252 2877 3309 milites
2939 3269 3006 3311 ac
3044 3254 3421 3327 pedites,uta

1847 3336 2128 3406 magistris
2157 3338 2280 3395 belli
2302 3352 2458 3395 erant
2486 3342 2683 3406 edocti,
2720 3346 2972 3401 certatim
3000 3357 3059 3402 ut
3084 3357 3244 3405 erant
3268 3349 3419 3407 ordi~

1846 3426 1956 3481 nati
1984 3442 2139 3482 suum
2164 3428 2340 3484 locum
2362 3432 2749 3499 custodientes,
2778 3445 3153 3506 competenter
3180 3446 3238 3497 et
3259 3450 3419 3495 cauta

1846 3515 2147 3570 certabant.
2184 3516 2355 3573 Nemo
2400 3519 2519 3577 sin'e
2572 3522 2832 3577 conseilio
2872 3523 2927 3578 in
2984 3524 3138 3581 hoste
3163 3526 3412 3583 feriendo

1848 3602 2089 3660 irruebat
2117 3622 2130 3672 ;
2161 3622 2323 3662 nemo
2348 3625 2502 3664 suum
2533 3614 2827 3668 terminum
2848 3615 2967 3672 sine
2991 3617 3142 3685 gravi
3172 3619 3417 3691 hostium

1848 3696 2204 3752 concursione
2241 3708 2333 3753 aut
2360 3700 2581 3757 vulnere
2622 3704 2944 3770 deserebat;
2973 3722 3133 3766 nemo
3181 3710 3419 3778 hostem,

1850 3786 2062 3841 etiamsi
2084 3797 2447 3869 opportunum
2472 3793 2539 3847 ad
2562 3792 2861 3849 feriendum
2885 3802 3241 3867 conSpiceret,
3269 3801 3421 3873 solus

1849 3890 1914 3930 ex
1932 3878 2044 3932 suis
2064 3879 2290 3934 exiliens
2312 3883 2597 3950 percutere
2631 3884 2883 3940 audebat.
2914 3887 2982 3945 At
3017 3889 3105 3944 ubi
3140 3889 3340 3949 bellum
3361 3892 3419 3951 in

1852 3968 2083 4038 aliquam
2105 3972 2461 4040 gravescebat
2497 3984 2727 4043 partem,
2752 3984 2809 4031 et
2834 3977 3306 4061 pondus-ejusdem
3328 3997 3423 4038 su-

1851 4063 2242 4129 pereminebat,
2262 4077 2365 4118 non
2386 4062 2599 4130 omnes,
2613 4067 2707 4122 sed
2728 4067 2867 4139 legio
2883 4069 2949 4123 ad
2970 4085 3132 4140 quam
3149 4071 3240 4142 qui
3260 4088 3423 4143 super

1853 4151 2043 4205 turrim
2075 4152 2286 4208 astabat
2308 4155 2519 4224 signum
2548 4156 2800 4223 faciebat,
2823 4160 3090 4217 ordinatis
3116 4162 3286 4233 signis
3306 4173 3420 4221 sta.

1857 4242 1954 4295 tim
1977 4243 2387 4299 subveniebant.
2413 4244 2705 4319 Propterea
2734 4250 2954 4304 adunati
2990 4251 3253 4323 valdeque
3287 4236 3425 4309 conc.

1853 4332 2026 4388 stricti
2056 4333 2240 4390 hostes
2266 4338 2465 4394 obnixe
2486 4338 2599 4407 jam
2628 4356 2820 4397 secure
2867 4342 3253 4416 irrumpentes,
3285 4346 3428 4407 alius

165 4420 687 4487 Quibustdimissis,
751 4420 891 4475 alius
914 4500 919 4505 .
946 4420 1289 4489 imperatoris
1351 4435 1555 4483 amore.
1617 4421 1755 4475 alius
1784 4492 1826 4506 _
1853 4439 2042 4481 ensem
2076 4444 2289 4499 regens,
2326 4432 2466 4486 alius
2492 4432 2736 4488 lanceam
2794 4451 2957 4493 manu
2989 4445 3200 4506 tenens,
3227 4437 3432 4497 Teuto-

167 4513 378 4566 timore
427 4509 692 4579 ejusdem,
748 4510 888 4565 alius
914 4500 1247 4567 muneribus
1301 4519 1354 4566 ct
1393 4511 1550 4566 donis
1593 4519 1754 4584 atque
1784 4492 1833 4551 θ
1858 4516 2009 4572 nicas
2040 4532 2094 4574 et
2116 4529 2329 4578 ceteros
2358 4523 2541 4580 hostes
2567 4523 2811 4581 feraliter
2828 4492 3205 4597 percutiebanl
3238 4548 3254 4598 ;
3286 4531 3429 4603 alius

166 4601 486 4669 promissis,
515 4599 653 4655 allus
701 4614 797 4671 spe
843 4599 1060 4670 prmdae,
1093 4600 1230 4655 alius
1277 4600 1518 4655 civitatis
1562 4600 1756 4669 apibus

168 4692 413 4756 illectus,
439 4705 472 4745 e
502 4692 696 4761 quibus
726 4692 843 4761 ipse
870 4706 996 4746 suas
1018 4690 1352 4745 auimaverat
1374 4700 1584 4760 gentes,
1611 4690 1752 4759 alius

168 4783 257 4835 ira
326 4782 748 4857 odio‘civitatis
807 4782 1066 4845 imbutus,
1122 4789 1281 4851 prout
1334 4788 1527 4833 natura
1578 4781 1755 4849 gentis

166 4888 291 4931 suae
316 4874 593 4944 exigebat,
651 4874 831 4948 sonitu
865 4871 1093 4928 terribili
1140 4869 1494 4937 inauditoque
1538 4870 1750 4938 garritu

1859 4609 2072 4678 sagittis
2092 4614 2399 4682 ceterisque
2421 4616 2705 4670 tormentis
2729 4616 2875 4685 ipsas
2900 4621 3250 4688 percutienda
3269 4631 3433 4692 atque

1861 4699 2154 4755 minuenda
2214 4704 2713 4772 perterrefaciebat,
2763 4707 2904 4763 alius
2979 4710 3171 4767 ferreis
3218 4715 3437 4773 uncinis

1869 4789 2053 4845 hostes
2093 4807 2230 4860 quos
2280 4794 2347 4848 ad
2400 4810 2460 4850 se
2525 4796 2739 4851 trahere
2805 4806 3034 4869 poterat,
3102 4803 3437 4859 trucidabaL—

1866 4880 2095 4936 Dcmum
2135 4884 2217 4939 sic
2244 4885 2523 4954 facientes,
2557 4886 2741 4943 multis
2760 4889 3103 4948 inimicorum
3148 4892 3431 4956 ferratru-

1450 5000 1684 5057 VABUE
1719 4968 2119 5073 LECTlOit‘ES.
