3934 5330
561 385 664 440 879

1572 381 1913 438 LANDULFI
1956 380 2252 438 MEDIOLA
2263 381 2510 439 NENSIS
2549 382 2819 441 CLERICI

558 497 771 562 cidatis,
797 513 891 567 per
913 496 1116 566 aliquot
1143 497 1259 552 dies
1284 495 1495 566 equites
1519 512 1640 550 cum
1661 496 1958 567 equitibus,
1991 494 2138 564 pedi-
2165 502 2212 561 Α
2243 496 2472 562 veniret,
2503 497 2674 552 scutis
2699 494 2961 551 ambabus
3005 496 3250 567 partibus
3271 498 3567 570 ordinatis,
3617 502 3811 560 incola-

557 601 642 644 tes
697 606 820 644 cum
859 589 1128 658 peditibus
1156 587 1392 658 proeliati
1452 599 1598 642 sunt.
1626 590 1695 642 At
1739 589 1960 654 milites,
1999 603 2140 657 quo—

555 697 677 736 rum
705 681 904 736 virtute
927 690 1089 749 atque
1116 680 1283 735 animi
1314 681 1543 735 scientia
1574 689 1630 735 et
1655 681 1900 750 corporis
1925 680 2142 750 ingenio

555 774 697 828 bella
740 773 1086 842 gerebantur,
1146 771 1392 828 clanculo
1451 772 1710 827 militibus
1765 771 2140 827 audacissimis

556 875 718 932 atque
779 865 1091 919 fortissimis
1164 863 1412 919 centenis
1472 865 1734 929 dimissis,
1793 873 1852 918 ut
1900 865 2136 919 hostesa

550 971 891 1026 quacumque
941 965 1096 1025 parte
1145 965 1366 1026 possent
1414 955 1696 1022 invadere,
1737 959 1899 1011 modo
1934 975 1961 1012 a
2003 957 2136 1014 laevo

547 1049 720 1102 lulch
747 1050 906 1104 modo
940 1065 974 1104 a
1001 1052 1254 1115 dextero,
1282 1049 1445 1104 modo
1479 1051 1530 1104 in
1557 1053 1730 1122 prima
1765 1051 1944 1108 fronte
1975 1053 2136 1108 modo

545 1153 721 1208 retro,
779 1143 1018 1198 maxime
1059 1159 1184 1198 cum
1261 1144 1402 1200 bello
1458 1144 1795 1207 laborabant,
1863 1155 2136 1202 certantes

550 1232 902 1300 uuamplures
966 1233 1286 1300 occidendo,
1337 1234 1530 1304 spoliis
1580 1235 1802 1290 omnino
1868 1236 2134 1297 dimissis,

544 1339 707 1378 cursu
742 1323 935 1394 rapido
967 1339 1231 1394 equorum
1263 1325 1372 1380 lora
1403 1334 1759 1392 revertentes,
1793 1326 1934 1397 regis
1978 1342 2134 1382 exer-

541 1416 709 1470 citum
736 1415 982 1487 undique
1016 1417 1441 1472 conturbabant.

611 1505 701 1559 25.
730 1506 958 1560 Factum
983 1506 1053 1538 δι’
1073 1517 1157 1562 est
1179 1518 1364 1562 autem
1390 1525 1510 1562 cmn
1537 1509 1608 1545 ⁸³⁸
1632 1508 1966 1578 Eriprandus
1990 1510 2134 1565 vice-

537 1613 726 1651 a-omes
771 1597 906 1670 (85),
963 1598 1117 1653 miles
1143 1599 1466 1654 milenarius
1493 1615 1523 1656 e
1552 1600 1622 1632 ³⁸⁸
1667 1601 1828 1670 regali
1879 1602 2130 1671 prosapia

540 1690 832 1752 oriundus,
888 1690 1106 1761 ingenio
1143 1692 1312 1746 animi
1373 1703 1429 1747 et
1485 1695 1732 1765 corporis
1770 1695 1976 1751 viribus
2027 1697 2128 1766 ipsi

552 1781 662 1852 regi
694 1782 1085 1850 praeferendus,
1114 1785 1266 1853 quasi
1300 1785 1454 1856 gigas
1479 1795 1790 1840 nostrorum
1819 1788 2125 1841 exercitum

548 1871 734 1926 multis
797 1872 1190 1928 strenuissimis
1255 1875 1518 1929 militibus
1593 1876 1824 1945 stipatus
1885 1877 2125 1946 undique

537 1971 846 2034 protegens,
889 1962 1149 2028 fortuitu,
1199 1972 1258 2018 ut
1294 1964 1555 2020 militibus
1611 1965 1665 2020 in
1717 1965 1858 2020 bello
1906 1971 2124 2021 evenire

533 2050 697 2114 solet,
752 2051 968 2104 cuidam
1017 2051 1409 2122 superbissimo
1453 2051 1777 2119 Teutonico,
1824 2054 2121 2124 imperato-

549 2141 621 2193 tis
653 2142 859 2210 nepoti.
916 2141 1232 2211 linigttct’ius
1290 2144 1508 2197 nomine
1545 2153 1601 2198 ct
1649 2161 1713 2200 ex
1766 2146 1896 2216 ipsis
1938 2158 2118 2210 natus,

529 2246 657 2283 cum
695 2231 1158 2300 supervidendum
1215 2233 1453 2286 hostium
1484 2244 1732 2290 catervas
1783 2251 1902 2288 cum
1935 2236 2122 2306 paucis

533 2323 732 2388 adiret,
759 2324 1045 2389 obviavit;
1098 2323 1218 2392 qui,
1263 2324 1434 2379 fidens
1480 2325 1691 2380 viribus
1733 2335 1893 2396 atque
1939 2328 2120 2382 nimiae

527 2420 892 2485 multitudini,
917 2437 976 2475 se
1006 2421 1160 2492 prius
1191 2437 1295 2476 non
1329 2430 1672 2492 gustaturnm
1713 2439 1906 2494 panem
1942 2439 2119 2493 neque

526 2510 830 2565 'liibiturum
861 2511 1043 2564 vinum
1084 2508 1366 2578 juravcrat
1405 2511 1741 2567 terribilibus
1765 2513 1948 2567 verbis
1972 2513 2119 2566 aflir-

527 2615 710 2666 mans,
748 2615 910 2670 quam
937 2600 1050 2670 ipsa
1083 2617 1178 2657 sua
1208 2601 1397 2656 lancea
1437 2618 1709 2672 manuque
1738 2604 1954 2673 propria
1987 2604 2120 2659 civi-

522 2695 661 2748 tatis
703 2693 850 2750 fores
898 2709 962 2750 ac
1013 2695 1131 2766 ejus
1190 2709 1342 2750 seras
1393 2694 1602 2751 ferreas
1649 2697 1854 2752 feriret.
1910 2697 2118 2765 Quibus

528 2785 662 2840 visis
693 2795 856 2855 atque
884 2787 1138 2858 cognitis,
1171 2797 1222 2843 et
1247 2788 1447 2843 animis
1474 2789 1621 2844 velut
1650 2789 1842 2847 leones
1862 2807 2113 2847 commo-

527 2879 625 2938 tis,
687 2877 1112 2948 ardentibusque
1163 2879 1339 2934 oculis
1405 2877 1888 2952 fremlentibusque
1934 2885 2111 2953 equis,

515 2981 665 3026 quos
725 2967 793 3021 ad
817 2967 954 3022 bella
1015 2969 1272 3024 decenter
1332 2977 1391 3022 ut
1474 2970 1674 3025 milites
1744 2973 2109 3029 strenuissimi

525 3056 926 3124 instruxerant,
989 3057 1194 3113 lanceis
1246 3059 1491 3114 extensis
1553 3061 1850 3117 immanem
1919 3065 2111 3119 dantes

529 3148 809 3218 fragorem
842 3159 1259 3206 concurrerunt.
1289 3149 1395 3206 Sed
1431 3167 1555 3207 cum
1584 3169 1709 3209 sese
1749 3167 1940 3211 mutuo
1966 3158 2107 3212 mili-

521 3251 610 3294 tes
639 3243 1066 3312 gravissimeque
1095 3251 1466 3312 perCutcrent,
1506 3245 1693 3300 fractis
1729 3247 1954 3315 lanceis,
1985 3251 2112 3320 equi
2142 3255 2184 3313 (ζ

521 3339 582 3383 et
618 3339 769 3384 scuta
802 3331 946 3384 velut
981 3332 1217 3386 tonitrua
1256 3341 1668 3404 perstrepentcs
1715 3352 1907 3393 sonum
1940 3349 2100 3394 teter-

521 3419 724 3475 Iimum
770 3422 1031 3477 dederunt
1063 3441 1076 3490 ;
1110 3433 1162 3476 et
1193 3424 1416 3480 ensibus
1442 3423 1608 3480 ferire
1636 3427 1808 3494 obliti,
1841 3429 1951 3486 fere
1977 3431 2108 3486 invi-

521 3526 643 3565 cem
699 3514 1068 3584 unusquisque
1128 3531 1225 3584 per
1271 3516 1464 3578 nas-ale,
1511 3519 1740 3575 cassidis
1788 3521 2107 3579 alterutrum

519 3613 837 3660 tetulerunt.
875 3604 964 3660 Sic
995 3608 1142 3660 enim
1170 3607 1447 3677 equitibus
1475 3609 1526 3664 in
1557 3627 1719 3664 uuam
1777 3628 2110 3671 concurren—

518 3692 669 3748 tibus
717 3705 947 3765 partem,
1005 3699 1254 3754 dominos
1307 3715 1436 3756 suos
1479 3701 1838 3760 deducebant.
1895 3707 2107 3763 Interea

519 3783 861 3854 l-Iripraudus
888 3802 983 3857 pro
1021 3789 1197 3858 patria
1225 3805 1492 3860 pugnans,
1529 3809 1627 3862 pro
1657 3809 1762 3864 qua
1797 3797 1934 3852 mori
1966 3799 2105 3854 desi.

521 3875 771 3940 derabat,
816 3893 913 3946 pro
955 3894 1054 3933 sua
1089 3895 1155 3934 ac
1188 3891 1354 3951 gente
1417 3882 1782 3953 triumphans,
1839 3900 1970 3943 ense
2004 3890 2106 3945 sub

519 3975 783 4021 mentone
817 3967 1020 4036 posito,
1058 3977 1305 4024 truncata
1349 3970 1513 4026 lorica
1545 3974 1873 4042 dccapitavit
1916 3992 2107 4048 super-

517 4055 674 4119 lium,
710 4056 875 4112 David
891 4058 1102 4114 similis
1130 4059 1220 4129 qui
1249 4059 1425 4116 Uliam
1453 4061 1583 4116 olim
1615 4063 1848 4120 viriliter
1878 4067 2106 4122 detrun-

518 4148 684 4202 ravit.
715 4147 832 4215 Quo
859 4161 1095 4211 mortuo,
1143 4151 1352 4220 pedites
1397 4155 1590 4208 ttrbani
1643 4171 1767 4210 eum
1832 4160 2104 4228 rapientes

515 4248 856 4306 truncatum,
886 4241 952 4295 ad
992 4241 1226 4296 dedecus
1279 4243 1628 4312 imperatoris
1677 4248 1978 4306 visceribus
2003 4267 2101 4306 ex-

515 4331 730 4396 tractis,
761 4347 923 4402 super
951 4350 1135 4388 arcum
1195 4334 1580 4403 triumphalem
1639 4337 1756 4406 ipsa
1806 4340 2013 4396 viscera
2049 4344 2102 4399 in

519 4421 819 4492 propatulo
865 4423 1240 4490 expandentes
1282 4424 1568 4478 miserunt.
1616 4427 1690 4479 De
1745 4445 1852 4497 quo
1883 4433 2101 4501 quidam

517 4526 586 4565 ex
617 4511 837 4574 nostris,
865 4512 1042 4580 primo
1072 4527 1194 4566 cum
1240 4513 1387 4582 regis
1413 4515 1690 4570 exercitus
1728 4517 2102 4578 innumerabi-

2251 585 2354 640 mis
2381 587 2536 655 quasi
2562 586 2792 643 volando
2822 599 2942 642 sese
2963 587 3176 658 dejecit.
3201 590 3272 644 At
3306 605 3400 645 rex
3434 591 3719 650 Conradus
3750 599 3814 651 ab

2249 680 2398 733 onmi
2433 694 2526 750 spe
2555 681 2866 745 frustratus,
2899 694 3022 733 cum
3069 679 3181 749 jam
3219 681 3421 737 multos
3446 683 3647 738 milites
3689 695 3816 739 stre-

2246 771 2416 824 nuissi
2427 786 2543 826 mos
2566 787 2628 826 ac
2645 771 2850 843 pedites
2869 771 3293 830 innumerabiles
3308 785 3501 830 contra
3523 780 3813 834 votumatni

2243 861 2425 927 sisset,
2461 877 2520 918 se
2549 861 2749 917 frustra
2776 877 2875 933 per
2902 863 3212 932 quindecim
3239 865 3357 921 dies
3387 867 3672 924 laborasse
3692 885 3809 925 eon-

2241 954 2502 1023 spiciens,
2549 953 2738 1010 dolore
2769 955 2924 1025 gravi
2947 954 3118 1011 dolori
3146 955 3424 1024 adjuncto,
3457 958 3555 1013 Dei
3588 959 3665 1014 ira
3689 961 3810 1016 mu!-

2244 1045 2311 1099 tis
2326 1045 2684 1114 grandinibus
2709 1058 2816 1100 tam
2850 1061 3069 1101 sursum
3100 1062 3262 1117 quam
3292 1050 3554 1105 deorsum
3590 1053 3812 1106 trucidao

2241 1144 2355 1202 tus,
2378 1137 2540 1207 Papia
2566 1137 2892 1203 tendeus‘",
2911 1139 3283 1208 graviterurbi
3305 1141 3573 1196 minando
3595 1143 3810 1213 aufugit.

2237 1224 2470 1281 Terrore
2510 1227 2602 1282 Dei
2627 1242 2690 1282 ac
2724 1227 2816 1282 irae
2850 1228 3086 1297 desuper
3123 1231 3397 1298 percussi,
3434 1241 3608 1302 atque
3630 1233 3813 1304 gladiis

2237 1317 2726 1373 Mediolancnsium
2768 1321 2921 1390 potiti
2959 1319 3047 1386 ⁸³³,
3087 1321 3371 1376 ambarum
3422 1323 3709 1394 plagarum
3735 1323 3809 1377 fh-

2236 1409 2388 1479 gellis
2409 1409 2671 1473 demoliti,
2719 1411 2935 1465 netnine
2969 1422 3327 1480 persequente
3377 1423 3532 1468 tanta
3579 1418 3812 1486 angustia

2235 1500 2446 1555 confusi
2496 1502 2792 1572 fugiebant,
2863 1504 3007 1571 quod
3054 1501 3206 1556 multi
3287 1503 3494 1559 milites
3558 1505 3811 1575 multique

2236 1591 2447 1659 pedites
2473 1606 2740 1662 equorum
2793 1590 3019 1660 pedibus
3042 1593 3239 1660 attriti,
3280 1594 3443 1650 morti
3488 1596 3612 1649 sine
3652 1597 3804 1649 benti.

2235 1699 2363 1737 num
2389 1684 2657 1753 adjutorio
2680 1682 3064 1750 incurrerent;
3097 1685 3239 1739 inter
3264 1700 3409 1756 quos
3430 1685 3549 1756 ligo
3575 1689 3811 1741 marcliio

2236 1773 2663 1845 Transpadanus
2710 1773 2841 1845 (86),
2875 1775 2969 1844 qui
3017 1774 3202 1830 multis
3245 1790 3369 1831 cum
3429 1776 3704 1831 militibus
3748 1780 3806 1830 ad

2229 1866 2612 1920 destruendam
2642 1865 2836 1920 urbem
2866 1867 2916 1920 iu
2943 1864 3210 1936 adiutorio
3235 1865 3476 1922 Conradi
3507 1881 3809 1936 concurse-

2230 1967 2335 2020 rat,
2359 1957 2433 2011 ab
2451 1973 2600 2026 equo
2614 1957 2843 2023 cadens,
2866 1972 3028 2026 quem
3058 1973 3124 2012 ex
3163 1958 3332 2011 nimia
3381 1958 3643 2029 gentium
3681 1962 3803 2013 den-

2225 2049 2386 2102 sitate
2411 2063 2570 2103 nemo
2597 2045 2858 2116 adjuvare
2887 2049 3084 2119 potuit,
3120 2049 3338 2117 ungulis
3360 2063 3638 2118 equorum
3667 2052 3804 2103 attri-

2225 2148 2308 2194 tus
2336 2149 2392 2195 et
2419 2140 2532 2210 ipse
2557 2141 2714 2196 morti
2746 2141 2904 2196 datus
2939 2149 3040 2195 est.
3075 2138 3301 2196 Factum
3337 2152 3423 2196 est
3453 2152 3667 2204 amnem,
3697 2159 3805 2197 cum

2224 2249 2316 2286 rex
2350 2247 2446 2302 per
2482 2231 2688 2301 aliquot
2716 2230 2894 2301 Papiae
2921 2232 3037 2287 dies
3067 2231 3320 2297 sedisset,
3348 2231 3496 2286 idem
3525 2233 3697 2285 nimia
3735 2233 3801 2286 ira

2223 2324 2487 2386 imbutus,
2515 2324 2700 2378 nescio
2721 2338 2829 2394 quo
2851 2323 3067 2393 ingenio
3087 2323 3412 2392 Coriopictae
3437 2322 3552 2391 (87)
3584 2326 3804 2377 venisset

2223 2415 2333 2484 (an.
2363 2411 2669 2477 lO37,Mui.
2691 2412 2810 2484 29),
2826 2414 3006 2466 omnia
3034 2414 3240 2467 habens
3260 2413 3603 2482 promiscua,
3633 2414 3802 2466 divina

2223 2504 2473 2559 videlicet
2500 2513 2556 2558 et
2585 2503 2844 2568 humana,
2900 2502 2954 2557 in
3008 2510 3224 2556 tantum
3277 2511 3608 2556 utsuorum
3665 2503 3800 2572 equis

2219 2595 2482 2649 ecclesias
2553 2593 2781 2664 implere
2850 2594 3211 2664 permitteret.
3280 2593 3338 2646 lu
3382 2609 3497 2662 quo
3562 2593 3687 2647 loco
3733 2592 3801 2646 ira

2223 2687 2404 2741 divina
2458 2701 2774 2756 percussus,
2824 2695 2879 2741 et
2928 2701 3097 2740 nurus
3146 2700 3271 2751 sua,
3326 2685 3518 2740 multis
3561 2689 3800 2746 mortuis,

2220 2779 2452 2834 fulmine
2486 2778 2745 2834 defuncta
2767 2788 2851 2834 est
2877 2780 3011 2850 (88).
3046 2778 3110 2832 Et
3151 2778 3296 2832 idem
3322 2780 3529 2844 tristis,
3559 2780 3798 2833 omnibus

2221 2869 2506 2925 elementis
2533 2885 2780 2940 perosus,
2813 2885 3006 2924 nurum
3030 2885 3182 2925 snam
3215 2869 3285 2900 δίο
3319 2869 3575 2923 balsamo
3610 2886 3798 2939 peruu-

2220 2971 2365 3017 ctam
2434 2977 2625 3016 secum
2672 2959 2928 3015 deferens
2981 2959 3340 3014 Teutonicum
3409 2962 3796 3024 tetendit;ubi

2171 3082 2183 3094 -
2216 3069 2424 3124 paucos
2478 3061 2722 3109 moratus
2777 3053 2916 3118 dies,
2969 3053 3118 3122 gravi
3167 3051 3501 3123 aegritudine
3559 3055 3798 3108 detentus

2220 3155 2468 3200 mortuus
2488 3154 2571 3200 est
2599 3145 2711 3216 (an.
2743 3143 2905 3212 1059,
2924 3145 3054 3199 Jun.
3083 3145 3165 3215 4).

2289 3235 2379 3292 ἳϐ.
2407 3237 2535 3292 Post
2564 3238 2633 3268 “‘
2662 3236 2890 3290 multum
2925 3252 3055 3290 vero
3103 3252 3206 3291 non
3256 3247 3474 3306 tempus
3500 3237 3653 3293 cives
3686 3252 3798 3291 suo-

2221 3349 2340 3388 rum
2373 3331 2608 3387 victoria
2659 3331 2814 3401 potiti
2872 3330 3242 3397 inimicorum,
3293 3341 3352 3384 ut
3416 3347 3596 3402 genus
3649 3345 3798 3401 agerc

2217 3421 2353 3476 solet
2399 3423 2722 3487 humanum,
2749 3421 2992 3476 hostibus
3025 3421 3231 3487 hostes,
3265 3423 3464 3477 amicis
3489 3424 3651 3478 amici
3679 3425 3793 3477 tide-

2215 3514 2405 3568 lissimi
2435 3514 2576 3568 mala
2602 3528 2701 3582 pro
2730 3513 2887 3568 malis
2909 3523 2965 3568 et
2986 3513 3125 3568 bona
3159 3528 3260 3584 pro
3288 3515 3454 3569 bonis
3485 3514 3789 3577 reddentis,

2215 3611 2430 3667 curiose
2461 3609 2635 3666 effecti
2674 3618 2818 3664 sunt.
2865 3608 3008 3677 Quin
3037 3609 3201 3664 etiam
3234 3624 3426 3679 pacem
3464 3625 3593 3664 cum
3633 3611 3795 3663 homi-

2214 3704 2372 3758 nibus
2394 3702 2677 3767 habentes,
2700 3718 2823 3756 cum
2839 3701 2953 3770 jam
2984 3701 3190 3757 inimici
3213 3703 3460 3772 undique
3481 3702 3796 3761 deﬁcerent,

2210 3794 2419 3863 gladios
2445 3793 2498 3848 in
2536 3794 2857 3863 semctipsos
2889 3792 3149 3857 ferentes,
3198 3793 3385 3847 hostes
3444 3793 3793 3862 sibimetipsis

2210 3883 2389 3940 elIccti
2447 3895 2592 3940 sunt.
2645 3885 2801 3938 Enim
2853 3884 3014 3954 hujus
3062 3899 3225 3940 causa
3273 3884 3401 3939 belli
3467 3885 3655 3949 duces,
3708 3884 3790 3953 qui

2210 3975 2353 4029 hanc
2382 3974 2572 4029 urbem
2609 3974 2776 4028 animi
2801 3974 3050 4037 scientia,
3076 3975 3330 4040 corporis.
3355 3976 3568 4030 virtute
3615 3991 3794 4043 regere

2210 4081 2274 4118 ac
2299 4073 2411 4119 tuta
2423 4079 2480 4120 re
2502 4065 2773 4128 solebant,
2789 4080 2886 4134 per
2901 4065 3175 4136 quandam
3193 4065 3584 4137 negligentiam
3600 4068 3792 4121 amisso

2207 4156 2469 4220 dominio,
2498 4155 2718 4210 fuerunt
2737 4157 3010 4224 quondam
3039 4171 3057 4220 ;
3082 4156 3200 4224 qui,
3221 4167 3379 4227 prout
3401 4172 3600 4212 eorum
3625 4157 3789 4225 digni-

2209 4256 2291 4302 tas
2342 4258 2508 4319 atque
2556 4246 2808 4302 nobilitas
2837 4247 3106 4316 exigebat,
3137 4263 3232 4318 per
3257 4257 3510 4318 tempora
3553 4249 3608 4304 in
3637 4249 3786 4318 pala—

2206 4335 2470 4405 tiisjuxta
2502 4337 2787 4392 ecclesiam
2815 4337 2990 4391 sancti
3043 4335 3285 4391 Protaxii
3330 4338 3447 4408 (89)
3491 4349 3786 4398 morantes,

2203 4429 2459 4500 quicquid
2476 4429 2759 4484 honestum
2773 4428 3135 4494 erat,civitati
3155 4429 3371 4484 curiose
3387 4429 3781 4499 procurabant,

2204 4524 2420 4592 etquod
2451 4523 2668 4576 incaute
2705 4521 2958 4586 fractum,
2991 4521 3232 4576 studiose
3261 4536 3325 4576 ae
3353 4523 3635 4590 sapienter
3661 4536 3782 4576 con-

516 4599 587 4658 lis
622 4615 774 4656 more
805 4599 1135 4656 locustarum
1179 4612 1380 4657 terram
1423 4604 1490 4634 ⁸³⁷
1517 4607 1836 4676 conperiens
1869 4611 2099 4668 circum-
2129 4627 2176 4685 υ
2205 4615 2534 4681 δοιίὼὼίιιιι,
2555 4623 2614 4668 et
2641 4612 2789 4684 quod
2835 4611 3035 4683 injuste
3065 4623 3244 4669 actum
3278 4613 3580 4683 in-aliquo.
3610 4612 3776 4670 conti—

1797 4737 2028 4798 V'ARUE
2067 4748 2472 4804 LECTIONES.

592 4849 661 4927 Ψ
693 4848 956 4932 Titulus“:
986 4851 1062 4904 De
1092 4848 1394 4932 [fat-iprando
1427 4849 1766 4932 vieecotnite
1793 4862 1848 4908 et
1903 4856 1968 4932 de
2015 4858 2308 4932 Baiguerio
2384 4877 2531 4932 rege.
2606 4861 2699 4914 A‘.

2042 4929 2295 4985 Ml’ideest
2336 4933 2396 4986 Β.

1902 4997 1972 5028 ⁸²⁰
2023 4998 2168 5054 deest
2217 5003 2279 5054 Β.

514 4919 858 4991 Baiguerium
906 4921 1142 4974 Conradi
1166 4928 1414 4991 nepotem
1453 4921 1815 4991 detruncavit.
1848 4925 1964 4979 rell.

514 4989 884 5044 A‘.‘Paniam
939 4993 1164 5046 tendens
1217 4989 1300 5043 BI.
1399 4990 1475 5020 “9
1503 4992 1655 5050 petiti
1710 4991 1792 5045 Bl.

2771 4860 3020 4929 Qualiter
3071 4859 3414 4929 Eriprandus
3478 4858 3778 4915 viceconaes

2477 4933 2547 4964 "°
2577 4933 2715 4985 deest
2751 4931 2810 4984 Β.
2887 4931 2954 4962 ⁸⁸⁷
2982 4934 3119 4985 deest
3153 4931 3214 4983 ll.
3289 4930 3364 4962 “‘
3379 4933 3463 4984 ita
3495 4932 3557 4984 Β.
3593 4941 3779 4984 tenens

2355 5003 2423 5043 ἰιι
2483 5002 2689 5054 'l'itufus
2727 5019 2745 5054 :
2797 5001 3028 5054 Exnlieit
3072 5002 3137 5054 de
3185 5001 3427 5054 Cononis
3466 5001 3772 5054 obsidione.
