3934 5330
1109 368 1426 428 HISTORIA
1463 372 2031 432 MEDIOLANENSIS.
2066 410 2132 419 --
2172 379 2298 434 LIB.
2329 377 2372 434 II

3267 381 3381 439 85‘"!

87 495 216 531 nuo
249 495 350 550 per
404 479 638 551 aliquam
691 496 911 537 causam
953 485 1238 538 emendare
1284 496 1340 540 et
1391 486 1706 544 satisfacere
1734 498 1779 554 Α
1808 490 2034 546 salutem
2062 509 2223 563 quam
2266 494 2388 549 ullis
2436 494 2738 563 beneﬁciis,
2783 497 2959 553 studio
3015 499 3273 554 bellorum
3324 510 3380 556 et

85 569 460 638 injuriantem
517 574 903 643 procurabant.
968 574 1283 632 Prsesidium
1313 589 1470 634 erant
1500 583 1699 650 orpha-

87 664 212 728 nis,
245 665 577 735 adjutorium
609 665 897 728 tribulatis,
944 666 1119 723 viduis
1148 669 1471 737 subsidium,
1505 689 1701 742 parvu-

87 755 165 809 lis
198 755 625 818 nutrimentum,
654 757 734 812 lex
760 767 919 812 erant
946 758 1179 828 injusris,
1202 761 1410 831 justitia
1453 763 1699 834 perﬁdis,

83 849 385 918 timorque
445 849 768 905 latronibus.
819 848 1021 906 Omnes
1059 855 1203 908 enim
1265 864 1596 911 mercatores
1643 866 1700 911 et

83 939 325 1006 rustici,
358 950 606 996 aratores
629 951 684 996 et
730 942 964 1008 bcbulci,
991 959 1184 1000 secure
1213 947 1427 1014 pr0pria
1485 948 1697 1016 negotia

81 1042 334 1097 agentes
375 1033 716 1097 victitabant,
757 1035 964 1104 singula
989 1052 1086 1090 sua
1111 1046 1401 1102 curantes;
1429 1039 1695 1094 ecclesia-

85 1141 222 1178 rum
247 1133 310 1178 et
349 1125 670 1180 clericorurn
703 1127 999 1181 honoribus
1031 1128 1272 1192 solliciti,
1328 1131 1701 1200 prosperanti-

82 1215 201 1269 bus
241 1215 540 1281 universis,
575 1217 630 1271 in
659 1232 790 1288 pace
830 1217 1104 1273 vivebant.
1139 1217 1251 1272 Non
1315 1229 1435 1274 erat
1462 1220 1696 1290 dign'tas

84 1321 284 1374 neque
305 1315 591 1376 parentum
623 1307 876 1373 munitio,
906 1322 1030 1376 qua:
1061 1307 1128 1337 ⁵η
1161 1307 1394 1378 aliquem
1439 1309 1699 1363 adversus

84 1397 338 1452 alterum
373 1399 570 1467 injuste
615 1409 862 1470 agentem
887 1400 1202 1464 emendare,
1255 1411 1348 1455 aut
1400 1403 1695 1456 secundum

87 1489 303 1543 «locum
340 1491 626 1559 imperium
660 1491 985 1546 renitentem
1020 1493 1314 1548 defendere
1341 1509 1406 1548 ac
1458 1493 1695 1548 liberare

85 1589 345 1636 curaret.
398 1582 575 1649 Enim,
635 1592 831 1652 praeter
876 1591 1116 1653 tempora
1171 1586 1223 1639 in
1267 1585 1463 1654 quibus
1511 1602 1696 1653 regum

89 1673 258 1726 hellis
287 1682 382 1727 aut
408 1675 754 1729 inimicorum
781 1676 1015 1731 catervis
1041 1675 1195 1745 longe
1235 1676 1450 1746 lateque
1480 1677 1664 1746 disper
1685 1702 1698 1719 κ

83 1765 171 1818 sis
200 1767 582 1822 strenuissime
628 1781 692 1820 ac
719 1766 976 1822 decenter
1023 1767 1366 1835 insistebant,
1422 1783 1610 1837 pacem
1642 1778 1697 1823 et

1805 585 2036 652 ingeniis
2092 588 2395 642 animormn
2468 591 2682 646 curiose
2736 591 2824 646 diu
2882 604 3149 664 noctuque
3215 612 3375 648 exar-

1802 675 2054 741 descens,
2111 688 2427 748 paupertate
2472 680 2650 745 fortis,
2698 698 2798 752 pro
2845 685 3170 752 acquirenda
3217 687 3379 741 liber-

1804 773 1912 820 tate
1936 765 2287 833 fortissimus,
2317 769 2520 824 divitiis
2540 773 2758 836 anxius,
2785 774 2879 827 sed
2902 775 3195 830 studiosior
3215 776 3378 832 libero

1801 865 1932 923 tate,
1950 857 2144 928 jaculis
2164 875 2227 914 ac
2260 862 2544 916 tormentis
2571 864 2737 918 variis
2763 864 3098 935 diversisque
3123 870 3380 924 munitius

1801 949 1960 1004 nibus
1981 949 2234 1020 omnique
2265 950 2501 1021 ingenio,
2554 969 2663 1024 quo
2705 968 2825 1010 sese
2874 971 2904 1009 a
2954 956 3163 1012 civibus
3193 960 3378 1015 hostes

1795 1036 1907 1106 jam
1940 1039 2069 1094 facti
2101 1040 2362 1096 mortales
2388 1041 2622 1098 liberare
2657 1054 2896 1114 possent,
2927 1062 3146 1117 operam
3177 1050 3379 1106 dabant

1799 1131 2098 1186 curialiter.
2126 1131 2257 1186 Erat
2284 1132 2426 1186 enim
2454 1135 2650 1189 ductor
2672 1145 2833 1205 atque
2865 1137 3077 1192 illorum
3105 1153 3378 1210 protector

1799 1219 1980 1277 Lamo
2011 1221 2631 1292 nobilisetcapitaneus
2690 1226 2853 1293 altus,
2903 1228 3064 1296 cujus
3119 1233 3379 1288 ιοιιςςίιίη

1800 1312 1964 1366 animi
1997 1323 2161 1383 atque
2185 1314 2433 1383 corporis
2480 1316 2967 1372 exercitationibus
2995 1331 3188 1376 cuncta
3223 1337 3344 1393 rege
3370 1351 3383 1361 -

1799 1403 1997 1458 bantur
2024 1405 2260 1476 negotia.
2297 1406 2580 1476 Capitanei
2639 1424 2768 1462 vero
2809 1411 2953 1465 circa
2995 1414 3182 1468 urlem
3225 1427 3384 1468 antea

1799 1497 1983 1552 vardis
2003 1497 2294 1563 ordinatis,
2328 1498 2605 1555 civitatem
2637 1500 2706 1555 ab
2736 1517 2844 1556 uno
2878 1503 3110 1557 miliario
3164 1506 3251 1558 diu
3282 1523 3376 1559 lm-

1795 1597 1997 1656 ctnque
2027 1588 2242 1644 curiose
2263 1588 2550 1652 vallantes,
2582 1607 2690 1645 non
2722 1600 2781 1646 ut
2801 1593 2952 1648 cives
2980 1596 3073 1649 sed
3103 1605 3164 1649 ut
3194 1598 3378 1650 hostes

1798 1683 2210 1737 exercebantur.
2235 1682 2443 1750 Quibus
2480 1683 2735 1738 Marciani
2767 1695 2824 1740 et
2853 1687 3170 1758 Seprienscs
3214 1690 3340 1743 auxi
3361 1720 3377 1731 -

1799 1771 1868 1825 lia
1894 1782 2234 1841 prmstantes,
2261 1788 2354 1829 sex
2382 1775 2579 1844 oppida
2609 1777 2661 1830 iu
2697 1777 2926 1831 circuitu
2972 1778 3206 1833 civitatis
3249 1795 3376 1833 con-

85 1858 361 1926 gaudium
387 1859 666 1912 lnuuiliter
703 1874 767 1913 ac
797 1858 988 1912 devote
1039 1859 1376 1914 fruebantur.
1428 1860 1498 1914 At
1549 1871 1694 1930 post—
1727 1850 1770 1907 Β
1798 1877 2133 1930 struxerunt,
2158 1875 2214 1922 et
2238 1882 2334 1936 per
2366 1877 2476 1921 tres
2503 1885 2672 1923 annos
2697 1870 2843 1924 omni
2875 1871 2964 1926 die
2991 1872 3175 1927 nmltis
3195 1873 3380 1929 confe-

91 1965 292 2017 quam,
325 1951 512 2005 nescio
537 1951 735 2020 quibus
763 1951 834 2005 de
879 1950 1036 2006 malis
1090 1952 1268 2007 causis
1312 1950 1426 2020 jam
1490 1961 1695 2007 tantum

89 2041 696 2110 percrebrescentibus,
745 2041 1215 2097 honoriﬁcentiam
1267 2055 1430 2114 atque
1469 2059 1694 2098 suarum

91 2135 433 2202 dignitatum
459 2134 917 2206 magniﬁcentiam
941 2135 1106 2189 duces
1135 2135 1358 2190 novitiis
1389 2135 1460 2168 δ”
1487 2137 1694 2205 capita-

92 2227 218 2280 neis
277 2226 544 2296 paulatim
612 2219 909 2291 dederunt,
961 2226 1212 2281 maximis
1271 2227 1455 2281 nudati
1530 2229 1698 2283 hono-

94 2319 282 2383 ribus,
362 2320 708 2388 antiquorum
775 2327 830 2374 et
899 2333 1120 2373 suorum
1189 2328 1472 2388 parentum
1548 2335 1700 2374 reve-

97 2411 338 2463 rentiam
380 2411 561 2473 obliti,
593 2412 646 2464 in
681 2410 999 2474 honoribus,
1026 2413 1242 2466 cunctis
1272 2410 1514 2465 annulati
1551 2419 1694 2465 sunt.

97 2503 608 2570 ltaquenniversus
629 2502 860 2572 populus
914 2503 1294 2568 reverentiam,
1349 2513 1403 2558 et
1459 2503 1696 2558 debitum

101 2594 250 2663 quod
284 2594 356 2625 ⁸⁸⁸
391 2594 619 2649 ducibus
646 2595 960 2664 impendere
986 2594 1254 2658 solebant,
1313 2595 1502 2664 paucis
1550 2597 1697 2666 capi-

101 2686 299 2747 laneis,
336 2686 428 2755 qui
455 2687 522 2717 ⁸⁸³
551 2688 716 2741 duces
745 2687 1193 2752 sublimaverant,
1223 2687 1540 2759 exigebant;
1576 2706 1661 2743 ma
1680 2718 1693 2730 ο

95 2776 216 2844 jora
251 2785 436 2832 tamen
461 2777 700 2832 civitatis
730 2778 952 2834 ducibus
988 2794 1164 2832 -manu
1196 2787 1251 2834 et
1285 2779 1558 2834 consciliis
1603 2781 1696 2833 ad-

103 2869 209 2923 huc
233 2869 573 2939 regentibus,
621 2869 890 2938 capitanci
925 2870 1292 2935 valvassorcs,
1349 2880 1408 2925 ut
1451 2873 1694 2928 securius

101 2974 243 3013 nova
299 2959 441 3014 dona
477 2968 742 3023 tenerent,
782 2959 1186 3032 subelegerunt.
1229 2960 1438 3016 Interea
1469 2960 1694 3031 populus

99 3066 324 3104 sitorum
373 3049 634 3104 malormn
695 3067 793 3121 per
835 3052 1080 3107 diversos
1119 3067 1187 3108 ac
1229 3052 1412 3108 varios
1442 3052 1694 3107 dominos

100 3141 244 3196 mala
282 3142 472 3196 videns
493 3143 748 3205 crev'sse,
783 3143 968 3197 durius
991 3143 1196 3198 habens
1227 3142 1524 3198 dominium
1555 3157 1686 3198 suo-

96 3249 222 3285 rum
261 3232 462 3286 civium
493 3248 657 3302 quam
713 3233 909 3286 ducmn
959 3233 1233 3302 quondam
1285 3247 1525 3295 suorum,
1577 3243 1693 3289 ten-

94 3323 268 3376 tando
317 3331 545 3378 eventus
590 3323 848 3377 bellorum
873 3325 1077 3387 varios,
1108 3323 1177 3378 ab
1209 3325 1422 3378 illorum
1451 3325 1690 3381 dominio

95 3426 222 3465 sese
262 3411 556 3468 defendere
600 3428 665 3468 ac
716 3412 950 3467 liberare
998 3412 1284 3482 disposuit.
1323 3412 1490 3484 Igitur
1531 3413 1688 3467 lleri-

97 3505 257 3558 herto
278 3505 458 3559 adhuc
479 3505 794 3560 cathedram
822 3511 1045 3574 regente
1067 3505 1505 3568 Ambrosianam,
1529 3519 1690 3572 quem

97 3595 266 3648 fortia
295 3610 361 3648 ac
383 3595 608 3666 grandia
631 3604 748 3649 acta
778 3595 1133 3665 superborum
1185 3593 1489 3664 principum
1526 3601 1582 3647 et
1610 3592 1692 3660 ip-

97 3688 214 3741 sius
243 3686 387 3756 regis
413 3687 710 3756 supradicti
753 3685 920 3741 animi
953 3685 1170 3754 ingenio
1194 3692 1250 3740 et
1277 3683 1510 3738 militum
1559 3696 1691 3737 suo-

95 3790 224 3830 rum
277 3775 594 3832 fortitudine
644 3776 872 3831 viriliter
925 3776 1260 3847 correpsisse
1317 3775 1689 3844 cognO'imus,

98 3868 243 3923 bella
266 3869 590 3938 gravissima
627 3870 679 3922 in
730 3869 885 3933 urbe,
916 3867 1115 3938 populo
1141 3867 1403 3923 adversus
1458 3865 1691 3932 majores

97 3974 200 4028 pro
243 3958 494 4013 libertate
534 3958 860 4029 acquirenda
906 3957 1220 4028 prmliante,
1249 3971 1411 4026 quam
1444 3954 1571 4009 olim
1599 3969 1692 4023 pa-

99 4063 287 4106 rentes
327 4051 444 4120 ejus
470 4050 540 4105 ob
571 4052 794 4106 nimiam
829 4050 1110 4105 hominum
1165 4050 1446 4104 raritatem
1489 4047 1694 4101 amise-

102 4154 248 4210 rant,
281 4145 662 4200 crudelissime
696 4145 884 4200 adorta
941 4153 1087 4206 sint,
1146 4143 1436 4213 Propterea
1489 4140 1689 4194 factum

98 4246 187 4291 est
239 4245 325 4303 ut,
355 4239 407 4292 in
462 4252 809 4307 quacumque
856 4236 1006 4292 urbis
1052 4237 1272 4308 regione
1327 4233 1594 4304 capitanci
1639 4240 1693 4287 et

100 4328 446 4382 valvassores
496 4327 746 4397 populum
799 4328 1151 4398 superabant,
1203 4326 1571 4380 inhumaniter
1619 4321 1692 4352 ⁸⁸⁸

103 4421 280 4489 ipsum
305 4420 666 4476 trucidabant.
697 4421 763 4475 At
786 4420 1035 4492 populus,
1064 4428 1122 4474 ut
1143 4419 1300 4486 solet,
1332 4419 1450 4474 sine
1479 4415 1695 4472 miscri-

101 4512 288 4565 cordia
323 4512 518 4575 iratus,
543 4511 718 4582 magis
756 4512 894 4566 mori
925 4511 1153 4582 diligens
1181 4527 1345 4581 quam
1398 4509 1580 4564 vivere
1611 4511 1691 4563 in-

105 4605 353 4669 honesre,
379 4618 444 4658 ac
472 4603 681 4658 dulcius
723 4604 978 4674 judicans
1018 4611 1246 4658 mortem
1300 4602 1484 4656 videre
1533 4617 1692 4669 quam

105 4697 272 4751 vitam
308 4713 524 4753 summo
570 4713 692 4752 cum
746 4696 1011 4751 dedecore
1039 4695 1238 4750 ducere
1286 4692 1522 4762 longam,
1577 4691 1696 4746 ubi-

105 4804 340 4859 cumque
391 4792 538 4861 ipsos
584 4791 752 4846 armis
809 4800 864 4845 et
904 4788 1102 4858 jaculis
1147 4787 1378 4843 diversis
1420 4787 1692 4847 vincebat,

105 4881 248 4935 velut
271 4890 552 4950 serpentes
577 4890 668 4936 aut
700 4881 964 4937 dracones
988 4879 1395 4936 crudelissimos
1446 4892 1543 4946 per
1573 4892 1693 4930 om-

106 4974 192 5026 nia
233 4975 620 5030 mortiﬁcabat.
682 4975 907 5029 Demum
954 4974 1223 5046 capitanci
1265 4985 1321 5028 et
1354 4972 1693 5026 valvaSsores

107 5079 226 5120 sese
249 5066 300 5120 in
332 5067 465 5122 urbe
489 5068 734 5122 videntes
757 5066 952 5136 populo
979 5067 1232 5122 resistere
1257 5063 1478 5118 Ininime
1505 5076 1688 5131 posse,

107 5157 419 5186 A':.~I:.s‘n.-n
451 5160 518 5186 δίτ
542 5157 799 5186 ...φειδ-..ιι
831 5157 971 5186 θοι-*ιι
996 5168 1044 5186 ΑΙ
1092 5158 1234 5186 ’Λα-’Λ
1265 5157 1556 5186 ηδε-ιιιῖοηιιιὶ
1593 5170 1688 5186 ηυ-

1796 1955 1873 2009 cti
1903 1953 2077 2016 bellis.
2109 1955 2530 2011 innumerabiles
2553 1959 2944 2013 occubuerunt.
2979 1959 3100 2027 Quo
3143 1961 3197 2015 in
3244 1971 3380 2016 tem-

1797 2060 1928 2115 pore
1951 2045 1992 2100 si
2013 2061 2195 2115 quem,
2225 2056 2283 2100 ut
2311 2045 2364 2101 in
2397 2047 2536 2102 bello
2559 2047 2672 2104 ﬁeri
2705 2049 2862 2116 solet,
2889 2065 3084 2120 capere
3103 2061 3375 2122 poterant,

1801 2145 1892 2190 aut
1923 2137 2096 2206 ipsum
2133 2137 2404 2192 hostiliter
2436 2137 2860 2204 interficiebant,
2912 2149 3006 2192 aut
3053 2141 3106 2194 in
3155 2157 3378 2198 carcere

1799 2227 2053 2283 ohtrnsus
2072 2227 2306 2282 obscuro
2334 2229 2617 2298 patriisque
2665 2231 2884 2284 attritus
2925 2230 3174 2295 diversis,
3217 2247 3378 2286 omne

1799 2320 1941 2386 quod
1965 2319 2164 2373 habere
2189 2328 2277 2372 aut
2299 2334 2400 2388 per
2425 2335 2484 2374 se
2516 2329 2607 2374 aut
2637 2336 2733 2388 per
2758 2321 2963 2376 amicos
2992 2331 3261 2391 poterant,
3308 2325 3379 2376 ab

1800 2409 1890 2463 illo
1915 2411 2204 2464 durissimo
2235 2411 2655 2480 extorquebaut.
2709 2410 2970 2465 Similiter
3015 2421 3070 2466 et
3126 2413 3378 2483 populus,

1798 2502 1841 2556 si
1865 2517 1961 2571 per
1989 2502 2200 2571 aliquos
2252 2501 2514 2557 bellorum
2564 2513 2793 2558 eventus
2841 2514 2934 2558 aut
2977 2505 3160 2575 aliquo
3210 2507 3376 2560 animi

1799 2595 2033 2665 ingenio,
2090 2595 2336 2663 corporis
2391 2603 2572 2648 tamen
2636 2595 2837 2650 virtute
2912 2607 3251 2665 cooperante,
3311 2599 3378 2651 de

1798 2685 2093 2756 majoribus
2157 2687 2366 2756 aliquos
2431 2701 2626 2754 capere
2676 2697 2876 2755 posset,
2937 2688 3080 2757 quali
3124 2689 3374 2758 populum

1795 2792 1953 2846 paena
2019 2777 2364 2832 trucidabant
2410 2778 2701 2846 capitanci,
2754 2777 2843 2831 tali
2897 2792 3057 2846 paena
3110 2779 3376 2849 pauloque

1796 2867 2028 2937 graviori
2090 2867 2470 2923 decentissime
2510 2867 2629 2922 illos
2683 2865 3134 2930 honoriﬁcabant.
3189 2870 3377 2939 Itaque

1795 2959 1881 3015 his
1901 2968 1959 3016 et
1985 2959 2106 3014 aliis
2135 2959 2298 3014 rebus
2323 2959 2591 3029 capitanci
2623 2959 2873 3024 animati,
2921 2975 3028 3014 non
3080 2972 3200 3015 erat
3234 2961 3372 3018 dies.

1795 3050 1848 3105 in
1881 3066 1986 3120 quo
2011 3061 2254 3120 tempore
2282 3051 2402 3120 ipsi,
2440 3059 2496 3104 ut
2540 3050 2676 3114 dixi,
2707 3060 2803 3105 aut
2824 3051 3163 3107 valvassores
3186 3053 3372 3106 urbem

1795 3157 1902 3197 non
1945 3142 2283 3197 invaderent.
2319 3141 2424 3196 Sed
2459 3143 2613 3211 juxta
2664 3158 2876 3196 ninrum
2901 3152 3032 3196 ante
3073 3143 3222 3198 urbis
3251 3160 3380 3212 por-

1796 3239 1896 3293 tas,
1947 3248 2068 3301 qum
2096 3247 2191 3302 per
2241 3246 2302 3288 se
2350 3232 2505 3300 quasi
2559 3239 2662 3302 per
2705 3241 2949 3286 inituram
2994 3233 3376 3297 defendebant,

1797 3321 2020 3374 haiistas
2045 3330 2136 3373 aut
2167 3321 2506 3374 diversorun
2543 3337 2802 3390 generum
2838 3322 3144 3376 machinam
3176 3324 3373 3376 timen-

1794 3422 1898 3476 tes,
1939 3412 2068 3481 qnin
2114 3413 2184 3444 ⁸η
2225 3413 2371 3484 ipsos
2426 3409 2781 3470 lormidantes
2832 3415 2979 3471 cives
3035 3415 3387 3486 serpentibus

1794 3505 2057 3575 Ethiopite
2087 3506 2360 3572 duriores,
2391 3508 2652 3562 accedere
2676 3522 2784 3562 non
2815 3508 3106 3563 audebant.
3135 3508 3210 3562 Ea
3241 3516 3374 3562 tem-

1795 3603 2024 3663 pestate,
2069 3595 2112 3649 si
2146 3594 2308 3664 aliqui
2354 3595 2422 3650 de
2471 3596 2670 3666 populo
2695 3597 2919 3662 tirones,
2954 3597 3064 3668 jam
3097 3596 3224 3652 facti
3257 3597 3371 3652 for-

1795 3686 2008 3750 tissimi,
2045 3687 2241 3741 animis
2294 3686 2486 3742 fervidi
2540 3702 2604 3743 ac
2654 3689 2733 3742 ira
2783 3688 3184 3754 ferventissimi,
3235 3689 3378 3743 mori-

1793 3786 1884 3830 ant
1920 3777 2170 3832 occidere
2203 3777 2424 3832 minime
2475 3786 2810 3845 recusantes,
2844 3779 2990 3848 ipsos
3037 3780 3257 3834 lortuitn
3287 3780 3372 3832 in-

1793 3875 2165 3934 sequerentur,
2194 3874 2288 3919 aut
2322 3877 2380 3920 ut
2404 3867 2586 3922 hostes
2612 3868 2935 3937 gravissime
2966 3868 3255 3932 feriebant,
3279 3879 3378 3922 aut

1791 3956 2112 4024 semctipsos
2148 3954 2584 4030 defendentesﬁin
2617 3957 2731 4011 loca
2759 3956 3035 4011 tutissima
3067 3971 3189 4010 sese
3227 3957 3370 4034 reci-

1793 4048 2030 4118 piebant.
2058 4044 2178 4101 iam
2214 4047 2360 4103 enim
2406 4047 2602 4110 civitas
2639 4047 2848 4118 aliquot
2895 4047 3184 4103 transactis
3235 4055 3372 4102 tem-

1793 4138 2013 4208 poribus
2044 4137 2205 4205 fame,
2231 4154 2350 4208 quae
2372 4136 2516 4194 ferro
2546 4138 2731 4194 durior
2763 4147 2870 4205 est,
2919 4139 3033 4194 fere
3077 4149 3196 4194 erat
3245 4155 3373 4196 con-

1792 4243 2024 4303 sumpta,
2051 4233 2102 4288 in
2136 4241 2344 4287 tantum
2374 4239 2432 4285 ut
2463 4245 2602 4300 pane
2628 4232 2860 4301 vinoque
2879 4231 3101 4287 omnino
3129 4242 3391 4296 careret,.

1795 4325 1898 4380 nisi
1923 4332 2184 4394 quantum
2211 4321 2349 4377 infra
2377 4322 2613 4378 civitatis
2643 4322 2908 4376 ambitum
2932 4331 3178 4376 aratores
3219 4331 3372 4392 pote-

1779 4426 1917 4470 .rant
1951 4427 2150 4470 metere
2199 4424 2253 4468 et
2282 4413 2542 4469 vinitores
2585 4423 2840 4485 poterant
2884 4411 3091 4468 cultura
3132 4411 3374 4482 diligenti

1797 4507 2074 4575 laboi-are;
2128 4522 2257 4564 caro
2293 4515 2477 4562 autem
2525 4515 2582 4562 et
2630 4507 2807 4577 pisces
2860 4505 3065 4568 furtivi,
3127 4505 3375 4558 homines

1799 4616 1927 4655 vero
1974 4599 2312 4664 macilentos,
2370 4598 2558 4669 prwlio
2617 4597 2784 4663 leves,
2841 4598 3128 4664 animoque
3181 4593 3396 4658 fortes,.

1794 4693 2042 4764 belloque
2068 4691 2459 4746 ardentissimi.
2499 4689 2554 4744 Si
2603 4689 2747 4743 intus
2771 4704 2890 4744 eam
2920 4688 3154 4748 videres,
3211 4686 3375 4739 turri.

1792 4785 1892 4840 bus
1920 4794 2084 4854 atque
2109 4783 2327 4853 palatiis
2373 4781 2603 4836 desertis
2625 4781 2734 4850 jam
2764 4779 3094 4833 minantibus
3136 4776 3402 4837 ruinam,_

1795 4876 2145 4947 Babyloniam
2170 4875 2349 4945 potius
2383 4873 2599 4929 diceres
2631 4871 2902 4926 desertam
2955 4883 3118 4936 quam
3175 4865 3376 4919 Medio-

1795 4969 1998 5030 lamun,
2048 4967 2320 5036 quondam
2375 4979 2558 5034 regum
2623 4963 2782 5016 sedes
2835 4960 3132 5014 nobilium-
3197 4955 3386 5010 Multis

1796 5068 2078 5129 propterea
2105 5073 2136 5113 e
2164 5055 2373 5112 civibus
2394 5051 2643 5109 clanculo
2679 5051 2900 5122 fugatis,
2953 5059 3130 5104 turres
3159 5057 3217 5102 et
3239 5047 3390 5103 civi—A

1798 5151 1923 5186 huic
1956 5164 2166 5186 nnnmnn
2216 5154 2401 5184 nni-la:
2422 5155 2471 5184 al
2500 5143 2832 5182 nnlannvlnln
2855 5150 2903 5182 nl
2933 5151 3109 5182 palam
3139 5138 3380 5180 nivilalis
