3934 5330
508 358 618 414 883

1492 362 1837 423 LANDULFI
1881 358 2434 421 MEDIOLANENSIS
2472 360 2740 422 CLERlCl

3658 358 3772 417 εει

509 474 779 541 sissimus,
808 487 864 530 in
891 483 1154 546 angustus
1183 488 1431 549 pervigu,
1487 479 1552 534 de
1597 480 1833 546 hostium
1864 477 2089 535 victoria
2120 481 2168 538 Α
2200 470 2707 533 universiscivibus
2731 479 2843 534 suis
2874 466 3002 532 mihi
3042 479 3224 533 facere
3281 477 3473 533 iisdem
3515 478 3779 530 assertio-

515 564 791 632 sollicitus,
817 581 943 622 cum
962 566 1085 636 jam
1106 567 1211 623 sibi
1232 583 1260 621 a
1295 568 1443 624 nullo
1474 584 1537 624 ex
1567 570 1774 624 civibus
1820 568 2093 624 subveniri

507 673 668 729 posse
711 659 930 716 demum
992 662 1370 733 comperisset,
1397 669 1462 718 ac
1507 663 1646 717 ultra
1674 663 1993 734 pcapitan‘eis
2039 674 2095 717 et

508 748 916 808 valvassoribns
965 768 1074 809 non
1135 768 1296 825 posse
1349 755 1648 818 resistere,
1677 755 1817 808 mo’ri
1870 761 2093 822 paratus

507 859 672 914 quam
715 844 992 900 civitatem
1049 860 1117 901 ac
1157 846 1414 916 populum
1454 848 1705 917 quamvis
1751 845 2094 903 multitudine

507 936 790 1006 parvulum
821 944 998 993 tamen
1021 937 1145 995 ﬁdei
1172 954 1284 994 sum
1303 939 1570 994 creditum
1601 938 1849 993 hostibus
1879 939 2095 994 tradere

506 1029 841 1085 criminose:
873 1030 971 1086 Dei
998 1040 1053 1086 et
1082 1032 1227 1087 beati
1272 1032 1543 1089 Ambmsii
1575 1031 1746 1088 fretus
1796 1024 2097 1104 suﬂragiis,

506 1120 769 1179 conscilio
812 1133 994 1179 tamen
1043 1138 1341 1195 paucorum
1389 1125 1635 1191 edoctus,
1683 1140 1807 1181 cum
1851 1125 2089 1190 Alberio,

508 1228 648 1267 unus
677 1212 747 1245 δ”
776 1215 843 1270 de
870 1213 1297 1279 valvassoribus,
1331 1215 1425 1283 qui
1476 1216 1654 1271 socius
1701 1227 1823 1269 cum
1883 1216 2003 1284 ipso
2037 1215 2091 1269 in

506 1304 856 1373 passionibus
883 1320 1095 1377 semper
1118 1306 1436 1377 permansit,
1471 1308 1537 1363 ad
1585 1306 1891 1362 Henricum'
1920 1300 2092 1377 impe-

506 1397 1151 1468 ratorem,qninoviter,
1197 1397 1384 1456 contra
1440 1408 1620 1456 tamen
1672 1399 1940 1456 Heriberti
1993 1416 2092 1455 vo-

508 1489 795 1553 luntatem,
828 1497 1171 1556 surrexerat,
1201 1504 1430 1561 sperans
1450 1506 1512 1547 se
1551 1491 1667 1561 ejus
1712 1492 1956 1563 imperiis
1996 1508 2091 1562 pa-

508 1593 630 1634 cem
651 1594 772 1663 cum
804 1579 1003 1650 populo
1053 1580 1275 1644 babae,
1325 1596 1458 1636 auro
1489 1590 1543 1635 et
1572 1590 1797 1651 argento
1829 1581 2096 1637 honustus

509 1671 789 1730 curialiter
816 1672 1063 1727 tetendit.
1099 1671 1200 1740 Qui
1231 1689 1353 1728 cum
1382 1674 1435 1728 in
1461 1674 1603 1743 regis
1632 1673 1802 1740 curia,
1833 1683 1892 1727 ut
1936 1673 2092 1728 nobi-

507 1763 580 1820 lis
607 1778 672 1819 ac
707 1762 773 1818 de
814 1778 1018 1835 magna
1067 1763 1286 1821 civitate
1319 1765 1600 1829 oriundus,
1639 1763 1932 1834 aliquantis
1968 1780 2090 1819 cum

508 1854 777 1911 militibus
805 1856 1274 1923 venisset,'multis
1301 1867 1356 1913 et
1379 1859 1590 1929 magnis
1618 1858 1934 1917 muneribus
1961 1858 2094 1913 viris
2126 1831 2169 1890 Β

507 1945 764 2017 palatinis
816 1947 1231 2018 circumsparsis
1255 1950 1515 2017 studiose,
1548 1950 1939 2006 honorabiliter
1979 1966 2097 2005 sus-

508 2046 699 2108 ceplus
725 2046 829 2094 est.
879 2037 1089 2095 Interea
1129 2055 1159 2094 a
1191 2056 1317 2111 rege
1350 2040 1529 2096 Lauzo
1556 2055 1825 2112 perpauca
1850 2041 1917 2095 de
1939 2040 2107 2095 Heri-.

508 2127 652 2184 bet-ti
675 2129 1127 2199 prosperitatibus
1141 2131 1531 2201 interrogatus,
1550 2132 1937 2202 perplurimum
1964 2145 2096 2186 vero

513 2221 582 2276 de
635 2222 786 2278 urbis
838 2225 1071 2294 negotiis
1124 2225 1449 2288 sciscitatus,
1500 2225 1553 2281 in
1605 2226 1690 2280 his
1738 2215 2095 2291 compatiens,

512 2311 909 2381 aliquantulum
938 2314 1320 2370 consederunt.
1348 2316 1421 2369 De
1445 2328 1553 2385 quo
1581 2317 1725 2370 enim
1757 2314 2094 2382 lleribertus,

513 2402 640 2473 quia
672 2402 942 2459 Henricus
962 2404 1031 2460 de
1071 2404 1306 2460 Couradi
1344 2405 1604 2476 progenie
1633 2400 1897 2475 originem
1929 2406 2096 2459 duxe-

512 2502 812 2563 rat,‘qnem
843 2496 1197 2550 memorando
1243 2510 1404 2567 supra
1454 2496 1590 2552 meis
1640 2496 1847 2552 retexui
1890 2497 2097 2552 descri-

510 2582 810 2652 p1ionibus,
852 2597 882 2637 a
912 2599 1079 2655 regno
1102 2595 1291 2641 contra
1322 2586 1465 2657 quod
1493 2585 1611 2656 ejus
1638 2586 1967 2642 voluntatem
1997 2587 2097 2641 sibi

514 2684 845 2747 sumpserat,
867 2677 1092 2733 omnino
1120 2678 1469 2744 dissentiens,
1500 2686 1558 2732 ut
1586 2675 1751 2733 alium
1777 2675 1947 2733 lluma
1976 2689 2114 2733 cum

509 2766 666 2825 Italia
695 2785 876 2841 regem
907 2770 1153 2837 haberet,
1177 2770 1410 2827 sollicite
1442 2784 1662 2841 operam
1715 2770 1900 2826 dabat.
1953 2770 2118 2837 ρειαί

512 2871 739 2933 propter
769 2861 1038 2918 Henricus
1070 2861 1210 2917 ultra
1242 2878 1435 2918 omnes
1468 2862 1641 2934 ipsum
1676 2863 1743 2916 ad
1771 2863 1854 2917 sui
1888 2862 2101 2931 imperii

525 2954 843 3025 dignitatem
882 2954 985 3010 sibi
1014 2953 1260 3009 infestari
1291 2955 1408 3024 pari
1441 2953 1833 3008 assertionibus
1860 2950 1929 2984 "'°
1960 2967 2106 3007 com—

520 3045 758 3115 periens,
784 3060 907 3101 eum
929 3060 1052 3101 cum
1074 3045 1326 3101 omnibus
1354 3045 1468 3100 suis
1500 3042 1764 3099 militibus
1790 3037 2117 3113 suspectum

516 3137 772 3193 habebat.
802 3138 869 3193 Et
894 3147 955 3192 ut
983 3136 1050 3193 ad
1096 3137 1248 3193 urbis
1294 3138 1510 3213 negotia
1560 3137 1797 3198 redeam,
1857 3150 1976 3204 qua:
2010 3134 2106 3189 ali-

2197 570 2359 625 nibns
2389 572 2719 640 promiserit,
2752 571 3001 626 universa
3030 570 3287 639 quicquid
3318 570 3385 623 de
3416 568 3502 623 his
3545 567 3777 636 negotiis

2194 662 2458 730 poposcit,
2489 661 2593 715 sub
2633 662 2738 716 mei
2791 660 3002 731 imperii
3030 674 3192 731 paena
3234 660 3379 715 circa
3426 667 3636 726 tempus
3659 666 3771 710 sta-

2196 759 2366 819 tutum
2399 750 2624 820 implere
2658 767 2764 806 non
2793 751 3058 815 desinam,
3100 759 3156 804 et
3177 763 3370 805 omnes
3419 748 3621 802 civium
3663 745 3774 799 inin

2195 844 2366 897 micos
2389 843 2439 896 in
2464 843 2579 914 ejus
2604 852 2657 899 et
2687 858 2905 898 suorum
2933 841 3211 897 voluntate
3232 840 3601 899 committens,
3625 836 3773 891 omni

2194 934 2545 991 excusatione
2579 944 2808 999 remota,
2836 933 3067 988 fideliter
3100 920 3337 996 tradam,
3379 941 3437 985 et
3489 928 3778 982 vindictam

2194 1027 2671 1098 quamcumque'in
2700 1026 2781 1081 eis
2802 1014 3062 1081 exercere
3105 1012 3397 1087 voluerint,
3451 1036 3482 1073 a
3534 1034 3622 1072 me
3666 1032 3780 1070 non

2194 1115 2571 1181 recusabitur,‘
2619 1124 2675 1191 et
2719 1108 2917 1185 quibus
2991 1108 3177 1184 pacem
3259 1100 3617 1171 esercebriut,
3684 1120 3784 1178 per

2193 1205 2375 1261 omnia
2400 1206 2660 1276 pacificus
2686 1220 2803 1273 ero,
2830 1214 2883 1260 et
2921 1205 3183 1259 adversus
3208 1218 3348 1274 quos
3370 1203 3514 1256 bella
3547 1217 3785 1257 commo-

2195 1297 2417 1366 vebunt,
2458 1296 2688 1369 gladius
2741 1311 2894 1352 meus
2958 1288 3205 1351 conteret
3257 1303 3433 1350 eos.’r
3492 1296 3630 1349 Cum
3681 1295 3786 1347 hoc

2196 1388 2377 1443 Lanzo
2425 1389 2688 1454 audisset,
2735 1397 2791 1443 et
2842 1386 2964 1457 plus
2998 1401 3158 1456 quam
3199 1382 3480 1456 sperasset
3521 1386 3578 1439 in
3607 1394 3783 1439 mente

2196 1494 2291 1534 sua
2319 1476 2682 1549 cognovisset,
2707 1486 2767 1532 ut
2788 1476 2907 1533 erat
2931 1477 3017 1532 vir
3037 1476 3214 1546 magni
3240 1476 3444 1546 ingenii
3467 1489 3782 1544 magnaque

2197 1572 2431 1638 astutim,
2480 1570 2649 1626 alacri
2701 1570 2884 1625 animo
2938 1580 3298 1639 promptuque
3336 1566 3531 1632 corde,
3568 1582 3786 1636 sperans

2198 1679 2392 1734 magna
2422 1662 2700 1733 multaque
2729 1659 2796 1693 ‘“
2855 1661 2998 1716 facta
3046 1676 3110 1716 ex
3163 1661 3246 1715 his
3294 1658 3581 1714 consciliis
3630 1656 3785 1712 facile

2197 1755 2446 1827 adipisci,
2478 1753 2607 1809 'fide
2651 1748 2777 1810 data
2802 1746 2966 1822 atque
2994 1759 3240 1821 accepta",
3270 1749 3619 1820 temporibus
3644 1748 3787 1802 ordi-

2197 1848 2339 1902 natis
2358 1847 2654 1903 consensit.
2684 1846 2907 1901 Demum
2944 1842 3364 1898 salutationibus
3384 1840 3533 1895 datis
3558 1848 3615 1894 et
3647 1855 3675 1891 a
3706 1852 3789 1890 re-

2196 1953 2262 2008 ge
2285 1937 2402 1993 vale
2433 1937 2600 2000 dicto,
2637 1935 2793 1990 lattus
2836 1948 2999 2004 quam
3027 1932 3188 1987 citius
3213 1928 3393 2001 potuit
3426 1928 3787 1984 Mediolanum

2198 2029 2497 2099 repedavit;
2529 2027 2648 2094 Quo
2685 2026 3035 2095 adventante,
3065 2022 3185 2077 cum
3205 2021 3321 2091 jam
3348 2021 3517 2091 hujus
3544 2018 3623 2074 rei
3650 2018 3787 2072 fama

2196 2124 2264 2178 ad
2287 2118 2465 2194 populi
2493 2117 2662 2175 a'nres'
2679 2117 3033 2188 pervenisset,
3063 2114 3249 2170 laetitia
3276 2113 3553 2167 immensa
3581 2120 3638 2165 et
3664 2126 3787 2180 gau-

2198 2214 2349 2269 dium
2376 2208 2747 2267 inextimabile
2767 2207 2954 2278 capit.
2984 2204 3119 2261 Cum
3152 2212 3332 2258 autem
3368 2200 3556 2255 Lamo
3587 2199 3785 2254 Medio-

2199 2301 2919 2367 lanumvenisset,concives
2935 2300 3140 2355 honore
3151 2293 3790 2352 decentissimoetlaudi-

2199 2399 2300 2452 bus
2322 2393 2790 2464 immensisipsum
2819 2378 3159 2460 gratulanter
3182 2386 3571 2455 susceperunt.
3596 2381 3788 2437 Eodem

2205 2489 2292 2544 die
2319 2486 2653 2543 salutatione
2671 2484 2813 2554 regis
2843 2480 3037 2553 populo
3067 2478 3266 2534 astanti
3316 2477 3585 2531 universo
3626 2475 3748 2528 data
3771 2512 3787 2533 ,

2204 2589 2260 2635 et
2293 2579 2347 2633 in
2377 2577 2563 2649 paucis
2592 2575 2774 2630 Lanzo
2792 2572 2961 2628 multa
2988 2568 3488 2643 comprehendens,
3507 2566 3673 2621 domo
3693 2578 3781 2617 sua

2204 2671 2362 2741 quasi
2398 2668 2546 2739 regia
2567 2667 2636 2723 ab
2667 2658 2865 2723 amicis
2888 2672 2944 2720 et
2973 2661 3188 2717 famulis
3238 2667 3499 2728 receptus
3526 2666 3633 2713 est.
3657 2655 3789 2710 lute-

2204 2776 2295 2816 rea
2333 2759 2519 2815 Lanzo
2554 2757 2741 2829 paucis
2782 2762 3152 2810 commoratus
3192 2749 3417 2813 diebus,
3463 2756 3526 2801 ut
3554 2747 3643 2800 vir
3666 2759 3789 2799 con-

2204 2852 2358 2909 scilio
2385 2852 2675 2914 discretus,
2698 2849 2884 2904 animo
2899 2845 3158 2917 providus
3184 2853 3240 2898 et
3262 2841 3535 2904 conscilio
3561 2848 3787 2898 astutus,

2206 2942 2520 3000 cottidianis
2542 2939 3025 2997 exercitationibus
3045 2934 3522 2996 accuratissimus,
3550 2932 3791 2985 universa

2207 3052 2328 3108 qua:
2354 3036 2472 3105 ipse
2497 3035 2635 3107 egit,
2659 3033 2849 3103 quanti
2873 3030 3015 3084 foret
3038 3026 3263 3098 periculi
3291 3041 3407 3081 sua:
3428 3024 3576 3095 parti
3606 3024 3794 3076 adver-

2210 3128 2515 3192 sariorum,
2546 3126 2732 3180 animo
2756 3122 3000 3179 extuanti
3035 3118 3317 3174 revolvens
3350 3114 3663 3170 trutinavit.
3692 3111 3793 3165 lta-

514 3227 736 3297 quantis
763 3242 920 3298 passa
946 3236 1033 3283 est
1054 3194 1395 3295 temporibus
1417 3208 1729 3291 transactis,
1753 3194 1916 3295 atque
1941 3224 2108 3278 omis-
2134 3194 2178 3255 Ο
2212 3219 2520 3290 que’primo
2546 3213 2941 3285 aliquantulum
2971 3225 3094 3266 sese
3125 3209 3407 3279 paenitens,
3446 3212 3701 3298 anteacta
3726 3202 3796 3254 fc-

523 3320 605 3377 sis
684 3320 868 3377 multis
936 3319 1455 3390 perturbationibus,
1531 3319 1768 3374 breviter
1835 3318 2105 3373 Heriberti

520 3409 879 3475 voluntatem,
910 3409 1145 3480 qualiter
1189 3424 1289 3465 nec
1336 3408 1439 3464 fuit
1468 3418 1588 3464 cum
1627 3404 1823 3480 populo
1875 3424 1975 3464 nec
2015 3423 2109 3461 vo-

524 3498 791 3557 luntatem
832 3499 1097 3570 majorum
1124 3500 1283 3572 juvit,
1318 3500 1546 3556 edicam.
1576 3499 1743 3571 Igitur
1789 3497 2106 3555 Heribertns

520 3607 651 3648 eum
698 3593 911 3649 animos
936 3593 1345 3663 capitaneorum
1370 3591 1528 3651 ultra
1559 3593 1775 3648 modum
1825 3593 1878 3647 in
1916 3591 2106 3663 primis

521 3685 764 3753 luxuria,
788 3685 1043 3752 avaritia,
1075 3685 1382 3757 ceterisque
1406 3683 1564 3741 malis
1594 3684 1800 3741 artibus
1829 3685 2127 3739 inrevoca-v

444 3762 453 3773 '
517 3776 706 3835 biliter
728 3777 959 3836 effrenes
986 3779 1233 3844 vidisset,
1283 3787 1339 3834 et
1377 3766 1854 3849 pt‘aedicatiOnibus
1897 3777 2104 3844 multis,

518 3871 836 3928 ntdec'ebat
871 3880 1023 3929 tanto
1051 3872 1193 3938 viro,
1243 3871 1390 3942 ipsos
1436 3880 1495 3925 ut
1544 3869 1602 3925 in
1660 3870 1852 3940 patriis
1900 3868 2109 3937 legibus

520 3974 931 4037 permanerent,
965 3965 1188 4021 cottidie
1227 3964 1368 4019 idem
1397 3964 1619 4031 egisset,
1664 3977 1763 4018 nec
1808 3961 1971 4016 minis
2008 3974 2110 4014 nec

517 4057 800 4115 blanditiis
823 4059 1085 4115 adversus
1115 4056 1371 4128 populum
1402 4055 1631 4111 animari
1658 4054 1855 4124 putuit.
1879 4053 1981 4128 Qui
2013 4053 2107 4107 Dei

520 4162 713 4207 amore
739 4150 954 4207 vinctus
980 4160 1033 4205 et
1070 4149 1214 4206 beati
1250 4132 1524 4204 Ambrosii
1579 4146 1717 4201 lacte
1747 4160 1871 4200 cum
1915 4143 2110 4215 populo

523 4245 783 4311 nutritus,
836 4258 866 4298 a
924 4242 1136 4311 magnis
1191 4251 1372 4297 tamen
1428 4239 1747 4311 parentibus
1795 4238 1956 4304 altus,
2010 4241 2135 4292 nec’

523 4334 790 4390 militibus
816 4333 907 4403 qui
936 4334 1123 4387 urbem
1147 4331 1371 4387 cottidie
1402 4322 2129 4393 turbabantauxiliabaiur,‘

524 4442 630 4483 nec
654 4426 864 4483 civibus
893 4408 1131 4480 obsesSis
1161 4437 1360 4503 nocere
1385 4406 1668 4485 studebat;
1688 4413 1752 4476 'et
1786 4422 1868 4477 sic
1897 4433 1996 4476 nec
2018 4420 2108 4474 uni

2209 3314 2350 3368 cisse
2370 3352 2384 3377 ,
2419 3306 2791 3367 secretissima
2814 3303 3128 3362 convocatis
3162 3300 3465 3372 aliquantis
3494 3296 3791 3355 nobilibus,

2209 3394 2457 3462 universa
2489 3398 2607 3473 qua:
2634 3416 2757 3457 cum
2787 3392 3114 3469 imperatore
3141 3394 3211 3450 ob
3259 3391 3447 3464 pupuli
3482 3384 3709 3445 tutelam
3737 3397 3795 3438 ac

2208 3497 2357 3568 pacis
2406 3488 2833 3551 stabilimeutntu
2901 3489 3103 3559 egerit,
3172 3484 3412 3542 setiatim
3469 3476 3795 3537 notificando

2210 3565 2485 3643 denudare
2528 3582 2798 3653 sataguit;
2850 3578 3151 3649 quinetiam
3203 3575 3333 3645 quid
3392 3570 3678 3643 augmenti
3722 3565 3796 3620 vel

2210 3679 2339 3749 quid
2386 3674 2700 3732 detrimenti
2749 3672 2850 3741 ipsi
2881 3679 2937 3725 et
2967 3681 3166 3723 uxores
3199 3676 3255 3720 et
3295 3665 3390 3720 filii
3441 3679 3510 3718 ac
3566 3665 3795 3733 ipsorum

2213 3785 2302 3828 res
2329 3785 2360 3823 a
2384 3760 2726 3829 Teutonicis,
2758 3758 2924 3833 gens,
2971 3761 3089 3815 sine
3118 3757 3379 3813 conscilio
3426 3756 3552 3810 sine
3599 3753 3797 3808 miseri-

2214 3850 2433 3927 cordia,
2459 3860 2669 3933 passuri
2705 3866 2917 3923 essent,
2949 3864 3009 3910 ut
3037 3868 3198 3924 quam
3226 3852 3499 3907 citissime
3520 3846 3525 3891 Ῑ
3544 3850 3615 3904 ad
3658 3848 3795 3919 pacis

2214 3955 2484 4009 unitatem
2513 3967 2634 4008 cum
2673 3950 2870 4023 populo
2898 3947 3148 4004 omnibus
3179 3944 3551 4014 antiquorum
3583 3940 3796 3996 remotis

2215 4047 2448 4117 negotiis
2474 4044 2749 4109 venirent,
2770 4041 2840 4097 ob
2864 4038 3102 4110 quaeipsi
3127 4050 3296 4106 usque
3318 4035 3485 4090 modo
3514 4031 3795 4103 pugnando

2213 4138 2487 4197 hostiliter
2533 4150 2560 4191 a
2610 4132 2809 4203 populo
2838 4130 3161 4201 exigebant,
3192 4122 3560 4188 ostendisset,
3593 4135 3649 4179 et
3672 4128 3793 4176 dura

2217 4248 2282 4287 ac
2327 4244 2518 4299 aspera
2565 4216 3036 4281 illisinte’rserens
3083 4219 3294 4282 verbis,
3347 4216 3509 4286 quasi
3550 4215 3794 4283 fatigatus

2216 4321 2482 4380 consedit.
2515 4320 2647 4375 Cum
2675 4315 3027 4371 autem-me
3051 4313 3235 4371 omnia
3262 4304 3391 4381 pars
3418 4308 3509 4364 illa
3542 4308 3794 4363 nobilium

2217 4411 2584 4470 curiosissime
2606 4408 2855 4464 universa
2887 4399 3313 4475 perscrutanda,
3337 4407 3399 4454 ut
3421 4406 3577 4469 gesta
3603 4395 3794 4455 forent,

521 4520 667 4589 parti
696 4502 953 4583 nocebat,
976 4500 1077 4572 nec
1123 4500 1277 4570 alteri
1306 4506 1597 4594 subvenire
1626 4513 1889 4581 curabat.
1920 4513 1991 4566 At
2013 4527 2105 4567 rex
2127 4496 2190 4602 ἠ
2217 4524 2247 4563 a
2276 4507 2535 4561 Lanzone
2564 4488 2945 4587 comperisset,
2972 4483 3168 4551 animis
3193 4507 3291 4602 per
3319 4492 3554 4602 plurima
3582 4489 3671 4602 di'u
3694 4488 3795 4542 dis.

525 4607 794 4664 llenricus
816 4621 938 4662 cum
969 4605 1070 4661 sibi
1095 4590 1311 4660 Italiam.
1331 4605 1400 4682 ob
1422 4602 1595 4674 patris
1641 4602 1921 4672 perfidiam
1975 4600 2111 4657 infe-

528 4707 730 4755 statam
778 4697 961 4753 multis
989 4682 1331 4775 cognovisset
1380 4682 1952 4759 asse’rtionibns,‘nee
2001 4694 2115 4747 nni-

525 4806 683 4848 versa
713 4790 953 4863 ejusdem
1002 4788 1170 4845 Italiae
1201 4788 1303 4844 sibi
1350 4787 1696 4844 adversantia
1751 4801 1847 4856 per
1903 4785 2112 4840 Lanzo-

525 4902 650 4942 nem
690 4900 753 4939 ac
780 4883 914 4940 urbe
963 4881 1444 4938 Mediolanensium
1495 4880 1608 4935 suis
1656 4892 1818 4949 posse
1866 4866 2111 4948 imperiis

524 4979 866 5051 reintegrari,
895 4991 992 5047 per
1019 4976 1370 5046 interpretem
1414 4973 1550 5029 dixit
1584 4991 1596 5025 :
1634 4989 1653 5024 ι
1687 4970 1909 5038 ρηόὰὲὶ
1933 4969 2139 5024 [αηῑοι

1523 5063 1758 5100 ειη-οπλα
1814 5062 1845 5100 ﬁ
1857 5061 2137 5100 rmgumrit'

528 5071 633 5100 ﬂJn
682 5085 744 5100 θυι
813 5067 1110 5100 Λπηηηιιιῖἶο
1156 5065 1276 5100 {nvo
1340 5065 1469 5100 ωἷιιῖ

2229 4599 2417 4655 tractis
2462 4584 2701 4659 diversa,
2763 4596 2979 4647 tandem
3033 4596 3105 4643 'ut
3147 4585 3423 4641 salubrius
3475 4583 3583 4638 illis
3622 4581 3794 4636 Lanae

2217 4691 2372 4746 daret
2393 4685 2710 4742 conscilium
2736 4681 3102 4752 postularunt.
3134 4677 3299 4748 Igitur
3320 4673 3530 4736 Lanzo,
3552 4668 3793 4726 omnibus

2216 4772 2473 4854 prazvisis‘
2495 4768 2740 4834 consiliis
2792 4790 2855 4830 ac
2894 4773 3159 4829 bellorum
3189 4768 3566 4824 determinatis
3594 4764 3794 4835 perieu-

2214 4874 2311 4939 lis,
2343 4870 2665 4929 conscilium
2696 4867 2843 4923 dedit
2885 4874 2942 4919 ut
2971 4864 3279 4927 civitatem,
3301 4874 3467 4930 quam
3499 4858 3600 4928 ipsi
3632 4858 3809 4923 impu-‘

2217 4959 2820 5037 gnaverant,‘pacilice
2870 4954 3213 5027 introgressi,
3260 4968 3381 5023 qua:
3422 4950 3575 5020 pacis
3624 4952 3817 5035 essem.

2218 5036 2519 5100 mnium-unt
2539 5093 2552 5100 .
2580 5066 2701 5100 num
2721 5047 3108 5100 aediﬁcationes
3126 5058 3348 5100 suorum
3368 5052 3426 5096 et
3449 5038 3615 5094 italiae
3641 5036 3792 5091 totius
