3934 5330
680 349 760 372 νιν-α

130 387 240 444 885

1125 382 1447 444 HISTORIA
1486 380 2053 443 IEDIOLANENSIS.
2074 412 2145 427 —
2174 385 2303 443 LIB.
2329 386 2394 442 ιι.

3283 382 3386 440 888

133 501 265 555 titiis
309 500 567 569 omnique
597 497 926 564 substantia,
958 500 1221 554 reseratis
1264 509 1442 554 tamen
1471 497 1705 554 civitatis
1731 500 1781 560 Α
1808 497 1945 553 simo
1972 498 2228 563 dixisset,
2252 495 2575 568 quibusdam
2604 509 2797 567 magna
2833 511 2899 554 ac
2942 492 3203 555 terribilia
3231 497 3385 555 vide-

130 591 315 660 portis
336 630 353 655 ,
380 590 616 644 vultibus
665 590 877 643 illorum
909 589 1073 643 nimia
1117 592 1443 645 verecundia
1489 590 1542 644 in
1576 598 1722 644 terra

133 677 430 743 demissis,
459 678 764 737 homicidiis
790 686 846 731 et
874 679 1183 748 opprobriis
1212 680 1374 750 paulo
1404 689 1564 735 antea
1585 679 1722 734 invi-

120 783 261 831 ,cem
292 786 420 826 cum
448 770 647 840 populo
673 769 1028 836 condonatis,
1056 773 1241 826 urbem
1273 771 1614 825 introierunt.

207 861 305 916 27.
348 859 515 915 Eam
554 868 873 930 tempestate
902 876 1024 915 cum
1067 859 1378 915 domnusm
1407 859 1722 916 Heribertus

132 964 333 1006 omnes
359 950 475 1006 fere
513 949 626 1019 jam
657 953 927 1007 visitasset
958 952 1234 1006 civitatum
1278 952 1419 1006 beati
1449 951 1720 1007 Ambrosii

132 1042 548 1112 suﬁraganeos,
601 1059 830 1115 quorum
881 1045 1055 1115 gratia
1106 1042 1315 1098 ltalia‘m
1367 1043 1716 1109 circuiverat,

141 1133 273 1189 illos
303 1134 355 1188 in
387 1136 639 1190 omnibus
666 1134 819 1189 bonis
845 1135 1169 1199 adhortans,
1210 1133 1504 1188 Taurinum
1547 1132 1719 1187 bono-

131 1240 262 1279 rum
295 1226 513 1296 agmine
539 1225 862 1281 clericorum
906 1241 971 1281 ac
1003 1227 1233 1280 militum
1261 1226 1416 1293 copia
1461 1223 1721 1279 strenuis-

133 1313 410 1368 simorum
438 1315 669 1369 vallatus
697 1316 930 1370 devenit.
968 1314 1065 1370 Ubi
1097 1330 1218 1370 cum
1249 1329 1345 1385 per
1373 1314 1577 1384 aliquot
1604 1311 1720 1366 dies

132 1404 405 1469 sedisset,
435 1405 754 1459 cohortatus
784 1404 1098 1475 episcopum
1131 1404 1244 1475 (90)
1271 1412 1327 1458 et
1354 1403 1559 1459 clerum
1587 1404 1721 1458 civi-

133 1496 306 1560 tatis,
335 1496 590 1567 pupulum
625 1497 789 1551 totius
819 1497 1002 1562 urbis,
1033 1495 1360 1567 prapheticis
1405 1504 1459 1550 et
1498 1508 1720 1566 aposto-

135 1586 266 1641 licis
302 1587 812 1651 ammonitionibus,
843 1595 902 1640 ut
932 1596 1085 1640 tanto
1116 1587 1339 1642 decebat
1368 1584 1522 1653 viro,
1550 1602 1721 1657 quan-

134 1676 269 1730 dam
318 1676 568 1730 haeresim
616 1675 945 1739 inauditam,
1001 1691 1122 1745 qua
1170 1692 1342 1746 nuper
1390 1677 1444 1730 in
1495 1674 1720 1730 castello

136 1780 309 1834 supra
357 1764 536 1820 locum
580 1767 672 1834 qui
724 1765 1041 1820 Monsl'ortis
1084 1775 1310 1821 vocatur
1359 1775 1718 1830 convenerat,

138 1857 352 1911 audivit
382 1858 518 1928 (9!).
553 1856 704 1923 Quod
734 1872 857 1912 cum
890 1856 1206 1912 Heribertus
1233 1858 1550 1921 audivisset,
1581 1855 1721 1911 illico

132 1946 305 2015 jussit
327 1962 394 2000 ex
428 1947 545 2018 ipso
575 1956 755 2001 castro
784 1946 1058 2002 hominem
1090 1947 1233 2002 illius
1258 1948 1513 2014 haeresis,
1540 1956 1602 2002 ut
1626 1963 1719 2001 ve-

139 2036 260 2090 rius
292 2052 404 2090 rem
434 2039 603 2108 ipsant
632 2048 1009 2110 cognosceret,
1047 2039 1147 2095 sibi
1195 2040 1592 2110 reprsesentari.
1621 2040 1722 2107 Qui

137 2141 269 2180 cum
327 2136 456 2182 ante
502 2127 619 2196 ejus
663 2129 869 2184 vultum
934 2130 1203 2195 venisset,
1260 2130 1720 2201 promptissimum

137 2231 344 2287 gerens
388 2216 453 2272 ad
487 2220 794 2288 passionem
835 2221 1072 2275 animum
1093 2261 1108 2286 ,
1138 2220 1293 2277 laetus
1320 2222 1364 2276 si
1394 2222 1559 2276 vitam
1600 2236 1725 2291 snp-

136 2307 323 2375 pliciis
371 2310 707 2379 gravissimis
764 2311 976 2379 ﬁniret,
1023 2311 1170 2365 vultu
1219 2312 1380 2366 alacri
1430 2312 1498 2366 ad
1544 2311 1724 2365 omnia

141 2397 478 2465 respondere
502 2408 721 2468 paratus
747 2400 936 2454 astitit.
966 2398 1037 2453 At
1058 2398 1371 2454 lleribertus
1399 2414 1523 2454 cum
1551 2399 1724 2467 ipsum

144 2493 299 2537 tanta
330 2487 631 2540 constantia
663 2498 910 2557 paratum
943 2488 1195 2552 vidisset,
1226 2489 1466 2542 seriatim
1513 2502 1578 2543 ac
1607 2496 1723 2541 stu-

144 2573 305 2629 diose
352 2576 522 2629 vitam
565 2587 617 2632 et
664 2593 843 2633 mores
889 2594 954 2633 ac
1004 2578 1214 2633 illorum
1264 2578 1423 2633 ﬁdem
1460 2577 1724 2633 sciscitari

140 2664 337 2734 cmpit.
371 2665 537 2734 Igitur
564 2666 783 2721 licentia
814 2670 936 2722 data
980 2685 1042 2724 ac
1084 2668 1297 2724 silentio
1327 2669 1614 2738 imperato,
1646 2669 1729 2724 di-

139 2772 280 2810 cens
307 2758 573 2813 Girardus
598 2761 825 2815 adorsus
846 2771 929 2815 est
959 2779 971 2815 :
1003 2780 1021 2812 r
1053 2760 1163 2815 Deo
1186 2761 1545 2831 omnipotenti
1577 2760 1725 2816 l’atri

145 2856 207 2901 et
241 2847 387 2901 Filio
414 2858 469 2903 et
505 2848 730 2919 Spirittti
762 2860 950 2905 sancto
981 2852 1186 2919 gratias
1210 2849 1383 2905 refero
1413 2852 1723 2917 immensas,

142 2937 295 3004 quod
326 2945 436 2990 tam
469 2940 710 2992 studiose
758 2940 844 2992 ine
888 2939 1164 3008 inquirere
1215 2940 1480 3010 satagitis.
1521 2940 1585 2994 Et
1634 2940 1725 3009 qui

142 3038 246 3079 vos
272 3024 342 3078 ab
372 3025 528 3080 initio
553 3026 606 3080 in
632 3026 830 3082 lumbis
855 3029 981 3082 Adae
1005 3030 1284 3099 cognovit,
1318 3038 1522 3083 annuat
1543 3038 1599 3083 ut
1624 3028 1725 3084 sibi

148 3114 356 3168 vivatis
387 3115 602 3185 sibique
631 3118 935 3172 moriamini
960 3159 975 3184 ,
999 3127 1054 3173 et
1084 3135 1204 3174 cum
1238 3121 1350 3189 ipso
1378 3136 1472 3190 per
1505 3117 1728 3174 sarculo-

145 3221 271 3274 rutti
322 3209 519 3262 saecula
570 3219 857 3280 regnantes
903 3211 1229 3280 gloriemini.
1258 3211 1433 3268 Vitam
1467 3228 1642 3270 meum
1671 3223 1727 3268 et

144 3311 401 3350 meorum
434 3297 662 3352 fratrum
694 3301 889 3370 ﬁdem,
915 3303 1275 3373 qualicunque
1315 3304 1495 3358 animo
1520 3319 1585 3358 ea
1621 3304 1725 3359 sci-

143 3386 472 3453 scitetis‘“,
505 3390 657 3444 vobis
680 3391 908 3446 edicam.
958 3391 1335 3460 Virginitatem
1381 3409 1492 3463 pra:
1531 3396 1726 3449 ceteris

142 3476 464 3551 laudamus;
507 3496 702 3536 uxores
734 3484 1027 3549 habentes,
1056 3485 1147 3555 qui
1179 3484 1331 3554 virgo
1375 3492 1458 3539 est
1503 3485 1725 3555 virgini-

144 3575 319 3620 tatem
344 3579 659 3637 conservat,
679 3572 770 3641 qui
795 3583 975 3628 autent
1004 3583 1312 3643 corruptus,
1338 3573 1463 3627 data
1487 3588 1516 3627 a
1542 3582 1726 3628 nostro

142 3660 346 3729 majori
397 3661 619 3723 licentia
668 3667 974 3725 castitatem
1037 3679 1353 3737 perpetuam
1404 3680 1727 3722 conservare

144 3750 331 3806 liceat.
367 3752 539 3810 Nemo
585 3770 828 3813 nostrum
865 3776 1034 3817 uxore
1075 3764 1367 3820 carnaliter
1415 3763 1602 3825 utitur,
1632 3761 1725 3816 sed

140 3844 307 3911 quasi
338 3854 569 3900 matrem
601 3858 694 3903 aut
723 3866 965 3906 sororem
990 3854 1220 3925 diligens
1251 3865 1416 3912 tenet.
1462 3855 1728 3911 Carnibus

143 3949 449 4003 numquam
477 3939 774 4007 vescimur;
812 3944 1016 4015 jejunia
1048 3948 1305 4004 continua
1350 3959 1405 4005 et
1454 3950 1729 4003 orationes

142 4024 524 4082 indesinenter
564 4029 867 4101 fundimus;
899 4052 1112 4107 semper
1140 4040 1226 4094 die
1274 4056 1337 4095 ac
1380 4049 1537 4096 nocte
1560 4039 1725 4094 nostri

142 4113 388 4181 majores
442 4118 680 4175 vicissim
727 4135 913 4190 orant,
983 4138 1254 4197 quatenus
1309 4130 1440 4185 hom
1487 4132 1730 4187 oratione

141 4220 321 4261 vacua
354 4223 460 4262 non
486 4222 791 4279 praetereat.
813 4216 1038 4273 Omnem
1068 4231 1310 4277 nostram
1335 4224 1728 4292 possessionem

142 4315 270 4350 cum
293 4302 549 4358 omnibus
568 4305 875 4363 hominibus
896 4325 1235 4367 communem
1260 4315 1539 4369 habemus.
1560 4316 1729 4373 Nemo

144 4399 402 4445 nostrum
434 4393 552 4453 sine
582 4400 865 4455 tormentis
893 4402 1054 4455 vitam
1086 4403 1240 4470 ﬁnit,
1291 4415 1348 4459 ut
1378 4416 1579 4464 aeterna
1618 4419 1729 4463 tor-

142 4492 334 4536 menta
370 4485 603 4541 evadere
628 4492 917 4561 possimus.
950 4493 1164 4549 Patrem
1208 4507 1262 4550 et
1305 4494 1498 4555 Filium
1528 4508 1581 4554 et
1609 4501 1726 4570 Spi-

144 4573 320 4625 ritunr
364 4588 614 4631 sanctum
662 4583 934 4639 credimus
982 4595 1037 4638 et
1082 4586 1422 4644 confitemur.
1476 4592 1558 4645 Ab
1620 4592 1726 4649 illis

144 4681 313 4733 vero,
347 4669 439 4736 qui
486 4682 809 4738 potestatem
856 4676 1058 4731 habent
1101 4677 1301 4746 ligandi
1354 4690 1407 4735 et
1451 4683 1726 4752 solvendi,

146 4756 309 4825 ligari
338 4773 402 4813 ac
431 4760 566 4814 solvi
593 4763 883 4819 credimus.
917 4766 1082 4821 Vetus
1112 4783 1175 4821 ac
1209 4784 1403 4824 novum
1432 4779 1727 4828 testamen-

145 4851 262 4902 tum
292 4861 358 4902 ac
379 4858 602 4904 sanctos
623 4866 858 4911 canones
879 4856 1101 4909 cottidie
1129 4857 1367 4928 legentes
1400 4870 1664 4917 tenemus.
1698 4882 1717 4915 ι

104 5014 125 5033 .
147 4936 394 5007 Cumque
422 4938 537 4995 haec
565 4947 618 4995 et
645 4942 809 4997 multa
854 4945 958 4999 alia
994 4946 1255 5004 Girardus
1287 4949 1501 5020 ingenio
1529 4953 1729 5006 acutis.

1825 586 2042 645 bantur.
2068 591 2282 647 lnterea
2312 590 2542 646 domnus
2558 588 2627 625 ⁸³⁸
2651 586 2967 643 Hcribertus
2988 585 3103 654 ejus
3131 586 3386 642 astutiam

1821 688 1877 737 et
1921 680 2191 751 ingenium
2240 695 2543 751 agnoscens
2570 693 2826 748 pravum,
2853 678 2919 733 de
2956 677 3180 749 singulis
3207 678 3387 732 verbis

1822 788 1943 844 qua:
1970 773 2085 843 ipse
2112 774 2464 843 praedixerat,
2489 771 2721 842 qualiter
2747 780 2838 825 aut
2867 770 3135 840 quomodo
3159 770 3389 826 sentiret

1822 880 1886 921 ac
1916 866 2048 922 socii
2071 865 2217 936 ejus,
2242 866 2519 921 evidenter
2538 863 2751 935 aperire
2772 862 3021 933 praecepit
3038 902 3053 927 ,
3076 872 3130 917 et
3153 860 3388 916 maxime

1821 956 2054 1025 qualiter
2103 958 2169 1011 de
2213 956 2375 1012 Patre
2418 965 2471 1010 et
2517 955 2654 1010 Filio
2684 962 2738 1008 et
2768 953 2971 1023 Spiritu
3007 963 3194 1007 sancto
3222 952 3389 1007 senti-

1822 1057 1974 1110 rent;
1999 1045 2137 1101 etm
2157 1055 2419 1116 praeterea
2431 1044 2500 1076 ⁸³⁷
2525 1045 2590 1099 de
2614 1043 2844 1114 singulis
2869 1042 3125 1112 praecepit
3153 1042 3386 1111 aperire.

1820 1135 1938 1204 Quo
1968 1138 2151 1193 audito
2180 1136 2444 1193 Girardus
2468 1135 2805 1190 laetabundus
2841 1133 3000 1189 inﬁt:
3043 1152 3060 1185 ι
3096 1133 3247 1199 Quod
3272 1131 3382 1185 dixi

1820 1224 2037 1281 Patrem
2056 1264 2073 1290 ,
2105 1225 2247 1281 Deus
2275 1235 2359 1281 est
2381 1236 2644 1287 attentus,
2677 1224 2767 1292 qui
2808 1222 2987 1277 omnia
3015 1231 3073 1275 ut
3102 1222 3169 1276 ab
3198 1221 3383 1286 initio,

1820 1316 1952 1371 etin
1983 1330 2090 1386 quo
2117 1315 2297 1370 omnia
2324 1315 2644 1369 consistunt.
2677 1312 2831 1379 Quod
2869 1313 2976 1366 dixi
3005 1312 3195 1367 Filium
3218 1350 3233 1374 ,
3268 1311 3380 1365 ani-

1820 1422 1941 1462 mus
1965 1415 2049 1462 est
2072 1405 2306 1461 hominis
2330 1422 2361 1461 a
2391 1407 2500 1462 Deo
2528 1405 2777 1459 dilectus.
2806 1404 2958 1472 Quod
2987 1404 3099 1459 dixi
3127 1402 3384 1473 Spiritum

1820 1508 2067 1555 sanctum
2086 1539 2100 1563 ,
2131 1499 2434 1553 divinarum
2463 1497 2814 1553 scientiarum
2858 1485 3205 1559 intellectus,
3224 1510 3253 1548 a
3278 1509 3385 1564 quo

1820 1596 2015 1644 cuncta
2046 1588 2277 1643 discrete
2318 1595 2596 1658 reguntur.
2631 1604 2648 1637 ι
2682 1585 2764 1639 Ad
2797 1586 2911 1640 haec
2960 1584 3274 1649 lleribertns
3302 1599 3389 1640 re-

1821 1679 2037 1749 spondit
2065 1697 2079 1733 :
2124 1696 2143 1730 v
2175 1678 2362 1733 Amice
2384 1718 2398 1741 ,
2424 1678 2492 1732 de
2517 1676 2736 1732 Christo
2761 1673 2890 1729 Jesu
2917 1675 3133 1729 domino
3163 1684 3382 1737 nostro.

1820 1771 1912 1841 qui
1950 1779 2106 1825 natus
2132 1777 2216 1824 est
2243 1769 2307 1822 de
2337 1768 2504 1822 Maria
2537 1766 2765 1837 virgine,
2790 1767 3015 1822 verbum
3042 1765 3238 1831 l'atris,
3261 1766 3388 1834 quid

1823 1861 1993 1916 dicis?
2024 1880 2042 1912 ι
2073 1860 2372 1930 Respondit
2401 1878 2414 1913 :
2450 1878 2468 1911 ι
2509 1857 2689 1914 Iesum
2715 1857 2989 1921 Christum
3020 1872 3178 1926 quem
3220 1857 3389 1921 dicis,

1823 1962 1909 2008 est
1932 1952 2142 2006 animus
2170 1950 2496 2005 sensualiter
2535 1958 2693 2004 natus
2724 1964 2791 2003 ex
2833 1947 2997 2002 Maria
3041 1947 3278 2019 virgine,
3312 1948 3394 2001 vi-

1826 2045 2019 2101 delicet
2044 2056 2202 2099 natus
2216 2051 2378 2099 estex
2393 2050 2579 2098 sancta
2608 2042 2896 2112 scriptura.
2922 2038 3154 2109 Spiritus
3175 2048 3393 2095 sanctus

1824 2143 2133 2191 sanctarum
2159 2134 2550 2204 scripturarum
2571 2149 2693 2188 cum
2719 2132 3003 2193 devotione
3024 2132 3345 2187 intellectus.
3367 2148 3387 2183 ι

1826 2225 2143 2281 Ileribertus
2172 2239 2185 2278 :
2220 2243 2239 2276 ι
2273 2223 2542 2295 Conjuges
2570 2238 2739 2294 quare
2766 2222 3013 2292 accipitis
3055 2222 3157 2279 nisi
3203 2222 3270 2276 ad
3298 2235 3391 2276 so-

1825 2315 2002 2370 bolem
2031 2313 2451 2384 procreandam,
2501 2315 2641 2369 unde
2686 2314 2981 2368 humanum
3012 2327 3180 2383 genus
3206 2326 3396 2383 nasceo

1828 2406 2012 2461 retur?
2044 2428 2062 2459 ι
2093 2404 2390 2476 Respondit
2414 2423 2427 2460 :
2448 2423 2465 2456 ι
2498 2404 2554 2459 Si
2578 2405 2887 2459 universum
2912 2418 3080 2475 genus
3102 2403 3392 2456 humanum

1826 2512 1946 2553 sese
1972 2498 2342 2569 coniungeret,
2373 2506 2433 2555 ut
2461 2497 2857 2567 corruptionem
2884 2511 2988 2550 non
3016 2496 3264 2559 sentiret,
3287 2494 3395 2549 sic-

1828 2604 1888 2653 ttt
1950 2608 2080 2665 apes
2121 2594 2239 2649 sine
2280 2593 2422 2649 coitu
2470 2608 2641 2664 genus
2684 2593 2996 2662 gigneretur
3022 2593 3337 2657 humanum.
3368 2609 3388 2643 ι

1831 2683 2146 2741 Hcribertus
2176 2704 2188 2738 :
2227 2704 2245 2736 ι
2278 2685 2630 2740 Peccatorum
2678 2693 2989 2739 nostrorum
3024 2683 3293 2739 absolutio
3334 2684 3395 2739 in

1830 2793 1937 2848 quo
1966 2777 2082 2831 est?
2108 2777 2160 2830 in
2204 2775 2501 2846 apostolico
2522 2815 2536 2840 ,
2564 2787 2658 2829 aut
2701 2776 2754 2829 in
2798 2775 3082 2845 episcopo,
3110 2785 3201 2828 aut
3230 2774 3283 2828 in
3311 2789 3397 2828 sa-

1828 2869 2049 2926 cerdote
2073 2866 2295 2937 aliquo?
2322 2886 2342 2918 ι
2370 2865 2665 2936 Respondit
2690 2883 2704 2920 :
2742 2883 2760 2915 ι
2788 2864 3101 2924 Pontiﬁcem
3134 2865 3399 2919 habemus

1829 2975 1938 3016 non
1981 2958 2131 3013 illum
2161 2957 2465 3010 Romanum
2490 2996 2506 3021 ,
2552 2955 2646 3010 sed
2682 2955 2850 3011 alium
2871 2995 2886 3021 ,
2934 2955 3027 3024 qui
3055 2954 3273 3010 cottidie.
3302 2968 3399 3024 per

1829 3052 2017 3106 orbem
2044 3059 2310 3103 terrarum
2339 3048 2537 3103 fratres
2561 3057 2775 3102 nostros
2796 3047 2982 3101 visitat
3015 3047 3319 3116 dispersos;
3343 3058 3400 3103 et

1830 3140 2051 3209 quando
2080 3140 2221 3193 Deus
2248 3137 2396 3192 illum
2440 3136 2598 3192 nobis
2646 3137 2951 3203 ministrat,
2993 3146 3115 3196 tunc
3151 3145 3399 3206 peccato-

1828 3247 1889 3286 ru
1898 3248 1946 3295 tn
1960 3240 2268 3285 nostrorum
2284 3228 2439 3284 venia
2453 3243 2658 3282 summa
2675 3241 2796 3282 cum
2812 3228 3096 3283 devotione
3108 3227 3359 3282 donatur.
3372 3248 3392 3281 ι

1826 3321 2189 3377 Heribertus:
2247 3338 2266 3372 ‹
2302 3320 2424 3375 Vita
2470 3328 2649 3374 vestra
2695 3320 2965 3390 quomon
3014 3320 3067 3374 in
3118 3320 3402 3375 tormentis

1826 3412 1977 3469 ﬁnit?
2010 3431 2027 3463 ι
2063 3410 2359 3480 Respondit
2392 3429 2405 3464 :
2443 3431 2461 3463 ι
2499 3410 2554 3464 Si
2585 3426 2686 3466 nos
2714 3425 2813 3479 per
2844 3410 3131 3465 tormenta
3159 3426 3189 3464 a
3237 3410 3399 3465 malis

1825 3500 2131 3555 hominibus
2168 3500 2324 3554 nobis
2358 3500 2565 3567 ingesta
2612 3499 2923 3565 deﬁcimus,
2968 3500 3295 3570 gaudemus;
3348 3499 3398 3553 si

1825 3600 2003 3649 autem
2035 3589 2323 3659 aliquando
2365 3604 2464 3643 nos
2508 3588 2575 3642 ad
2621 3598 2848 3645 mortem
2885 3599 3077 3644 natura
3105 3590 3396 3660 perducit,

1827 3682 2106 3751 proximus
2151 3692 2354 3743 noster,
2386 3689 2675 3748 antequam
2720 3680 2955 3733 animam
3006 3682 3224 3745 damus,
3264 3697 3399 3751 quo-

1828 3770 2096 3840 quomodo
2120 3769 2374 3822 interlicit
2404 3781 2521 3820 nos.
2559 3786 2578 3818 ι
2606 3766 2739 3821 Cum
2783 3768 2897 3820 haec
2939 3769 3115 3821 omnia
3149 3768 3403 3826 Heribero

1829 3868 1916 3914 tus
1941 3859 2163 3913 auribus
2186 3856 2416 3911 intentis.
2436 3854 2752 3921 audivisset,
2780 3855 2940 3910 tacite
2965 3857 3183 3921 mirans,
3205 3861 3403 3916 ceteris

1828 3961 2008 4007 autem
2032 3966 2125 4004 sua
2151 3948 2324 4016 capita
2349 3945 2660 4000 nutantibus
2687 3964 2700 3999 :
2726 3947 2769 4001 si
2800 3947 2851 4001 in
2886 3946 3041 4002 ﬁdem
3058 3949 3400 4016 catholicam,

1828 4057 1990 4112 quam
2025 4040 2266 4094 Romana
2297 4037 2522 4092 ecclesia
2558 4044 2791 4099 tenet,et
2812 4037 3157 4106 baptismum,
3191 4045 3241 4091 et
3275 4054 3403 4093 vero

1829 4133 2025 4189 Filium
2050 4130 2166 4194 Dei,
2186 4129 2277 4198 qui
2311 4136 2470 4182 natus
2497 4137 2658 4182 estex
2680 4128 2846 4183 Maria
2873 4129 3079 4200 virgine
3106 4130 3403 4185 secundum

1828 4245 2046 4287 carnem
2070 4224 2401 4285 crederet,et
2423 4220 2551 4275 illttd
2574 4235 2694 4275 esse
2719 4236 2899 4275 verum
2921 4237 3114 4290 corpus
3138 4231 3192 4277 et
3218 4236 3403 4275 verum

1829 4319 2189 4391 sanguinem,
2244 4328 2406 4383 quem
2465 4314 2720 4391 sacerdos
2792 4312 3088 4367 catholicus
3156 4311 3406 4381 quamvis

1828 4388 2082 4485 peccator
2105 4427 2200 4483 per
2219 4410 2443 4465 verbum
2459 4388 2551 4462 Dei
2581 4405 2908 4471 sanctiﬁcat,
2935 4420 3058 4459 cum
3084 4405 3403 4461 sciscitatus

1834 4515 1936 4559 est.
1969 4503 2266 4572 Respondit
2296 4518 2310 4555 :
2345 4518 2363 4552 ι
2398 4499 2603 4554 Praeter
2653 4506 2898 4552 nostrum
2942 4496 3248 4563 pontiﬁcem
3295 4509 3407 4549 non

1832 4603 1915 4650 est
1940 4594 2078 4648 alius
2104 4591 2345 4662 pontifex
2364 4631 2378 4655 ,
2413 4587 2659 4658 quamvis
2688 4587 2806 4642 sine
2841 4595 3059 4641 tonsura
3089 4584 3283 4655 capitis
3311 4586 3405 4649 sit,

1832 4701 1932 4742 nec
1949 4684 2271 4739 misterium.
2287 4701 2306 4734 ›
2325 4680 2441 4751 Quo
2454 4679 2660 4745 audito,
2680 4687 2740 4730 ut
2762 4676 2901 4731 fama
2924 4676 3137 4731 illorum
3165 4684 3303 4740 erat,
3328 4675 3407 4730 rei

1830 4777 2031 4833 veritas
2058 4773 2322 4843 apparuit.
2353 4771 2420 4824 Et
2466 4771 2690 4822 mittens
2731 4767 3046 4822 Heribertus
3071 4764 3410 4834 quampluri-

1833 4884 1950 4924 mos
1976 4866 2175 4920 milites
2222 4864 2290 4919 ad
2339 4861 2488 4915 illum
2538 4857 3006 4921 Monteml‘ortem,
3038 4869 3231 4909 omnes
3271 4867 3411 4921 quos

1828 4956 2076 5012 invenire
2104 4954 2312 5025 potuit,
2338 4949 2519 5021 cepit;
2553 4948 2696 5004 inter
2717 4961 2852 5018 quos
2880 4943 3215 5002 comitissam
3242 4941 3414 5000 castri

1447 5083 1682 5142 VARIA‘I
1722 5086 2138 5145 LECTIONES.
