3934 5330
447 164 555 221 887

445 171 555 234 .337
1427 171 1772 230 LANDULFI
1811 172 2358 230 MEDlOLANENSIS
2397 172 2667 229 CLERICI

448 277 597 369 illius
624 278 676 333 in
706 279 811 336 hac
841 281 1034 337 haeresi
1078 283 1403 340 sentientem
1445 287 1692 356 cepit“.
1719 287 1866 356 Quos
1895 304 2018 345 cum
2047 293 2095 351 Α
2124 287 2363 354 rlebant,
2393 302 2458 343 ac
2484 287 2529 343 si
2561 301 2774 357 semper
2801 284 2855 369 in
2882 283 3027 340 vasis
3059 283 3347 341 latissimis
3390 299 3455 342 ea
3483 300 3689 343 servas-

444 366 806 425 llortiolanum
836 371 1109 436 duxisset,
1132 382 1188 429 et
1210 390 1308 444 per
1334 376 1532 433 multos
1554 379 1672 435 dies
1697 388 1752 435 et
1781 397 1877 451 per
1897 395 2025 438 suos
2122 386 2265 433 sent.
2322 376 2528 444 Quibus
2574 377 2708 431 visis
2760 366 3058 431 seminibus
3105 376 3444 447 omninoque
3502 379 3692 435 ebetati

447 463 764 519 sacerdotes
795 462 849 518 in
880 463 985 519 title
1014 466 1279 521 catholica
1326 482 1419 525 eos
1455 470 1772 542 reinlegrari
1812 473 2024 528 deside-

449 568 580 606 rans
611 553 940 618 laborasset,
972 554 1168 613 timens
1210 571 1278 611 ne
1319 572 1490 627 genus
1524 560 1690 617 Italiae
1720 562 1878 630 hujus
1918 564 2027 619 lite-

448 644 557 696 resi
585 645 1068 709 contaminaretur,
1096 647 1487 717 perplurimum
1524 650 1764 706 dolebat.
1814 654 1885 707 At
1925 651 2027 722 ipsi

450 730 822 787 nefandissimi
852 742 907 789 et
950 748 979 788 a
1011 750 1119 805 qua
1149 736 1299 791 orbis
1345 746 1497 806 parte
1525 739 1581 794 in
1618 739 1769 794 ltalia
1802 741 2030 796 fuissent

449 823 629 876 eventi
659 823 850 889 inscii,
896 829 1050 895 quasi
1083 827 1209 882 boni
1253 829 1560 885 sacerdotes
1604 833 1822 887 cottidie
1849 843 2027 890 tamen

452 915 702 983 privatim
736 918 984 978 rusticis.
1006 918 1101 989 qui
1129 920 1182 974 in
1216 921 1319 977 hac
1349 921 1483 977 u’rbe
1507 938 1600 978 eos
1624 924 1837 979 videndi
1868 939 2030 979 causa

452 1016 853 1075 convenerant,
898 1008 1033 1065 falsa
1084 1010 1390 1066 rudimenta
1434 1029 1463 1067 a
1504 1015 1791 1085 scripturis
1835 1015 2032 1070 divinis

453 1096 661 1152 detorta
691 1100 1053 1155 seminabant.
1089 1102 1243 1168 Quod
1281 1117 1403 1159 eum
1434 1105 1673 1162 civitatis
1720 1107 1877 1176 hujus
1924 1124 2032 1162 ma-

447 1188 599 1255 jores
646 1188 769 1245 laici
830 1194 1264 1263 comperissent,
1312 1210 1443 1266 rego
1494 1195 1724 1251 mirabili
1772 1212 2032 1264 accenso,

455 1292 621 1334 cruce
658 1280 875 1337 Domini
909 1285 975 1338 ab
1008 1284 1178 1341 altera
1212 1295 1367 1355 parte
1394 1296 1603 1354 erecta,
1631 1288 1913 1345 Heriberto
1936 1305 2036 1345 no-

458 1368 605 1424 lente
632 1367 736 1425 illis
765 1370 1015 1425 omnibus
1043 1373 1252 1429 eductis
1290 1374 1374 1431 lex
1413 1376 1539 1432 talis
1569 1387 1652 1432 est
1681 1379 1805 1434 data
1850 1390 1926 1445 ut,
1975 1380 2021 1436 si

459 1458 680 1527 vellent,
707 1461 856 1515 onmi
882 1463 1107 1533 perﬁdia
1140 1463 1350 1534 alijecta
1383 1483 1600 1525 crucem
1633 1469 1955 1535 adorarent,
1982 1480 2037 1526 et

460 1549 620 1604 ﬁdem
671 1566 833 1621 quam
887 1552 1172 1616 universus
1226 1556 1377 1612 orbis
1431 1567 1577 1613 tenet
1624 1561 2035 1625 conﬁterentur,

2124 466 2466 523 ineil'abiliter
2525 466 2880 523 mirabantur.
2925 466 3092 533 igitur
3135 467 3315 522 clerus
3361 477 3421 522 et
3471 469 3688 538 populus

2125 556 2441 619 universus,
2472 565 2734 610 matrona:
2764 565 2819 609 et
2850 554 3190 625 paupercula:
3220 556 3481 612 mulieres
3509 558 3573 612 de
3603 557 3689 613 Dei

2125 646 2498 701 misericordia
2557 648 2927 712 confidentes,
2974 647 3344 712 orationibus,
3398 648 3602 719 vigiliis
3641 666 3696 706 ac

2121 736 2342 808 jejuniis
2392 752 2600 792 necnon
2649 737 2965 809 elimosynis
3012 738 3181 792 Deum
3226 748 3282 793 et
3333 749 3556 804 sanctos
3597 741 3701 815 eius

2127 827 2348 882 cottidie
2371 835 2426 881 et
2456 827 2829 882 indesinenter
2855 825 3222 896 supplicantes
3248 828 3537 882 humiliter
3577 844 3695 885 exo-

2130 919 2344 972 rabant.
2369 916 2576 983 Quibus
2601 931 2697 983 per
2719 917 2984 987 plurimos
3003 917 3122 971 dies
3144 915 3412 988 fatigatis,
3435 915 3598 984 Deus,
3622 918 3703 987 qui

2130 1020 2236 1065 non
2268 1011 2471 1080 patitur
2492 1024 2619 1064 suos
2642 1009 2891 1078 temptari
2920 1008 3062 1062 ultra
3088 1024 3250 1077 quam
3276 1017 3507 1079 possunt
3533 1008 3670 1064 ferre
3689 1049 3705 1073 ,

2133 1098 2434 1153 clementiae
2474 1113 2589 1154 sua:
2632 1098 3010 1154 misericordia
3058 1099 3278 1167 pietatis
3333 1097 3702 1167 affectum”,

2131 1198 2190 1243 ut
2213 1197 2369 1257 pater
2393 1188 2878 1253 clementissimus,
2914 1187 3207 1243 mitissime
3237 1189 3459 1256 aperire
3490 1203 3559 1243 ac
3585 1202 3709 1259 parts

2134 1278 2266 1333 dere
2312 1278 2544 1332 curavit.
2592 1277 2727 1333 Cum
2772 1277 2919 1332 enim
2965 1276 3439 1347 quadragesimale
3459 1277 3715 1348 jejunium

2135 1369 2369 1424 termino
2395 1375 2759 1423 concurrente
2800 1382 2900 1424 suo
2932 1366 3164 1432 ﬁnis“,
3209 1367 3410 1436 palmis
3459 1383 3527 1423 ac
3572 1368 3714 1423 olivis

2137 1458 2350 1515 traditis
2400 1458 2686 1523 fidelibus,
2736 1458 3129 1522 accelerasset,
3176 1465 3233 1511 et
3273 1455 3419 1512 sacri
3474 1457 3717 1526 baptismi

2138 1546 2314 1602 fontes
2336 1549 2628 1603 secundum
2648 1547 2792 1603 beati
2819 1546 3093 1602 Ambrosii
3117 1546 3548 1612 ordinationem,
3569 1562 3718 1617 quam

458 1638 595 1694 Slei
646 1653 863 1708 essent;
913 1643 996 1698 sin
1047 1653 1265 1715 autem,
1315 1647 1420 1702 vivi
1463 1646 1801 1714 ﬂammarum
1853 1651 2040 1722 globos
2070 1635 2116 1696 B
2144 1641 2260 1712 ipse
2285 1640 2491 1710 Spiritu
2521 1651 2711 1696 sancto
2733 1640 3169 1696 amministrante
3191 1638 3585 1705 ordinaverat,
3609 1654 3720 1693 san-

461 1730 638 1786 arsuri
668 1731 957 1791 intrarent.
980 1734 1049 1790 Et
1076 1736 1280 1792 factum
1302 1747 1387 1806 est
1423 1749 1482 1793 ut
1507 1740 1700 1809 aliqui,
1729 1739 1794 1795 ad
1820 1757 2042 1798 crucem

464 1821 672 1876 Domini
704 1824 982 1885 venientes
1006 1833 1062 1880 et
1094 1827 1267 1897 ipsam
1300 1829 1625 1885 confitentes
1656 1831 1815 1893 fidem
1861 1832 2047 1887 catho-

466 1912 626 1966 licam
647 1955 662 1979 ,
692 1913 824 1968 salvi
852 1914 980 1970 facti
1017 1927 1180 1983 sunt;
1218 1926 1274 1974 et
1313 1919 1466 1974 multi
1499 1921 1748 1975 manibus
1778 1931 1902 1975 ante
1935 1921 2051 1975 vul-

447 2016 553 2062 vtns
580 2008 762 2063 missis
788 2008 934 2064 inter
975 2009 1222 2066 ﬂammas
1249 2013 1547 2069 exilierunt
1570 2055 1586 2080 ,
1615 2025 1672 2070 et
1699 2016 1898 2071 misere
1930 2031 2046 2072 mo-

468 2097 674 2155 rientes
708 2099 761 2153 in
789 2101 1019 2160 miseros
1048 2102 1260 2158 cineres
1287 2103 1490 2162 redacti
1518 2116 1664 2161 sunt.

537 2188 630 2248 28.
669 2187 1023 2260 Temporem
1057 2209 1166 2264 quo
1199 2194 1314 2249 haec
1358 2197 1659 2264 agebantur
1704 2196 2047 2269 supradicta,

468 2280 790 2337 miraculum
823 2285 1083 2340 memoria
1112 2285 1489 2356 dignissimum
1510 2329 1525 2353 ,
1556 2289 1869 2360 nostrisque
1909 2290 2050 2360 quod

470 2372 634 2427 terris
683 2375 934 2445 apparuit
982 2376 1160 2432 adhuc
1223 2377 1509 2433 lleriberto
1557 2394 1788 2451 corpore
1836 2381 2053 2449 vitaque

471 2465 739 2539 (legente,
761 2476 817 2524 et
846 2468 1083 2525 maxime
1115 2471 1374 2540 quocirca
1405 2472 1547 2527 hanc
1572 2474 1764 2528 urbem
1814 2472 1910 2530 Dei
1942 2473 2055 2529 virq

471 2566 588 2613 tute
611 2569 829 2615 nactum
859 2570 969 2627 est,
1001 2577 1067 2618 ac
1100 2564 1218 2634 ejus
1244 2573 1504 2634 operante
1533 2565 1906 2621 misericordia
1934 2581 2058 2620 ver-

475 2658 654 2707 satum
685 2652 1037 2715 est,calamo
1083 2654 1409 2722 competenti
1457 2653 1688 2711 edicam.
1743 2653 2058 2711 Transactis

477 2739 623 2792 enim
647 2753 915 2805 annorum
946 2741 1235 2796 curriculis
1264 2741 1366 2809 25,
1394 2742 1448 2796 in
1476 2742 1672 2813 quibus
1710 2744 1867 2800 famis
1896 2744 2060 2815 pesti-

479 2827 647 2892 lentia
700 2828 815 2883 fere
864 2840 1066 2884 terram
1135 2831 1444 2891 universam
1493 2832 1827 2888 attenuando
1872 2841 2061 2903 gentes

480 2929 638 2979 notas
664 2928 721 2975 et
753 2921 964 2989 ignotas
996 2921 1297 2988 invaserat,
1340 2930 1397 2977 et
1449 2922 1765 2979 Heribertus
1797 2924 2061 2995 archiepi-

481 3024 681 3080 scopus
706 3012 1071 3078 venerandus,
1101 3019 1262 3081 prout
1291 3028 1453 3083 supra
1498 3014 1717 3079 dixi”,
1750 3014 1803 3068 in
1832 2989 2059 3070 veritate
2086 2989 2136 3052 (λ

485 3102 855 3168 comperiens,
890 3102 957 3157 ab
1006 3102 1230 3157 introitu
1258 3103 1340 3159 sui
1370 3104 1593 3159 honoris
1639 3105 1818 3159 divina
1852 3106 2065 3160 miseri-

486 3176 672 3244 cordia
700 3190 960 3256 edoctus,
1004 3189 1333 3262 elimosynas
1378 3192 1601 3247 cottidie
1646 3192 1934 3264 largiretur
1965 3195 2065 3248 im-

487 3296 741 3349 mensas,
771 3290 834 3337 ut
859 3283 941 3337 sui
969 3298 1164 3338 cursus
1195 3283 1355 3340 linem
1400 3284 1498 3339 Dei
1547 3285 1833 3343 clementia
1865 3300 2063 3356 appro-

483 3372 676 3438 baret,
719 3374 974 3432 omnibus
1021 3374 1269 3431 ﬁdelibus
1318 3384 1372 3431 et
1422 3375 1730 3432 infidelibus
1779 3377 2068 3448 diligenter

490 3462 779 3518 ostendere
803 3464 1031 3519 curavit.
1066 3463 1357 3522 Venientes
1405 3476 1586 3522 autem
1624 3477 1871 3524 aratores
1897 3478 1952 3523 et
1974 3470 2069 3525 be-

490 3552 633 3609 bulci
664 3554 869 3609 cum“
898 3563 1166 3611 terrarum
1214 3556 1392 3614 sulcos
1437 3556 1682 3629 diligenti
1732 3574 1861 3612 cura
1908 3558 2070 3614 solito

493 3659 645 3699 more
675 3656 1063 3716 superassent,
1092 3657 1147 3703 et
1176 3648 1367 3704 suleuli
1411 3649 1711 3705 cultoribus
1751 3651 1865 3706 suis
1890 3652 2069 3705 sinum

494 3737 565 3793 ad
608 3738 847 3793 debitum
893 3739 1261 3810 recipiendum
1304 3755 1403 3811 per
1443 3741 1650 3796 semina
1696 3743 2070 3812 aperuissent,

493 3830 638 3885 ut‘“
667 3830 869 3901 largius
912 3847 977 3886 ac
1021 3831 1425 3888 habundantius
1465 3841 1709 3889 aratores
1746 3834 1955 3888 semina
1990 3848 2076 3888 se-

492 3929 707 3985 rereut,
736 3921 1134 3990 quodammodo
1168 3922 1424 3992 temporis
1468 3924 1783 3977 ammnitate
1815 3923 1959 3992 ipsos
1984 3922 2075 3978 ad-

496 4004 782 4081 hortante,
819 4011 1032 4080 magnis
1059 4012 1341 4067 exereitiis
1369 4012 1687 4082 magnisque
1715 4012 1992 4068 laboribus
2018 4013 2074 4066 in

494 4102 562 4169 iis
612 4118 835 4174 operam
882 4103 1167 4159 dederunt.
1215 4102 1401 4173 itaque
1445 4104 1732 4159 seminatis
1777 4103 2078 4159 seminibus

497 4194 810 4266 fugatisque
834 4209 864 4248 a
894 4195 1034 4249 cmlo
1059 4195 1324 4256 nubibus,
1354 4194 1591 4249 cultores
1618 4195 1683 4250 de
1713 4195 1799 4250 die
1847 4196 1900 4249 in
1932 4197 2075 4251 diem

497 4285 737 4343 serta“!
797 4301 921 4341 rura
998 4284 1336 4339 manicantes
1397 4285 1716 4340 circuibant.
1777 4284 1986 4341 Interea
2007 4286 2080 4323 W

501 4371 711 4429 ‘anlnm
757 4390 788 4429 a
837 4375 1017 4431 ventis
1069 4376 1304 4441 siccata,
1352 4390 1452 4431 nec
1506 4376 1765 4433 caelorum
1817 4377 2080 4435 imbribus
2112 4344 2164 4405 Β

509 4468 723 4528 madida
770 4482 871 4523 nec
919 4468 973 4523 in
1019 4468 1306 4525 iemalibus
1349 4465 1642 4540 frigoribus
1671 4471 1901 4540 desuper
1946 4469 2081 4527 fusis

508 4560 715 4631 pruinis
780 4561 1036 4628 astricta,
1111 4560 1206 4616 sed
1260 4560 1635 4630 pulverulenta
1700 4562 1855 4632 quasi
1915 4560 2084 4633 Egy-

506 4653 678 4727 ptiaca
706 4662 761 4709 et
788 4653 1124 4710 infructuosa
1146 4651 1517 4736 jacebat..lam
1541 4654 1683 4708 enim
1715 4653 1886 4724 iemps
1911 4662 2086 4708 trans-

507 4744 679 4824 ierat,
706 4754 762 4809 et
787 4761 1041 4816 agrorum
1084 4746 1319 4802 cultores
1367 4745 1552 4816 digitis
1609 4746 1815 4801 semina
1854 4744 2081 4815 fusoque
2133 4736 2136 4739 ’

507 4840 733 4914 pulvere
755 4840 1214 4911 discoperieutes,
1259 4839 1374 4910 ipsa
1406 4854 1545 4909 Sana
1586 4847 1639 4893 ct
1686 4838 1896 4909 integra
1925 4853 2081 4909 repe-

2145 1730 2368 1789 ctilicati
2392 1730 2644 1797 fuissent,
2673 1732 2765 1786 Dei
2789 1730 3165 1786 misericordia
3196 1740 3449 1801 patenter
3470 1741 3723 1797 reserata.

2146 1820 2375 1877 imbrem
2402 1822 2837 1892 copiosissimam
2885 1821 3058 1876 nubes
3104 1820 3284 1890 primo
3333 1818 3537 1876 leniter
3565 1819 3729 1885 stillas

2147 1902 2530 1969 subtilissimas
2575 1914 2856 1969 mittentes
2891 1911 3220 1967 effuderunt.
3269 1910 3392 1979 Quo
3420 1911 3542 1966 viso
3566 1926 3725 1981 quove

2148 2003 2329 2068 facto,
2360 2019 2573 2059 summo
2624 2004 2863 2075 tripudio
2902 2002 3140 2057 universi
3186 2000 3436 2057 lzetantes
3484 2016 3551 2055 ac
3599 2002 3731 2055 diem

2150 2094 2584 2148 sacratissimum
2630 2109 2842 2149 summa
2885 2107 3007 2151 cum
3057 2090 3346 2147 devotione
3400 2092 3733 2155 celebrantes

2153 2184 2369 2252 Deoque
2421 2187 2623 2255 gratias
2678 2186 2974 2241 immensas
3019 2184 3321 2240 referentes
3371 2182 3543 2238 laetati
3576 2190 3714 2245 sunt,

2152 2275 2457 2344 gaudioque
2486 2276 2656 2346 gavisi
2697 2276 2982 2344 tripudiati
3028 2283 3157 2330 sunt
3200 2274 3418 2328 demum
3450 2273 3725 2327 clementia

2158 2364 2249 2418 Dei
2276 2367 2342 2419 ad
2358 2366 2424 2398 δι’
2454 2382 2686 2422 messem
2706 2408 2723 2433 ,
2744 2375 3004 2436 quantam
3028 2366 3136 2421 ullo
3160 2365 3223 2430 in
3239 2374 3489 2435 tempore
3512 2380 3731 2419 summa

2155 2452 2453 2510 fertilitatis
2475 2457 2700 2513 collecta
2730 2456 2958 2511 minime
2994 2463 3098 2511 est.

2224 2552 2316 2608 29.
2347 2546 2482 2602 Cum
2506 2546 2578 2580 W‘
2605 2562 2699 2601 rex
2722 2554 2900 2600 autem
2930 2545 3181 2600 dominus
3232 2553 3422 2599 noster
3481 2544 3730 2599 cmlorum

2158 2651 2536 2708 terrarumque
2580 2645 2796 2691 creator
2851 2634 3100 2691 Christus
3160 2633 3336 2694 Jesus,
3414 2634 3509 2701 qui
3563 2633 3733 2686 omnia

2160 2734 2363 2791 exaltat
2392 2728 2618 2786 humilia
2648 2742 2942 2797 omnesque
2962 2726 3222 2796 superbos
3254 2725 3534 2793 deprimit.
3563 2725 3649 2777 diu
3678 2739 3737 2776 ae

2162 2836 2407 2894 tempora
2437 2837 2530 2891 per
2560 2818 2729 2873 multa
2768 2817 3243 2873 Mediolanensium
3292 2816 3574 2869 civitatem
3604 2814 3737 2869 beati

2165 2915 2435 2972 Ambrosii
2470 2912 2679 2967 meritis
2707 2926 2868 2982 super
2897 2925 3085 2965 omnes
3131 2907 3294 2962 italiae
3336 2908 3596 2963 civitates
3641 2907 3740 2960 cleo

2166 3010 2295 3064 rieis
2329 3007 2590 3062 militibus
2636 3003 3027 3060 strenuissimis
3069 3000 3358 3068 multisque
3414 2996 3744 3067 sapientibus

2168 3113 2331 3172 atque
2363 3100 2431 3132 δι’
2462 3098 2740 3154 Ιιτειίἰῐὶρίῑε
2768 3094 3134 3165 imperialibus
3164 3094 3434 3147 elevasset
3463 3111 3476 3145 :
3506 3092 3559 3145 in
3582 3100 3744 3144 morte

2168 3193 2567 3262 praeclarissimi
2600 3191 2900 3247 sacerd0tis
2934 3197 3095 3257 atque
3132 3186 3531 3255 archiepiscopi
3596 3182 3744 3237 lleri-

2168 3283 2330 3347 berti,
2363 3298 2485 3337 eum
2518 3297 2624 3351 quo
2654 3296 2843 3335 onmes
2872 3279 3113 3334 ecclesia:
3139 3277 3518 3332 Ambrosianus
3558 3291 3625 3329 ac
3648 3273 3747 3327 cle-

2172 3377 2411 3432 ricorum
2433 3375 2672 3445 ejusdem
2703 3375 2940 3429 honores
2970 3373 3236 3435 abierunt.
3258 3369 3531 3423 malorum
3557 3368 3745 3423 citium

2173 3466 2382 3522 meritis
2410 3465 2769 3533 exigentibus,
2806 3464 2974 3532 ipsam
3019 3475 3366 3529 compescere
3419 3470 3477 3512 et
3528 3456 3749 3526 compric

2174 3570 2323 3610 mere
2346 3550 2630 3624 disposuit.
2658 3553 2812 3621 Quod
2838 3568 2959 3607 cum
2993 3551 3063 3584 “°
3107 3551 3324 3605 assidue
3378 3549 3749 3616 congruentis-

2175 3647 2329 3702 simis
2357 3631 2705 3700 successibus.
2727 3644 3070 3712 maximeque
3114 3641 3348 3695 cultibus
3394 3640 3597 3693 divinis
3634 3638 3749 3691 relic

2176 3738 2448 3809 giosorum
2489 3736 2830 3790 sacerdotum
2859 3749 2923 3789 ac
2971 3732 3499 3803 sapientissimorum
3540 3729 3754 3783 ordina-

2178 3830 2383 3886 riorum
2414 3831 2566 3898 copia
2617 3828 2670 3882 in
2724 3828 2923 3882 divinis
2976 3823 3394 3895 perﬂorcsceute
3457 3820 3752 3889 scripturis,

2179 3922 2465 3977 ecclesiam
2513 3922 2624 3990 prae
2676 3918 2889 3974 caeteris
2933 3915 3349 3971 Ambrosianam
3393 3912 3661 3967 elevasset
3700 3923 3755 3961 ac

2181 4012 2536 4069 sublimasset
2585 4009 2853 4073 ccclesiis,
2906 4008 3053 4075 ipsos
3097 4005 3336 4066 ordines,
3388 4018 3531 4072 quos
3578 4003 3755 4056 beatus

2179 4104 2500 4161 Ambrosius
2525 4102 2590 4156 ad
2623 4101 2713 4155 Dei
2749 4101 3007 4154 honorem
3057 4095 3357 4160 ordinando
3407 4094 3754 4151 instruxerat,

2183 4194 2393 4253 meritis
2415 4192 2599 4263 populi
2630 4190 2721 4260 qui
2752 4198 2882 4244 tunc
2910 4188 3100 4242 aderat
3152 4196 3207 4239 et
3256 4183 3475 4239 futurus
3524 4191 3663 4245 erat,
3709 4179 3753 4231 in

2187 4295 2365 4340 morte
2392 4281 2659 4338 lleriberti
2688 4279 2843 4350 quasi
2868 4279 2934 4333 ad
2960 4276 3219 4332 nichilutn
3246 4272 3542 4328 demolitus
3568 4280 3669 4326 est.
3707 4268 3753 4322 ln

2182 4384 2399 4441 tantum
2432 4374 2576 4428 enim
2606 4371 2868 4433 Dominus
2897 4369 3172 4425 civitatem
3205 4366 3378 4436 ipsam
3403 4364 3620 4417 meritis
3641 4358 3761 4414 tanti

2186 4468 2288 4524 viri
2317 4466 2724 4527 sublimaverat,
2757 4472 2836 4527 ut,
2870 4461 2916 4517 si
2949 4460 3055 4514 dux
3085 4467 3178 4512 aut
3202 4455 3447 4511 marcltio
3477 4454 3646 4508 Itali:
3685 4459 3758 4503 to‘

2191 4559 2299 4614 tius
2327 4555 2526 4625 injuste
2558 4552 2761 4623 aliquid
2795 4552 3057 4605 adversus
3084 4547 3245 4602 alium
3285 4547 3401 4600 sive
3448 4545 3516 4597 de
3547 4537 3757 4596 minori-

2190 4649 2291 4704 bus
2326 4647 2441 4702 sive
2470 4646 2537 4700 de
2561 4642 2856 4712 majoribus
2881 4647 3089 4708 ageret,
3114 4646 3170 4692 et
3189 4635 3354 4690 nimia
3383 4650 3505 4688 eum
3527 4639 3760 4698 superas-

2188 4752 2271 4797 set
2326 4740 2381 4794 vi
2434 4738 2502 4773 ⁸⁸⁸
2547 4737 2779 4802 virtute,
2834 4733 2987 4804 virga
3047 4726 3335 4799 pastoralis
3381 4725 3448 4777 ab
3494 4722 3763 4775 Heribcrlo

2192 4836 2356 4896 missa
2380 4839 2544 4900 atque
2572 4829 2624 4883 in
2649 4826 2766 4882 loco
2794 4825 2911 4881 sive
2940 4823 2995 4878 in
3023 4834 3213 4876 mauso
3242 4818 3347 4871 lixa
3395 4814 3611 4876 fuisset,
3637 4805 3781 4863 unde.

1831 4990 2068 5051 vitam
2118 4983 2514 5073 hECTlONES

606 5161 677 5194 “'
691 5162 765 5216 ita
794 5158 856 5213 Β.
890 5157 933 5215 1.

1010 5194 1025 5210 .
1057 5172 1106 5211 c.
1137 5171 1187 5210 c.
1217 5155 1254 5209 i.
1286 5154 1323 5207 i.
1352 5154 1408 5206 h.
1442 5153 1497 5206 b.
1536 5171 1581 5206 s.
1614 5168 1666 5206 c.
1690 5152 1778 5204 A‘.
1811 5161 1860 5205 et
1884 5148 1972 5204 Bl.
2004 5158 2116 5213 post
2145 5145 2386 5213 duxisset
2399 5141 2622 5213 demum
2645 5136 2885 5213 exhibent
2913 5134 2988 5213 itu
3018 5145 3035 5184 :
3060 5112 3761 5213 ρξβΐφρὲιεξζῖῇξῗῗῗ;εῗλ

524 5233 564 5283 i.
592 5233 649 5286 ιι.
677 5188 856 5287 ἧκέ).
882 5188 952 5263 δ’
1212 5188 2428 5290 §°o'e'iluiiiiéeiiéiub353$}
2453 5205 2930 5290 Italiamuuoleste.
2951 5188 3654 5290 invasit'Letetilli“???

660 5303 671 5313 ο
813 5301 825 5313 σ
929 5301 939 5311 1
1074 5297 1086 5309 ⁸
1135 5297 1145 5308 ο

518 5304 827 5330 Αιι..η.η.ιιιηι
874 5300 1176 5330 Λιιηιηαηὶια

1272 5262 1348 5277 liv
1374 5262 1534 5275 ..Π-...υ
1561 5262 1833 5290 γυιιυυιν,
1860 5262 2001 5288 “II‘I\-
2034 5262 2056 5286 γ

1239 5294 1299 5330 Δ.
1358 5294 1434 5330 nn
1462 5291 1724 5330 mirnmlln
1768 5288 2056 5330 fnrlililnlit

2159 5262 2488 5330 ["iiéiniérn
2538 5273 2933 5330 arcltieoisconi
2982 5280 3223 5330 tempore
3280 5262 3464 5321 famis»
3515 5272 3633 5326 (ωε
3678 5264 3757 5330 PL"
