3934 5330
1076 234 1133 255 ,ἀ

193 307 290 365 88¹ὶ

1157 314 1471 371 HISTORIA
1517 317 2083 379 MEDlOLANENSIS.
2121 355 2189 366 —
2218 324 2344 381 LIB.
2386 324 2447 379 Il.

3320 325 3425 388 890

191 436 302 481 orta
327 423 595 481 dissensio
618 432 758 493 erat,
785 427 852 481 ab
877 425 1127 496 injuriato
1151 431 1443 489 humilibus
1475 433 1543 466 ‘"
1574 437 1751 507 preci-
1777 440 1824 498 A
1851 450 2059 506 motus,
2091 443 2266 512 primo
2304 442 2526 498 omnino
2549 442 2802 513 ignorans
2839 456 2943 512 qua
2988 442 3057 496 de
3103 455 3267 496 causa
3321 442 3425 498 ista

190 518 284 577 bus
306 519 561 588 requisita
585 519 896 584 concordia,
945 523 1201 578 continuo
1232 540 1336 580 non
1376 528 1749 597 adquiesceret

188 609 463 677 superbus,
493 623 594 663 nec
632 607 792 662 ullam
837 609 943 664 vim
979 611 1136 666 alteri
1174 613 1397 681 inferre,
1447 620 1615 674 donec
1662 634 1750 675 res

188 700 294 767 ipsa
319 698 566 768 legaliter
586 698 828 753 discussa
866 700 1079 767 fuisset,
1110 704 1331 760 minime
1352 706 1605 761 audebat.

249 789 335 844 50.
360 788 527 858 Cujus
547 788 617 821 ⁸⁸³
648 790 701 844 in
728 800 970 862 tempore
994 793 1078 848 lex
1103 793 1171 827 ηδ
1198 805 1384 851 sancta
1412 808 1573 867 atque
1600 816 1752 856 man-

187 882 361 937 datum
392 897 590 936 novum
614 892 669 937 et
702 882 900 937 bonum
929 901 959 940 e
994 886 1151 951 caelo,
1174 898 1233 942 ut
1257 891 1426 945 sancti
1465 893 1564 947 viri
1589 909 1745 949 asse-

187 980 427 1037 ruerunt,
459 972 710 1028 omnibus
756 973 1073 1030 christianis
1122 987 1231 1032 tam
1278 979 1527 1038 ﬁdelibus
1586 999 1749 1053 quam

187 1063 485 1122 inﬁdelibus
529 1064 649 1118 data
680 1073 782 1128 est,
819 1066 1003 1121 dicens
1037 1076 1303 1138 quatenus
1345 1086 1534 1129 omnes
1580 1075 1754 1131 homi-

188 1166 277 1207 nes
298 1166 490 1207 secure
519 1153 587 1207 ab
616 1153 749 1208 hora
774 1154 946 1223 prima
992 1154 1140 1212 Jovis
1180 1174 1352 1228 usque
1408 1162 1475 1216 ad
1521 1165 1752 1233 primam

185 1249 365 1305 boram
395 1249 501 1303 diei
538 1248 726 1316 Lume,
774 1248 1142 1322 cujuscunque
1193 1254 1360 1326 culpa:
1409 1256 1609 1326 forent,
1655 1277 1752 1317 sua

188 1337 391 1406 negotia
432 1347 656 1407 agentes
699 1353 1108 1409 permanerent;
1165 1352 1221 1396 et
1255 1345 1559 1417 quicunque
1615 1348 1754 1406 hanc

186 1427 345 1497 legem
366 1428 683 1496 offenderet,
709 1431 959 1487 videlicet
991 1443 1232 1505 trcguam
1280 1439 1393 1501 Dei,
1436 1456 1556 1509 qua:
1588 1441 1751 1496 mise-

189 1519 409 1572 ricordia
433 1519 635 1574 domini
666 1522 835 1575 nostri
896 1521 1021 1577 Jesu
1079 1524 1282 1580 Christi
1345 1528 1501 1583 terris
1544 1531 1755 1586 noviter

187 1614 443 1682 apparuit.
464 1615 835 1683 proculdubio
862 1618 914 1671 in
934 1618 1095 1673 exilio
1116 1620 1437 1690 dampnatus
1462 1640 1555 1692 per
1575 1623 1753 1695 aliqua

191 1713 416 1773 tempora
454 1718 672 1774 pmnam
720 1707 957 1776 patiatur
995 1725 1334 1780 corpoream.
1380 1712 1448 1767 At
1481 1713 1571 1783 qui
1619 1730 1751 1768 ean-

1851 530 2071 589 insolito
2099 535 2436 597 advenirent,
2469 534 2610 603 quod
2638 532 2869 603 amplius
2897 548 3003 588 non
3053 532 3284 598 viderat,
3331 548 3425 587 ar-

1851 634 2003 696 repto
2050 626 2298 681 malleolo
2346 626 2509 681 nimia
2570 626 2648 681 ira
2695 634 2997 680 commotus
3045 626 3327 680 universas
3372 624 3425 678 in

1849 733 2016 773 unum
2038 720 2414 787 constringens
2444 718 2671 773 laminas
2690 718 2760 750 m
2783 719 2955 788 ignem
2987 716 3132 770 misit
3154 717 3204 770 in
3231 716 3424 785 ipsum.

1848 810 1920 865 At
1945 812 2229 866 Deus'cum
2254 811 2365 879 jam
2396 810 2537 864 beati
2562 810 2835 864 Ambmsii
2868 808 3077 863 meritis
3104 806 3302 861 furtqu
3333 822 3429 879 per

1851 903 2142 971 sacrilegos
2163 910 2343 956 actum
2374 900 2610 970 pandere
2632 908 2869 962 curaret,
2917 906 2973 953 et
3021 897 3161 952 ultra
3210 896 3424 950 illorum

1852 994 2133 1063 perﬁdiam
2163 1007 2266 1046 non
2298 992 2529 1061 patiens,
2592 1005 2755 1060 super
2804 988 3122 1059 magistrum
3166 997 3223 1042 et
3267 1002 3430 1056 super

1852 1086 2145 1155 sacrilegos
2172 1084 2388 1138 lamina:
2412 1097 2603 1136 sonum
2632 1082 2834 1151 grande
2876 1080 3115 1135 ferentes
3161 1088 3217 1133 et
3267 1078 3427 1132 terri-

1851 1176 2035 1232 biliter
2057 1175 2313 1231 salientes
2341 1172 2676 1251 apertissima
2704 1172 2798 1226 Dei
2822 1172 2898 1226 ira
2932 1172 3074 1242 ipsos
3107 1172 3157 1224 in
3188 1169 3428 1223 vultibus

1853 1269 2052 1324 misere
2078 1266 2512 1322 combusserunt.
2542 1263 2673 1331 Quae
2707 1263 2843 1318 visio
2868 1278 3057 1318 onmes
3092 1261 3184 1333 qui
3213 1261 3278 1316 ad
3310 1262 3427 1315 haec

1852 1357 2080 1413 videnda
2104 1357 2216 1426 jam
2244 1365 2402 1410 antea
2447 1362 2833 1419 convenerant,
2858 1353 3098 1407 auriﬁcis
3145 1349 3426 1408 domestici

1854 1464 1917 1503 ac
1944 1447 2103 1503 vicini
2128 1447 2388 1516 ejusdem,
2413 1453 2472 1499 ut
2498 1453 2653 1499 erant
2680 1444 2895 1499 laminae
2924 1442 3240 1498 veneranda:
3272 1440 3425 1495 testi-

1855 1538 2103 1602 ﬁcantes,
2133 1537 2427 1608 sacrilegos
2468 1537 2611 1607 ipsos
2663 1536 2916 1591 dentibus
2956 1535 3247 1591 stridentes
3297 1546 3429 1587 voce

1854 1628 2042 1698 grandi
2074 1628 2402 1683 vocitabant.
2433 1626 2620 1697 Itaque
2645 1627 2963 1681 convocatis
2992 1624 3283 1694 aliquantis
3329 1622 3426 1677 lm-

1849 1719 1939 1789 jus
1960 1717 2113 1772 urbis
2142 1717 2704 1800 nobilibusncarcere
2752 1717 3004 1781 obscuro,
3049 1716 3135 1770 ubi
3184 1713 3427 1770 damnati

191 1794 299 1849 dem
344 1796 681 1864 servaverit,
715 1799 782 1853 ab
823 1801 1065 1856 onmium
1113 1812 1459 1873 peccatorum
1524 1805 1750 1865 vinculis
1780 1786 1826 1848 Β
1859 1810 2105 1865 solebant
2124 1808 2393 1874 concludi,
2444 1788 2625 1879 pinnis
2672 1808 2843 1862 attriti
2897 1807 3125 1862 diversis
3168 1806 3425 1874 durisque

190 1884 273 1939 Dei
311 1888 679 1945 misericordia
711 1890 1036 1947 absolvatur.

251 1980 333 2034 51.
367 1978 500 2035 Cum
523 1981 595 2015 ⁸⁸⁸
624 1983 766 2037 cnim
793 1984 1045 2041 dominus
1092 2002 1158 2042 ac
1207 1998 1392 2043 noster
1445 1991 1753 2061 redemptor

190 2078 340 2139 atque
368 2071 612 2128 salvator
653 2076 895 2130 omnium
941 2076 1193 2132 Christus
1225 2078 1385 2137 Jesus
1437 2097 1532 2151 per
1586 2084 1750 2139 multa

187 2163 285 2251 iam
309 2178 547 2237 tempora
576 2171 949 2226 antecedentia
972 2172 1113 2227 beati
1145 2175 1412 2229 Ambrosii
1436 2192 1626 2233 omnes
1660 2193 1754 2234 ec-

193 2258 502 2317 clesiasticas
523 2262 914 2329 ordinationes,
944 2280 1078 2335 quas
1104 2267 1216 2335 ipse
1255 2268 1420 2321 cultui
1474 2269 1657 2325 divino
1682 2273 1751 2326 ad

195 2350 277 2405 Dei
310 2351 567 2408 honorem
596 2370 758 2424 opere
796 2358 1199 2420 decentissime,
1243 2368 1402 2427 prout
1450 2363 1751 2433 cuicunque

196 2440 263 2497 rei
297 2442 653 2512 competebat,
684 2454 976 2500 ornaverat
1020 2447 1237 2516 pricdiis
1262 2447 1351 2513 ⁸³⁸,
1393 2458 1553 2519 atque
1589 2452 1752 2506 mira-

194 2532 315 2586 culis
337 2549 443 2587 sua:
471 2534 773 2604 majestatis
804 2536 994 2590 dextra
1019 2538 1378 2604 exaltaverat,
1431 2541 1584 2609 quasi
1635 2542 1753 2599 hazc

194 2624 354 2678 omnia
382 2625 640 2680 oblivioni
659 2624 770 2693 jam
798 2628 993 2682 tradita
1025 2628 1271 2693 fuissent,
1302 2630 1354 2684 in
1381 2630 1589 2685 baculis
1638 2632 1751 2704 glo-

197 2712 339 2768 riosis
362 2716 559 2771 summi
611 2718 868 2773 antistitis
896 2719 1168 2775 Ambrosii
1206 2737 1301 2790 per
1330 2738 1624 2777 summum-
1651 2725 1755 2789 mi?

196 2805 415 2861 raculum
474 2816 655 2863 tamen
697 2819 935 2878 tempore
989 2811 1131 2865 beati
1178 2811 1446 2867 lleriberti
1488 2815 1754 2886 archiepi-

197 2895 325 2963 scopi
355 2896 635 2952 declarare
659 2899 887 2962 curavit,
917 2916 1124 2954 necnon
1148 2902 1200 2955 in
1232 2910 1448 2971 quantae
1497 2918 1751 2959 reveren-

198 2983 274 3039 tia:
304 2996 622 3058 quantaeque
668 2989 955 3060 diligentiae
1001 2991 1266 3046 universis
1323 2993 1565 3049 ﬁdelibus
1592 3034 1609 3061 ,
1659 2996 1751 3064 qui

200 3075 340 3131 modo
366 3088 490 3132 sunt
521 3088 576 3132 et
602 3080 693 3149 qui
717 3078 891 3133 futuri
916 3088 1063 3146 sunt,
1107 3082 1548 3138 Ambrosianicos
1596 3094 1750 3141 actus

198 3178 364 3222 omnes
389 3167 592 3233 forent,
623 3170 860 3225 inaudito
884 3180 938 3225 et
967 3170 1139 3226 inviso
1182 3173 1445 3229 miraculo
1476 3175 1751 3231 humiliter

198 3259 458 3327 propalare
488 3262 719 3314 curavit.
748 3259 943 3315 Evenit
968 3261 1151 3330 itaque
1191 3264 1332 3331 quod
1360 3263 1533 3319 baculi
1576 3267 1751 3321 sancti

197 3346 467 3416 Ambrosii,
490 3366 617 3406 cum
643 3352 838 3421 quibus
865 3360 1044 3407 tamen
1088 3354 1273 3423 juncta
1315 3356 1463 3424 virga
1490 3358 1751 3427 pa‘storali

201 3440 581 3503 pteniteutiales
616 3450 670 3496 et
697 3442 810 3511 ipse
833 3442 885 3497 in
917 3443 1142 3499 ecclesia
1169 3445 1262 3500 Dei
1303 3449 1539 3514 trahere,
1561 3464 1754 3518 quam-

200 3528 278 3585 diu
302 3531 352 3584 in
378 3532 479 3587 bac
508 3532 618 3587 vita
645 3534 801 3597 vixit,
829 3534 1056 3601 solebat,
1084 3535 1267 3591 furtim
1294 3553 1390 3606 per
1410 3539 1750 3596 latrocinium

200 3631 311 3673 casu
332 3621 525 3678 Sublati
543 3633 688 3679 sunt.
710 3624 915 3692 Quibus
939 3642 966 3679 a
990 3626 1271 3697 sacrilegis
1291 3628 1497 3695 fractis,
1524 3640 1750 3701 argento

202 3719 249 3762 et
276 3726 419 3779 auro,
454 3730 486 3770 e
514 3714 713 3783 quibus
744 3716 917 3772 baculi
949 3726 1105 3772 erant
1125 3718 1443 3775 circumdati
1473 3722 1676 3778 honore
1696 3732 1752 3780 et

202 3804 476 3858 reverentia
505 3804 650 3859 beati
674 3806 939 3862 Ambrosii
963 3808 1264 3873 decoratis,
1312 3808 1559 3879 sacrilegi
1608 3811 1751 3881 ligna

201 3902 365 3946 eorum
387 3896 589 3950 nudata
615 3896 668 3951 in
698 3897 929 3967 quodam
956 3899 1267 3969 turpissimo
1288 3914 1525 3967 secessu,
1558 3910 1615 3955 ut
1636 3916 1753 3956 am-

203 3978 324 4046 plius
364 3985 585 4041 minime
636 3986 1008 4041 invenirentur
1065 3988 1308 4044 clanculo
1369 3990 1747 4058 immiserunt,

204 4074 306 4126 auri
341 4089 464 4131 vero
489 4086 547 4133 et
590 4078 799 4149 argenti
845 4078 1016 4134 lamas
1059 4081 1277 4136 cuidam
1333 4085 1569 4139 auriﬁcae
1618 4087 1751 4141 artis

204 4166 462 4235 magistro,
491 4168 811 4226 simulantes
852 4171 969 4226 hate
1006 4186 1036 4225 a
1083 4171 1405 4240 quibusdam
1448 4174 1751 4249 Allobrogis

202 4254 397 4323 emisse,
424 4268 482 4314 ut
510 4260 760 4314 semotim
795 4261 1194 4330 delinquarent,
1221 4262 1466 4319 auriﬁcis
1503 4268 1753 4322 mercede

203 4348 462 4416 apretiata,
488 4350 855 4407 contulerunt.
878 4352 1046 4424 Igitur
1090 4350 1314 4408 fornace
1353 4353 1467 4422 jam
1522 4370 1750 4411 accensa

1851 1900 2082 1956 vinculis
2107 1900 2339 1970 colligati
2373 1899 2574 1955 redacti
2607 1907 2753 1954 sunt.
2804 1898 2945 1966 Quin
2992 1899 3156 1954 etiam
3197 1895 3429 1952 induciis

1851 2005 2023 2059 usque
2051 2005 2210 2045 mane
2227 1988 2297 2021 ⁸⁸⁸
2327 1988 2540 2043 illormn
2566 1988 2690 2042 vitae
2723 1988 2956 2052 donatis,
2988 1995 3082 2040 aut
3131 1986 3235 2040 illis
3290 2001 3426 2055 quo-

1851 2084 2009 2137 modo
2038 2081 2439 2135 adiuvenisseut
2477 2080 2682 2133 ratione
2716 2079 3054 2149 apertissima
3102 2077 3432 2133 conﬁteren-

1854 2183 1960 2240 tur,
1988 2185 2080 2229 aut
2110 2174 2267 2242 lignis
2293 2173 2570 2227 altissimis
2596 2170 2841 2242 suSpensi
2866 2170 3151 2224 durissima
3170 2169 3430 2239 puniren-

1851 2274 1959 2322 tur.
1998 2267 2154 2320 Enim
2178 2266 2282 2320 hoc
2321 2263 2664 2333 sacrilegium
2722 2277 2874 2317 neca
2901 2262 3213 2317 custodibus
3252 2275 3431 2319 secre-

1854 2357 1974 2412 tarii
2004 2356 2204 2412 factum
2229 2372 2348 2411 esse
2372 2363 2490 2409 erat
2523 2364 2882 2423 compertum.
2912 2369 3012 2407 nec
3039 2352 3247 2408 civibus
3300 2352 3429 2407 ullis

1851 2460 2173 2505 reseratum.
2216 2450 2354 2517 Quid
2383 2449 2580 2502 multa?
2626 2447 2906 2516 Sacrilegi,
2935 2447 3118 2517 procul
3144 2447 3428 2514 dubiojco-

1852 2551 2179 2612 gnoscentes
2220 2556 2338 2594 sese
2394 2540 2553 2593 morti
2590 2539 2770 2593 subito
2806 2538 3142 2601 incursuros,
3188 2537 3232 2590 si
3286 2537 3430 2606 quod

1852 2636 1992 2689 Deus
2013 2633 2269 2702 paulatim
2298 2631 2541 2686 ﬁdelibus
2573 2629 2716 2684 beati
2750 2628 2956 2683 meritis
2986 2627 3256 2682 Ambrosii
3282 2642 3427 2682 rese-

1851 2724 2027 2786 rabat,
2067 2722 2166 2791 ipsi
2203 2720 2423 2776 omnino
2476 2720 2805 2789 deuegareut
2836 2736 2847 2771 :
2876 2718 3064 2786 paucis
3117 2717 3432 2773 convocatis

1852 2818 2245 2880 sacerdotibus,
2280 2814 2382 2869 ﬁde
2403 2829 2499 2884 pro
2543 2812 2718 2868 salute
2765 2811 2978 2867 illorum
3029 2818 3273 2879 accepta,
3307 2810 3433 2863 uni-

1853 2923 2006 2964 versa
2035 2907 2268 2978 qualiter
2298 2906 2400 2976 ipsi
2419 2904 2913 2975 egissentseriatim
2936 2903 3042 2957 illis
3064 2910 3430 2973 aperuerunt;

1853 3001 1983 3069 quin
2014 3001 2175 3055 etiam
2206 2999 2383 3054 locum
2415 2998 2610 3067 ipsum,
2640 2996 2693 3050 in
2733 3011 2840 3066 quo
2891 3009 2989 3065 per
3016 2993 3339 3064 semetipsos
3366 2990 3434 3047 li-

1853 3106 1957 3162 gna
1998 3090 2071 3123 “°
2108 3089 2423 3144 earumdem
2472 3085 2784 3141 baculorum
2834 3085 3203 3149 immiserunt,
3250 3082 3432 3139 verbis

1854 3181 2208 3253 apertissimis
2230 3187 2608 3234 narraverunt.
2633 3177 2748 3232 lloe
2774 3177 2959 3232 audito
2991 3177 3302 3231 sacerdotes
3348 3173 3435 3228 ni-

1854 3271 1960 3324 mia
1984 3270 2283 3326 reverentia
2320 3268 2574 3325 commoti
2602 3266 2715 3322 fere
2731 3266 3020 3338 angustiati
3043 3276 3188 3321 sunt.
3218 3265 3431 3319 Interea

1853 3362 2070 3431 quidam
2100 3361 2282 3414 animo
2306 3358 2542 3427 cupienti
2587 3356 2820 3415 clericus
2877 3371 3037 3410 cursu
3085 3354 3431 3410 velocissimo

1852 3452 1920 3504 ad
1949 3449 2123 3503 locum
2157 3448 2494 3502 teterrimum
2520 3455 2574 3500 et
2602 3461 2632 3500 a
2663 3444 2943 3515 sacrilegis
2994 3444 3332 3514 praedictum,
3372 3449 3433 3496 ut

1852 3541 1996 3617 ligna
2022 3540 2250 3602 videret,
2281 3554 2386 3592 non
2416 3547 2474 3591 ut
2507 3538 2629 3591 inde
2682 3538 2795 3610 ipsa
2832 3537 3093 3599 traheret,
3143 3533 3382 3589 cucurrit
3411 3549 3428 3599 ;

1831 3632 1942 3701 .qui
1974 3631 2117 3686 intro
2140 3629 2431 3701 aspiciens,
2463 3628 2605 3697 ligna
2657 3629 2772 3696 ipsa
2827 3637 2980 3696 rupta
3029 3642 3094 3681 ac
3141 3626 3432 3694 pendentia

1850 3721 2006 3785 vidit,
2035 3730 2093 3775 ut
2116 3735 2215 3774 nec
2247 3735 2275 3772 a
2301 3734 2456 3774 emno
2486 3719 2903 3773 sordidabantur
2930 3731 3028 3771 nec
3049 3717 3116 3771 ab
3149 3717 3255 3770 ulla
3279 3727 3432 3785 parte

1851 3812 2228 3883 tangebantur.
2253 3810 2385 3864 Cum
2415 3820 2594 3864 autem
2625 3809 2728 3864 hoc
2761 3807 2818 3862 in
2843 3808 3090 3872 veritate,
3120 3808 3262 3876 quod
3309 3806 3430 3860 cle-

1853 3904 1998 3958 ricus
2024 3904 2329 3967 invenerat,
2360 3901 2670 3954 sacerdotes
2713 3899 3068 3963 invenissent,
3125 3906 3431 3952 convocato

1849 3996 2048 4067 populo
2080 3996 2331 4050 universo
2356 3993 2616 4049 continuo
2634 3993 2749 4046 haec
2773 3991 2954 4046 omnia
2987 3990 3229 4044 seriatim
3247 3988 3432 4043 notiti-

1850 4095 2128 4141 caverunt.
2152 4084 2340 4154 itaque
2383 4082 2612 4153 populus
2655 4095 2951 4150 omnesque
2992 4079 3177 4134 clerici
3223 4078 3334 4131 Deo
3376 4085 3433 4132 et

1850 4178 2006 4233 beato
2034 4174 2323 4230 Ambrosio
2372 4171 2575 4243 gratias
2627 4170 2928 4225 referentes
2974 4170 3288 4233 immensas,
3339 4181 3431 4221 co-

1820 4270 2174 4339 ‘gnbscentes
2195 4265 2312 4320 haec
2333 4275 2392 4318 ut
2417 4270 2571 4317 erant
2596 4260 2734 4314 facta
2782 4275 2880 4330 per
2931 4258 3202 4323 ordinem,
3258 4255 3429 4310 laetati

1851 4365 1996 4413 sunt.
2029 4356 2097 4409 Et
2120 4348 2327 4410 baculis
2349 4351 2466 4406 usui
2494 4351 2729 4419 pristino
2760 4349 3128 4420 reiutegratis,
3158 4360 3292 4401 auro
3333 4359 3430 4398 ar-

204 4431 261 4491 !"
288 4448 338 4532 rt
361 4443 638 4513 sacrilegis
662 4444 1149 4513 superastantibus,
1198 4444 1406 4501 aurifex
1433 4447 1551 4501 auri
1590 4448 1751 4504 lami-
1773 4472 1827 4532 Β
1852 4457 2127 4520 gentoque
2150 4443 2521 4509 circumdatis,
2548 4450 2777 4512 ruptura
2816 4455 2978 4511 quam
3009 4437 3228 4510 maligni
3276 4426 3430 4491 fece-

207 4529 930 4605 nasmsupercandescentes
953 4539 1215 4593 carbones
1235 4553 1397 4592 manu
1422 4547 1612 4594 tenens
1636 4540 1741 4594 mi-

206 4616 286 4672 sit.
315 4621 509 4689 Quibus
532 4627 712 4681 missis
740 4627 986 4698 maleque
1009 4629 1259 4699 aquisitis
1286 4629 1614 4685 carbonibus
1658 4646 1749 4686 su-

209 4711 558 4791 perimpositis,
581 4719 839 4774 continuo
867 4720 1094 4791 imperio
1130 4720 1224 4774 Dei
1260 4720 1479 4775 fornace
1505 4731 1747 4790 urgente,

209 4801 266 4852 ab
293 4803 402 4874 igne
429 4806 801 4878 prosilierunt.
822 4811 966 4878 Quas
996 4812 1253 4882 magister
1280 4828 1344 4868 ac
1368 4812 1614 4881 sacrilegi
1639 4812 1750 4867 col-

210 4887 379 4961 ligens,
407 4898 459 4953 in
482 4900 702 4956 fornace
726 4904 941 4958 easdem
973 4918 1137 4973 super
1157 4903 1421 4957 carbones
1471 4901 1750 4956 curialiter

212 4982 351 5039 misit.
376 4987 591 5047 Demum
623 4992 781 5063 ignis,
808 4994 1084 5050 voluntate
1104 4995 1278 5049 divina
1297 5001 1575 5066 operante,
1603 4993 1748 5063 ipsas

214 5074 401 5155 st'at'itts
423 5078 648 5140 laminas
672 5082 743 5120 ⁸⁸⁸
770 5085 967 5141 emisit.
994 5085 1232 5141 Tandem
1265 5085 1546 5158 ;magister
1591 5099 1742 5140 com-

1851 4547 1974 4595 rant
2001 4555 2106 4593 non
2137 4543 2450 4607 apparente,
2485 4535 2538 4588 in
2576 4533 2741 4586 Deum
2774 4531 2943 4603 gavisi
2974 4537 3116 4586 sunt.

1922 4630 2011 4684 52.
2042 4630 2165 4701 (Au.
2196 4626 2377 4697 1045.)
2411 4625 2691 4680 Revolutis
2714 4624 2780 4656 “‘
2813 4638 3078 4679 annorum
3102 4620 3285 4676 multis
3306 4632 3433 4677 cut-

1850 4721 2057 4785 riculis,
2090 4720 2142 4773 in
2171 4720 2367 4788 quibus
2395 4719 2621 4771 domnus
2650 4715 2961 4769 lleribertus
2986 4712 3260 4768 cathedra:
3286 4712 3426 4765 Am-

1850 4809 2119 4864 brosiana:
2146 4805 2524 4861 decentissime
2552 4819 2616 4857 ac
2659 4818 2758 4871 pro
2808 4812 3049 4872 tempore
3104 4801 3158 4853 in
3215 4799 3438 4856 cunctis

1850 4896 2231 4954 ecclesiasticis
2251 4895 2443 4952 oﬁiciis
2463 4903 2719 4947 strenuus
2753 4900 2813 4947 ut
2831 4900 3086 4962 operator
3140 4890 3434 4946 floruerat-

1852 5005 2060 5047 snmma
2088 5005 2212 5059 pars
2234 4986 2494 5044 nobilium
2520 4985 2782 5054 majorum
2814 4985 3076 5049 militum,
3105 4999 3226 5054 qua:
3253 4998 3441 5051 usque

1851 5081 1918 5136 ad
1951 5078 2082 5135 illud
2134 5088 2346 5150 tempus
2401 5076 2644 5133 ecclesia:
2693 5092 2758 5132 ac
2815 5074 3137 5131 clericorum
3186 5083 3447 5131 tutamen

1441 5255 1675 5313 VARIIE
1715 5254 2118 5315 LECTIONES.
