3934 5330
456 362 556 417 89!

1450 346 1797 425 Litanam
1835 373 2387 440 MEDIOLANENSIS
2428 384 2701 444 CLERICI

3609 401 3704 458 832

456 474 579 536 fuit,
607 474 674 527 ad
700 489 759 529 se
780 477 961 532 vocari
993 479 1268 550 prreccpit.
1311 482 1413 551 Qui
1456 485 1572 542 haec
1618 490 1883 547 benelicia
1948 511 2040 550 ee-
2069 502 2119 558 Α
2215 498 2304 553 33.
2341 500 2468 557 Post
2488 504 2558 536 ι⁶³
2580 502 2733 573 cujus
2759 504 2967 563 obitum
3016 522 3142 564 cum
3170 509 3367 568 solaris
3398 529 3572 570 annos
3600 516 3701 572 fere

452 564 745 621 clesiarum
780 584 843 624 ac
884 570 1025 626 beati
1055 571 1330 630 Ambrosii
1353 578 1722 649 episcopatum
1767 602 2044 642 commen-

460 655 622 720 dans,
658 672 755 727 pro
775 659 970 726 quibus
992 663 1306 720 multotiens
1353 669 1587 725 viriliter
1644 689 2038 744 pugnaverant,

455 759 618 814 quam
656 749 938 818 magnifice
966 766 1060 808 eos
1085 755 1484 813 adhortabatur
1510 771 1564 816 et
1591 763 1827 851 dicebat,
1870 771 1919 823 ’si
1946 787 2041 840 pro

452 836 736 894 beneficiis
772 841 1123 900 ecclesiarum
1173 863 1202 901 a
1254 850 1474 919 perﬁdis
1519 836 1827 927 liberandis'
1878 836 2038 917 morti

452 929 913 998 Opprimercntur,
947 944 1154 992 tantum
1182 940 1287 995 illis
1318 943 1518 1009 valer‘e,
1578 957 1841 1016 quantum
1892 969 2038 1010 mors

454 1032 762 1077 sanctormn
791 1026 895 1085 illis
926 1029 1110 1084 valuit.
1146 1032 1369 1088 Demum
1394 1050 1515 1090 cum
1536 1036 1647 1105 jam
1677 1043 1758 1096 sui
1792 1047 2039 1114 corporis

453 1125 1033 1186 cursustemporanea:
1065 1122 1156 1178 lini
1204 1128 1512 1185 accelerare
1565 1133 1811 1197 vidisset.
1859 1140 2039 1195 multis

452 1202 672 1268 prtediis
700 1205 994 1279 multisque
1019 1214 1257 1270 castellis
1286 1217 1598 1285 primicerio
1618 1225 1837 1296 suisque
1864 1230 2038 1284 omni-

452 1292 556 1346 bus
583 1298 966 1357 sacerdotibus
1015 1304 1334 1363 decumanis
1383 1313 1688 1384 ceterisque
1744 1292 2037 1377 ordinariis

453 1384 750 1453 majoribus
779 1397 834 1445 ct
857 1392 1158 1450 minoribus
1205 1397 1465 1466 dedisset,
1517 1407 1810 1478 multisque
1851 1404 2036 1468 mona-

452 1476 635 1531 steriis
687 1493 786 1547 pro
840 1483 1220 1543 universorum
1267 1490 1685 1551 Christianorum
1724 1476 2038 1559 animabus

453 1566 793 1638 maximeque
814 1586 914 1640 pro
942 1574 1317 1634 Ambrosiana:
1366 1582 1610 1639 ecclesia:
1659 1586 2037 1649 defensoribus

414 1653 423 1661 °
453 1667 519 1706 ac
552 1653 906 1715 dilectoribus
938 1679 1038 1717 nec
1065 1680 1170 1720 non
1202 1676 1256 1721 et
1297 1685 1393 1724 sua
1435 1674 1719 1740 ordinatis,
1767 1680 2034 1750 aliquam-

450 1743 540 1798 diu
574 1754 755 1804 tamen
786 1763 1020 1824 aegrotus
1048 1759 1270 1827 quievit.
1295 1761 1507 1821 Interea
1532 1772 1843 1826 convocatis
1859 1789 2037 1828 sacer-

2147 589 2335 645 decem
2367 609 2581 649 menses
2613 598 2796 667 generi
2832 598 3069 655 humano
3117 616 3269 658 more
3322 604 3487 660 solito
3525 610 3706 662 ammi-

2145 679 2434 736 nistrasset
2461 685 2677 755 (Sept.),
2708 699 2763 742 et
2801 690 3033 746 domnus
3085 691 3405 750 lleribertus
3444 712 3574 751 cura
3605 698 3713 753 dili-

2143 772 2291 841 genti
2324 773 2578 831 humatus
2606 776 2815 841 fuisset.
2831 790 2885 835 et
2912 796 3109 837 aureus
3125 783 3253 838 solis
3281 784 3488 840 Christi
3517 786 3588 819 ⁶⁶δ
3610 790 3713 842 axis

2142 874 2330 918 testate
2359 881 2419 921 se
2443 867 2553 934 jam
2588 880 2831 924 vertente
2862 872 3042 928 calore
3089 875 3290 930 amisso
3315 892 3416 931 suo
3446 893 3613 933 cursu
3641 895 3718 934 so-

2142 951 2239 1006 lito
2268 955 2566 1010 recedisset
2611 956 2701 1023 m,
2764 969 2981 1014 servata
3032 961 3145 1031 lege
3185 965 3467 1032 temporis,
3510 965 3567 1018 in
3622 982 3719 1035 quo

2142 1042 2391 1097 omnium
2412 1044 2691 1100 hominum
2721 1062 2949 1118 corpora
2979 1051 3158 1105 anima
3204 1053 3404 1107 amissa
3436 1053 3581 1107 ultra
3616 1070 3720 1108 mo-

2143 1133 2269 1189 dum
2299 1144 2616 1203 putrescere
2653 1138 2871 1193 bumani
2913 1144 3125 1211 generis
3158 1143 3456 1215 fragilitate
3503 1144 3717 1200 solent:

2144 1225 2399 1278 monachi
2449 1241 2587 1295 quos
2618 1227 2732 1297 ipse
2766 1229 2897 1283 inibi
2939 1232 3247 1287 ordinando
3283 1244 3717 1298 consecraveral,

2141 1315 2372 1383 quadam
2403 1316 2481 1369 ira
2503 1321 2779 1384 commoti,
2813 1323 3050 1376 maxime
3072 1325 3198 1391 quia
3245 1324 3387 1379 bona
3422 1342 3549 1394 qua!
3574 1327 3716 1380 dom-

2139 1421 2241 1460 nus
2265 1406 2581 1462 Heribertus
2611 1410 2855 1466 ecclesiae
2880 1413 3052 1467 sancti
3078 1414 3310 1468 Dionixii
3342 1425 3399 1469 et
3429 1415 3541 1470 illis
3561 1416 3718 1470 dona-

2139 1506 2316 1563 verat,
2341 1514 2369 1551 a
2394 1499 2615 1567 perﬁdis
2647 1501 2764 1556 sine
2781 1501 2910 1570 jure
2932 1513 2989 1558 et
3028 1504 3146 1559 sine
3170 1505 3286 1575 lege
3306 1506 3715 1574 invadebantur,

2140 1588 2611 1658 discooperientes
2638 1593 2811 1661 ipsum
2856 1594 3325 1667 archiepisc0pum
3354 1597 3717 1662 Heribertum,

2139 1687 2199 1732 ut
2227 1678 2304 1732 illi
2332 1682 2488 1749 quasi
2524 1697 2645 1737 sese
2689 1683 3143 1752 lamentarentur,
3171 1701 3389 1742 summo
3417 1688 3600 1758 lapide
3624 1703 3724 1759 quo

2142 1772 2496 1828 claudebatur
2523 1777 2813 1831 eruderato
2863 1778 3062 1833 civium
3108 1780 3315 1834 visibus
3369 1782 3441 1835 ad
3473 1792 3720 1851 spectan-

449 1832 667 1893 dotibus
688 1857 751 1895 ac
777 1844 1110 1912 tliaconibus,
1159 1866 1367 1909 summa
1416 1871 1538 1910 cum
1595 1861 1877 1918 devotione
1920 1882 2038 1921 om-
2067 1842 2112 1900 Β
2143 1866 2269 1919 dum
2299 1865 2586 1920 dederunt.
2620 1867 2748 1922 Erat
2773 1869 2919 1923 enim
2971 1869 3161 1925 beatus
3212 1869 3539 1931 lleribertus
3565 1871 3727 1926 tantis

451 1925 600 1983 nium
630 1944 974 2000 peccatorum
1001 1943 1318 2008 poenitentia
1351 1961 1576 2018 accepta
1603 1962 1767 2023 atque
1815 1958 2034 2015 confes-

447 2017 603 2075 sione
628 2037 813 2079 eorum
839 2030 1092 2085 omnibus
1119 2033 1256 2089 facta
1293 2047 1457 2109 atque
1502 2043 1839 2103 absolutione
1891 2068 1919 2103 a
1955 2067 2037 2106 sa-

447 2111 673 2166 cerdotii
699 2132 760 2169 us
797 2133 893 2185 per
921 2120 1317 2191 inqtositionem
1344 2147 1599 2188 manuum
1619 2136 1821 2204 Spiritu
1846 2154 2033 2199 saneto

446 2209 773 2269 cioperante
802 2209 1022 2274 donata,
1053 2218 1293 2269 sanctam
1320 2222 1708 2278 eucharistiam
1743 2227 2029 2287 humiliter

448 2302 514 2342 ac
535 2289 727 2348 devote
753 2302 1013 2368 suscepit.
1049 2302 1160 2359 lloc
1190 2304 1335 2362 facto
1361 2309 1501 2366 laetis
1548 2319 1926 2376 sacerdotibus
1977 2333 2033 2382 et

447 2378 625 2436 let-itis
649 2388 955 2459 celerisque
992 2395 1081 2462 qui
1114 2397 1340 2454 aderant
1368 2404 1574 2460 exitum
1619 2407 1789 2466 beatae
1836 2415 2032 2472 anima:

449 2473 668 2539 psalmis
695 2484 1174 2541 venerabilissimis
1203 2496 1641 2564 expectantibus,
1700 2511 1756 2554 ut
1786 2503 1894 2557 Deo
1916 2505 2031 2573 ejus

448 2565 682 2621 animam
707 2579 762 2624 et
792 2575 996 2643 angelis
1029 2584 1492 2651 commcmlarent,
1531 2602 1761 2647 mortem
1826 2605 2032 2668 tempo-

448 2666 693 2722 r.:neam,
720 2675 822 2714 non
851 2674 1133 2733 aeternam,
1167 2671 1335 2728 l‘ietus
1368 2675 1457 2730 Dei
1484 2688 1537 2732 et
1570 2680 1713 2736 beati
1758 2666 2031 2744 Ambrosii

448 2744 704 2802 subsidiis
740 2758 1075 2821 expectabat.
1105 2761 1237 2816 Dum
1264 2767 1378 2820 lucc
1424 2771 1741 2839 agebantur,
1792 2777 2031 2836 Ubertus

446 2838 538 2905 qui
568 2850 621 2894 et
647 2847 1005 2905 cancellarius
1036 2853 1275 2923 ejusdem
1305 2870 1443 2924 erat,
1493 2866 1664 2921 oculis
1720 2869 2029 2929 lacrimosis

444 2930 767 3002 crebrisque
798 2940 1049 3007 suspiriis
1086 2947 1269 2999 omnia
1297 2965 1418 3019 qua:
1450 2954 1679 3011 domnus
1708 2958 2030 3022 Heribertus

445 3018 547 3072 sibi
572 3019 774 3079 fecerat
800 3027 938 3082 bona
974 3018 1345 3103 reminiscens,
1401 3047 1641 3110 graviter
1689 3052 2025 3114 tristabatur.

447 3110 617 3177 Quem
646 3134 765 3172 cusn
795 3120 1113 3183 Heribertus
1138 3144 1267 3185 voce
1297 3148 1398 3191 qua
1426 3146 1656 3204 poterat,
1709 3157 1804 3209 per
1843 3150 2024 3202 omnia

447 3202 518 3256 ob
540 3220 659 3273 qua:
685 3208 923 3276 ploraret
958 3215 1273 3282 inquireret,
1302 3221 1389 3275 ille
1420 3202 1750 3291 responderis
1781 3249 1796 3284 :
1831 3253 1847 3282 ι
1870 3234 1914 3289 Ο
1946 3251 2033 3290 ve-

450 3292 693 3350 nerande
745 3310 918 3367 pater,
977 3303 1144 3358 ltali:e
1198 3300 1388 3373 honor,
1436 3316 1803 3381 orphanorum
1857 3335 2029 3392 pater,

446 3384 774 3443 'clericorum
802 3399 1069 3460 tutamen,
1106 3403 1450 3456 sacerdotum
1496 3421 1897 3479 ornamentum,
1955 3418 2034 3471 vi-

450 3476 701 3544 duarum,
736 3497 1027 3554 pauperum
1055 3500 1109 3543 et
1148 3503 1506 3550 mercatorum
1536 3512 1829 3573 protector,
1860 3524 2032 3579 usque

450 3571 613 3624 modo
639 3575 882 3632 ecclesia:
917 3580 1485 3643 totius-Ambrosiam;
1514 3602 1621 3645 tam
1670 3571 1826 3667 longe
1868 3571 2031 3670 quam

451 3678 639 3733 prepe,
685 3675 793 3741 tam
827 3669 878 3723 iu
906 3671 1103 3728 divinis
1134 3692 1293 3744 quam
1320 3680 1369 3732 in
1412 3682 1667 3740 immanis
1722 3669 1898 3746 virilis
1942 3695 2037 3748 de-

452 3751 656 3822 fensor,
695 3774 803 3828 quo
828 3764 1038 3833 pergis?
1084 3766 1205 3830 Cui,
1266 3780 1435 3838 pater,
1489 3776 1579 3843 qui
1625 3778 1717 3832 tibi
1767 3786 2033 3852 coaequari

449 3847 669 3913 poterit,
701 3850 928 3907 dimittis
952 3856 1085 3909 nos?
1114 3876 1131 3907 ι
1168 3857 1249 3913 Ad
1275 3861 1388 3915 btec
1420 3866 1582 3921 verba
1614 3869 1732 3941 uisu
1780 3847 1910 3938 quo
1940 3890 2034 3944 po-

436 3932 589 3990 'terat
620 3936 938 3997 lleribertus
969 3949 1310 4015 respondens
1368 3952 1510 4007 dtxit
1541 3974 1555 4009 :
1590 3976 1608 4004 ‹
1632 3932 1828 4016 Frater
1864 3932 2039 4020 caiis-

449 4026 607 4093 sime,
631 4029 675 4083 si
714 4047 801 4086 me
830 4050 1085 4104 umquam
1113 4039 1369 4106 dilexisti,
1401 4044 1508 4098 noli
1559 4051 1903 4119 contristari;
1936 4071 2037 4125 ego

451 4120 594 4173 enim
624 4124 688 4176 ad
718 4126 882 4194 pedes
910 4129 1052 4183 beati
1081 4131 1352 4189 Ambrosii
1387 4139 1490 4192 mei
1541 4150 1596 4194 et
1631 4147 1797 4200 vestri
1864 4120 2037 4216 patris

450 4227 675 4270 securus
713 4233 900 4288 pergo.
936 4240 956 4273 ι
992 4223 1244 4294 Migravit
1293 4239 1472 4285 autem
1505 4232 1576 4266 “’
1601 4235 1790 4294 beatus
1844 4244 2036 4320 et.do-
2106 4250 2109 4253 λ

451 4310 632 4364 minus
674 4312 992 4371 lleribertus
1028 4318 1094 4370 ad
1149 4319 1433 4377 Dominum
1488 4327 1572 4379 l7.
1621 4310 2038 4389 Kalentlas‘Feu

451 4407 659 4458 bruarii
679 4408 836 4473 1045,
865 4410 1176 4479 etsepultus
1190 4421 1272 4466 est
1303 4415 1369 4467 ad
1398 4415 1657 4474 Sanctum
1688 4422 2033 4495 Dionyxium,

2142 1956 2409 2011 revolutis
2440 1958 2630 2012 diebus
2660 1970 2780 2029 post
2795 1961 3000 2014 obitum
3024 1961 3267 2028 ejusdem
3293 1962 3441 2016 vultu
3471 1964 3722 2030 candido,

2138 2046 2311 2101 oculis
2341 2047 2619 2116 paululum
2668 2050 2897 2119 apertis,
2946 2051 3038 2120 qui
3080 2059 3206 2106 ante
3252 2053 3437 2106 omnia
3485 2053 3726 2108 membra

2140 2138 2320 2192 solent
2342 2140 2573 2193 mortuis
2597 2140 2860 2195 marcesci
2916 2141 3253 2205 hominibus;
3287 2158 3487 2197 manus
3517 2144 3637 2214 ejus
3658 2144 3724 2197 ita

2136 2231 2345 2301 virgam
2378 2233 2722 2300 pastoralem.
2749 2250 2912 2303 quam
2938 2235 3093 2289 vivus
3121 2235 3235 2305 ipse
3266 2247 3554 2302 erexerat,
3587 2245 3728 2289 tene-

2136 2318 2251 2385 bat,
2277 2320 2434 2389 quasi
2467 2322 2646 2374 anima
2678 2320 2795 2390 ejus
2819 2323 2999 2379 adhuc
3020 2333 3165 2377 esset
3207 2324 3260 2377 in
3294 2338 3562 2393 corpore;
3594 2322 3726 2378 stola

2134 2427 2267 2467 vero
2293 2421 2348 2467 et
2369 2414 2548 2467 omnia
2574 2414 2927 2484 episcopalia,
2954 2430 2985 2470 e
3013 2417 3209 2485 quibus
3235 2426 3293 2471 ut
3325 2425 3484 2471 tanto
3506 2417 3728 2472 decebat

2135 2506 2255 2559 viro
2287 2505 2508 2562 imlutus
2533 2516 2673 2571 erat,
2701 2509 2771 2561 ita
2803 2524 2936 2562 sana
2969 2519 3023 2563 et
3050 2510 3220 2564 nitida
3252 2509 3727 2580 l‘ulgebant,quasi

2135 2596 2189 2650 in
2219 2597 2439 2666 capside
2468 2598 2740 2652 tutissima
2781 2600 3235 2669 pet-mansissent.
3266 2600 3438 2669 Igitur
3463 2599 3628 2668 hujus
3654 2599 3728 2653 rei

2138 2688 2283 2743 fama
2310 2705 2407 2759 per
2436 2690 2625 2743 urbem
2660 2690 2899 2754 volante,
2960 2691 3202 2746 universi
3249 2691 3402 2746 cives
3444 2691 3613 2744 nimia
3648 2691 3728 2744 ira

2133 2782 2419 2847 commoti,
2466 2783 2619 2850 quasi
2681 2783 2998 2837 fulminibus
3062 2782 3248 2837 multis
3288 2782 3453 2836 atteri
3486 2798 3551 2835 ac
3574 2796 3729 2852 gran-

2134 2871 2350 2926 dinibus
2384 2871 2569 2925 multis
2597 2873 2866 2926 devastari
2910 2888 3033 2927 sese
3080 2874 3350 2935 viderent,
3392 2888 3559 2926 cursu
3587 2871 3730 2925 velo-

2135 2963 2361 3017 cissimo
2388 2963 2453 3015 ad
2484 2963 2657 3016 sancti
2687 2963 2925 3017 Dionixii
2965 2963 3356 3017 monasterium
3389 2976 3728 3018 concurren-

2140 3061 2244 3117 tes,
2280 3053 2577 3106 monachos
2602 3068 2791 3109 omnes
2823 3067 2960 3122 quos
2990 3052 3236 3108 invenire
3263 3061 3589 3121 potuerunt,
3620 3051 3731 3105 sine

2137 3145 2246 3198 ulla
2280 3145 2732 3215 interrogatione,
2761 3156 2819 3198 ut
2848 3144 3076 3215 populus
3100 3145 3234 3199 solet
3262 3146 3387 3199 sine
3418 3145 3730 3199 misericor-

2143 3236 2229 3290 dia
2261 3250 2460 3300 mouts,
2494 3236 2817 3290 verberibus
2863 3234 3045 3289 multis
3083 3251 3146 3290 ac
3197 3250 3357 3289 manu
3399 3234 3731 3288 dilacerate:

2141 3325 2256 3379 fere
2292 3340 2462 3395 usque
2493 3330 2559 3377 ad
2607 3335 2833 3378 mortem
2883 3323 3244 3389 trucidarunt.
3295 3323 3353 3377 In
3395 3324 3576 3378 altero
3605 3336 3731 3377 vero

2139 3418 2227 3471 die
2275 3418 2412 3470 miro
2449 3417 2653 3470 honore
2708 3416 2839 3469 cleri
2889 3424 2943 3471 et
2973 3415 3180 3484 populi,
3205 3415 3465 3469 omnibus
3497 3414 3727 3485 perditis

2139 3508 2462 3562 restauratis
2491 3523 2555 3562 ac
2583 3507 2927 3560 invasoribus
2959 3507 3011 3560 in
3070 3505 3268 3576 populo
3297 3506 3565 3560 universa
3588 3506 3732 3559 relu-

2138 3602 2401 3665 tantibns,
2451 3601 2607 3671 quasi
2657 3601 2867 3655 noviter
2896 3601 3182 3669 migrasset
3217 3602 3284 3655 ad
3316 3600 3640 3666 Dominum,
3676 3601 3731 3656 in

2116 3693 2329 3748 ‘eodem
2359 3693 2475 3747 loco
2504 3694 2647 3748 circa
2672 3691 2940 3746 Kalendas
2968 3691 3223 3747 Octobris
3250 3692 3519 3747 conditus
3545 3701 3647 3755 est,
3675 3700 3731 3746 et

2138 3785 2285 3837 ferro
2313 3792 2367 3838 et
2413 3782 2633 3853 plumbo
2662 3798 2691 3836 a
2716 3791 2947 3852 quatuor
2987 3782 3237 3859 partibus
3267 3780 3388 3850 ejus
3443 3783 3728 3853 sarcofago

2116 3880 2416 3949 ‘colligato,
2450 3878 2722 3948 usquead
2750 3878 2891 3933 diem
2921 3878 3135 3932 Domini
3161 3878 3219 3933 iu
3243 3892 3377 3948 pace
3406 3877 3524 3933 Deo
3549 3879 3727 3948 opitu-

2139 3972 2288 4025 lante
2318 3972 2562 4040 quiescet
2583 3971 2676 4023 "5.

2211 4063 2300 4119 54.
2340 4062 2473 4117 Cum
2502 4062 2569 4093 ⁸⁸⁷
2602 4062 2784 4117 omnia
2813 4063 2879 4116 ad
2903 4077 3058 4118 suum
3091 4064 3293 4116 vadunt
3319 4063 3633 4126 interitum,
3666 4074 3732 4115 ac

2140 4156 2346 4225 dilapsa
2396 4171 2552 4211 suum
2599 4171 2707 4210 non
2763 4156 2962 4211 iterant
2990 4155 3061 4188 ⁸⁸⁸
3091 4171 3334 4221 cursum,
3380 4155 3571 4210 saeculi
3625 4152 3733 4206 ﬁne

2142 4257 2335 4304 cuncta
2386 4247 2455 4301 ad
2503 4262 2759 4301 occasum
2802 4247 3071 4312 volvente,
3104 4256 3159 4302 et
3200 4248 3433 4301 summis
3462 4247 3555 4299 diu
3585 4255 3733 4299 stare

2140 4346 2397 4408 negatum
2430 4336 2643 4402 fuisset,
2669 4352 2877 4391 summa
2909 4346 2963 4390 et
2986 4337 3165 4392 divina
3199 4338 3457 4392 univerSa
3484 4336 3732 4391 caelestia

2106 4431 2112 4436 ’
2140 4422 2198 4483 et
2228 4429 2459 4482 lmmana
2486 4435 2706 4498 regente
2726 4427 3098 4497 praescientia:
3128 4427 3305 4482 clerus
3331 4426 3734 4481 Ambrosianus

451 4493 604 4559 cujus
635 4499 1020 4553 monasterium
1051 4508 1106 4552 et
1129 4500 1413 4557 ecclesiam
1458 4506 1571 4575 ipse
1615 4512 1680 4563 ad
1736 4493 1837 4567 Dei
1866 4493 2036 4571 hono-
2064 4550 2112 4608 ι)
2144 4519 2259 4575 fere
2292 4520 2408 4590 ipsa
2435 4535 2557 4575 eum
2585 4520 2837 4584 ecclesia,
2861 4535 2983 4588 qua:
3013 4535 3112 4589 per
3133 4519 3299 4573 multa
3334 4528 3587 4588 tempora
3612 4517 3726 4571 cleo

454 4599 568 4608 _A_‘
606 4596 652 4608 Δ,
691 4589 829 4608 ιγΑΑλ,ς
859 4589 1105 4608 ιχεᾼ,μνε9
1147 4606 1196 4608 ,η
1242 4592 1274 4608 ι.
1569 4600 1618 4608 -ι-
1730 4604 1741 4608 -
2174 4596 2175 4599 Ἰ

454 4599 570 4640 rem
602 4596 657 4641 et
691 4589 830 4643 beati
859 4589 1105 4660 Dionyxii
1136 4592 1380 4648 chltans
1403 4600 1768 4666 magnilicavit
1806 4615 1861 4661 et
1888 4608 2030 4661 mul-

457 4676 529 4731 tis
561 4679 776 4747 prcediis
805 4681 1095 4751 multisque
1128 4682 1425 4745 honoribus
1453 4704 1574 4745 eam
1599 4692 1823 4751 ditando
1847 4707 1903 4752 et
1932 4699 2033 4754 ho-

436 4748 698 4825 norando
724 4748 1049 4831 sublimavit.

2145 4610 2379 4664 ricorum
2412 4625 2636 4664 suorum
2687 4611 2994 4675 conatibus,
3044 4609 3223 4680 ymnis
3266 4624 3332 4662 ac
3384 4607 3731 4679 symphoniis

2148 4703 2361 4757 curiose
2383 4713 2509 4757 ante
2540 4702 2706 4757 Deum
2729 4704 2950 4758 cottidie
2979 4701 3408 4758 consonantibus
3439 4701 3734 4771 magniﬁce

2148 4801 2397 4859 steterat,
2432 4808 2531 4849 nec
2560 4809 2666 4848 non
2692 4794 2920 4849 militum
2952 4804 3006 4850 et
3032 4791 3213 4865 populi
3242 4793 3541 4847 virtutibus
3587 4793 3735 4847 inter

1731 4883 1966 4939 VARIAE
2008 4884 2410 4943 LECTIONES.

426 5014 471 5060 λι
625 4960 767 5060 enim
805 4961 867 5016 B.
896 4965 983 5019 ubi
1011 4967 1116 5021 alia
1148 4985 1344 5060 manu:
1369 4988 1413 5024 ε.
1439 4970 1486 5024 Χ
1509 4972 1564 5025 γ.
1593 4975 1647 5027 in
1678 4976 1916 5043 margine
1952 4978 2066 5030 lucc
2095 4980 2310 5047 posuit:
2341 4980 2479 5060 ante
2512 4978 3135 5060 sepulcrunttllcriberti
3162 4979 3214 5060 in
3238 4978 3387 5060 _f_aci_e
3416 4978 3652 5060 parietis
3683 4978 3734 5060 in

480 5042 580 5060 πη,
605 5046 633 5060 η
663 5041 711 5060 η
740 5048 795 5060 Μ
983 5053 1168 5060 -.Λ-η--
1201 5054 1212 5060 ,
1478 5043 1489 5054 -
1881 5046 1895 5060 ι
2033 5046 2083 5060 η
2134 5048 2200 5060 ηι.
2305 5049 2347 5060 ι.

455 5025 633 5097 lapide
663 5032 797 5087 tales
827 5045 953 5088 sunt
983 5053 1213 5116 versus:
1251 5059 1268 5091 ι
1305 5025 1609 5115 llic—ipsa.
1634 5025 2271 5109 ivméXt-inl.’
2292 5025 2612 5103 “fibula;
2650 5025 2940 5115 :thtaliter
2992 5050 3207 5103 monaci
3238 5025 3513 5101 Heribtirti
3544 5047 3734 5112 sepul-
