3934 5330
511 336 619 393 893

1499 332 1846 390 LANDULFI
1886 333 2438 394 MEDIOLANENSIS
2473 338 2750 395 CLEMCI-

3659 337 3763 394 896

517 452 698 506 multis
733 447 1023 503 transactis
1056 447 1407 517 temporibus,
1435 447 1612 512 vultu,
1643 449 1852 512 habitu,
1885 449 2095 504 incessu
2129 452 2172 510 Α
2201 451 2584 508 obstetricibus
2631 454 2894 509 ordinatis
2950 453 3229 524 pueriliter
3257 454 3556 509 alebantur.
3587 454 3648 508 At
3678 470 3760 508 sa-

513 551 671 598 crant
696 542 906 605 nutriti,
935 549 990 594 ut
1037 539 1083 595 si
1114 540 1346 608 aliquem
1373 540 1524 593 ebori
1559 540 1901 594 Ambrosiaui
1933 541 2097 594 totius

515 651 592 688 ιιι-
620 632 928 704 Burgundia
953 632 1024 664 m
1069 639 1163 684 aut
1211 631 1264 684 in
1321 629 1615 684 Teutonica
1646 640 1739 684 aut
1789 632 1841 686 in
1870 631 2096 686 Francia

515 726 797 781 literarum
854 724 1048 779 studiis
1101 725 1340 778 deditum
1393 724 1688 790 invenires,
1743 725 1956 779 etiamsi
1990 739 2096 779 non

514 817 655 870 ultra
685 815 928 877 vidisses,
953 815 1020 869 de
1054 815 1212 885 bujus
1233 815 1472 869 ecclesia:
1495 815 1680 869 ttsibus
1708 814 2096 885 aliquantulum

514 919 676 964 notus
722 909 836 963 sine
884 923 1035 963 mora
1083 907 1241 976 hujus
1270 923 1390 963 esse
1418 909 1664 964 ecclesiae
1689 909 2008 964 afﬁrmarcs.
2037 910 2097 964 ln

512 1001 699 1054 eadem
751 1000 981 1070 denique
1011 999 1242 1054 ecclesia
1285 999 1469 1054 ferula:
1501 1001 1711 1065 decem,
1761 1017 2100 1072 unaqureqne

513 1103 668 1142 suum
726 1097 780 1143 et
836 1089 1112 1167 proprium
1175 1089 1419 1143 ordinem
1473 1105 1600 1161 erga
1647 1091 1891 1145 subditos
1919 1092 2006 1147 die
2035 1109 2099 1148 ac

512 1196 673 1242 nocte
702 1189 1089 1253 custodientes,
1114 1205 1142 1243 a
1171 1190 1442 1259 magistris
1465 1192 1705 1247 studiose
1733 1194 2093 1262 regebantur;

512 1294 741 1348 quarum
797 1279 915 1333 diue
962 1288 1115 1333 extra
1149 1280 1374 1335 chormn
1426 1289 1730 1346 manentes,
1764 1297 1793 1334 a
1838 1282 2100 1352 magistro

513 1367 656 1426 beati
710 1371 982 1428 Ambrosii
1043 1372 1202 1427 scola:
1231 1381 1336 1428 eta
1377 1374 1714 1436 vicccomitc,
1741 1374 1909 1429 laicus
1933 1375 2099 1430 laicos

512 1472 570 1516 et
621 1463 734 1532 ipse
783 1479 997 1534 regens,
1050 1465 1386 1520 tenebantur.
1427 1466 1746 1523 Sacerdotes
1794 1467 1863 1521 24
1895 1468 2100 1523 ordinis

517 1555 758 1624 majoris,
797 1556 1052 1612 diaconos
1105 1559 1160 1621 7,
1210 1560 1569 1614 subdiacoucs
1611 1561 1853 1626 totidem,
1899 1562 2097 1618 notarii

516 1646 694 1712 nmlti,
754 1647 985 1704 lectores
1039 1650 1281 1705 ecclesiae
1339 1652 1551 1720 pondus
1612 1661 1892 1722 portantes
1953 1654 2097 1709 docti

515 1746 703 1803 cantu,
737 1737 990 1806 lectione,
1015 1741 1271 1811 psalterio
1301 1743 1368 1798 18
1391 1743 1480 1796 ⁸⁷⁵.
1514 1742 1718 1798 Przcter
1739 1744 1929 1799 horum
1955 1745 2100 1799 ordi-

513 1842 612 1883 nes
641 1828 707 1882 l2
735 1831 1044 1886 sacerdotes
1089 1833 1394 1898 decumani,
1428 1833 1679 1889 videlicet
1725 1834 2006 1891 ordinibus
2034 1836 2100 1891 de

513 1917 828 1974 decumanis
870 1920 971 1975 viri
1017 1920 1143 1976 boni
1191 1921 1483 1977 testimonii
1513 1924 1773 1993 bonzeqne
1801 1925 1978 1979 famae.
2010 1923 2098 1979 Hii

513 2007 746 2064 olﬁcium
779 2012 1108 2080 prmstabant
1159 2013 1212 2067 iu
1267 2013 1462 2084 yemali
1512 2014 1762 2079 ecclesia,
1809 2024 1864 2070 et
1901 2015 2016 2069 hzcc
2044 2013 2098 2069 in

513 2108 702 2154 :estate
725 2110 965 2171 agentes,
999 2119 1119 2172 qua:
1151 2105 1458 2158 necessaria
1482 2115 1638 2160 erant
1661 2107 1731 2138 ⁸⁷⁵
1764 2107 1960 2176 pepulo
1988 2124 2098 2161 ma-

515 2194 720 2249 nicanti
750 2194 885 2266 (92).
919 2194 1185 2252 Custodes
1228 2197 1293 2250 16
1340 2197 1465 2252 boni
1514 2199 1617 2254 viri
1679 2216 1742 2254 ac
1769 2201 1821 2254 iu
1848 2201 2100 2256 onmibus

513 2279 899 2342 ecclesiasticis
930 2286 1120 2343 ofﬁciis
1144 2287 1420 2344 curialiter
1449 2291 1667 2345 eruditi.
1703 2292 1757 2346 In
1807 2292 1948 2346 scola
1974 2308 2100 2348 sau-

513 2376 586 2431 cti
629 2376 906 2431 Ambrosii
959 2378 1145 2432 decem
1190 2378 1290 2432 viri
1339 2379 1546 2445 clerici,
1603 2389 1781 2434 tamen
1825 2399 1944 2436 cum
1972 2383 2100 2453 ipsis

514 2465 770 2521 mulieres
793 2465 905 2535 jam
935 2475 1302 2533 senescentes,
1335 2469 1574 2524 vestibus
1604 2472 1846 2540 corporis
1873 2480 1928 2527 et
1950 2472 2098 2542 capi-

514 2555 586 2609 tis
607 2566 929 2613 ornamento
982 2566 1200 2613 mutatae
1226 2557 1472 2624 totidem,
1495 2575 1688 2630 panem
1714 2570 1768 2616 et
1796 2562 1975 2616 vimnu
2004 2577 2103 2631 pro

514 2648 713 2718 populo
752 2648 1008 2705 universo
1044 2651 1267 2707 cottidie
1295 2651 1608 2708 oll‘erentes.
1647 2653 1732 2709 Hii
1773 2667 1963 2708 omnes
1988 2664 2104 2709 cot-

516 2738 648 2793 tidie
677 2738 771 2794 Dei
803 2738 1028 2794 servitio
1051 2749 1105 2795 et
1133 2741 1307 2796 beatae
1355 2740 1538 2795 Maria:
1568 2757 1630 2797 ac
1660 2743 1810 2797 urbis
1841 2745 2106 2798 universae

514 2830 889 2899 persistentes,
947 2847 1102 2886 suum
1138 2831 1375 2886 cilicium
1435 2847 1530 2902 per
1574 2831 1815 2902 singulos
1845 2832 1960 2888 dies
1993 2833 2102 2888 Deo

513 2928 568 2973 ct
590 2919 787 2990 p0pulo
813 2919 1143 2977 desideranti
1194 2921 1594 2992 persolvebant.
1634 2922 1806 2977 SCOILB
1831 2938 1979 2986 vero,
2010 2924 2101 2978 ubi

514 3023 706 3067 cantus
760 3014 1001 3084 magistri
1029 3015 1096 3068 ad
1120 3014 1390 3070 docendos
1421 3029 1621 3084 pueros
1649 3015 1872 3069 cottidie
1899 3031 2100 3070 conve-

516 3104 763 3171 niebant,
809 3107 864 3161 in
911 3107 1053 3161 atrio
1091 3114 1218 3162 ante
1265 3107 1434 3177 ipsius
1467 3106 1713 3162 ecclesia:
1772 3108 1948 3176 regias
1979 3108 2097 3163 duae

2199 543 2507 599 cerdotibus
2553 545 2819 601 universis
2875 544 3011 600 hanc
3055 547 3240 599 urbem
3273 543 3627 600 incolentibus
3650 562 3750 599 ma-

2200 634 2371 705 gister
2442 644 2692 706 praeerat,
2775 637 2865 706 qui
2903 637 3244 707 primicerius
3317 648 3371 692 et
3422 638 3751 708 coepiscopns

2200 734 2443 789 vocatur,
2495 727 2581 782 cui
2640 726 2791 782 urbis
2820 728 2982 783 totius
3015 744 3078 782 ac
3109 727 3387 797 plebarum
3417 728 3655 781 omnium
3684 744 3770 781 sa-

2199 816 2447 870 cerdotes
2515 817 2792 871 humiliter
2849 831 2914 871 ac
2959 817 3150 872 devote
3202 817 3555 880 obediebant;
3589 817 3774 885 quibus

2201 904 2336 972 ipse,
2373 905 2620 974 quamvis
2654 907 2718 960 de
2741 905 2939 976 populo
2969 915 3153 971 natus,
3177 913 3358 961 tamen
3389 907 3503 960 Deo
3531 915 3587 959 et
3613 906 3774 960 homi-

2201 995 2360 1049 nibus
2408 1011 2589 1059 carus,
2621 1011 2719 1065 pro
2747 1005 2988 1067 tempore
3021 997 3074 1051 in
3112 995 3229 1051 loco
3256 997 3347 1066 qui
3379 995 3773 1065 presbyterium

2200 1093 2428 1139 vocatur
2457 1087 2820 1158 congregatis,
2863 1088 3056 1142 divinae
3085 1087 3216 1157 legis
3247 1103 3311 1142 ac
3347 1087 3469 1142 ﬁdei
3500 1087 3780 1143 catholicas

2200 1176 2458 1231 mandata
2488 1177 2702 1233 curiose
2741 1177 2984 1232 docendo
3009 1178 3298 1248 pandebat:
3331 1175 3433 1244 Qui
3460 1177 3626 1232 etiam
3655 1179 3779 1232 sub-

2200 1265 2433 1320 ditorum
2488 1267 2697 1322 meritis
2731 1269 3091 1338 exigentibus,
3144 1282 3285 1338 szepe
3333 1277 3495 1338 prout
3539 1267 3779 1321 Deusil'i

2201 1357 2634 1424 administrabat,
2689 1360 2782 1415 Dei
2815 1359 3156 1415 dilectionem
3207 1368 3261 1414 et
3313 1359 3553 1429 proximi
3590 1359 3786 1412 carita-

2203 1457 2334 1514 tem,
2373 1450 2493 1505 sine
2533 1466 2637 1520 qua
2692 1466 2852 1506 nemo
2881 1450 3112 1522 placebit
3139 1451 3270 1515 Deo,-
3305 1461 3606 1518 ceteraqne
3635 1465 3780 1503 arma

2195 1539 2438 1610 justitiaa,
2469 1541 2664 1611 quibus
2704 1542 2898 1596 armati
2939 1550 3085 1596 stare
3113 1550 3334 1611 possent
3356 1556 3421 1596 ac
3456 1541 3784 1595 adversariis

2201 1634 2455 1689 resistere
2499 1633 2761 1699 valerent,
2811 1621 3147 1704 aperiebant.
3197 1631 3399 1689 Praeter
3429 1635 3578 1687 enim
3608 1643 3784 1688 cetera

2201 1726 2561 1782 sacerdotalia
2589 1727 2784 1795 olﬁcia,
2807 1728 3031 1798 _'quibns
3060 1707 3336 1784 euri‘aliter
3356 1727 3551 1782 decem
3582 1724 3784 1796 prazlati

2131 1817 2498 1888 Bsupradicti
2578 1817 2922 1883 insistebant,
2971 1817 3284 1874 sacerdotes
3348 1832 3544 1873 omnes
3600 1815 3785 1870 urbani

2202 1909 2409 1980 virgam
2449 1911 2673 1966 cottidie
2717 1920 2917 1982 praeter
2959 1910 3432 1981 quadragesitnam
3487 1909 3682 1963 devote
3733 1905 3786 1960 in

2202 1999 2453 2057 manibus
2509 2001 2891 2072 deportabant,
2945 2015 3064 2070 qua:
3104 2001 3332 2055 'rotunda
3363 2009 3531 2068 atque
3561 1998 3787 2067 levigata

2202 2093 2409 2148 honore
2431 2093 2816 2149 decentissime
2861 2092 3203 2148 rectitudinis
3226 2099 3281 2146 et
3309 2091 3525 2162 apicem
3558 2089 3788 2159 irrepre-

2204 2185 2541 2241 bensibiliter
2576 2187 2817 2251 tenebat,
2863 2186 3008 2241 etab
3058 2184 3203 2240 omni
3246 2183 3461 2240 macula
3492 2182 3684 2254 polita,
3711 2182 3789 2235 in-

2202 2276 2372 2332 ferius
2405 2276 2602 2331 lamina
2632 2277 3218 2342 circumdata,clavum
3246 2285 3469 2330 acutum
3494 2275 3788 2345 stringens,

2202 2367 2311 2420 vim
2350 2365 2629 2437 regiminis
2665 2366 2798 2436 ipsis
2826 2366 3198 2422 sacerdotibus
3225 2364 3575 2427 ostendebat,
3606 2373 3790 2432 quate.

2203 2473 2306 2513 nus
2334 2458 2498 2525 virgte
2561 2457 2704 2511 illius
2758 2457 3081 2521 rotunditas,
3117 2456 3403 2510 rotundam
3434 2465 3491 2508 et
3528 2453 3787 2524 congluti-

2206 2557 2388 2604 natam
2443 2549 2728 2603 caritatem
2789 2564 2853 2602 ac
2887 2547 3180 2618 perfectam
3213 2557 3402 2601 mutuo
3439 2545 3787 2599 Ambrosiani

2207 2640 2521 2696 sacerdotes
2552 2639 2832 2702 baberent,
2882 2638 3316 2692 administrabat.
3349 2637 3622 2707 Quicquid
3649 2635 3787 2689 enim

2208 2747 2401 2788 sanum
2430 2740 2517 2788 est
2543 2740 2598 2787 et.
2620 2730 2936 2795 rotundum,
2961 2730 3250 2786 scissuram
3278 2744 3386 2783 non
3421 2728 3650 2794 habens,
3672 2741 3789 2795 per-

2207 2822 2407 2879 fectum
2445 2833 2547 2888 est,
2578 2824 2645 2878 de
2667 2837 2769 2892 qua
2808 2822 2990 2877 divina
3018 2823 3289 2891 scriptura
3319 2821 3531 2875 clamat
3562 2838 3578 2874 :
3607 2838 3625 2870 ι
3653 2818 3789 2872 Deus

2205 2933 2312 2973 non
2366 2917 2577 2973 habitat
2607 2918 2661 2972 in
2711 2915 2963 2972 scissuris
2994 2915 3298 2978 montium;
3342 2923 3400 2967 et
3427 2912 3638 2967 caritas
3678 2927 3789 2980 quae

2204 3010 2605 3067 multitudinem
2651 3018 2997 3080 peccatorum
3029 3006 3288 3078 coeperit,
3323 3021 3431 3060 una
3459 3013 3519 3060 et
3551 3004 3787 3074 perfecta

2200 3109 2304 3167 est,
2339 3101 2405 3157 de
2462 3115 2568 3171 qua
2603 3099 2736 3154 dicit
2781 3097 3094 3168 apostolus:
3130 3115 3149 3149 ι
3201 3097 3419 3151 Caritas
3453 3095 3672 3165 patiens
3694 3103 3788 3153 est.

514 3205 692 3262 erant,
723 3213 844 3268 quae
887 3197 956 3253 ab
1013 3198 1449 3270 archiepiscopo,
1477 3214 1599 3254 cum
1624 3213 1760 3269 Opus
1787 3208 1928 3266 erat,
1961 3213 2104 3252 mer-
2132 3185 2180 3248 C
2213 3196 2440 3267 benigna
2469 3205 2573 3262 est,
2632 3207 2736 3248 non
2763 3192 2958 3262 quaerit
2981 3206 3098 3260 qua:
3139 3205 3236 3245 sua
3264 3198 3412 3253 sunt,
3439 3203 3552 3242 non
3577 3187 3792 3241 amula-

516 3288 649 3342 cede
698 3274 822 3340 data
878 3303 1249 3353 nummorum,
1281 3287 1518 3344 scolares
1553 3303 1582 3342 a
1617 3289 1891 3359 magistris
1915 3303 2107 3344 emen-

521 3375 791 3429 dabantur
811 3376 883 3407 ⁸⁷⁸
949 3377 1241 3432 secundum
1305 3379 1448 3448 quod
1518 3377 1766 3434 Ezechiel
1842 3380 2104 3450 propheta

517 3465 706 3521 dicens
722 3465 982 3522 allirmat:
1004 3487 1020 3519 ι
1043 3468 1210 3523 Extra
1233 3480 1443 3538 portam
1469 3469 1783 3524 interiorem
1808 3472 2107 3542 gazophila-

519 3558 604 3613 cia
625 3567 906 3614 cantorum
924 3559 1140 3630 (Ezech.
1171 3560 1387 3632 XL,M).
1412 3580 1430 3612 ι
1449 3561 1505 3615 lu
1531 3561 1948 3627 atrioiuteriori,
1964 3563 2107 3634 quod

518 3660 690 3704 erata
740 3648 907 3704 latere
942 3659 1112 3723 porta:
1161 3651 1504 3723 respicientis
1535 3652 1601 3707 ad
1631 3651 1965 3724 aquilonem,
1993 3654 2108 3723 phi-

519 3738 867 3808 losophorum
893 3755 1023 3796 vero
1053 3740 1214 3796 scolze
1260 3742 1596 3798 diversarum
1629 3743 1827 3798 artium
1854 3744 2104 3814 peritiam

520 3829 859 3897 habentium,
908 3831 998 3887 ubi
1046 3832 1238 3887 urbani
1287 3843 1342 3887 et
1371 3833 1617 3888 extranei
1652 3833 1836 3889 clerici
1869 3834 2107 3906 philoso-

518 3919 661 3988 phia:
717 3921 979 3977 doctrinis
1031 3923 1274 3980 studiose
1320 3923 1724 3991 imbuebantur,
1774 3935 1935 3983 erant
1965 3927 2106 3993 duae,

520 4011 573 4065 in
599 4011 796 4079 quibus
838 4019 897 4065 ut
931 4011 1114 4068 clerici
1156 4014 1248 4085 qui
1289 4015 1571 4071 exercitiis
1631 4016 1982 4074 tradebantur
2009 4034 2108 4074 cu-

522 4102 662 4157 riose
689 4103 1032 4172 docerentur,
1087 4106 1239 4178 longa
1298 4117 1600 4177 temporum
1644 4111 1985 4167 ordinatione
2015 4126 2106 4165 ar-

519 4192 989 4263 chiepiscoporum
1049 4197 1504 4264 antecedentium,
1549 4199 1836 4268 stipendiis
1868 4215 1897 4253 a
1929 4215 2109 4256 eame-

524 4283 682 4338 rariis
708 4283 850 4340 illius
873 4285 1288 4357 archiepiscopi,
1315 4288 1404 4357 qui
1439 4297 1565 4344 tunc
1599 4290 1650 4344 in
1693 4299 1937 4360 tempore
1963 4300 2104 4358 erat,

513 4375 800 4429 annuatim
851 4391 1042 4430 earnm
1092 4378 1367 4448 magistris
1400 4380 1697 4435 honoriﬁce
1726 4383 1960 4448 donatis,
1995 4384 2109 4454 ipse

525 4463 721 4533 praesul
755 4465 1029 4520 multoties
1072 4468 1388 4532 adveniens,
1444 4470 1624 4524 smculi
1657 4472 2048 4530 Sollicitudincs
2074 4489 2104 4528 a

523 4553 720 4622 quibus
751 4556 1096 4622 gravabatur,
1130 4573 1158 4610 a
1194 4572 1252 4610 sc
1289 4559 1608 4628 depcllebat,
1647 4576 1710 4616 ac
1735 4563 2021 4633 magistros
2044 4580 2106 4619 ac

527 4644 765 4699 scolares
792 4645 844 4699 in
872 4648 1064 4703 studiis
1092 4650 1405 4714 adhortans,
1436 4652 1487 4705 in
1512 4653 1729 4724 palatiis
1749 4672 1869 4712 sese
1891 4657 2105 4712 demum

529 4736 822 4804 recipiebat
869 4739 1320 4797 Ambrosianicis.
1365 4741 1636 4800 Praeterea
1695 4746 2043 4815 senodochia,
2076 4763 2106 4802 e

529 4827 726 4896 quibus
760 4827 864 4882 alia
916 4831 1286 4901 suscipiebant
1333 4833 1560 4893 clericos
1613 4839 1950 4910 peregrinos,
2000 4840 2105 4895 alia

531 4917 786 4974 mulieres
811 4928 1018 4975 tantum
1047 4938 1312 4994 pauperes
1333 4933 1388 4981 et
1413 4927 1747 5002 peregrinas,
1778 4928 1883 4984 alia
1931 4929 2105 4984 infan-

533 5007 672 5056 tnlos
700 5009 790 5056 ﬂlli
845 5019 970 5056 ante
996 5013 1239 5056 ρροιμςίφ
1282 5015 1471 5056 ianuae
1497 5032 1528 5056 α
1557 5019 1870 5056 nutantum-0
1904 5020 1990 5056 nni
2016 5034 2108 5056 om:

2209 3296 2314 3354 tur,
2343 3304 2449 3344 non
2482 3287 2592 3358 agit
2617 3299 2923 3356 perperam,
2950 3300 3052 3338 non
3080 3281 3314 3347 inﬂatur,
3343 3297 3451 3335 non
3481 3281 3788 3344 ambitiosa,

2208 3395 2314 3435 non
2344 3381 2546 3452 cogitat
2578 3379 2804 3442 malum,
2836 3393 2939 3432 non
2972 3377 3234 3438 irritatur,
3279 3391 3385 3429 non
3413 3376 3617 3445 gaudet
3639 3389 3792 3443 super

2209 3471 2515 3540 iniquitate,
2540 3469 2842 3540 congaudct
2897 3477 3076 3521 autem
3102 3467 3337 3530 veritati,
3367 3466 3557 3519 omnia
3586 3464 3788 3525 suffert,

2208 3560 2390 3615 omnia
2437 3559 2632 3623 credit,
2664 3558 2842 3614 omnia
2867 3566 3070 3626 sperat,
3096 3557 3275 3611 omnia
3308 3557 3569 3618 sustinet,
3596 3557 3791 3610 caricis

2210 3664 2484 3719 nunquam
2529 3648 2743 3703 excidet
2783 3646 2835 3718 (Ι
2884 3646 3004 3701 Cor.
3049 3660 3168 3709 xm,
3215 3645 3314 3716 4);
3347 3666 3365 3697 ι
3413 3647 3483 3702 de
3532 3663 3641 3718 qua
3668 3647 3791 3701 dicit

2208 3737 2498 3809 Gregorius
2521 3737 2634 3808 (95)
2667 3751 2682 3790 :
2716 3754 2734 3788 ι
2759 3735 2858 3804 Qui
2887 3736 3003 3791 sine
3041 3735 3264 3791 caritate
3301 3737 3540 3791 virtutes
3569 3752 3791 3808 congre-

2209 3839 2319 3900 gat,
2373 3830 2528 3900 quasi
2584 3837 2804 3883 ventum
2852 3829 2906 3882 in
2949 3827 3222 3898 pulverem
3271 3837 3477 3899 portat.
3509 3848 3533 3882 ι
3589 3828 3793 3884 Caritas

2210 3937 2369 3992 quam
2409 3922 2551 3976 Deus
2578 3937 2707 3993 erga
2733 3921 3028 3975 humanum
3056 3936 3224 3991 genus
3251 3921 3440 3975 babuit
3465 3921 3677 3989 antiqui
3701 3935 3789 3988 pa-

2211 4011 2643 4081 rcutis'peccato
2669 4026 2941 4066 emersum
2964 4011 3056 4076 ⁸⁷⁷,
3087 4013 3257 4080 ipsum
3293 4011 3572 4065 hominem
3597 4011 3792 4065 factum

2210 4104 2266 4158 in
2305 4118 2466 4159 cruce
2501 4104 2734 4172 levavit;
2768 4113 2823 4158 ct
2844 4105 3048 4160 caritas
3070 4120 3190 4174 qua:
3221 4104 3273 4157 in
3313 4118 3486 4159 cruce
3515 4104 3692 4158 Deum
3724 4102 3793 4157 leo

2209 4203 2452 4260 vaverat,
2481 4195 2594 4264 ipsa
2624 4195 2910 4250 homicidis
2945 4193 3145 4250 Judacis
3195 4193 3592 4266 indulgentiam
3633 4194 3793 4249 serui-

2211 4286 2396 4351 nabat,
2455 4287 2682 4342 dicens:
2716 4306 2733 4338 ι
2773 4286 2992 4358 Ignosce
3043 4287 3145 4340 illis
3180 4296 3354 4358 pater,
3386 4288 3516 4356 quia
3549 4289 3791 4342 nesciunt

2211 4375 2340 4444 quid
2397 4374 2602 4430 faciant
2632 4375 2785 4447 (Luc.
2828 4392 2988 4442 χχιιι,
3019 4377 3130 4448 51).
3157 4396 3176 4431 ι
3225 4377 3303 4433 Ac
3331 4379 3526 4433 eadem
3547 4388 3792 4433 sanctum

2212 4465 2547 4538 Stephanum
2595 4468 2793 4524 caritas
2851 4468 3238 4522 amaverat".
3298 4468 3404 4523 Per
3449 4471 3594 4524 hanc
3651 4470 3791 4524 enim

2208 4558 2489 4612 caritatem
2515 4557 2743 4612 invicem
2765 4559 3097 4622 serviebant,
3117 4559 3182 4612 de
3194 4574 3296 4628 qua
3323 4560 3452 4613 dicit
3475 4561 3788 4630 Apostolus:

2212 4669 2232 4702 ι
2262 4649 2366 4704 Per
2391 4651 2672 4706 caritatem
2703 4651 2931 4707 invicem
2954 4652 3152 4707 servite
3181 4651 3326 4721 (Gal.
3351 4667 3406 4715 v,
3432 4653 3546 4722 15).
3588 4671 3606 4704 ι
3643 4651 3791 4707 Unde

2210 4739 2425 4796 Veritas
2453 4742 2564 4810 ipsa
2598 4759 2611 4796 :
2643 4759 2662 4794 ‹
2711 4741 2770 4796 1η
2817 4742 2920 4797 boc
2950 4753 3275 4813 cognoscent
3297 4758 3489 4798 omnes
3526 4744 3657 4813 quia
3695 4743 3788 4795 mei

2214 4834 2350 4890 estis
2373 4834 2640 4904 discipuli,
2684 4835 2730 4891 si
2775 4835 3112 4892 dilectionem
3143 4836 3440 4890 habueritis
3472 4835 3540 4888 ad
3567 4837 3788 4888 invicem

2216 4924 2401 4997 (Joan.
2443 4941 2565 4992 χιιι,
2595 4925 2708 4998 55).
2741 4943 2760 4979 ι
2799 4925 3018 4982 Clavum
3051 4926 3105 4981 in
3132 4927 3282 4998 virga
3311 4925 3633 4980 deferebant
3673 4941 3791 4978 aru-

2215 5027 2326 5056 lnm
2375 5026 2428 5056 nl
2464 5027 2778 5056 nam-alnum:
2808 5027 2859 5056 al
2893 5018 3180 5056 cnalnrntnc
3209 5019 3354 5056 von-hi
3385 5017 3473 5056 nni
3508 5018 3784 5056 dict-inﬁmi
