3934 5330
150 300 260 354 ειη

1116 287 1433 346 lllSTORH
1474 285 2039 344 MEDIOLANENSIS.
2086 319 2148 326 -υ
2179 286 2301 340 l.l3.
2343 286 2404 341 ll.

3297 285 3402 341 898

147 414 298 466 sicut
338 409 473 464 clavi
512 407 563 461 in
604 400 768 460 altum
815 403 972 459 defixi
1009 401 1206 468 (Eccle.
1240 418 1338 466 xu,
1366 402 1472 471 ll).
1506 419 1524 453 ι
1563 401 1729 468 ltecta
1763 413 1804 468 Α
1837 399 2212 468 quamplurimi
2255 398 2448 453 notarii
2487 397 2716 452 diversis
2743 397 2813 450 ita
2853 395 3207 466 splendebant
3242 412 3409 452 orna-

145 512 272 555 erat
329 502 496 568 virga.
537 499 789 568 quoniam
845 497 944 550 sub
995 498 1304 566 episcopum
1351 493 1604 564 populum
1636 494 1727 548 Dei

145 593 436 661 regebant.
474 589 637 644 Recta
667 598 804 652 erat,
860 587 983 656 quia
1017 588 1404 655 scripturarum
1447 586 1729 640 rectitudi-

144 699 277 737 nem
314 691 495 736 tenere
541 680 826 733 debebant.
874 678 1038 732 Recta
1067 685 1202 740 erat,
1229 677 1353 745 quia
1389 677 1510 732 fidei
1544 679 1732 732 catho-

145 773 269 827 lica:
293 770 534 842 regulam
583 785 678 840 per
725 767 1098 823 rectitudinem
1131 769 1282 821 bona:
1310 766 1637 836 operationis
1668 781 1730 823 ac

140 860 572 931 perseverantia:
625 859 898 912 tenebant.
960 857 1125 912 Recta
1187 866 1344 920 erat,
1397 859 1523 925 quia
1574 874 1733 912 senes

143 949 600 1004 sustentabantur
649 963 743 1017 per
772 955 1258 1002 sustentamcntum
1287 946 1438 999 bona:
1476 948 1732 1015 praedica-

142 1041 339 1102 tionis,
358 1037 587 1106 juvenes
618 1036 996 1092 refovebantur
1020 1050 1115 1106 per
1142 1037 1536 1090 correctionem
1565 1037 1731 1090 disci-

138 1132 330 1200 plinze.
387 1131 554 1185 [tecta
611 1139 727 1184 erat
771 1129 938 1198 virga,
982 1129 1106 1196 quia
1159 1127 1349 1181 subtus
1393 1138 1554 1182 acuto
1585 1130 1732 1183 ferro

143 1232 355 1274 terrain
409 1221 686 1284 scindens,
739 1221 900 1274 corda
954 1220 1088 1272 dura
1136 1233 1165 1270 a
1208 1229 1554 1287 peccatorum
1593 1221 1732 1274 mole

140 1330 375 1390 gravata
430 1320 496 1372 ad
553 1318 924 1386 paenitentiam
981 1331 1242 1370 revocans
1287 1314 1628 1380 stimulabat;
1667 1316 1732 1369 de

141 1411 348 1478 quibus
387 1409 618 1464 stimulis
673 1408 872 1462 dicitur
909 1421 1005 1476 per
1058 1405 1400 1460 Salomonem
1435 1419 1450 1457 :
1495 1422 1514 1455 ι
1555 1405 1729 1459 Verba

141 1500 412 1570 sapientis
431 1497 894 1576 quasistimuli,ct
917 1498 1053 1551 sicut
1075 1496 1211 1551 clavi
1237 1495 1288 1550 in
1313 1495 1480 1550 altum
1497 1495 1681 1550 defixi.
1707 1516 1724 1548 ι

141 1590 321 1643 Recta
355 1591 502 1659 virga
548 1597 669 1643 erat
716 1589 824 1661 illa,
857 1603 1017 1657 quant
1039 1589 1104 1640 ad
1129 1586 1534 1641 similitudinem
1568 1587 1731 1656 virga:

143 1683 297 1736 illius
340 1681 509 1735 nostri
556 1681 866 1734 sacerdotes
908 1679 962 1732 in
1008 1677 1256 1732 manibus
1299 1676 1638 1741 deferebant,
1665 1680 1731 1733 de

1836 490 1999 552 tibus,
2023 489 2177 557 quasi
2207 489 2519 558 angelorum
2543 488 2696 542 chori
2723 487 2904 542 multis
2940 503 3060 542 cum
3101 488 3196 543 Dei
3235 489 3412 543 virtu-

1834 579 1978 633 tibus
2008 578 2238 634 hominis
2260 577 2485 633 formam
2515 577 2775 632 habentes
2803 585 3144 647 apparerent.
3165 578 3236 632 At
3265 577 3408 650 layci

1833 681 2024 720 omnes
2075 683 2237 722 unum
2296 668 2595 733 dominum,
2649 667 2846 723 laicum
2894 668 3408 733 tamen,habentes,

1833 760 1923 828 qui
1962 759 2208 814 baculum
2258 759 2442 814 ferula:
2497 760 2608 824 uni,
2662 776 2800 814 unus
2843 761 2935 829 qui
2966 759 3154 814 decem
3188 761 3410 830 regebat

1834 851 2164 914 sacerdotes,
2195 851 2266 905 ita
2289 853 2704 915 venerabantur,
2745 853 2897 922 quasi
2928 852 3008 906 Dii
3046 862 3226 906 essent
3247 867 3408 922 aper-

1836 943 2067 1005 tissimi;
2097 943 2163 997 de
2207 943 2403 1011 quibus
2447 944 2706 1012 propheta
2739 961 2751 996 :
2789 961 2806 994 t
2860 943 2970 1013 Ego
2999 943 3128 1005 dixi,
3160 941 3244 996 Dii
3275 944 3409 998 estis

1833 1042 1887 1086 et
1917 1032 2008 1085 filii
2042 1033 2249 1088 Excelsi
2290 1049 2477 1088 omnes
2511 1033 2683 1104 (f’saf.
2716 1050 2904 1099 Lxxxt,
2932 1035 3009 1103 6).
3058 1055 3076 1086 ι
3109 1035 3184 1090 De
3214 1036 3411 1104 quibus

1833 1125 2052 1180 ordines
2094 1127 2327 1180 universi
2385 1137 2494 1180 tam
2521 1127 2705 1181 clerici
2745 1144 2906 1198 quam
2937 1128 3085 1192 laici,
3117 1145 3238 1182 cum
3274 1144 3412 1200 opus

1833 1226 1969 1279 erat,
2017 1218 2466 1271 emendahantur.
2504 1217 2571 1271 Et
2617 1233 2739 1272 cum
2772 1220 3041 1289 negotium
3075 1219 3300 1290 alicujus
3330 1223 3408 1276 rei

1833 1307 2079 1376 exigente
2102 1308 2276 1377 aliqua
2291 1318 2642 1377 gravescente
2657 1309 2920 1373 molestia,
2950 1311 3032 1365 vel
3065 1320 3118 1365 ut
3148 1312 3407 1382 juvenum

1832 1397 1915 1449 vel
1965 1397 2230 1466 majorum
2280 1400 2408 1453 vitia
2460 1410 2858 1465 resecarentur,
2903 1404 3138 1457 universi
3190 1406 3410 1459 ordines

1833 1485 1925 1540 Dei
1984 1504 2168 1542 amore
2205 1490 2372 1560 virgis
2414 1499 2508 1544 aut
2565 1492 2736 1546 sacris
2763 1493 3183 1546 amonitionibus
3216 1493 3410 1547 devOte

1830 1580 2096 1634 emendati
2123 1581 2351 1634 invicem
2382 1582 2802 1636 consolabantur
2825 1599 2838 1646 ;
2866 1583 2930 1638 de
2953 1584 3146 1653 quibus
3167 1585 3332 1653 virgis
3355 1594 3412 1639 et

1832 1669 2038 1724 baculis
2093 1671 2353 1740 propheta
2409 1672 2594 1726 dicens
2645 1673 2842 1727 clamat
2886 1690 2898 1726 :
2949 1692 2966 1724 ‹
3019 1671 3180 1743 Virga
3227 1683 3316 1729 tua
3354 1684 3411 1730 et

143 1788 258 1841 qua
294 1771 551 1826 Dominus
602 1769 714 1824 suis
738 1769 1014 1838 discipulis
1044 1769 1120 1822 ait
1152 1784 1166 1821 :
1208 1785 1226 1818 ι
1258 1765 1435 1822 Nolite
1464 1767 1607 1822 ferre
1635 1783 1731 1820 au-
1764 1761 1807 1818 Β
1834 1758 2058 1813 baculus
2084 1769 2206 1814 tuus
2234 1760 2346 1829 ipsa
2371 1776 2478 1827 me,
2503 1761 3035 1826 Domine,consolata
3057 1770 3200 1817 sunt.
3244 1780 3264 1815 ι

142 1877 272 1917 rum
302 1876 399 1916 nec
429 1871 708 1931 argentum
753 1870 846 1914 aut
877 1861 929 1914 iu
953 1875 1085 1914 zona
1109 1875 1208 1924 aes,
1243 1858 1346 1912 nisi
1377 1859 1580 1928 virgam
1611 1867 1731 1912 tan-

145 1962 266 2005 tum
292 1951 363 1982 "'
402 1949 616 2020 (Matth.
652 1965 704 2012 ι,
733 1949 808 2017 9).
831 1969 848 1999 ι
887 1948 1052 2003 Recta
1099 1949 1246 2017 virga
1276 1955 1416 2011 erat,
1451 1962 1570 2016 qua:
1605 1947 1729 2000 tim-

142 2057 278 2110 pttttl
336 2042 498 2110 virga:
551 2041 692 2095 illius
745 2041 1006 2110 gestabat,
1051 2057 1170 2110 qua:
1197 2039 1324 2092 olitn
1357 2037 1730 2108 virgaspEgy-

139 2134 386 2202 ptiorum
415 2133 1009 2202 magorum,Pharaone
1031 2139 1241 2185 astante
1269 2145 1394 2199 rege
1415 2130 1724 2193 durissimo,

142 2224 448 2278 devoravit.
487 2223 749 2290 Quoniam
800 2225 940 2277 sicut
987 2222 1188 2292 Muysis
1233 2221 1383 2291 virga
1419 2221 1589 2290 digito
1632 2221 1724 2275 Dei

139 2325 410 2386 operante
466 2331 742 2386 tnagorum
795 2315 1007 2370 illorum
1059 2314 1377 2368 fantasticas
1399 2313 1579 2382 virgas
1610 2313 1726 2367 ani-

138 2409 395 2473 chilavit,
421 2408 493 2462 ita
534 2417 843 2462 nostrorum
897 2407 1236 2462 sacerdotqu
1270 2405 1416 2474 virga
1446 2405 1722 2474 gentilium

140 2500 290 2555 idola
315 2499 632 2564 annullavit,
667 2508 721 2554 et
767 2515 860 2554 eas
885 2499 1030 2553 illico
1056 2499 1268 2552 aurium
1295 2496 1481 2550 audito
1507 2497 1725 2550 christi-

141 2593 299 2646 eolas
325 2591 668 2645 fidelissimos
715 2591 782 2644 ad
812 2590 978 2644 Deum
1029 2589 1395 2644 convertendo
1423 2588 1627 2653 effecit;
1659 2590 1724 2646 de

136 2683 345 2752 quibus
376 2681 542 2735 David
591 2696 750 2734 manu
789 2681 945 2734 fortis
973 2681 1024 2734 in
1051 2680 1261 2735 Domini
1295 2695 1523 2748 persona
1554 2679 1720 2734 dixit:

145 2792 166 2823 ι
201 2773 438 2842 Populus
484 2786 643 2842 quem
681 2786 786 2825 non
831 2771 1078 2841 cognovi,
1121 2770 1341 2824 servivit
1373 2770 1528 2833 mihi,
1556 2769 1724 2822 obau-

138 2866 260 2920 ditu
316 2865 466 2920 auris
499 2864 735 2920 obedivit
787 2863 918 2917 mihi
977 2861 1150 2934 (f’sal.
1183 2878 1317 2926 xvtt,
1357 2861 1470 2931 45).
1507 2881 1526 2912 ι
1559 2862 1718 2915 Beata

135 2965 196 3009 et
245 2965 392 3010 recta
423 2955 571 3024 virga
618 2963 924 3008 nostrorum
956 2953 1322 3015 sacerdotum,
1352 2949 1503 3018 cujus
1529 2950 1722 3005 similis

130 3048 195 3106 in
246 3047 469 3110 mundo,
521 3047 572 3099 in
608 3055 793 3107 cantu,
824 3045 875 3098 in
907 3055 1122 3107 ornatu,
1159 3043 1461 3112 ceterisque
1489 3042 1720 3097 cultibus

1903 1848 1992 1903 56.
2021 1849 2228 1905 Interea
2256 1850 2324 1882 δ⁸¹
2359 1867 2548 1906 omnes
2574 1852 2766 1906 urbani
2824 1852 3138 1909 sacerdotes
3163 1853 3217 1907 in
3244 1853 3416 1908 mani-

1830 1939 1932 1995 bus
1976 1941 2216 1997 dexteris
2268 1942 2458 1997 anulos
2500 1943 2698 1998 cotidie
2752 1942 3094 2010 deferebant,
3143 1955 3412 2015 quatenus

1829 2033 2074 2087 ecclesia:
2125 2047 2352 2103 sponsos
2414 2048 2536 2090 sese
2581 2036 2948 2102 ostenderent,
3003 2045 3057 2091 et
3107 2037 3409 2091 divinarum

1831 2125 2107 2180 literarqu
2135 2127 2384 2196 peritiam
2433 2127 2712 2189 habentes,
2745 2128 2971 2182 sincera:
3011 2128 3130 2182 fidei
3160 2133 3411 2199 signacu-

1831 2217 1942 2272 lum
2001 2229 2054 2272 et
2103 2221 2379 2288 expressio
2410 2221 2656 2274 veri.atis
2699 2221 2950 2274 omnibus
2990 2221 3237 2274 fidelibus
3287 2221 3412 2275 reli-

1828 2310 1976 2379 giose
1998 2319 2339 2378 apparerent.
2371 2309 2522 2366 Unde
2544 2311 2612 2344 ⁸⁸³
2636 2312 2826 2366 beatus
2853 2310 3110 2380 magister
3131 2320 3183 2364 et
3217 2313 3410 2368 doctor

1826 2400 2146 2455 Ambrosius
2176 2401 2230 2455 in
2274 2409 2509 2456 tractatu
2555 2401 2688 2465 (Vll,
2725 2402 2851 2464 231.
2883 2401 3064 2472 9252)
3092 2417 3251 2471 quem
3295 2404 3409 2470 ipse

1824 2513 1991 2568 super
2045 2498 2243 2553 Lucam
2301 2499 2519 2568 scripsit
2548 2535 2566 2563 ,
2617 2499 2799 2552 dixit:
2836 2517 2854 2548 ι
2892 2497 3102 2552 Anulus
3145 2497 3272 2567 quid
3325 2508 3410 2552 est

1826 2591 1993 2656 aliud,
2061 2591 2161 2646 nisi
2217 2591 2446 2646 sincera:
2485 2590 2606 2643 fidei
2665 2588 2999 2658 signaculum
3049 2597 3104 2642 et
3133 2592 3412 2658 expressio

1824 2687 2091 2743 veritatis.
2124 2686 2222 2753 Qui
2251 2693 2428 2740 autem
2460 2685 2681 2738 anulum
2710 2683 2890 2745 habet,
2915 2691 2970 2736 et
3003 2681 3216 2736 Patrem
3244 2682 3409 2737 habet

1823 2789 1878 2833 et
1936 2779 2130 2833 Filium
2187 2786 2241 2830 et
2294 2775 2552 2845 Spiritum
2603 2783 2876 2837 sanctmn,
2938 2773 3080 2842 quod
3138 2772 3409 2841 significat

1825 2870 1992 2923 Deum
2013 2868 2113 2932 ω,
2163 2865 2317 2934 cujus
2365 2867 2542 2936 imago
2591 2866 2858 2928 Christus,
2901 2871 2958 2917 et
3001 2863 3150 2916 dedit
3212 2863 3409 2933 pignus

1824 2958 2060 3030 Spiritus
2078 2958 2145 2990 ⁸⁸⁸
2186 2958 2240 3013 in
2268 2959 2523 3014 cordibus
2573 2956 2792 3018 nostris,
2822 2963 2879 3009 ut
2903 2955 3141 3009 sciamus
3170 2957 3312 3009 anuli
3337 2956 3408 2986 ⁸³⁸

1828 3053 2004 3116 istius,
2025 3051 2116 3120 qui
2160 3050 2214 3104 in
2247 3065 2408 3104 manu
2458 3057 2542 3104 est
2586 3048 2745 3102 datus
2765 3047 2856 3111 ⁸³⁷,
2887 3045 3252 3114 signaculum,
3297 3063 3407 3116 quo

134 3140 342 3194 diVinis
397 3139 620 3193 minimc
673 3139 922 3200 lmbellll'.
975 3153 1093 3206 ίιυω
1120 3135 1263 3190 illius
1293 3137 1459 3204 virgae
1489 3136 1714 3204 ιὶιιιῐιιιιη
1749 3117 1793 3178 C
1824 3144 2004 3198 cordis
2034 3143 2291 3197 interiora
2317 3142 2691 3209 factorumque
2716 3150 3024 3193 nostrormn
3063 3140 3407 3210 mysterium

135 3231 382 3292 tenebat,
424 3245 545 3298 qua:
587 3229 715 3282 olim
759 3227 952 3297 popqu
990 3227 1280 3281 Israelitico
1332 3237 1540 3296 petram
1575 3225 1718 3280 Oreb

132 3321 454 3391 percutiens
508 3335 675 3390 aquas
740 3319 1125 3373 ﬂuentissimas
1175 3319 1328 3372 venis
1397 3318 1718 3386 largissimis

134 3412 488 3466 manantibus
544 3411 868 3481 propinavit.
921 3410 1088 3465 Recta
1131 3409 1280 3480 virga
1315 3409 1455 3462 illius
1487 3425 1719 3477 sequens

133 3504 460 3575 imaginem,
488 3519 608 3574 qua:
651 3503 922 3572 quondam
954 3502 1150 3573 populo
1180 3502 1427 3566 Ebraico,
1457 3517 1577 3555 cum
1603 3499 1716 3568 jam

132 3596 300 3652 saluti
364 3613 497 3660 suae,
549 3596 830 3651 Pharaone
858 3605 914 3650 et
957 3596 1200 3652 exercitu
1226 3597 1573 3664 insequente,
1605 3596 1716 3664 jam

127 3688 358 3757 jamque
413 3687 771 3756 desperasset,
825 3702 922 3756 per
973 3685 1209 3757 Moysem
1241 3685 1434 3755 spiritu
1472 3685 1564 3739 Dei
1593 3700 1720 3754 ope-

131 3788 296 3832 rante
322 3778 456 3831 mari
485 3787 566 3833 ter
586 3793 841 3848 percusso
867 3777 1192 3846 teraperuit,
1215 3786 1267 3829 et
1293 3774 1571 3829 Pharaone
1593 3790 1716 3830 cum

131 3867 342 3937 ejusm
372 3870 638 3936 exercitu,
687 3869 844 3924 undis
874 3869 1038 3922 animi
1061 3868 1126 3899 W
1155 3867 1371 3929 clausis,
1405 3867 1539 3922 mari
1585 3869 1717 3922 sub-

132 3977 340 4024 merso,
397 3961 537 4014 viam
593 3959 781 4014 salutis
830 3961 984 4029 ignea
1043 3959 1326 4028 columpna
1365 3959 1718 4012 antecedente

135 4052 375 4120 aperuit.
405 4049 557 4104 Unde
581 4060 636 4104 et
679 4059 823 4105 recte
852 4051 1234 4120 prophetarum
1261 4050 1495 4104 eximius
1546 4049 1714 4102 David

132 4140 277 4193 dixit
309 4157 323 4194 :
361 4158 378 4190 ι
415 4140 574 4212 Virga
629 4142 773 4195 enim
823 4150 914 4195 tua
955 4150 1100 4197 recta
1147 4149 1250 4205 est,
1279 4143 1426 4210 virga
1459 4141 1605 4210 regni
1639 4141 1711 4194 tui

129 4233 314 4305 (Psal.
348 4250 490 4299 κων,
541 4235 624 4304 7);
669 4254 687 4286 ι
740 4244 795 4290 et
843 4238 969 4289 item
1003 4253 1019 4290 :
1055 4255 1073 4286 ‹
1113 4233 1270 4305 Virga
1296 4244 1382 4288 tua
1413 4243 1467 4288 et
1492 4235 1714 4289 baculus

133 4333 264 4378 tuus
285 4324 400 4394 ipsa
422 4341 506 4378 me
536 4326 758 4380 Domine
782 4325 1057 4380 consolata
1079 4336 1204 4380 sunt
1230 4325 1401 4396 (Psal.
1427 4340 1560 4390 uti,
1588 4325 1662 4396 4).
1688 4343 1706 4376 ι

1822 3235 2126 3305 signantur.
2197 3232 2441 3303 Igitur‘”
2512 3231 2709 3300 signati
2769 3245 2994 3293 sumus,
3038 3231 3177 3283 sicut
3221 3240 3276 3284 et
3334 3231 3408 3284 le-

1821 3329 1997 3396 gimus
2039 3345 2052 3381 :
2101 3325 2400 3382 Credentes
2468 3324 2520 3378 in
2597 3323 2739 3392 quod
2760 3322 2830 3353 "°
2881 3321 3076 3391 signati
3107 3321 3238 3375 estis
3277 3319 3404 3389 Spi-

1820 3421 1926 3472 ritu
1975 3427 2186 3472 sancto.
2243 3435 2262 3468 ι
2328 3415 2520 3472 Cetera
2581 3430 2708 3469 vero
2751 3411 3022 3469 clcricalia
3085 3422 3405 3466 ornamenta

1820 3527 1921 3565 nec
1986 3526 2093 3564 non
2150 3517 2208 3563 et
2267 3506 2632 3563 calceamenta
2703 3507 2772 3561 ab
2814 3504 3068 3560 omnibus
3139 3504 3402 3558 laicorum

1817 3598 2530 3656 ornatibusevidentissimis
2580 3597 2918 3667 argumentis
2961 3602 3120 3652 erant
3159 3594 3399 3649 diversa.

1821 3693 1888 3746 Et
1913 3707 2134 3746 auream
2159 3689 2586 3744 mediocritatem
2620 3689 2939 3750 retinentes,
2992 3687 3183 3741 vicinis
3205 3688 3316 3740 cari
3346 3695 3403 3740 et

1819 3785 2028 3840 civibus
2065 3783 2334 3838 universis
2363 3780 2718 3841 dilectissimi,
2753 3780 2808 3833 in
2846 3779 3057 3833 cunctis
3106 3793 3398 3848 prospera-

1822 3874 2272 3944 hanturnegotiis
2315 3882 2371 3926 et
2409 3873 2461 3926 in
2506 3871 2756 3924 omnibus
2801 3869 3195 3935 obediebantur
3241 3868 3404 3922 disci-

1820 3969 2000 4038 plinis.
2028 3968 2120 4022 Dei
2157 3967 2302 4020 enim
2354 3978 2540 4019 amore
2603 3979 2667 4017 ac
2717 3963 3065 4032 antiquorum
3113 3971 3402 4030 parentum

1821 4059 2071 4114 remediis
2101 4059 2152 4112 in
2181 4057 2313 4111 urbe
2339 4055 2496 4123 hujus
2523 4072 2629 4109 non
2659 4065 2798 4118 erat,
2829 4053 2918 4123 qui
2943 4053 3088 4106 omni
3145 4067 3288 4106 anno
3312 4068 3400 4106 se-

1816 4151 2050 4206 cundum
2096 4164 2254 4220 posse
2300 4165 2456 4203 suum
2501 4164 2608 4202 non
2659 4147 2928 4216 reciperet
2976 4161 3073 4200 sua
3131 4147 3184 4200 in
3239 4145 3404 4200 domo

1815 4258 2026 4297 summa
2046 4257 2167 4296 cum
2197 4241 2480 4295 devotione
2525 4241 2591 4294 ad
2641 4238 2990 4292 reﬁciendum
3039 4239 3175 4293 duos
3218 4253 3402 4292 sacer-

1815 4333 1991 4398 doles,
2017 4342 2108 4386 aut
2136 4339 2390 4401 quatuor,
2418 4339 2511 4384 aut
2545 4329 2850 4394 duodecim,
2883 4340 2974 4383 aut
2997 4328 3194 4398 pluses,
3226 4339 3404 4382 atten-

134 4416 194 4470 δί
236 4417 380 4470 enim
435 4433 530 4472 eos
583 4419 633 4471 in
685 4428 994 4472 sanctorum
1047 4417 1315 4471 natalibus
1361 4407 1710 4470 maxime'ad
1747 4463 1792 4520 υ
1821 4427 2011 4480 deuios
2058 4425 2186 4478 illud
2235 4422 2608 4493 evangelicum
2637 4440 2650 4476 ε
2683 4440 2700 4472 ι
2732 4421 2832 4488 Qui
2877 4437 2974 4477 vos
3029 4421 3251 4490 recipit,
3311 4434 3401 4474 me

132 4509 507 4578 psallentium,
552 4509 695 4579 quod
746 4510 884 4580 apud
938 4509 1211 4564 Romanos
1243 4519 1464 4564 vocatur
1495 4524 1712 4580 proces-

133 4601 238 4666 sio,
298 4603 699 4672 supervenires,
750 4601 992 4656 vestibus
1035 4601 1248 4664 nitidos,
1312 4602 1592 4656 honestate
1649 4617 1712 4654 ac

132 4695 421 4748 devotione
450 4693 768 4758 laudabiles,
800 4694 970 4765 magis
995 4694 1203 4748 diceres
1227 4695 1510 4764 episcOpos
1547 4710 1710 4763 quam

132 4785 448 4839 sacerdotes
468 4785 722 4838 urbanos.
773 4783 1046 4839 Ordinarii
1077 4799 1202 4837 vero
1236 4785 1706 4853 arcliiepiscoiium

133 4877 542 4942 antecedentes,
596 4877 848 4932 diacoues
908 4877 1286 4942 subdiacones,
1317 4877 1625 4932 sacerdotes
1652 4888 1708 4930 et

1822 4520 2042 4589 recipit,
2070 4529 2122 4574 et
2143 4518 2238 4588 qui
2283 4532 2368 4572 me
2397 4517 2610 4587 recipit,
2649 4517 2840 4586 recipit
2867 4531 2988 4570 eum
3021 4516 3109 4585 qui
3141 4529 3226 4568 me
3252 4512 3402 4567 misit

1822 4610 2036 4679 (Matth.
2063 4627 2120 4670 ι.
2150 4610 2257 4681 40).
2292 4628 2313 4662 ι
2345 4609 2410 4662 Et
2446 4620 2502 4662 ut
2553 4609 3150 4698 prophettc.mercedem
3188 4609 3399 4677 accipe-

1820 4713 1961 4766 rent,
2011 4717 2206 4772 magna
2237 4718 2358 4758 cum
2391 4703 2692 4757 humilitate
2722 4711 2775 4756 et
2806 4703 3038 4756 caritate
3075 4702 3218 4770 ipsos
3259 4701 3400 4754 reei-

1816 4795 2036 4864 picbaut
2065 4795 2198 4863 (9t).
2237 4793 2422 4863 Itaque
2472 4793 2556 4847 his
2613 4803 2668 4846 et
2715 4792 2835 4846 aliis
2891 4792 3394 4846 misericordiarum

1817 4883 2107 4936 multarum
2166 4882 2517 4952 elimosynis.
2585 4883 2628 4936 si
2678 4883 2806 4952 quid
2865 4881 3180 4938 oﬂ'ensionis
3246 4883 3401 4938 laicis

1457 4990 1687 5047 VARIA‘I
1728 4993 2126 5054 LECTIONES.

226 5076 300 5118 ‘7’
325 5099 502 5155 neque
530 5083 730 5154 vwlg.
771 5083 872 5156 _“°
895 5085 1007 5156 jam
1037 5083 1094 5156 Β.
1169 5086 1238 5118 ⁵⁸⁸
1267 5085 1536 5154 utrimque
1567 5085 1653 5140 BI.
1730 5087 1798 5117 ""
1833 5085 2037 5139 Titulus
2059 5102 2077 5138 :
2107 5087 2185 5142 De
2215 5090 2394 5144 anulo.
2473 5088 2543 5121 ⁸⁸⁸
2570 5098 2627 5142 ιιι
2661 5089 2720 5143 Β.
2760 5093 2845 5143 mi
2889 5108 2978 5144 m:
3013 5104 3060 5143 e.
3093 5089 3145 5140 d.
3193 5091 3398 5142 desunt.

130 5155 206 5226 ἓν
236 5159 356 5224 quia
383 5151 621 5226 s7gnavit
647 5151 747 5226 nos
769 5151 911 5210 Deus
929 5159 1010 5210 ed.
1047 5151 1177 5212 Par.
1233 5157 1303 5190 ⁸⁸⁸
1327 5151 1570 5226 spiritum
1597 5158 1665 5212 ib.
1732 5157 1914 5210 “‘hoc
1933 5175 1982 5208 a.
2012 5159 2081 5212 ib.
2150 5160 2218 5191 ’⁵⁸⁷
2251 5178 2322 5215 m.
2356 5161 2516 5214 datur
2534 5177 2655 5215 esse
2679 5178 2724 5215 δ.
2755 5162 2824 5214 ib.

131 5225 204 5257 “’
231 5222 367 5298 Ergo
397 5222 470 5280 ib“.
549 5222 620 5255 ”°
645 5225 707 5279 C.
735 5225 905 5295 inquit
937 5243 984 5281 s.
1013 5227 1084 5280 ib.

1649 5297 1690 5330 Ν

2901 5163 2970 5194 ⁵⁸⁸
3001 5159 3301 5214 ministeria
3326 5159 3402 5208 ib.

1697 5295 1785 5330 ΕΤ
1807 5295 1853 5330 Γ
