3934 5330
172 371 277 426 901

1128 372 1443 431 HISTORIA
1486 371 2055 435 MEDIOLANENSIS.
2087 410 2155 420 -——
2182 379 2305 434 LIB.
2340 379 2427 436 ΙΙΙ.

3305 385 3413 443 902

174 485 404 551 necich
453 499 549 555 per
596 486 867 540 silentium
908 485 1102 541 misere
1133 494 1529 554 transcurrunt,
1566 495 1622 541 et
1646 485 1739 555 qui
1770 491 1813 546 Α
1846 489 2060 544 tandem
2085 493 2465 546 consederunt.
2496 488 2703 558 Quibus
2728 488 3022 561 imperator
3054 497 3415 566 respondens,

171 575 475 645 vigilando,
523 575 814 630 laborando
870 586 925 631 et
982 579 1266 633 scribendo
1320 578 1438 634 aliis
1488 578 1746 649 prodesse

168 675 494 736 potuerunt,
525 675 583 721 ut
612 668 894 727 animabus
930 668 1043 723 suis
1086 668 1408 739 quandoque
1444 669 1749 725 sitientibus

170 772 377 826 aquam
416 769 782 827 praepararent
818 758 1016 825 vivam,
1061 759 1281 815 minime
1312 768 1653 831 satagerunt;
1683 761 1749 815 de

172 863 284 917 qua
309 850 539 904 caritate
567 858 622 904 et
660 850 1043 905 misericordire
1084 864 1221 920 aqua
1271 849 1531 906 Dominus
1553 850 1619 904 ad
1646 849 1747 905 Sa.

172 939 509 993 maritanam
559 939 799 1010 loquitur
838 939 1068 995 dicens:
1103 957 1122 991 (
1159 939 1258 1006 Qui
1308 939 1504 995 biberit
1553 954 1749 1009 aquam

172 1042 343 1096 quam
362 1043 463 1099 ego
493 1029 580 1092 do,
612 1029 705 1084 ﬁet
734 1029 786 1082 in
809 1043 874 1084 eo
898 1027 1015 1083 fons
1038 1036 1105 1098 aq
1123 1043 1191 1083 ire
1220 1026 1463 1083 salientis
1495 1027 1549 1082 in
1582 1028 1747 1082 vitam

172 1127 439 1195 aeternam
471 1117 687 1189 (Joann.
717 1133 791 1183 tv,
820 1118 930 1189 η).
963 1138 981 1170 ι
1020 1116 1126 1174 Sed
1168 1133 1269 1189 ego
1307 1120 1467 1173 homo
1502 1118 1750 1188 quamvis

174 1208 448 1273 tantillus,
471 1208 734 1277 angustiis
751 1217 807 1264 et
836 1208 1267 1265 tribulationibus
1296 1210 1547 1275 lassatus,
1579 1208 1749 1265 fretus

172 1307 237 1350 ut
264 1298 432 1353 credo
456 1308 796 1368 posterorum
837 1313 1078 1353 meorum
1110 1300 1334 1364 meritis,
1372 1300 1464 1369 qui
1505 1300 1617 1355 haec
1663 1301 1747 1355 vi-

175 1389 373 1443 dentes
408 1398 735 1459 cognoscent
760 1403 847 1443 me
893 1389 959 1443 ad
1001 1386 1565 1459 suarum’dignitatum
1595 1389 1748 1444 labo-

173 1492 332 1532 rasse
352 1478 632 1544 honorem,
656 1479 721 1533 ad
752 1479 1023 1553 inceptum
1050 1477 1308 1534 festinare
1345 1481 1627 1551 aggrediar
1656 1479 1745 1536 m.

246 1569 306 1623 2.
349 1568 513 1639 Igitur
537 1570 608 1602 m
642 1554 922 1641 praeﬁnitis
965 1584 1029 1625 ac
1066 1569 1437 1626 determinatis
1478 1573 1747 1642 archiepi-

174 1673 467 1728 scoporum
492 1668 796 1715 nostrorum
827 1660 1030 1726 causis,
1069 1676 1205 1731 quas
1240 1674 1340 1731 ego
1363 1658 1530 1718 multo
1553 1663 1750 1719 sudore

174 1748 459 1819 multoque
480 1749 661 1806 labore
696 1751 946 1821 antiquos
987 1750 1310 1807 sciscitando
1348 1767 1567 1818 omnes,
1610 1753 1750 1808 veri-

1849 577 1991 632 inter
2017 588 2195 634 cetera
2225 581 2615 651 aliquantulum
2643 580 2915 648 dubitans,
2942 584 3131 641 videns
3154 587 3301 643 viros
3328 603 3419 644 stt--

1848 668 2076 738 pientes,
2102 672 2362 727 discretos
2374 681 2535 742 atque
2551 672 2793 728 aﬁ‘abiles
2816 676 2873 729 dc
2885 676 3182 747 ctrinisque
3204 678 3395 734 ailluen
3419 708 3423 713 ο

1852 769 1950 824 tes,
1986 759 2200 816 interse
2230 762 2388 817 tacite
2408 762 2670 817 Gurdonis
2690 772 2745 817 et
2766 764 2957 818 horum
2979 758 3198 841 causam
3225 768 3313 822 diu
3339 768 3384 823 ri
3413 798 3419 805 -

1850 850 1984 905 mari
2010 850 2158 906 visus
2178 862 2277 906 est.
2301 852 2538 924 Tandem
2565 870 2695 909 voce
2707 846 2922 925 propria
2941 854 3239 913 Guidoncm
3264 868 3416 915 retro

1848 949 1974 1009 post
1994 955 2182 995 omnes
2201 940 2396 996 ibidem
2420 950 2685 998 astantem
2710 936 2836 999 ante
2853 948 3101 1013 vocavit;
3127 963 3235 1018 quo
3258 964 3419 1004 voca-
3478 948 3487 953 “

1851 1037 1925 1093 to,
1955 1030 2237 1084 universos
2280 1032 2621 1100 percunctari
2670 1034 2857 1103 C(Bpil,
2888 1035 2931 1089 si
2956 1024 3417 1108 archiepiscopum

1852 1118 2091 1173 vellent?
2114 1119 2213 1186 Qui
2252 1120 2411 1175 tertio
2452 1121 2740 1177 dixerunt:
2771 1142 2791 1176 ς
2828 1123 3101 1204 Petimus,
3152 1128 3420 1194 volumus,

1851 1210 2281 1265 desideramus.»
2316 1211 2397 1265 Ad
2417 1213 2530 1268 haec
2558 1200 2877 1283 impera'or:
2912 1215 3006 1295 «‘Si
3034 1200 3098 1271 ex
3126 1227 3237 1273 toto
3263 1204 3425 1274 corde

1850 1303 2052 1372 petitis,
2109 1290 2286 1369 vultis,
2345 1303 2699 1370 desideratis,
2759 1290 3059 1377 Gnidonem
3110 1311 3356 1379 accipite.
3398 1330 3417 1362 ι

1850 1393 1964 1449 lloc
1992 1394 2176 1449 audito
2204 1395 2385 1450 clerici
2416 1411 2480 1448 ac
2507 1393 2627 1473 laici
2670 1412 2857 1452 omnes
2892 1399 3123 1477 minime.
3146 1401 3196 1454 in
3234 1401 3425 1472 primis

1850 1485 1965 1541 haec
2011 1485 2198 1541 audire
2246 1486 2586 1557 cogitantes,
2637 1486 2871 1543 vultibus
2920 1489 3127 1560 pallidis
3186 1507 3425 1575 voceque

1849 1576 2139 1661 submissa
2170 1564 2485 1665 renuerunt.
2538 1583 2654 1649 Quo
2710 1586 2892 1669 audito
2945 1574 3251 1660 imperator
3282 1568 3425 1659 ip.os

1851 1656 2113 1724 sciscitari
2136 1656 2317 1743 {erupit
2345 1652 2529 1729 dicens
2559 1716 2572 1728 .
2608 1694 2626 1726 ε
2663 1652 2814 1753 Quod
2863 1652 3059 1732 festum
3090 1679 3246 1736 hodie
3287 1680 3426 1753 cele-

1849 1758 2060 1815 bratis?
2097 1781 2115 1814 ι
2144 1763 2553 1833 Responderunt
2584 1784 2640 1819 ει
2664 1750 2863 1823 ἐαηοιί
2897 1769 3144 1825 Materni.
3181 1791 3199 1823 ι
3243 1790 3260 1823 ι
3295 1750 3428 1839 Quis

176 1830 349 1896 tatem
380 1850 558 1897 tamen
588 1851 855 1910 amantes,
881 1843 1097 1899 curiose
1131 1843 1362 1913 repperi,
1394 1859 1458 1898 ac
1475 1844 1750 1927 civitatum
1782 1832 1826 1891 Β
1855 1850 1956 1905 fuit
1990 1853 2091 1907 iste
2129 1830 2439 1911 Maternus?
2476 1876 2496 1910 ι
2536 1842 2949 1941 Responderunt
2977 1879 2990 1915 :
3026 1882 3044 1941 ε
3081 1862 3430 1937 Primiccrius

175 1930 350 1986 Italiae
380 1932 542 1987 totius
571 1933 830 1988 librorum
876 1934 1100 2005 paginas
1128 1934 1377 1989 rimando
1408 1934 1520 1988 fere
1542 1944 1750 1989 scruta-

177 2029 271 2075 tus
301 2034 445 2086 sum,
473 2031 527 2077 et
549 2031 705 2091 prout
729 2023 878 2093 potui
925 2023 1091 2078 multa
1125 2023 1178 2077 in
1212 2023 1749 2093 brevicomprehen-

176 2113 336 2177 dens,
362 2114 497 2169 meis
523 2114 743 2169 cartulis
776 2114 1101 2183 subscripsi;
1132 2130 1272 2170 nunc
1305 2116 1372 2169 ad
1400 2115 1749 2171 historiarum

175 2203 381 2257 seriem
423 2204 661 2271 redeam,
717 2219 879 2274 quam
926 2203 1058 2274 legis
1103 2205 1307 2274 peritus
1338 2204 1550 2276 aliquis,
1590 2196 1753 2275 prout
1820 2218 1825 2223 '

176 2292 285 2347 fuit
308 2293 446 2348 etin
475 2294 704 2367 veritate
729 2285 965 2364 comperi
993 2309 1271 2351 enarrare.
1629 2312 1645 2357 ι

252 2385 309 2439 3.
340 2385 443 2456 (2.)
500 2382 807 2456 Aliquantis
856 2387 926 2419 ⁸⁹⁶
970 2388 1157 2443 diebus
1187 2397 1305 2457 post
1354 2389 1751 2460 praeclarissimi

176 2474 452 2529 Heriberti
484 2476 764 2531 decessum
795 2477 1102 2543 transactis,
1136 2478 1334 2533 civium
1379 2480 1753 2536 universorum
1818 2486 1825 2498 ‘

176 2565 436 2622 collectio
455 2567 687 2621 adunata
702 2575 803 2623 est.
829 2568 909 2624 Ob
928 2583 1088 2636 quam
1111 2584 1327 2625 causam
1345 2571 1535 2626 civitas
1555 2572 1753 2625 euadu-

176 2664 313 2710 nata
344 2656 435 2719 sit,
468 2656 601 2710 mihi
626 2670 850 2712 narrare
878 2671 1056 2725 opera:
1085 2645 1316 2727 pretium
1367 2668 1469 2713 est.
1535 2658 1753 2714 Civibus

178 2745 253 2776 "7
283 2746 437 2800 enim-
459 2738 906 2800 convenientibus
943 2746 996 2799 in
1027 2761 1191 2800 unum
1220 2755 1328 2800 tam
1356 2746 1567 2802 clericis
1591 2762 1751 2817 quam

177 2835 358 2897 laicis,
403 2836 591 2906 longas
619 2839 891 2894 solventes
920 2841 1197 2896 orationes
1234 2842 1286 2895 in
1326 2840 1541 2912 populo,
1568 2850 1757 2911 quate.

119 2945 127 2950 ·
171 2941 289 2989 _nus
316 2926 383 2980 de
411 2927 737 2995 acquirendo
763 2937 817 2982 et
845 2929 1094 2999 eligendo
1121 2930 1529 2999 archiepiscopo
1566 2944 1755 2986 consu-

180 3017 448 3084 lerentur,
475 3031 804 3091 quapropter
847 3032 1079 3091 quatuor
1104 3022 1324 3093 majoris
1349 3024 1556 3091 ordinis
1608 3025 1755 3079 viros

179 3110 460 3179 sapientes
516 3112 730 3180 optima:
760 3101 1187 3183 vitmbonaaque
1246 3114 1404 3170 fama)
1446 3117 1753 3185 elegerunt,

179 3202 382 3270 quibus
430 3202 642 3266 electis,
673 3205 937 3259 universae
972 3205 1209 3260 civitatis
1236 3207 1454 3264 ordines
1502 3210 1647 3280 ipsos
1690 3213 1757 3267 ad

182 3292 572 3361 imperatorem
601 3292 913 3357 llenricum,
946 3296 1037 3366 qui
1066 3296 1279 3351 noviter
1318 3310 1634 3356 surrexerat
1663 3292 1759 3358 no-

183 3383 433 3451 viterque
451 3368 701 3454 populum
734 3385 904 3453 ipsum
945 3401 974 3438 a
1012 3386 1276 3456 majorum
1300 3390 1762 3448 manibuslibera.

183 3485 365 3540 verat,
422 3460 632 3529 summa
685 3491 806 3531 cum
858 3477 1133 3548 diligentia
1187 3479 1530 3548 direxerunt;
1568 3493 1623 3539 et
1655 3485 1759 3541 hiis

184 3564 500 3634 imperatori
551 3569 970 3635 repraesentatis,
1035 3568 1149 3640 ipse
1188 3569 1422 3626 discrete
1450 3575 1759 3642 provideret
1814 3606 1821 3611 -

182 3656 462 3711 conseiliis
506 3657 739 3723 rimatis,
782 3669 1047 3729 quatenus
1073 3678 1237 3716 unum
1280 3663 1345 3718 de
1377 3664 1492 3720 istis
1529 3676 1760 3735 quatuor

182 3748 654 3816 archiepiscopum
689 3749 977 3817 laudando,
1018 3751 1179 3807 anulo
1216 3760 1271 3808 et
1318 3753 1465 3823 virga
1504 3759 1759 3826 pastorali

185 3836 567 3917 conﬁrmaret,
610 3853 769 3907 quem
822 3840 1198 3896 conﬁrmatum
1249 3844 1395 3899 cives
1435 3847 1670 3916 majores
1694 3840 1761 3925 ζει

134 3952 143 3960 -
186 3927 429 3983 minores
477 3918 842 4007 ibdubitanter
882 3941 1146 3989 tenerent.
1197 3936 1418 3992 Factum
1445 3950 1527 3994 est
1556 3918 1757 4007 autem,

185 4016 350 4073 Wido
376 4019 717 4089 imperatoris
741 4022 910 4079 fretus
937 4024 1248 4093 aminiculo,
1284 4029 1375 4097 qui
1404 4039 1456 4083 et
1480 4031 1594 4099 ipse
1630 4030 1760 4086 con-

182 4108 402 4163 acilium
430 4125 688 4165 arcanum
734 4113 917 4169 domui
952 4115 1222 4173 Heriberti
1266 4119 1555 4177 criminose
1596 4123 1763 4196 impe-

183 4200 361 4253 ratori
382 4201 767 4270 denudaverat,
794 4206 939 4275 ipsos
959 4223 1079 4261 cum
1104 4199 1291 4279 paucis
1312 4210 1633 4270 subsecutus
1660 4225 1762 4274 εει.

178 4290 325 4345 Cum
353 4292 500 4347 enim
544 4292 596 4347 in
614 4295 769 4349 ‘curia
808 4298 971 4368 regali
1003 4298 1159 4354 electi
1190 4301 1443 4360 diacones
1480 4305 1763 4363 Widonem

184 4381 477 4448 vidissent,
512 4374 1030 4444 taciti‘intrinsecus
1084 4391 1154 4446 ob
1209 4404 1423 4462 pactum
1461 4399 1601 4466 quod
1651 4400 1765 4471 ipse

180 4489 311 4584 fw."
361 4475 686 4579 ίηΨθΓθιοηῗ
727 4478 951 4581 “ﬁer”:
983 4481 1192 4584 5‘25"“)
1222 4485 1288 4539 de
1326 4501 1383 4541 se
1412 4488 1759 4584 defpem'hle.
1794 4502 2118 4584 Dlebranda
2171 4508 2349 4562 divina
2410 4513 2667 4581 mysteria
2714 4515 2943 4572 miriﬁce
3013 4521 3188 4574 ornati

181 4564 601 4635 hujns‘eventus
643 4569 817 4623 rimati
857 4571 1001 4625 sunt.
1034 4573 1173 4640 Quid
1202 4577 1407 4631 multa?
1446 4577 1649 4639 Ventus
1675 4596 1759 4641 est

182 4656 302 4709 dies
334 4652 569 4711 statutus
598 4660 705 4730 (an.
741 4661 898 4728 1045,
930 4664 1043 4719 Jul.
1084 4669 1193 4736 l8),
1231 4671 1285 4724 in
1314 4688 1421 4743 quo
1466 4677 1762 4746 imperator

180 4745 657 4815 archiepiscopum
703 4752 814 4807 suis
863 4769 984 4808 cum
1015 4760 1265 4815 omnibus
1289 4745 1608 4831 primatibus
1646 4771 1762 4825 lau-

178 4834 367 4909 dando
398 4835 768 4893 conﬁrmaret.
827 4842 1013 4914 Itaque
1077 4850 1335 4906 ordinarii
1389 4832 1760 4927 et'capitanci

167 4923 464 4993 ceterique
483 4941 586 4995 per
607 4926 816 4995 jussum
834 4933 1074 4991 civitatis
1095 4941 1187 5007 qui
1211 4956 1330 4995 cum
1364 4945 1493 5017 ipsis
1522 4923 1775 5019 iverant,

172 5028 307 5067 cum
325 5022 456 5068 ante
478 5015 817 5099 imperatoris
859 5029 1197 5109 prmsentiam
1225 5033 1548 5103 aStitissent,
1580 5051 1634 5096 et
1664 5015 1761 5100 ne;

171 5103 567 5181 gotiislverbis'
587 5103 1042 5183 locule’ntissimis,
1061 5108 1128 5172 ut
1152 5132 1341 5181 natura
1365 5127 1546 5194 dabat,
1578 5137 1764 5192 multis

171 5196 539 5265 episcopiset
558 5203 877 5269 primatibus
920 5211 1243 5279 astantibus,
1287 5224 1477 5276 ornate
1507 5222 1763 5284 denotas-

1850 1952 2157 2000 nostrorum
2215 1936 2497 2003 lectorum.
2556 1969 2598 2027 ι⁴
2636 1935 2664 2003 ς’
2704 1935 2881 2022 (ἰυῙυέ
2922 1935 3184 2023 prosapia:
3233 1954 3375 2009 fuit?
3406 1975 3424 2005 ι

1850 2033 2263 2105 Responderunt
2320 2028 2353 2091 ε’
2387 2057 2407 2090 ι
2460 2028 2856 2119 (Iujuscumque
2900 2047 3163 2115 prosapia:
3199 2045 3268 2119 ἐπ’
3313 2048 3387 2100 sit
3413 2087 3427 2110 ,

1851 2116 2185 2196 suscepimus
2214 2141 2359 2183 eum.
2393 2149 2412 2182 ι
2457 2151 2475 2182 ι
2505 2131 2605 2197 lta,
2656 2133 2702 2188 si
2733 2116 3119 2213 cujuscumque
3147 2138 3219 2192 sit
3247 2152 3432 2195 susce-

1851 2218 2029 2288 pistis,
2060 2228 2109 2272 et
2144 2218 2419 2276 Maternus
2445 2233 2623 2278 vester
2652 2224 2751 2278 fuit
2783 2227 3247 2299 archiepiscopus,
3288 2230 3432 2287 hunc

1850 2309 2145 2365 (iuidonem
2177 2314 2401 2379 probum
2432 2315 2606 2369 virum
2629 2317 2909 2399 suscipite.
2935 2337 2962 2399 ιΔ
2988 2318 3155 2395 Igitur
3178 2321 3340 2398 ﬁnitis
3365 2335 3433 2378 ac

1853 2400 2514 2483 praeordinatis‘eonsciliis
2550 2394 2975 2483 qureimperator
2997 2394 3195 2481 partim
3222 2394 3357 2483 priv.
3379 2421 3433 2468 te

1852 2490 2047 2559 partim
2072 2492 2283 2561 publice
2300 2482 2420 2546 cum
2446 2478 2689 2551 Guidone
2710 2478 2921 2553 curiose
2943 2478 3145 2568 egerat,
3175 2502 3226 2555 in
3257 2486 3431 2573 omni-

1852 2580 1952 2633 bus
1980 2583 2148 2651 ipsum
2183 2584 2581 2653 magniﬁcatum
2615 2602 2678 2641 ac
2727 2576 2822 2655 per
2850 2589 3031 2643 omnia
3084 2590 3431 2645 sublimatum

1854 2672 2051 2726 direxit
2072 2673 2447 2729 Mediolanum.
2481 2676 2613 2731 Cum
2637 2686 2819 2732 autem
2848 2678 3289 2747 Guidovcnisset
3318 2681 3431 2736 Me-

1854 2764 2129 2818 diolanum
2157 2806 2171 2829 ,
2223 2765 2374 2833 cuius
2420 2767 2561 2821 fama
2618 2770 2816 2838 negotii
2862 2772 3019 2840 paulo
3068 2782 3193 2826 ante
3237 2760 3427 2827 urbem

1854 2857 2310 2924 supervolaverat,
2338 2875 2434 2913 usu
2469 2863 2692 2931 antiquo
2721 2877 2783 2916 ac
2814 2854 3056 2932 imperiis
3087 2865 3433 2934 imperatoris

1855 2949 2189 3016 urgentibus,
2229 2950 2523 3006 honoriﬁce
2572 2967 2633 3006 ac
2676 2942 2866 3008 devote
2910 2953 2979 2987 *θ’
3010 2966 3292 3025 susceptus
3327 2966 3430 3011 est.

1858 3037 1959 3103 Qui
2038 3044 2134 3108 per
2187 3032 2838 3117 vigintiAmbrosianum
2914 3047 3431 3118 archiepiscopatum

1861 3128 2082 3197 paciﬁce
2107 3146 2297 3200 regens
2318 3147 2506 3196 annos,
2537 3144 2695 3204 prout
2718 3126 2927 3207 tempus
2955 3126 3222 3209 exigebat,
3250 3142 3433 3196 omnia

1859 3220 2124 3275 clericalia
2173 3236 2237 3276 ac
2283 3223 2559 3279 smcularia
2607 3226 3101 3286 ollicia'curialiter
3132 3248 3193 3288 ac
3220 3234 3433 3300 devot-,

1858 3319 1917 3365 ut
1941 3328 2071 3366 suus
2105 3322 2420 3370 antecessor
2442 3328 2463 3381 ,'
2502 3307 2773 3373 custodire
2806 3308 2858 3375 et
2880 3394 2883 3399 Ξ
2909 3323 3254 3394 magniﬁcare
3284 3336 3432 3381 sata-

1858 3406 1989 3474 guit.
2034 3405 2134 3471 Qui
2164 3404 2305 3461 circa
2350 3409 2627 3464 saecularia
2679 3402 2941 3485 colloquia
2998 3398 3325 3487 secretisque
3376 3416 3431 3474 ii

1858 3495 2101 3549 consiliis
2126 3507 2352 3561 astutus,
2386 3499 2530 3555 circa
2575 3500 2894 3571 proferenda
2945 3495 3135 3564 verba
3163 3524 3295 3566 vero
3346 3509 3430 3565 fa-

1856 3587 2085 3654 cundus,
2114 3588 2166 3641 in
2188 3590 2386 3646 divinis
2416 3601 2594 3646 autem
2623 3584 2909 3665 perparum
2936 3600 3199 3655 eruditus.
3226 3601 3435 3656 lntcrca

1858 3678 2117 3732 ordinarii
2148 3696 2358 3747 omnes,
2410 3698 2545 3752 quos
2576 3684 2689 3753 ipse
2743 3676 2927 3742 multis
2976 3689 3252 3746 beneﬁciis
3294 3691 3436 3747 mul-

1859 3771 2038 3839 tisque
2068 3771 2363 3828 honoribus
2391 3791 2420 3828 a
2458 3774 2641 3829 dolore
2683 3777 2844 3831 animi
2876 3765 2936 3831 Let
2967 3795 2995 3832 a
3031 3785 3274 3851 corporis
3301 3784 3441 3838 indi-

1859 3864 2130 3929 gnatione,
2183 3850 2377 3933 quibus
2430 3874 2586 3920 antea
2627 3867 2678 3920 in
2730 3870 2881 3923 curia
2913 3856 3077 3940 regali
3109 3868 3313 3928 famose
3341 3876 3440 3928 im-

1860 3951 1975 4007 buti
2009 3953 2245 4020 fuerant,
2275 3955 2466 4010 sedare
2495 3972 2559 4012 ac
2590 3952 2837 4027 mitigare
2886 3954 3107 4018 minime
3154 3956 3342 4033 potuit,
3380 3976 3442 4020 ut

1861 4044 2122 4099 desidium
2168 4060 2332 4115 super
2380 4036 2562 4121 ipsum
2600 4041 3208 4121 obnixe'exerceretur,
3261 4058 3442 4112 verbis

1822 4134 2161 4192 -inbonsstis
2209 4138 2465 4204 cottidie,
2519 4149 2695 4197 tamen
2744 4143 2921 4214 populi
2958 4132 3161 4201 timore
3211 4159 3438 4214 secrete,

1865 4225 2246 4283 detrahebant.
2297 4228 2354 4284 ln
2402 4224 2607 4285 tantum
2662 4233 2807 4313 enim
2854 4235 3064 4292 illorum
3113 4239 3278 4317 animi
3337 4241 3440 4308 ira,

1825 4328 1831 4357 ε
1864 4317 2009 4384 odio,
2058 4310 2457 4390 anibitioneque
2508 4310 2813 4380 detestabili
2865 4339 3018 4382 erant
3050 4310 3258 4396 imbuti,
3291 4333 3441 4388 tabe-

1867 4418 2185 4481 scentesque
2230 4404 2550 4479 serviebant,
2586 4425 2643 4471 ut
2690 4418 2919 4487 quadam
2953 4420 3036 4477 die
3085 4439 3205 4477 cum
3237 4423 3303 4477 ad
3353 4422 3444 4480 ce-

3221 4561 3235 4584 ,
3283 4510 3445 4592 prout

1866 4599 2064 4666 gradus
2096 4604 2519 4679 uniuscujusque
2546 4615 2872 4683 postulabat,
2905 4609 3026 4673 cum
3056 4621 3170 4688 ipso
3199 4602 3445 4678 Gnidone

1814 4754 1821 4762 ι
1863 4701 1987 4747 ante
2021 4694 2191 4752 beatae
2219 4698 2404 4757 Maria:
2446 4703 2619 4758 altare
2664 4709 2905 4765 seriatim
2951 4700 3250 4778 venissent,
3278 4704 3446 4768 ‘rnalo

1789 4842 1805 4857 θ
1862 4797 2097 4871 suorum.
2128 4790 2309 4846 omine
2355 4806 2409 4846 et
2450 4794 2788 4863 posterorum
2822 4809 2927 4854 tam
2977 4802 3236 4870 majorum
3283 4820 3443 4874 quam

1862 4874 2156 4943 minorum,
2190 4896 2310 4937 cum
2344 4898 2562 4940 suorum
2591 4890 2802 4947 veniam
2850 4895 3220 4960 peccaminum
3255 4902 3285 4949 a
3315 4896 3446 4951 ‘Dco

1844 4964 2101 5022 summis
2148 4987 2273 5026 cum
2324 4973 2578 5047 lacrymis
2624 4982 2769 5052 exigi
2816 4978 3257 5049 debebantyDei
3309 4988 3446 5042 iram

1870 5063 2251 5125 provocarunt.
2284 5063 2485 5122 Omnes
2530 5070 2675 5124 enim
2730 5074 2918 5128 relicto
2964 5075 3134 5129 solum
3185 5079 3454 5149 archiepi-

1869 5163 2033 5218 scopo
2088 5155 2242 5221 quasi
2296 5157 2568 5216 da°mones
2620 5167 2825 5219 sanctis
2876 5167 3078 5234 sparsis
3136 5168 3451 5225 thimatibus

1869 5239 2131 5284 Γιιρίρηιρε
2218 5248 2416 5284 nnnnln
2467 5258 2746 5284 οηηηισιηιεί
2798 5256 2845 5284 λιι
2878 5251 3124 5284 ωηεν-κο).
3175 5262 3423 5284 ..-ξυμ-..ιι
