3934 5330
497 223 602 282 903

1484 229 1830 288 LANDULFI
1867 229 2420 289 MEDIOLANENSIS
2458 226 2729 286 CLEBICI

3651 223 3746 285 90}

496 337 613 405 Quo
645 339 808 403 facto,
845 337 1086 408 pluribus
1131 339 1362 410 perfusxs
1404 341 1666 410 lacrimis,
1711 357 1867 416 prout
1897 347 2068 416 potuit
2097 352 2142 409 Α
2171 344 2236 398 de
2264 343 2499 414 Badagio
2525 344 2594 375 ³³³
2626 341 2760 415 (95),
2789 355 2950 412 quem
2990 340 3162 400 Guido
3191 340 3311 412 ipse
3357 340 3411 394 in
3453 340 3743 396 sacerdotio

496 428 669 484 Guido
717 432 956 500 mysterii
991 431 1285 501 solempnia
1318 433 1628 490 celebravit.
1674 437 1718 492 0
1760 437 1931 492 zelum
1974 455 2071 494 ne-

494 521 844 588 quissimum!
885 520 928 577 0
954 521 1152 576 invidia
1183 524 1586 580 erud-lissima!
1634 527 1678 583 Ο
1723 529 1801 582 ira
1831 529 2067 584 scelera-

497 613 732 666 tissima!
793 614 876 668 An
927 614 1254 684 ignorabatis
1304 616 1612 672 Luciferum
1662 619 1860 690 ipsum,
1909 637 2069 690 quem

497 703 638 758 Deus
672 719 832 774 super
875 720 1062 760 omnes
1105 707 1322 776 angelos
1374 710 1627 775 scientia,
1654 711 1895 765 claritate
1929 722 2072 764 cete-

497 797 679 865 risque
733 795 1086 865 dignitatibus
1169 799 1598 864 sublimaverat,
1652 802 1814 855 nimia
1873 802 2067 856 invidia

496 885 718 940 honoris
764 887 857 940 Dei
909 886 1342 957 irrecupabiliter
1397 892 1690 945 cecidisse?
1736 891 1936 948 Saltem
1989 892 2068 945 vel

494 977 636 1029 beati
669 975 934 1030 Ambrosii
970 979 1290 1041 reverentia,
1327 978 1478 1046 cujus
1521 982 1833 1034 cathedram
1877 997 2069 1049 quam-

493 1069 576 1121 vis
605 1068 852 1136 indignus
882 1068 991 1138 ipse
1022 1072 1260 1140 regebat,
1285 1082 1338 1124 et
1366 1073 1737 1141 episcoporum
1770 1075 2069 1127 reverentia

494 1163 561 1213 ac
625 1157 871 1212 ordinum
926 1170 1230 1213 vestrorum
1283 1170 1336 1215 et
1390 1163 1632 1217 ecclesia:
1688 1163 1850 1216 totius
1901 1163 2068 1224 orbis,

496 1250 771 1319 animique
820 1250 982 1303 vestri
1036 1251 1387 1306 intentionem
1420 1253 1700 1322 propalare
1735 1255 2069 1309 timuissetis.

496 1340 707 1394 Vestris
759 1342 903 1394 enim
958 1343 1193 1411 peccatis
1247 1344 1584 1413 exigentibus
1615 1386 1628 1410 ,
1677 1347 1802 1399 dum
1847 1347 2073 1416 putastis

497 1429 646 1485 illum
689 1431 1014 1500 vituperare,
1049 1449 1169 1487 cum
1203 1435 1317 1503 ipso
1349 1452 1450 1490 non
1500 1447 1617 1505 post
1665 1437 1888 1491 multum
1940 1447 2074 1491 tem-

495 1533 597 1588 pus
631 1519 747 1573 sine
787 1521 1156 1577 misericordia
1197 1525 1451 1580 cadentes
1497 1528 1910 1598 redarguemini.
1943 1529 2075 1582 Ver-

495 1609 727 1664 bcrastis
774 1609 923 1663 illum
951 1610 1130 1665 verbis
1179 1620 1234 1667 et
1287 1613 1803 1672 subsannationibus
1862 1617 2069 1681 multis,

2168 432 2332 502 paulo
2359 435 2484 487 ante
2512 439 2943 496 consecraverat,
2973 445 3163 486 omnes
3204 431 3427 485 ordines
3457 437 3567 482 tam
3593 431 3743 499 majo,

2170 538 2289 576 rum
2333 538 2496 592 quatn
2528 523 2794 578 minorum
2829 523 3171 578 sacerdotum
3219 520 3288 574 ob
3333 521 3606 589 quandam
3631 522 3744 574 ohe.

2170 612 2425 666 dientiam
2484 623 2800 667 cunctorum
2842 613 3130 677 ordinum,
3175 610 3483 666 communis
3516 611 3742 678 quamvis

2169 712 2453 770 parentum
2526 712 2581 756 et
2642 703 2724 756 sui
2780 719 3044 773 usurpare
3095 703 3413 772 quaerebat,
3470 701 3741 770 multisque

2172 792 2370 858 prmliis
2399 791 2680 846 inhoneste
2711 792 3042 848 sollicitabat
3081 793 3213 861 (96).
3246 791 3435 860 Itaque
3483 800 3547 844 ut
3590 789 3744 845 Guido

2179 881 2264 948 his
2321 882 2480 936 malis
2521 882 2681 938 finem
2731 883 3054 954 imponeret,
3103 894 3254 938 trans
3291 894 3512 938 montes
3571 885 3637 937 ad
3677 900 3746 938 re-

2173 984 2292 1035 gem
2356 971 2559 1024 ducens
2655 972 3008 1036 Ansehnum,
3071 982 3129 1027 ut
3201 974 3316 1043 ipse
3363 972 3527 1040 hujus
3600 988 3748 1028 eausa

2180 1059 2377 1127 negotii
2447 1061 2678 1115 discrete
2729 1059 3031 1128 judicaret,
3089 1064 3340 1118 tetendit.
3415 1064 3656 1118 Tandem
3688 1064 3750 1117 ri-

2173 1149 2333 1202 matis
2383 1152 2617 1220 negotiis
2673 1152 2883 1218 multis,
2934 1154 3196 1208 conscilio
3247 1169 3380 1209 sane
3436 1169 3468 1208 a
3521 1153 3749 1208 Guidone

2173 1249 2395 1308 accepto
2421 1280 2435 1305 ,
2468 1250 2526 1294 ut
2573 1241 2764 1297 civitas
2799 1251 2906 1297 tota
2950 1260 3136 1314 pacem
3169 1245 3396 1301 haberet
3428 1246 3746 1308 diuturna,

2173 1329 2267 1389 lite
2321 1329 2389 1383 ab
2441 1328 2700 1386 Anselmo
2743 1331 3096 1402 jurejurando
3143 1336 3368 1390 dimissa
3398 1376 3415 1401 ,
3469 1336 3749 1404 imperator

2174 1419 2538 1489 episc0patum
2566 1421 2866 1477 Lucensem
2893 1424 2942 1478 ei
2988 1426 3235 1480 attribuit
3277 1425 3414 1495 (97).
3449 1425 3584 1478 Erat
3621 1427 3747 1479 enim

2172 1507 2458 1564 Anselmus
2509 1509 2562 1563 in
2613 1524 2861 1567 sermone
2895 1522 3108 1582 potens,
3145 1513 3348 1568 divitiis
3379 1512 3631 1576 affluens,
3667 1513 3747 1583 qui

2174 1608 2228 1652 et
2257 1598 2370 1668 ipse
2413 1608 2600 1655 saneta
2642 1600 2736 1656 Dei
2764 1603 3041 1672 evangelia
3090 1603 3238 1658 circa
3286 1612 3539 1672 tempora
3570 1617 3748 1657 conre-

498 1707 555 1752 et
591 1713 684 1753 vos
731 1700 1075 1770 popularibus
1103 1701 1324 1773 ﬂagellis
1357 1705 1773 1760 verberabimini
1822 1706 2072 1760 innume-

2181 1689 2376 1743 nientia
2412 1689 2576 1759 polite
2606 1690 2802 1762 populo
2833 1693 3124 1747 reserando
3150 1691 3511 1762 przedieabat.
3544 1691 3748 1746 Factum

497 1789 778 1844 rabilibus.
838 1791 944 1846 Vos
1005 1793 1314 1848 tabesccnte
1389 1794 1587 1848 invidia
1637 1795 1878 1849 voluistis
1947 1804 2073 1848 ante

498 1878 673 1934 Deum
721 1891 898 1936 vestra
926 1882 1170 1937 confiteri
1220 1895 1464 1954 peccata,
1495 1894 1550 1938 at
1597 1885 1740 1940 Deus
1790 1886 1924 1956 ipse,
1980 1884 2072 1954 qui

495 1970 650 2024 vobis
683 1986 788 2025 non
818 1981 1021 2041 parcet,
1052 1985 1230 2028 vestra
1274 1976 1538 2029 reserabit
1584 1975 1804 2047 flagitia.
1833 1975 2073 2046 Reliqui-

499 2060 602 2115 stis
647 2072 885 2117 vestrum
936 2065 1397 2134 archiepiscopum
1430 2067 1496 2120 ad
1524 2068 1694 2122 altare
1742 2069 1832 2123 Dei
1879 2067 2073 2131 solum,

499 2163 561 2209 ut
585 2156 823 2225 apertius
845 2172 968 2211 eum
1001 2157 1156 2212 malis
1181 2160 1388 2214 artibus
1414 2160 1822 2229 opprimeretis;
1853 2171 1906 2214 et
1938 2158 2078 2212 Deus

496 2257 622 2302 ante
652 2249 943 2316 theatrum,
976 2250 1171 2319 populo
1201 2259 1412 2306 astante
1440 2251 1663 2317 crudeli,
1697 2251 1836 2305 male
1866 2263 2077 2322 aptatos

498 2343 836 2412 pessimeque
895 2351 1159 2398 tractatos
1217 2357 1312 2398 vos
1361 2342 1562 2398 frustra
1618 2359 1813 2400 nomen
1867 2344 2078 2400 Domini

497 2432 815 2490 invocantes
842 2434 1126 2505 relinquet.

565 2548 622 2600 4.
663 2548 764 2617 (5.)
801 2549 876 2603 Ea
908 2548 974 2580 '°°
1008 2557 1326 2616 tempestate
1376 2547 1488 2619 (au.
1521 2548 1678 2614 l050,
1724 2549 1878 2620 Apr.)
1931 2549 2083 2603 dom-

499 2655 602 2696 nus
657 2641 727 2671 ⁸⁰¹
764 2639 939 2695 Guido
993 2639 1176 2694 Roma:
1225 2640 1364 2708 apud
1411 2638 1713 2694 Romanum
1773 2641 2081 2710 pontiﬁcem

499 2729 734 2786 Leonem
767 2771 782 2797 ,
838 2731 1060 2800 ipsoque
1117 2728 1296 2784 Leone
1354 2729 1668 2784 conscilium
1729 2730 1912 2785 multis
1958 2745 2082 2786 cum

502 2822 769 2892 episcopis
812 2827 1052 2891 regente,
1105 2820 1194 2888 qui
1225 2830 1384 2874 antea
1437 2820 1616 2890 Papize
1662 2822 1924 2891 synodum
1977 2821 2086 2876 cle-

502 2924 718 2970 menter
753 2913 1183 2977 celebraverunt,
1217 2923 1504 2967 accusatus
1533 2924 1635 2968 est.
1683 2914 1784 2980 Qui
1817 2930 1939 2969 cum
1971 2931 2084 2968 nta-

500 2991 720 3076 gniilcc,
753 3004 934 3059 multis
965 3003 1297 3072 sapientibus
1324 3003 1535 3059 clericis
1582 3019 1645 3058 ac
1691 3005 2083 3060 strenuissimis

502 3097 769 3150 militibus
800 3079 1098 3150 honoratus
1134 3095 1227 3159 ⁵⁰²,
1256 3095 1630 3148 accusationes
1680 3095 1832 3165 quasi
1870 3095 2084 3162 plumbo

501 3177 620 3254 ipso
667 3185 721 3238 in
771 3183 1028 3239 conscilio
1067 3183 1248 3238 multis
1282 3199 1346 3239 ac
1391 3185 1619 3239 diversis
1666 3185 1965 3240 rationibus
1991 3202 2087 3256 op—

502 3286 797 3345 pugnasset
850 3275 938 3338 ⁵⁰⁸,
977 3283 1031 3328 et
1061 3282 1251 3328 cuncta
1305 3275 1603 3330 canonibus
1653 3277 1883 3347 aliisque
1927 3295 2087 3350 argu-

506 3369 707 3424 mentis
759 3369 1105 3426 inimicorum
1174 3372 1397 3428 callidas
1454 3385 1766 3442 superasset
1812 3376 2083 3431 insidias:

499 3475 632 3514 ecce
673 3453 851 3516 subito
889 3461 1002 3516 suis
1030 3462 1417 3519 altercantibus
1461 3466 1769 3523 domesticis
1795 3479 1850 3522 et
1877 3469 2088 3524 archie-

502 3551 711 3621 piscopi
780 3551 1109 3608 Ravennatis
1140 3593 1156 3618 ,
1217 3568 1524 3611 asserentes
1589 3558 1731 3628 quod
1803 3559 2088 3615 Ravennas

504 3641 943 3712 archiepiscopus
1015 3659 1046 3697 a
1103 3644 1293 3699 dextro
1366 3645 1535 3700 latere
1587 3647 1868 3716 apostolici
1925 3664 2089 3719 super

505 3733 962 3791 Mediolauensem
1010 3737 1198 3790 sedere
1228 3752 1440 3808 semper
1467 3739 1704 3805 deberet,
1734 3741 1927 3796 bellum
1959 3759 2086 3812 gra-

507 3816 788 3882 vissimum
838 3837 1018 3883 ortum
1067 3839 1166 3884 est.
1205 3829 1324 3896 Quo
1379 3842 1618 3900 peracto,
1668 3834 1777 3888 Deo
1819 3847 2087 3890 annuente

502 3919 733 3974 ecclesia
786 3920 1141 3975 Ambrosiana
1186 3937 1283 3990 per
1329 3920 1629 3978 Guidonem
1683 3927 1864 3981 sedem
1914 3928 2085 3998 ipsam

503 4008 732 4064 viriliter
755 4010 973 4080 devicit,
997 4019 1051 4064 et
1077 4010 1325 4080 religiose
1351 4012 1511 4067 hodie
1541 4022 1596 4068 et
1623 4029 1839 4086 semper
1861 4019 2083 4074 tenebit.

502 4097 574 4153 Et
619 4099 773 4154 miles
825 4102 1038 4169 quidam
1069 4101 1356 4156 Ansclmus
1396 4105 1629 4169 nomine,
1678 4109 1802 4162 dum
1847 4112 2087 4178 graviter

503 4189 561 4243 in
593 4190 796 4245 honore
826 4191 918 4245 Dei
949 4201 1003 4245 et
1032 4191 1174 4246 beati
1205 4191 1477 4249 Ambrosii
1520 4196 1660 4252 bello
1691 4198 1742 4252 in
1790 4200 1880 4255 illo
1921 4217 2081 4256 manu

502 4282 561 4336 in
589 4283 809 4338 dextera
832 4283 1142 4338 vulneratus
1171 4283 1382 4348 fuisset,
1413 4287 1484 4338 ita
1515 4298 1574 4340 ttt
1599 4302 1782 4357 aperte
1811 4294 2084 4349 amitteret

504 4375 678 4445 ipsam
718 4375 888 4428 altera
937 4375 1023 4429 die
1049 4375 1272 4430 omnino
1310 4376 1593 4433 incolumis
1638 4382 1781 4436 beati
1811 4385 2083 4441 Ambrosii
2119 4417 2172 4477 Β

495 4464 715 4519 meritis
738 4464 1006 4536 apparuit.

573 4595 634 4654 ὅ.
677 4597 777 4668 (4.)
817 4595 934 4662 Qua
978 4597 1049 4630 ⁵⁸⁸
1084 4606 1400 4669 tempestate
1439 4600 1554 4672 (an.
1605 4603 1762 4676 10217)
1805 4607 2093 4666 Anselmus

2174 1791 2260 1835 est
2294 1791 2496 1845 autem,
2527 1797 2647 1837 cum
2674 1782 2964 1838 Anselmus
2987 1782 3229 1840 Lucense
3252 1783 3537 1839 frueretur
3562 1786 3751 1852 episco-

2173 1880 2322 1942 patu,
2349 1870 2522 1926 Guido
2550 1882 2758 1943 septem
2789 1875 3047 1930 diacones
3088 1876 3155 1929 ad
3185 1890 3321 1945 opus
3350 1874 3642 1930 ministerii
3671 1872 3749 1926 Dei

2176 1971 2230 2016 et
2269 1965 2666 2032 prtedicationis
2706 1963 2822 2034 ejus
2870 1983 2966 2036 per
3003 1969 3182 2022 omnia
3213 1969 3492 2038 sapientes
3538 1967 3749 2035 bonique

2179 2057 2472 2112 testimonii
2511 2059 2878 2115 consecrando
2901 2058 3080 2130 elegit.
3124 2059 3190 2114 Et
3219 2059 3435 2129 singulo
3461 2074 3562 2127 per
3589 2058 3752 2126 singu-

2177 2149 2282 2204 lam
2313 2151 2634 2207 dominicam
2682 2153 2748 2206 de
2792 2157 3024 2210 adventu
3054 2155 3388 2211 lucidissime
3415 2156 3751 2225 praedicante,

2179 2242 2341 2312 hujus
2371 2244 2442 2275 ⁸⁰⁶
2469 2245 2543 2298 rei
2579 2247 2720 2301 fama
2744 2247 2809 2301 ad
2838 2247 3134 2303 Lucentem
3161 2247 3480 2303 Anselmum
3509 2247 3750 2306 volitavit.

2179 2334 2331 2401 Quod
2365 2338 2477 2406 ipse
2531 2338 2756 2394 audiens
2801 2338 3139 2395 inell‘abiliter
3185 2339 3500 2410 indignatus
3549 2353 3752 2406 seseque

2179 2425 2331 2492 quasi
2363 2425 2446 2480 Iro
2474 2429 2866 2499 perstringens,
2915 2430 3166 2498 intusque
3209 2441 3468 2492 extuans,
3497 2430 3578 2484 ira
3611 2442 3753 2497 atque

2181 2517 2306 2572 odio
2333 2518 2524 2574 ductus
2566 2531 2672 2586 est,
2721 2533 2776 2576 et
2805 2523 2958 2592 quasi
3005 2538 3133 2577 ursa
3165 2523 3219 2577 in
3269 2537 3438 2577 cavea
3492 2521 3753 2576 ruminans

2183 2607 2344 2662 verba
2378 2624 2482 2662 non
2529 2610 2880 2683 intelligihilia
2924 2611 3202 2667 fundebat.
3250 2612 3554 2682 Propterea
3606 2613 3756 2666 nimii:

2183 2711 2484 2756 commotus
2555 2705 2750 2759 ardore
2802 2706 3166 2760 secretissime
3214 2722 3338 2760 cum
3399 2706 3594 2775 paucis
3661 2719 3755 2760 su:

2184 2792 2334 2847 urbis
2368 2792 2578 2848 clericis
2609 2794 2663 2849 in
2705 2795 2794 2850 die
2826 2796 2939 2866 (98)
2987 2812 3096 2866 quo
3139 2797 3312 2852 sancti
3370 2795 3605 2851 Joannis
3644 2811 3753 2850 sen-

2189 2883 2357 2940 tentia
2391 2901 2409 2933 l
2444 2883 2500 2936 In
2549 2885 2824 2954 principio.
2839 2895 2956 2940 erat
2986 2887 3242 2951 Verbum,
3288 2895 3347 2942 et
3374 2887 3617 2941 Verbum
3656 2893 3755 2938 erat

2187 2974 2324 3042 apud
2376 2974 2567 3040 Deum,
2619 2984 2673 3029 et
2703 2975 2842 3031 Deus
2887 2985 3002 3033 erat
3052 2978 3307 3042 Verbum,
3362 2996 3383 3030 ι
3431 2978 3543 3033 hoc
3581 2976 3755 3045 populo

2113 3059 2156 3119 C
2187 3065 2504 3135 ttlet'icisque
2549 3068 2801 3123 omnibus
2855 3070 3228 3138 exponendum
3280 3070 3627 3124 tractabatur
3652 3109 3668 3131 ,
3709 3067 3753 3120 in

2187 3156 2416 3211 ecclesia
2447 3157 2666 3228 yemali,
2716 3159 2871 3226 quasi
2917 3161 3018 3213 sub
3065 3160 3278 3214 occulto
3307 3158 3453 3213 facie
3481 3160 3551 3210 ad
3578 3156 3755 3210 faciem

2188 3249 2288 3318 ipsi
2335 3251 2674 3320 praedicatori
2725 3265 2844 3306 sese
2872 3251 3163 3306 ostendens
3197 3252 3438 3306 advenit.
3490 3252 3571 3306 Eo
3607 3251 3660 3304 in
3686 3250 3755 3302 die

2186 3339 2506 3394 Ambrosius
2558 3338 2748 3403 Dill‘us,
2789 3341 2944 3410 quasi
2995 3341 3238 3396 bill‘arius
3263 3381 3280 3404 ,
3321 3340 3580 3396 biﬂarius
3621 3337 3752 3409 quasi

2186 3426 2313 3482 bina
2341 3428 2608 3498 colloquia
2649 3428 2834 3484 Grazca
2876 3438 2932 3484 et
2976 3430 3164 3485 Latina
3209 3429 3374 3486 fando
3404 3431 3582 3501 ipsius
3615 3445 3756 3484 evan-

2188 3519 2310 3592 gelii
2343 3521 2642 3574 sententias
2673 3521 2967 3576 secundum
2994 3522 3240 3578 doctores
3264 3532 3514 3586 sanctos,
3541 3523 3754 3575 maxime

2188 3609 2486 3664 secundum
2561 3608 2704 3663 beati
2771 3609 3043 3664 Ambrosii
3132 3610 3478 3679 disciplinam
3545 3609 3754 3665 miriﬁce

2194 3701 2498 3767 !!'actando,
2529 3701 2714 3756 Graeca
2747 3701 2936 3756 Latine
2971 3705 3307 3773 exponendo,
3353 3711 3638 3772 tamquam
3665 3715 3751 3756 non

2187 3801 2246 3846 ut
2297 3794 2458 3848 homo
2513 3795 2796 3859 tractabat,
2848 3796 2942 3849 sed
2987 3793 3142 3864 quasi
3190 3793 3423 3864 angelus
3466 3794 3749 3848 nuntiabat

2188 3881 2302 3938 lloc
2331 3885 2616 3940 Anselmus
2649 3887 2791 3939 vultu
2819 3887 3074 3956 pallidus,
3119 3886 3197 3940 ira
3226 3885 3447 3951 lividus,
3482 3886 3641 3940 labiis
3666 3897 3752 3939 tre-

2186 3976 2380 4039 mulus,
2414 3977 2653 4032 animum
2687 3987 2878 4032 Iterum
2911 3977 3218 4048 iterumque
3247 3977 3562 4042 revolvens,
3591 3976 3748 4034 omnia

2188 4072 2366 4120 tamen
2419 4068 2602 4121 audita
2654 4067 3026 4132 adniehitans,
3069 4069 3181 4124 suis
3233 4069 3746 4139 receptussclericis.

2183 4155 2402 4210 domum
2457 4159 2696 4211 nativam
2753 4159 3003 4214 omnibus
3051 4158 3206 4227 hujus
3256 4158 3408 4213 urbis
3454 4159 3669 4214 clericis
3699 4159 3749 4212 de

2185 4271 2250 4311 eo
2279 4258 2499 4312 omnino
2548 4257 2924 4328 ignorantibus
2979 4259 3273 4328 repedavit.
3320 4261 3396 4315 At
3441 4260 3628 4316 clerici
3673 4275 3748 4332 qu,

2184 4361 2306 4399 cum
2365 4347 2481 4416 ipso
2527 4356 2827 4413 venerant,
2878 4348 3188 4418 ignorantes
3249 4349 3365 4418 ejus
3414 4349 3744 4411 voluntatem,

2203 4437 2366 4491 Deum
2419 4446 2474 4492 et
2519 4439 2739 4493 beatum
2790 4439 3133 4494 Ambrosium
3188 4439 3562 4496 eollaudantes
3609 4455 3742 4510 super

2199 4529 2303 4583 hiis
2341 4543 2460 4598 quae
2502 4530 2806 4596 audierant,
2864 4531 3185 4585 mirabiliter
3223 4531 3478 4588 admirati
3525 4543 3666 4595 sunt,
3701 4542 3745 4584 et

2198 4627 2471 4682 nunquam
2518 4622 2623 4667 tam
2674 4615 2916 4684 plenarie
2969 4616 3036 4671 de
3085 4615 3284 4671 deitate
3331 4627 3387 4672 et
3435 4619 3745 4672 humanitate

1791 4718 2016 4774 VAlUAE
2062 4720 2466 4778 LECTIONES.

581 4803 652 4835 '°°
713 4802 1096 4879 TitulusiDe
1130 4803 1670 4879 altercationesedis
1713 4811 2082 4870 Ambrosianac
2116 4826 2171 4871 et
2209 4816 2557 4871 Ravennatis.
2603 4818 2692 4871 A'.
2738 4817 2814 4873 De
2860 4833 2912 4873 a.
2940 4819 3008 4874 Δ.
3054 4819 3282 4876 ecclesie
3308 4830 3362 4876 et
3409 4820 3478 4879 Β.
3530 4822 3580 4875 in
3609 4819 3740 4876 curia

510 4873 775 4928 ltomana.
833 4875 891 4928 Β.
917 4873 1003 4928 Bl.
1079 4874 1150 4928 De
1196 4874 1423 4928 ecclesia
1481 4875 1836 4936 Ambrosiam:
1885 4897 1939 4938 et
1992 4886 2290 4941 Ravennati
2370 4886 2425 4940 in
2487 4888 2759 4942 audientia
2820 4873 3257 4946 Ronianaiftt'v".

510 4944 581 4976 ⁸⁰¹
631 4945 685 4998 h.
743 4961 793 4997 ει.
848 4961 904 5009 q.
967 4959 1021 5009 p.
1080 4944 1116 4997 i.
1182 4945 1216 4998 i.
1278 4961 1328 4997 c.
1398 4962 1470 4999 m.
1544 4949 1731 5004 deum:
1787 4953 1877 5007 A‘.
1989 4956 2059 4986 ⁸⁰³
2105 4956 2421 5009 ooitulasset
2465 4958 2554 5009 A‘.
2671 4958 2743 4989 m
2793 4957 3019 5009 Titulnm
3091 4962 3257 5009 addam

2105 4959 2421 5023 opitulasset
2465 4959 2554 5012 A‘.

507 4944 581 4976 ⁸⁸⁸
631 4945 685 4998 h.
743 4961 793 4997 a.
848 4961 904 5014 q.
967 4959 1021 5012 p.
1080 4944 1116 4997 ἱ.
1182 4945 1216 4998 i.
1278 4961 1328 4997 c.
1398 4962 1470 4999 m.
1544 4949 1731 5004 desunt
1787 4953 1877 5007 A‘.

3367 4891 3435 4922 ⁵⁸⁸
3503 4893 3637 4944 deest
3682 4887 3736 4940 Β.

2671 4958 2743 4989 ⁸⁸⁸
2793 4957 3019 5013 Titulum
3091 4962 3294 5014 addunt
3338 4975 3358 5012 :
3411 4962 3619 5015 Initium
3677 4959 3735 5011 di-

513 5013 1134 5114 scidiiqllllediolalnensis
1152 5014 1877 5114 fecimus-quonuniversus
1910 5023 2087 5114 Latini
2129 5013 2277 5081 orbis
2320 5025 2454 5080 ordo
2501 5027 2901 5114 ecclesiasticus
2945 5013 3270 5086 dilaceratus
3312 5031 3380 5084 ab
3411 5013 3669 5114 *jpocritis
3690 5036 3735 5113 et

514 5085 860 5114 nn-sn-z'nnlola
894 5099 915 5114 Α
1152 5085 1431 5114 ηὶηηηοιινῖίε
