3934 5330
102 180 217 249 903

1078 194 1399 252 HISTORIA
1443 196 2027 254 MEDIOLANENSIS.
2072 228 2139 237 —
2179 197 2308 254 LIB.
2343 200 2427 258 IlI.

3283 206 3389 260 906

104 311 368 380 aliquem
401 311 692 366 humanum
736 308 974 364 loculum
1025 309 1194 366 fuisse
1225 313 1407 368 multis
1456 315 1717 369 assertio-
1747 320 1800 380 Α
1827 329 1888 368 ac
1913 314 2226 370 intlammati
2272 317 2553 383 arderent,
2579 318 2754 388 primo
2780 318 3019 390 aperuit,
3047 331 3233 393 postea
3264 341 3392 383 vero
3485 379 3490 385 .

101 402 276 459 nibus
307 402 493 457 testati
519 412 664 457 sunt.
709 402 789 455 Ad
818 401 932 456 hare
967 402 1129 458 verba
1159 403 1446 460 Anselmus
1468 421 1720 476 magnam

102 511 312 569 gerens
346 497 452 550 sub
498 503 720 565 pectore
775 493 1028 561 trabem,
1079 496 1233 564 quasi
1278 496 1365 552 leo
1415 499 1581 554 nimia
1638 501 1718 558 ira

101 602 458 657 commotus,
486 593 792 648 balbutiens
819 595 1006 660 verbo,
1039 605 1097 647 ut
1119 595 1189 626 '°"
1217 605 1410 652 natura
1453 598 1713 666 donabat,

104 685 289 741 dixit:
328 705 351 736 ‹
388 682 548 740 Certe
587 683 688 738 nisi
736 683 966 738 femiizas
1011 685 1273 740 baberent
1322 703 1512 742 omnes
1557 690 1716 760 ltujus

103 775 265 830 urbis
311 775 635 830 sacerdotes
681 781 736 829 et
784 775 957 829 levita:
989 816 1004 839 ,
1051 775 1103 829 iu
1153 778 1536 846 pnedicatioue
1577 789 1632 834 et
1659 781 1713 836 in

105 863 228 920 aliis
255 864 428 920 bonis
452 863 692 918 moribus
714 866 846 918 satis
873 879 1110 937 congrue
1147 868 1385 923 valerent
1410 870 1544 940 (9‘)).
1578 869 1710 926 Cum

107 956 294 1014 clerici
373 955 458 1010 sui
505 957 688 1010 multis
740 958 1040 1013 rationibus
1094 960 1389 1030 multisque
1447 963 1711 1033 exemplis

107 1050 464 1113 resisterent,
495 1048 731 1102 maxime
759 1057 816 1102 ut
859 1063 918 1104 se
964 1050 1078 1120 ipse
1123 1051 1251 1121 quid
1297 1053 1395 1108 fuit
1441 1063 1534 1108 aut
1578 1056 1710 1125 quid

107 1143 226 1199 fieri
265 1152 482 1213 posset,
534 1151 590 1197 et
635 1143 867 1198 videndo
917 1156 1370 1216 recognosceret,
1422 1151 1709 1204 annuntiao

106 1249 226 1293 rent
266 1257 279 1291 :
316 1236 582 1308 fatigatus
614 1237 692 1291 ira
723 1253 786 1292 ac
812 1238 935 1293 aliis
964 1239 1120 1295 malis
1146 1239 1374 1303 artibus,
1405 1241 1458 1296 in
1488 1241 1707 1313 jt'jllllils

108 1343 276 1398 usque
324 1329 400 1383 ad
440 1344 694 1399 vesperas
739 1329 935 1386 lectulo
979 1331 1169 1400 jacens
1213 1342 1268 1387 et
1314 1334 1535 1388 minime
1575 1337 1705 1390 dor-

110 1421 298 1483 miens,
332 1420 563 1486 quievit.
595 1419 708 1485 Qua
741 1428 1058 1490 tempestate
1082 1423 1308 1477 chorum
1351 1421 1421 1454 '°'
1457 1423 1706 1492 gloriosa:

109 1509 334 1578 virginis
358 1507 546 1562 Mariae
588 1509 818 1564 clericus
859 1511 1099 1579 quidam,
1141 1511 1358 1567 nOtuiue
1383 1511 1699 1579 Lantlulfus,

112 1598 173 1654 de
200 1614 402 1668 magna
437 1601 687 1670 prosapia
711 1601 992 1666 oriundus,
1021 1603 1304 1658 eurialiter
1331 1603 1418 1660 die
1439 1620 1503 1659 ac
1540 1615 1700 1659 nocte

1822 407 2005 464 multis
2026 409 2239 465 insertis
2258 411 2596 468 sermonibus
2613 413 2894 479 animavit,
2917 423 3186 484 quatenus
3205 434 3396 479 omnes

1820 500 2131 556 sacerdotes
2152 503 2263 556 suis
2283 503 2524 572 jussibus
2543 503 2764 574 suisque
2785 505 3026 562 consiliis
3043 509 3111 562 ab
3133 509 3394 568 uxoribus

1819 608 2032 646 summo
2060 609 2181 648 cum
2214 595 2478 651 dedecore
2519 607 2901 667 separarentur
2937 597 3027 653 ⁸¹¹.
3061 600 3179 668 Quo
3209 603 3394 660 audito

1817 683 2070 739 Arialdus
2105 695 2160 740 et
2195 685 2490 742 Laudulfus
2529 689 2816 744 laztabundi
2853 690 3117 747 consciiio
3158 693 3392 763 rimata.

1817 789 1922 827 non
1946 777 2166 828 tandum
2199 776 2421 831 omnino
2448 794 2476 830 a
2507 777 2618 833 Deo
2646 781 2872 846 donato,
2902 783 2999 837 sed
3023 797 3054 836 a
3090 783 3391 857 malignan-

1817 867 1949 920 tinin
1975 868 2319 937 iniquitatum
2345 871 2490 924 fonte
2516 873 2782 932 derivata.
2811 890 2915 930 non
2945 875 3035 932 Dei
3062 892 3267 943 amore,
3295 880 3392 935 sed

1815 955 2014 1010 invidia
2048 970 2096 1012 et
2129 960 2254 1012 odio
2282 969 2522 1022 onerato,
2553 977 2658 1016 non
2687 951 3077 1029 misericordia,
3103 967 3198 1023 sed
3225 969 3304 1023 ira
3335 980 3394 1027 et

1813 1049 2112 1103 ambitione
2151 1059 2205 1104 et
2243 1052 2458 1105 vesania
2498 1053 2798 1109 detestabili
2833 1055 3078 1121 suffulta,
3109 1070 3167 1114 Ill
3202 1071 3390 1130 postea

1812 1141 2061 1208 apparuit
2105 1150 2158 1195 et
2203 1143 2379 1197 visum
2426 1153 2507 1197 est
2552 1145 2604 1197 in
2639 1155 2862 1216 aperto,
2904 1149 3005 1204 sub
3034 1148 3391 1218 jurejurando

1808 1231 2087 1284 cmmricai
2125 1242 2312 1286 mutuo
2356 1235 2738 1301 ﬁrmaverunt,
2775 1245 3043 1308 quatenus
3081 1243 3392 1298 sacerdotes

1807 1335 1998 1377 omnes
2015 1331 2070 1377 et
2093 1323 2284 1379 levitas
2308 1341 2334 1378 a
2360 1325 2447 1380 die
2474 1327 2559 1380 illa
2584 1337 2639 1382 et
2668 1328 2922 1400 deinceps
2941 1347 3166 1388 uxorem
3190 1333 3392 1392 habere

1807 1426 1914 1466 non
1945 1421 2279 1479 paterentur,
2309 1423 2362 1468 et
2390 1415 2620 1470 sollicite
2649 1431 2712 1471 ac
2748 1418 3062 1485 manifeste,
3095 1437 3196 1478 nec
3224 1423 3391 1477 vitam

1806 1517 1908 1556 nec
1941 1515 2170 1558 mortem
2203 1505 2487 1570 timentes,
2517 1517 2570 1561 et
2607 1508 2849 1562 omnium
2886 1513 3226 1568 sacerdotum
3268 1521 3390 1569 acta

1805 1610 1926 1664 qua:
1968 1611 2141 1665 usque
2184 1597 2248 1651 ad
2295 1598 2346 1652 id
2389 1609 2598 1669 tempus
2630 1609 2874 1670 egerant,
2925 1605 3113 1673 quanti
3161 1605 3389 1676 periculi

113 1690 488 1761 frequentans.
522 1707 662 1747 unus
705 1693 772 1748 de
818 1693 1048 1748 notariis
1097 1695 1346 1765 degebat,
1390 1697 1479 1766 qui
1527 1700 1696 1754 ambi-
1725 1700 1772 1760 Β
1805 1694 2277 1756 εωιιιιυωιιαηιιο
2310 1687 2645 1758 iniquitatis,
2677 1691 2876 1761 populo
2917 1707 2983 1748 ac
3022 1693 3232 1752 civibus
3263 1697 3388 1754 uni-

117 1781 269 1836 tioois
297 1779 486 1852 gladio
529 1781 840 1853 perfossus,
873 1791 926 1837 et
955 1785 1191 1839 maxime
1235 1801 1398 1856 super
1438 1789 1706 1859 archiepi-

115 1882 416 1942 scopulum,
447 1874 514 1926 ad
545 1887 704 1942 quem
755 1873 955 1929 cotidie
1001 1884 1252 1945 patenter
1294 1885 1350 1929 ut
1399 1878 1550 1932 canis
1575 1894 1708 1933 ane-

118 1961 273 2026 labat,
319 1962 699 2019 indesinenter
735 1964 957 2020 ordines
999 1965 1282 2020 universos
1327 1967 1702 2036 sollicitabat,

117 2067 163 2110 et
189 2072 380 2113 omnes
423 2058 658 2130 majores
702 2067 757 2113 et
803 2060 1040 2113 minores
1069 2059 1316 2124 clericos,
1347 2063 1471 2130 quia
1514 2064 1615 2118 sibi
1646 2075 1706 2118 ut

119 2149 320 2204 animus
365 2148 494 2220 ejus
538 2149 814 2204 anhelanti
861 2151 1132 2205 desiderio
1175 2151 1445 2219 cupiebat,
1480 2153 1703 2209 minime

120 2239 381 2308 favebant,
416 2242 617 2297 cotidie
645 2251 924 2312 suspectos
949 2251 1112 2312 atque
1135 2257 1357 2312 perosos
1385 2243 1456 2275 ⁸⁸³
1495 2244 1701 2302 habens

119 2333 283 2388 verbis
304 2348 370 2389 ac
393 2332 556 2388 factis
597 2334 922 2403 turpissimis
951 2335 1266 2390 indecenter
1294 2337 1698 2406 insequebatur.

118 2421 287 2493 lzaque
301 2424 489 2494 lingua
504 2423 620 2493 ejus
642 2425 801 2480 modo
821 2426 1054 2488 dulcem,
1071 2427 1231 2481 modo
1252 2442 1490 2481 amaram
1505 2445 1700 2500 aquam

125 2513 441 2583 turpissimis
464 2515 651 2570 verbis
679 2516 1111 2571 discurrentibus
1135 2519 1466 2587 perfundens
1493 2560 1508 2584 ,
1557 2536 1702 2579 nunc

127 2601 353 2659 «lancula
399 2620 657 2674 nuncque
702 2612 890 2674 aperte
941 2621 1132 2660 ornues
1183 2607 1497 2672 detrahens,
1546 2612 1699 2678 quasi

124 2694 330 2750 minutas
361 2696 606 2766 ipsorum
645 2699 807 2752 corda
837 2697 1209 2752 induraverat.
1244 2699 1509 2755 Praeterea
1535 2702 1699 2758 alium

129 2783 380 2841 forensem
455 2787 758 2854 clericum,
803 2787 1026 2843 levitaiu
1081 2799 1329 2856 tantum,
1378 2807 1538 2861 quem
1585 2794 1700 2865 ipse

127 2872 285 2931 Guido
328 2876 434 2932 sibi
486 2891 902 2934 consecraverat
930 2921 944 2945 ,
990 2880 1241 2936 Arialdus
1271 2884 1505 2949 nomine,
1547 2897 1700 2941 ortus

128 2963 175 3018 in
220 2965 332 3022 loco
393 2967 617 3040 Cuzago
659 2985 828 3040 prope
875 2970 1194 3026 Canturium
1245 2973 1414 3045 (100),
1461 2975 1596 3031 artis
1635 2977 1701 3031 li-

1807 1777 1982 1832 versis
2010 1777 2268 1833 aberrare
2304 1780 2655 1850 panderetur.
2693 1783 2965 1839 Conscilio
3001 1795 3184 1842 autem
3219 1787 3389 1856 inito,

1806 1868 2095 1925 Anselmus
2125 1871 2307 1925 omnia
2345 1871 2622 1944 sutl'ragia,
2655 1889 2686 1930 e
2725 1875 2923 1945 quibus
2955 1877 3100 1947 ipsos
3134 1878 3393 1949 adjuvare

1805 1969 1861 2015 et
1880 1970 2190 2016 sustentare
2225 1973 2424 2032 posset.
2451 1963 2808 2035 jurejurando
2848 1967 2952 2023 iliis
2981 1969 3252 2039 pollicitus
3283 1980 3389 2028 est.

1806 2053 1872 2107 Et
1893 2069 2054 2109 ovatae
2080 2054 2254 2120 facto,
2287 2055 2580 2112 insalutato
2615 2060 3043 2130 archiepiscopo,
3076 2078 3238 2133 quem
3273 2064 3392 2136 ipse

1801 2141 1980 2197 Guido
2004 2144 2056 2197 in
2079 2145 2384 2200 sacerdotio
2401 2159 2839 2216 consecraverat,
2854 2151 3068 2208 occulte
3088 2163 3148 2208 ut
3167 2169 3392 2226 serpens

1801 2229 1872 2284 ab
1916 2232 2049 2287 urbe
2082 2234 2330 2290 recessit.
2360 2235 2456 2290 llis
2489 2236 2564 2291 ita
2596 2237 2849 2294 ademtis
2889 2256 2956 2296 ac
2987 2240 3218 2299 {innatis
3258 2260 3392 2301 ccu-

1803 2321 1995 2387 sciliis,
2027 2321 2325 2380 Landulfus
2363 2325 2416 2379 in
2447 2327 2583 2382 urbe
2621 2338 2884 2396 manens,
2915 2345 3106 2388 omnes
3151 2334 3390 2392 scolares

1801 2427 1944 2483 quos
1959 2414 2159 2471 habere
2181 2424 2414 2486 poterat,
2443 2418 2496 2472 in
2513 2418 2870 2488 jurejurando
2885 2426 3027 2492 quod
3052 2426 3163 2494 ipse
3183 2424 3389 2492 fecerat

1800 2505 2214 2576 constringens,
2247 2508 2407 2562 modo
2433 2509 2684 2578 privatim
2718 2513 2879 2568 modo
2910 2514 3123 2582 publice
3156 2516 3392 2573 circum-

1800 2600 2073 2658 veniebat.
2103 2601 2356 2658 Arialdus
2391 2617 2519 2658 vero
2547 2618 2676 2659 suos
2713 2619 2851 2676 quos
2888 2607 3112 2678 regebat
3150 2609 3389 2666 scolares

1800 2691 1856 2748 in
1923 2693 2114 2748 eodem
2173 2694 2483 2765 iuramento
2543 2698 2962 2768 constringens,
3023 2702 3164 2772 apud
3226 2702 3388 2760 Vari-

1803 2783 1943 2839 simu
1970 2784 2117 2855 (105)
2143 2784 2477 2840 morabatur.
2500 2784 2633 2853 Quae
2663 2788 2844 2842 omnia
2882 2789 3183 2861 Gnidonem
3218 2794 3392 2850 archi-

1800 2872 2112 2943 episcopum
2168 2874 2393 2930 minime
2435 2875 2730 2932 latuerunt.
2765 2878 2924 2936 Vultu
2981 2882 3128 2938 enim
3177 2884 3391 2952 placido

1803 2965 2002 3020 cotidie
2027 2967 2470 3024 demensissimas
2498 2968 2822 3026 calliditates
2860 2970 3073 3028 illorum
3101 2975 3390 3032 subridens

131 3055 256 3113 bene
305 3062 570 3132 magister
621 3061 812 3135 (ίοι),
860 3075 919 3120 ut
967 3067 1139 3136 magis
1193 3081 1258 3122 ac
1308 3067 1482 3139 magis
1530 3070 1697 3125 animi
1727 3051 1774 3114 C
1804 3057 2251 3129 parvipendebat.
2293 3057 2339 3115 Ο
2375 3059 2550 3127 Deus,
2601 3061 2692 3131 qui
2742 3072 2940 3119 cuncta
2992 3066 3138 3122 vides
3176 3068 3390 3124 occulta

128 3150 198 3202 sui
256 3151 594 3208 voluntatem
671 3171 798 3226 erga
851 3157 1070 3211 ordines
1146 3172 1336 3213 omnes
1401 3159 1697 3218 indiscrete

129 3244 560 3300 exardescentem
647 3258 975 3314 exerceret,
1037 3250 1138 3304 sibi
1216 3253 1522 3307 associavit.
1599 3251 1698 3311 Hic

131 3334 257 3388 enim
328 3339 590 3396 Arialdus
654 3342 936 3410 cujusdam
1019 3343 1288 3412 superbia:
1373 3345 1490 3401 zelo
1567 3363 1696 3417 gra-

132 3431 304 3493 Vatus,
352 3431 448 3499 qui
493 3430 652 3501 paulo
687 3445 833 3488 ante
871 3435 937 3488 de
983 3435 1219 3503 quodam
1265 3435 1471 3492 scelere
1509 3439 1699 3493 nefan-

133 3514 332 3574 dissimo
387 3533 680 3579 accusatus
729 3535 784 3578 et
837 3525 1120 3580 convictus
1187 3536 1314 3582 ante
1370 3528 1691 3603 Guidoncm,

133 3613 414 3670 astantibus
437 3617 811 3672 sacerdotibus
834 3617 992 3689 hujus
1020 3618 1166 3674 urbis
1191 3617 1394 3687 multis,
1417 3631 1471 3676 et
1498 3624 1696 3693 partim

135 3702 241 3765 qIJia
271 3707 464 3763 urbani
500 3710 815 3766 sacerdotes
855 3709 1103 3767 forenses
1149 3722 1358 3783 togatos
1389 3714 1574 3769 urbem
1608 3716 1695 3770 in-

138 3800 264 3850 lrare
290 3799 512 3856 minime
539 3805 982 3870 consentiebant,
1015 3815 1068 3860 et
1096 3805 1352 3861 ecclesias
1378 3807 1563 3862 civiles
1590 3807 1696 3864 illis

1802 3145 2071 3210 cordium,
2095 3148 2362 3203 scrutaris
2383 3149 2635 3204 universa
2661 3152 3048 3224 staterajusta,
3067 3158 3158 3225 qui
3185 3157 3389 3226 coelum

1799 3245 1856 3292 et
1885 3247 2093 3292 terram
2125 3237 2308 3293 clausa
2340 3255 2502 3294 manu
2529 3248 2682 3296 tenes
2708 3252 2873 3313 atque
2903 3245 3134 3313 metiris,
3160 3257 3212 3302 et
3241 3264 3394 3305 mare

1797 3337 1855 3384 et
1883 3330 2124 3384 abissum
2167 3332 2334 3387 verbo
2368 3331 2638 3403 disponis,
2665 3335 2752 3390 eui
2791 3335 2983 3392 devote
3019 3348 3230 3394 cuncta:
3263 3340 3394 3397 obe-

1799 3419 1953 3474 diunt
1980 3430 2246 3475 creaturae
2273 3439 2285 3474 :
2316 3421 2418 3476 viri
2443 3423 2532 3477 isti
2559 3423 2612 3477 in
2646 3432 2755 3480 tam
2781 3425 2852 3457 ⁸¹¹
2875 3426 3038 3484 bonis
3062 3429 3223 3485 rebus
3245 3432 3392 3500 quod

1799 3509 2016 3566 initium
2038 3511 2542 3583 babuerunt,quam
2568 3515 2965 3574 intentionem?
2993 3520 3047 3574 Si
3076 3521 3222 3577 enim
3249 3523 3390 3578 bona

1802 3599 2105 3655 intentione
2138 3600 2389 3671 bonaque
2425 3603 2701 3660 voluntate
2741 3606 2846 3661 hoc
2882 3607 2977 3662 Dei
3014 3609 3276 3678 placitum
3309 3612 3394 3666 ll:-

1797 3694 2108 3757 cltoassent,
2148 3692 2240 3761 qui
2287 3701 2372 3748 est
2435 3684 2651 3763 adjutor
2687 3697 2871 3767 operis
2927 3709 3070 3755 esset
3116 3711 3394 3772 protector

1797 3783 2030 3849 laboris,
2070 3797 2198 3838 cum
2237 3782 2385 3840 Deus
2422 3800 2529 3840 non
2579 3787 2695 3842 vult
2735 3799 2922 3845 coacta
2963 3791 3218 3859 servitia,
3261 3808 3392 3863 apo-

137 3881 316 3942 babere
352 3892 456 3947 nisi
487 3909 587 3963 per
625 3904 902 3950 tonsuram
939 3897 1088 3968 (102)
1142 3914 1247 3953 non
1287 3900 1693 3969 permittebant,

137 3985 218 4038 per
260 3983 439 4038 omnia
507 3986 853 4041 occasionem
896 3989 1172 4056 quaerebat
1226 3990 1459 4059 qualiter
1501 4006 1694 4046 omnes

138 4072 422 4130 sacerdotes
447 4076 516 4132 ab
545 4079 823 4146 uxoribus,
850 4079 1029 4149 populi
1052 4083 1306 4138 virtutem
1333 4083 1691 4150 sollicitando,

139 4171 438 4220 removeret.
465 4169 567 4236 Qui
597 4169 737 4224 mala
766 4172 1052 4242 ptobonis
1079 4174 1310 4230 reddens
1345 4175 1438 4241 ⁵¹⁰,
1472 4191 1576 4229 non
1608 4175 1694 4229 di-

140 4247 247 4304 vino
271 4255 360 4310 sed
387 4259 578 4327 spiritu
602 4262 863 4331 agebatur
889 4263 1144 4318 humano.
1170 4263 1334 4334 Igitur
1356 4282 1477 4320 cum
1502 4266 1693 4320 horum

139 4339 328 4398 animos
359 4362 422 4404 ac
457 4350 756 4409 voluntates
799 4355 1123 4424 quibusdam
1156 4355 1544 4426 experimentis
1577 4356 1692 4410 An-

1794 3877 1937 3933 stolo
1971 3878 2044 3912 '“
2085 3887 2404 3937 attestante.
2450 3881 2561 3938 Cur
2602 3884 2692 3940 isti
2733 3887 2889 3942 obliti
2939 3887 3036 3944 Dei
3085 3889 3386 3961 evangelia.

1791 3969 2232 4039 conjurationem
2271 3974 2646 4030 detestabilem
2693 3978 3022 4034 terribilibus
3064 3979 3389 4050 iuramentis

1797 4067 1850 4122 in
1884 4069 2080 4139 populo
2108 4070 2210 4126 sub
2228 4069 2452 4127 obtentu
2481 4072 2662 4142 placiti
2694 4073 2812 4139 Dei,
2849 4074 2991 4144 quod
3020 4084 3202 4145 postea
3230 4086 3388 4146 pata-

1795 4157 1921 4213 liam
1972 4170 2223 4216 vocatum
2253 4171 2356 4228 est,
2405 4165 2777 4220 exercebant?
2819 4166 2903 4220 An
2956 4167 3101 4222 Deus
3161 4183 3386 4230 suorum

1795 4251 2007 4306 meritis
2050 4267 2081 4306 a
2127 4252 2384 4310 cordibus
2433 4254 2647 4311 illorum
2688 4257 2972 4314 abraserat
3015 4258 3388 4329 evangelicum

1797 4352 2150 4413 praeceptum,
2179 4345 2321 4415 quod
2342 4361 2513 4416 usque
2540 4347 2700 4404 hodie
2727 4347 2928 4404 clamat
2961 4349 3148 4404 dicens
3176 4367 3190 4403 :
3222 4368 3242 4402 ι
3282 4348 3386 4416 Qui

1724 4404 1773 4464 ι)

141 4429 318 4488 selinus
359 4441 584 4498 vidisset
625 4445 862 4514 satisque
909 4445 1274 4516 cognovisset,
1318 4447 1370 4501 in
1419 4455 1695 4516 tempesta:

143 4524 292 4579 "ortis
340 4530 554 4588 silentio
598 4545 804 4591 secrete
863 4536 930 4590 ad
976 4553 1034 4592 se
1071 4538 1356 4593 convocari
1418 4538 1691 4608 praecepit.

144 4609 322 4674 Quibus
357 4624 651 4694 advocatis,
697 4628 1088 4697 aliquantulum
1130 4629 1238 4684 illis
1281 4629 1693 4702 congratulans,

146 4715 468 4772 quorumdam
492 4720 814 4776 clericorum
856 4722 1164 4786 superbiam
1200 4736 1262 4776 ac
1303 4721 1444 4775 mala
1482 4729 1631 4786 acta,
1663 4736 1694 4776 e

145 4797 316 4860 quibus
338 4821 454 4864 sese
485 4812 755 4867 reminisci
788 4821 1000 4884 poterat
1025 4853 1040 4879 ,
1071 4821 1126 4866 ut
1157 4812 1300 4884 ipsos
1332 4811 1695 4867 inflammaret

1801 4451 1907 4491 non
1955 4436 2126 4506 jurat,
2169 4453 2275 4493 non
2331 4438 2606 4508 perjurat;
2662 4441 2773 4496 noli
2823 4441 2891 4473 ⁸⁸⁵
2935 4442 3122 4512 jurare
3161 4443 3386 4498 omnino

1804 4543 1980 4598 neque
2015 4544 2112 4598 per
2141 4529 2339 4584 coalqu
2372 4545 2548 4602 neque
2591 4547 2690 4601 per
2726 4541 2926 4587 terram
2964 4547 3141 4602 neque
3171 4547 3268 4602 pcr
3296 4550 3387 4586 ca-

1801 4621 1989 4692 pillum
2013 4621 2207 4690 capitis
2233 4620 2329 4686 tui,
2353 4623 2480 4691 quia
2505 4637 2603 4676 nec
2629 4632 2784 4692 potes
2810 4621 2992 4678 facere
3015 4638 3177 4676 unum
3201 4621 3382 4677 album

1801 4723 1896 4769 aut
1923 4713 2133 4784 nigrant
2157 4715 2180 4767 ?
2206 4712 2428 4784 (Matth.
2458 4729 2513 4775 ν,
2535 4713 2649 4785 54.)
2681 4734 2700 4767 ι
2730 4713 2814 4768 An
2841 4713 3173 4783 ignorabatis
3197 4713 3383 4772 docto-

1805 4807 1879 4861 ris
1924 4805 2226 4860 doetrinam
2275 4805 2549 4861 dicentis:
2603 4823 2623 4857 ι
2678 4803 2782 4873 Qui
2821 4819 2928 4860 non
2967 4803 3238 4876 loquitur,
3275 4821 3384 4862 non

1428 4942 1660 4998 VARIIE
1699 4937 2110 4996 LECTIONES.

206 5050 265 5082 ³⁰⁷
294 5065 343 5108 ct
371 5057 425 5111 Β.
498 5063 566 5095 ³⁸⁸⁸
605 5064 682 5117 ita
722 5062 831 5113 A".
863 5063 1057 5118 borum
1089 5060 1175 5115 A‘.
1204 5060 1265 5116 Β.
1343 5061 1412 5094 ω’
1442 5064 1493 5110 el

151 5118 204 5150 ⁸¹¹
237 5138 533 5194 separentur
565 5135 622 5188 Β.
707 5132 775 5163 ιη
800 5134 873 5187 im
903 5135 958 5190 Β.
992 5133 1082 5188 isti
1113 5133 1274 5188 vitam
1299 5134 1392 5190 A‘.
1434 5118 1545 5181 A":

1521 5056 1794 5126 perfossus
1813 5054 1902 5108 A‘.

1625 5127 1694 5160 ⁸¹³
1725 5129 1798 5180 ita
1827 5123 2062 5186 correxi;
2087 5138 2116 5176 a
2141 5123 2340 5192 populo
2361 5122 2517 5176 codd.

1620 5235 1850 5293 ΝΟΤίΕ.
2045 5323 2089 5330 ﬂ

1982 5052 2050 5083 ⁸¹⁰
2077 5051 2362 5107 reddentes
2388 5051 2476 5104 A“
2505 5059 2553 5104 et
2579 5049 2668 5104 A‘.
2693 5051 2782 5121 qui
2804 5060 2852 5104 et
2874 5049 3028 5103 habet
3052 5046 3378 5116 agebantur.

2594 5123 2664 5160 ⁸³⁸
2687 5120 2853 5176 nolite
2877 5120 2990 5174 A".
