3934 5330
600 290 702 350 tm
1565 280 1910 352 manum
1957 296 2167 351 nemo

2270 295 2516 354 ΝΕΝὸΙὸ
2556 295 2826 352 CLi-LRICI
3751 297 3837 348 tu

599 407 891 471 mentitur;
927 407 1019 460 sed
1053 406 1118 460 de
1143 408 1289 461 omni
1333 408 1498 464 verbo
1527 409 1706 462 otioso
1749 410 2008 464 reddituri
2050 410 2183 466 estis
2212 417 2258 474 Α
2285 409 2604 463 conculcent
2631 424 2724 463 eas
2755 409 2976 478 pedibus
3006 407 3142 470 suis,
3171 413 3223 460 et
3252 408 3500 461 conversi
3532 405 3841 477 disrumpaat

565 495 1142 564 -rationem?(Matth.
1175 513 1283 562 λιι,
1314 497 1432 567 56.)
1464 517 1483 549 ι
1516 498 1668 565 Quod
1695 498 1738 551 si
1769 498 1837 529 ἰδ
1867 498 1938 550 ita
1977 507 2081 562 est,
2117 498 2186 553 de
2288 515 2383 555 vos
2419 499 2631 568 (Matth.
2666 515 2765 566 vn,
2814 500 2891 570 ϐ),
2931 519 2947 551 ι
2985 499 3298 563 Karissiuti,
3349 499 3531 552 videte
3573 499 3693 566 quid
3717 500 3839 568 Apo-

569 587 814 657 iquantis
859 586 1014 640 malis
1059 585 1384 654 juramentis
1421 603 1485 642 ac
1523 588 1678 642 ntalis
1711 588 1891 642 verbis
1924 585 2183 643 reddituri
2286 592 2455 647 Stolus
2504 591 2731 657 clamat,
2778 591 2963 646 dicens
3009 609 3027 640 ι
3076 591 3130 643 Si
3179 591 3411 642 invicem
3474 589 3753 653 mordens,
3783 595 3838 641 ab

563 685 725 740 ‘cstis
751 682 1014 737 rationem
1045 687 1058 734 t
1103 680 1160 736 Si
1191 682 1314 736 odio
1342 682 1521 751 aliquo
1549 682 1770 748 fecistis,
1807 684 2005 738 frustra
2038 682 2184 736 lato—
2287 682 2516 736 invicem
2547 680 2936 736 consunemini
2981 678 3123 745 (Gal.
3155 695 3205 742 v,
3244 679 3332 747 lii)
3361 695 3377 744 ;
3416 697 3436 731 ι
3476 686 3531 732 et
3562 676 3684 747 quid
3710 682 3766 731 de
3795 689 3837 734 te

565 776 756 840 -ratis,
785 775 854 828 de
874 788 982 842 quo
1017 788 1114 842 per
1154 772 1491 841 evangelimu
1534 773 1790 827 Dominus
1828 773 2002 827 dicit:
2048 792 2064 822 ι
2100 771 2180 827 Tu
2286 772 2473 826 doctor
2530 771 2821 839 Gregorius
2882 772 3074 826 dicat:
3134 788 3152 821 ι
3187 769 3420 839 Expedit
3477 769 3641 825 nobis
3697 771 3833 823 multa

564 866 755 921 *habes
783 864 988 919 trabem
1031 864 1084 917 in
1124 864 1282 917 oculo
1321 873 1432 927 tuo,
1470 873 1526 918 et
1565 864 1645 918 vis
1675 864 1873 934 ejicere
1912 862 2178 916 festucam
2284 877 2402 931 qu:e
2427 862 2710 918 inhonesta
2749 873 2803 916 et
2841 864 3134 934 incongrua
3175 863 3427 916 videntur
3452 861 3589 932 pati,
3617 870 3670 914 et
3697 862 3837 916 multo

563 955 653 1012 ’de
690 955 847 1012 oculo
872 954 1056 1010 fratris
1085 955 1208 1009 tui?
1240 955 1517 1024 Ypocrita,
1541 956 1677 1026 cjice
1706 955 1936 1025 primum
1971 955 2180 1008 trabem
2283 951 2499 1017 melius,
2534 967 2601 1006 ne
2639 953 2918 1008 cissidium
2951 961 3043 1007 aut
3074 952 3386 1008 scandalum
3420 954 3473 1008 in
3517 951 3739 1008 ecclesia
3765 952 3838 1005 [ιιςί

563 1047 654 1100 ’de
671 1046 828 1100 Oculo
851 1057 962 1110 tuo,
988 1053 1043 1098 et
1065 1053 1192 1098 tunc
1214 1043 1644 1111 videbis-ejicere
1667 1043 1925 1098 festucam
1943 1044 2007 1098 de
2023 1042 2179 1096 oculo
2282 1044 2585 1098 inconsulte
2613 1046 2845 1100 oriatur.
2888 1065 2907 1098 ι
2950 1044 3104 1102 Unde
3141 1046 3402 1100 Dominus
3451 1046 3507 1099 in
3536 1045 3836 1116 Evangelio:

500 4180 508 4186 ·
577 4175 780 4217 cretam
838 4163 1267 4224 couturbareht,

585 1135 774 1192 fratris
825 1137 900 1190 tui
955 1136 1174 1205 (Matth.
1225 1151 1324 1198 vn,
1368 1135 1445 1204 4).
1487 1155 1505 1188 ι
1549 1136 1605 1190 Si
1654 1137 1730 1190 ira
1780 1152 1874 1189 vos
1917 1149 2176 1204 episrosos

585 1231 736 1294 fecit,
766 1231 946 1287 videte
971 1229 1099 1298 quid
1135 1229 1385 1282 dominus
1416 1238 1600 1296 pastor
1626 1237 1681 1283 et
1709 1230 1966 1297 magister
1993 1236 2178 1282 noster

585 1320 905 1374 Ambrosius
923 1319 1230 1373 Imsanctus
1254 1318 1306 1371 in
1333 1317 1470 1371 libro
1493 1319 1557 1372 de
1579 1317 1774 1388 Joseph
1793 1318 1932 1371 dicat
1953 1319 2026 1386 (c.
2054 1316 2171 1384 15):

592 1431 609 1463 ι
649 1413 730 1466 Ira
761 1426 901 1482 saepe
927 1411 1094 1469 etiam
1129 1411 1450 1465 innocentes
1479 1412 1756 1466 iuerimen
1787 1410 2022 1474 adducit,
2047 1409 2173 1478 quia

589 1505 714 1557 dum
754 1503 904 1573 justo
946 1502 1178 1572 amplius
1231 1503 1517 1556 irascimur
1555 1511 1609 1556 et
1654 1502 1897 1555 volumus
1940 1501 2171 1556 alienum

552 1611 558 1633 =
582 1609 838 1650 coercere
865 1603 1171 1665 peccatum,
1191 1594 1440 1664 graviora
1467 1603 1686 1664 peccata
1714 1593 2123 1648 conuuittimus.
2148 1610 2166 1644 ι

587 1687 713 1740 Ideo
747 1685 1168 1755 Apostolusait
1218 1703 1230 1738 :
1286 1702 1305 1735 ι
1366 1683 1480 1738 Non
1528 1700 1625 1738 vos
1688 1667 1834 1754 ipsos
1867 1682 2172 1752 iudicantes

2241 1197 2245 1208 Ι
2286 1158 2302 1190 ι
2327 1139 2402 1193 Ve
2420 1139 2512 1204 illi,
2530 1155 2626 1208 per
2646 1155 2804 1209 quem
2821 1140 3130 1195 scandalum
3153 1141 3300 1196 venit
3327 1139 3714 1210 (Mattlt.xvttt,
3733 1140 3835 1208 ης.

2279 1231 2348 1285 Ει
2375 1234 2651 1301 apostolus
2676 1247 2690 1285 :
2725 1251 2743 1284 ι
2777 1231 2854 1286 Tu
2882 1234 3006 1303 quis
3031 1249 3110 1297 es,
3141 1233 3232 1302 qui
3254 1232 3474 1302 judicas
3501 1232 3736 1284 alienum
3755 1247 3843 1283 ser-

2279 1322 2466 1375 vum?
2522 1337 2621 1377 suo
2675 1323 2894 1378 domino
2939 1331 3048 1378 stat
3095 1334 3189 1377 aut
3242 1323 3418 1388 cadit;
3473 1323 3645 1377 stabit
3692 1332 3844 1375 autem

2278 1411 2451 1482 (Rom.
2493 1429 2605 1479 XIV,
2645 1414 2743 1485 4);
2786 1433 2803 1466 ι
2838 1427 2890 1469 et
2923 1415 3092 1470 item:
3131 1434 3148 1467 ι
3182 1413 3301 1469 Noli
3349 1415 3724 1469 seandalizare
3754 1414 3842 1468 fr:-

2279 1515 2416 1560 trem
2445 1515 2592 1558 tuum
2606 1546 2619 1568 ,
2633 1523 2732 1576 pro
2749 1522 2855 1576 quo
2873 1505 3122 1562 Christus
3142 1516 3387 1572 mortuus
3407 1519 3489 1562 est
3505 1507 3696 1578 (Mitt,
3712 1508 3840 1574 15).»

2277 1595 2429 1650 Unde
2477 1597 2688 1652 Veritas
2716 1599 2769 1653 in
2817 1599 3146 1670 evangelio:
3195 1616 3213 1650 ι
3260 1599 3608 1670 Quicumque
3647 1602 3843 1655 seanda-

2275 1687 2527 1744 lizaverit
2570 1705 2734 1744 unum
2789 1690 2856 1745 de
2903 1690 3113 1760 pusillis
3163 1691 3311 1756 istis,
3353 1692 3582 1762 expedit
3629 1700 3690 1746 ut
3728 1692 3840 1746 mola

547 1800 552 1804 ·
587 1777 894 1841 ltarissinzi,
933 1778 1026 1831 sed
1067 1776 1192 1830 date
1230 1775 1404 1830 locum
1435 1775 1528 1829 irzn
1561 1775 1739 1844 (Rom.
1775 1791 1879 1839 xu,
1913 1775 2021 1845 l9),
2064 1796 2083 1826 ›
2124 1782 2180 1828 ct
2213 1771 2252 1830 Β
2283 1781 2520 1835 asinaria
2553 1782 2914 1852 suspendatur
2938 1783 2990 1836 in
3017 1782 3155 1838 collo
3181 1781 3320 1852 ejus,
3355 1790 3411 1837 et
3443 1783 3840 1853 demergaturin

583 1865 847 1923 Dominus
869 1867 1357 1937 per-evangelium:
1390 1884 1407 1916 ι
1443 1865 1544 1932 Qui
1578 1865 1830 1921 irascitur
1857 1864 2011 1919 fratri
2048 1879 2170 1930 suo,

572 1971 708 2011 rens
736 1956 842 2010 erit
867 1956 1071 2026 judicio
1111 1955 1328 2026 (Mat-th.
1371 1971 1422 2018 v,
1457 1955 1574 2022 22).
1615 1974 1632 2006 ι
1672 1955 1823 2011 Unde
1856 1955 2167 2026 Apostolus,

589 2067 607 2102 ι
631 2051 715 2105 Ira
733 2051 874 2106 enim
897 2049 1268 2118 virijustitiam
1289 2049 1379 2102 Dci
1400 2065 1506 2104 non
1521 2049 1928 2119 Operulut'(Juc.
1952 2065 1988 2111 ι,
2008 2049 2121 2112 20).
2147 2067 2164 2100 ι

655 2143 708 2195 6.
751 2141 853 2212 (5.)
887 2141 1098 2196 Interea
1139 2141 1208 2174 ⁸⁸⁷
1248 2141 1501 2196 Arialdus
1541 2157 1662 2194 eum
1715 2140 1853 2209 apud
1903 2138 2169 2193 Varisium

587 2244 917 2297 moraretur,
967 2233 1198 2302 quadam
1255 2231 1342 2287 die
1395 2247 1461 2285 cx
1512 2231 1855 2299 incorrupto,
1901 2239 1955 2284 et
2015 2230 2167 2299 quasi

538 2351 542 2354 -
582 2323 848 2378 furiosum
872 2325 1098 2394 cupiens
1125 2326 1402 2378 seminare
1425 2340 1677 2394 granum,
1705 2325 1846 2392 quod
1880 2323 2019 2378 male
2042 2339 2168 2378 ven-

535 2441 540 2448 ι
583 2416 786 2470 tilaudo
837 2417 1209 2477 tumidive-rat,
1270 2415 1513 2470 ecclesia:
1564 2417 1789 2486 gradum
1837 2415 2164 2479 ascendens,

558 2523 679 2580 per
715 2509 898 2563 omnia
939 2509 1249 2562 sacerdotes
1289 2507 1648 2570 diﬂ'amando,
1694 2518 1752 2561 ιιι
1795 2507 1882 2562 ab'
1909 2506 2168 2562 uxoribus

584 2601 722 2655 male
748 2609 1149 2671 separarentur,
1191 2600 1398 2670 plebmn
1441 2600 1620 2660 verbis
1649 2599 1972 2670 turpissimis
2005 2600 2167 2655 rusti-

577 2707 840 2748 canorum
869 2695 1261 2747 commovendo
1301 2693 1499 2746 olmixe
1535 2706 1754 2761 operam
1787 2692 1960 2748 dabat
1993 2692 2161 2763 (lO-l).

527 2785 534 2790 ’
581 2786 734 2852 Quod
765 2793 824 2840 ut
857 2786 1040 2841 rustici
1073 2801 1136 2841 ac
1175 2786 1485 2840 sacerdotes
1524 2787 1745 2840 auribus
1785 2787 2028 2840 attonitis
2069 2801 2188 2840 au-'

521 2899 528 2902 ·
580 2882 823 2946 dierunt,
869 2881 983 2936 haec
1019 2880 1242 2937 minime
1281 2882 1334 2936 in
1374 2882 1653 2936 matutinis
1685 2882 1988 2945 credentes,
2023 2880 2162 2935 ultra

583 2973 804 3027 modum
825 2971 898 3027 ide
928 2973 1012 3028 his
1040 2987 1159 3042 qua:
1190 2972 1259 3027 ab
1289 2971 1514 3027 ‘Arialdo
1544 2972 1879 3027 dicebantur
1901 2970 2163 3026 mirantes

521 3085 524 3088 ·
582 3065 993 3134 obstupuerunt,
1019 3063 1255 3119 maxime
1277 3063 1606 3117 atllrniantes
1651 3065 1794 3132 quod
1817 3077 1974 3116 nemo
2001 3061 2162 3116 casti-

523 3163 528 3180 ‘
580 3167 746 3214 tatem
771 3158 972 3213 habere
1001 3157 1328 3228 potest,vnisi
1359 3157 1407 3211 ei
1432 3171 1460 3208 a
1486 3156 1595 3211 Deo
1625 3156 1808 3208 datum
1833 3155 1925 3219 sit,
1954 3155 2166 3210 dicente

580 3249 878 3317 Apostolo:
915 3269 932 3300 ι
983 3248 1246 3315 Quoniam
1288 3249 1472 3302 datum
1502 3249 1696 3301 bonum
1745 3257 1863 3313 est,
1908 3257 1961 3301 et
2008 3262 2167 3302 omne

579 3342 784 3393 donum
818 3337 1114 3407 perfectum
1146 3339 1212 3392 de
1235 3337 1372 3393 caelo
1399 3349 1614 3390 sursum
1645 3347 1746 3399 est,
1775 3337 2108 3392 descendens
2135 3353 2165 3390 a

576 3432 738 3484 Patre
761 3429 902 3499 (Jac.
921 3446 958 3496 I,
976 3429 1088 3500 l7).
1119 3448 1136 3481 ι
1155 3429 1342 3498 itaque
1365 3441 1505 3483 cmtu
1528 3428 2164 3484 coadunatocunctorum

575 3524 640 3576 ad
698 3522 998 3578 Guidonem
1048 3521 1545 3592 archiepiscopum,
1597 3529 1654 3573 ut
1697 3520 1878 3575 omnia
1921 3519 2164 3575 seriatim

578 3630 700 3684 quze
747 3615 997 3669 Arialdus
1043 3615 1255 3668 naviter
1313 3613 1758 3667 disseminaverat
1819 3612 2162 3676 nuntiarent,

511 3715 514 3718 '
583 3707 1108 3763 nminimitcrclerici
1137 3717 1190 3760 et
1217 3706 1336 3759 laici
1361 3713 1774 3759 rortcttrrertmt.
1800 3701 2162 3771 Quamobrem

581 3796 776 3861 Guido,
807 3792 1084 3852 advocatis
1105 3795 1327 3851 Arialdo
1353 3804 1405 3849 et
1426 3794 1709 3858 l'.:utdulfo,
1735 3810 1812 3848 ne
1837 3809 1991 3848 usum
2020 3793 2163 3845 antio

504 3897 512 3903 ’
581 3908 746 3961 quum
787 3893 1077 3961 bonosque
1123 3888 1367 3944 ecclesiae
1417 3891 1747 3941 utoresftam
1791 3885 2164 3940 Atttbresialtm

504 4010 510 4016 -
583 3997 744 4050 quam
778 3973 974 4035 'to‘tius
1037 3979 1230 4049 lingua:
1287 3977 1521 4042 Latium,
1571 3985 1690 4030 'tatn
1735 3974 1947 4029 Latina:
2001 3988 2162 4041 quam

501 4093 504 4098 ·
575 4071 777 4126 Gracia
805 4071 1001 4134 totius,
1047 4068 1338 4123 criminose
1363 4068 1574 4121 turbam
1605 4064 1950 4121 sollicitando
1991 4063 2163 4118 indis~

1343 4167 1502 4230 prout
1563 4158 1737 4228 putuit
1800 4155 2050 4225 privatim
2108 4165 2162 4208 et

503 4269 506 4272 '
579 4255 794 4309 truriosc
818 4251 1624 4323 corrigendo=amonuit;.quin
1662 4251 1826 4304 etiam
1859 4249 2024 4304 multa
2055 4249 2157 4300 alia

579 4347 720 4400 mala
755 4346 1055 4413 multasque
1084 4343 1451 4398 dissensiones
1484 4357 1548 4396 ac
1584 4340 1814 4395 crimina
1855 4340 2064 4392 diversa
2094 4355 2158 4391 ex

578 4439 663 4493 bis
689 4453 845 4508 posse
874 4437 1030 4498 oriri,
1062 4436 1246 4490 verbis
1276 4434 1380 4514 illis
1411 4433 1706 4489 reseraudo
1736 4447 1800 4488 ac
1831 4431 2158 4485 notiﬁcaudo

497 4551 502 4558 -
576 4523 811 4594 aperuit.
848 4521 930 4587 Qu
956 4524 1054 4575 bus
1098 4520 1238 4575 inter
1277 4529 1455 4578 cetera
1505 4517 1762 4592 quaedam
1790 4517 1952 4572 verba
1989 4532 2154 4570 evan-

576 4612 761 4680 gelicaa
790 4614 1054 4673 doctrinm
1077 4612 1308 4683 benigne
1339 4613 1523 4666 dicens
1550 4610 1759 4681 aperuit
1784 4625 1799 4664 :

648 4705 701 4757 7.
743 4707 840 4776 (6.)
893 4725 910 4758 ι
965 4705 1138 4760 Nolite
1163 4705 1247 4754 .⁸¹³
1293 4705 1424 4759 dare
1468 4714 1716 4758 sant-tum
1745 4703 1999 4767 canibus,
2059 4718 2190 4786 nec.

577 4798 805 4852 mittatis
847 4799 1168 4870 margaritas
1215 4805 1423 4852 vestras
1466 4805 1591 4850 ante
1633 4811 1854 4866 porcos,
1901 4809 1967 4848 ne
2019 4795 2157 4849 forte

2228 2125 2231 2128 _
2275 2052 2446 2120 ipsum
2489 2053 2669 2122 (semt.
2707 2054 2861 2107 Dant.
2905 2053 2960 2108 in
3001 2065 3193 2121 monte,
3227 2054 3286 2117 2,
3317 2054 3407 2124 6|)

2274 1869 2600 1940 profundum
2638 1872 2805 1926 maris
2837 1872 3052 1942 (Matth.
3078 1890 3234 1938 xvm,
3265 1874 3342 1945 6).
3372 1894 3392 1926 ι
3424 1875 3525 1930 Vel
3563 1885 3745 1947 tangat
3769 1892 3841 1929 res

2278 1960 2633 2030 Augustinus,
2681 1963 2966 2019 sententiis
3000 1964 3252 2018 humanis
3287 1965 3480 2020 dicens
3534 1982 3633 2035 per
3677 1978 3841 2020 semet.

3453 2073 3467 2108 :
3502 2075 3523 2107 ι
3574 2054 3754 2126 Neque
3785 2057 3839 2109 ita

2273 2145 2735 2215 reprehendamus
2777 2161 2896 2216 qua:
2929 2145 3214 2201 manifesta
3250 2155 3399 2210 sunt,
3436 2154 3496 2200 ut
3525 2148 3843 2217 despemzzus

2272 2237 2598 2303 sanitatem;
2645 2245 2701 2292 et
2728 2237 3013 2293 vitabimus
3037 2237 3323 2308 judicium,
3359 2238 3428 2298 de
3469 2254 3584 2309 quo
3621 2255 3757 2293 tunc
3778 2239 3845 2290 d-

2270 2327 2412 2380 citur
2439 2343 2452 2380 :
2479 2325 2658 2382 Nolite
2681 2327 2950 2396 judiCare,
2976 2344 3042 2383 ne
3067 2328 3342 2400 judicetur
3368 2331 3436 2385 de
3467 2330 3649 2385 vobis.
3680 2331 3733 2384 la
3755 2345 3838 2399 quo

2270 2420 2414 2472 enim
2458 2419 2666 2486 judicio
2701 2419 3100 2488 judicaveritis,
3128 2419 3467 2489 judicabitur
3492 2423 3562 2475 de
3600 2422 3772 2483 vobis,
3796 2433 3835 2473 et

2271 2507 2448 2576 inqua
2465 2494 2717 2564 mensura
2750 2509 2918 2563 mensi
2943 2509 3252 2575 fueritis,iu
3275 2525 3337 2564 ea
3362 2511 3690 2566 remetietur
3717 2511 3836 2564 vob's

2269 2595 2422 2667 (Luc.
2441 2612 2516 2663 vt,
2534 2599 2647 2667 58).
2667 2617 2686 2649 ι
2715 2597 2984 2653 Ριυωιεινοιι
3006 2598 3133 2668 quid
3158 2599 3351 2654 beatus
3373 2599 3700 2654 Ambrosius
3717 2600 3838 2653 dicat

2267 2703 2430 2757 super
2464 2689 2684 2754 Lucam,
2725 2690 3008 2745 eurialiter
3037 2704 3100 2744 ac
3131 2689 3631 2746 devote'audiendo
3661 2692 3836 2761 perspi-

2266 2779 2374 2834 cite
2409 2797 2422 2831 :
2457 2797 2473 2828 ι
2515 2777 2626 2832 Nisi
2665 2790 2716 2832 tu
2759 2779 2912 2849 prius
2939 2779 3196 2833 interiora
3232 2789 3318 2832 tua
3359 2794 3533 2834 vacua
3570 2779 3758 2836 feretis
3783 2781 3835 2831 ab

2265 2870 2412 2926 omni
2452 2869 2570 2924 labe
2599 2871 2828 2940 peccati,
2863 2885 2930 2924 ne
2969 2869 3337 2926 dissensiones
3367 2873 3835 2940 contentionesque

2266 2974 2332 3014 ex
2377 2958 2570 3013 allecto
2606 2969 2698 3013 tuo
2733 2959 3040 3028 prodeant,
3081 2975 3186 3014 non
3223 2968 3381 3029 potes
3417 2959 3544 3014 aliis
3583 2962 3723 3015 ferre
3754 2977 3835 3013 me

2265 3050 2523 3104 dicinam.
2555 3050 2598 3103 Α
2627 3062 2678 3104 te
2699 3051 2767 3081 “9
2796 3051 2960 3120 igitur
2987 3066 3174 3122 pacem
3206 3051 3412 3120 incipe,
3445 3060 3509 3105 ut
3543 3067 3669 3108 cum
3701 3051 3836 3105 fueris

2193 3124 2237 3186 C
2272 3139 2384 3207 ipse
2432 3137 2713 3206 paciﬁcus,
2765 3153 2953 3206 pacem
2996 3138 3116 3192 aliis
3165 3139 3331 3193 feras.
3381 3139 3673 3205 Quomodo
3718 3139 3836 3192 enim

2271 3237 2424 3299 potes
2455 3228 2685 3282 aliorum
2721 3229 2882 3283 corda
2914 3229 3194 3295 mundare,
3228 3229 3332 3282 nisi
3363 3237 3523 3284 tuum
3559 3239 3685 3284 ante
3711 3245 3839 3284 mua-

2270 3321 2528 3374 davcris?
2565 3318 2643 3373 Tu
2686 3319 2852 3374 habes
2877 3320 3084 3374 trabem
3131 3323 3184 3374 in
3227 3319 3420 3386 oculo,
3450 3331 3509 3375 et
3553 3322 3637 3376 vis
3668 3322 3836 3392 ejicere

2269 3413 2529 3465 l'esmram
2554 3411 2618 3465 de
2637 3411 2792 3464 oculo
2813 3410 2998 3466 fratris
3021 3411 3134 3466 tui?
3166 3411 3597 3481 \'pocrita,ejice
3632 3415 3834 3483 primum

2271 3504 2478 3556 trabem
2503 3502 2567 3557 de
2594 3501 2751 3557 oculo
2781 3511 2892 3567 tuo,
2919 3512 2974 3557 et
3003 3514 3127 3557 tunc
3157 3502 3362 3556 videbis
3377 3502 3560 3557 festae
3579 3520 3649 3556 ιιιι
3670 3504 3835 3573 ejicere

2268 3593 2336 3649 de
2365 3591 2522 3648 oculo
2559 3593 2749 3650 fratris
2794 3594 2870 3648 tui
2905 3592 3056 3664 (Luc.
3095 3608 3168 3658 vl,
3198 3592 3313 3663 42).
3361 3612 3382 3645 ι
3425 3593 3563 3648 Item
3607 3596 3835 3664 Augusti-

2267 3701 2370 3739 nus
2421 3684 2479 3756 (Ι.
2516 3685 2558 3749 l,
2607 3700 2657 3740 c.
2710 3683 2840 3756 65):
2887 3703 2905 3736 ι
2949 3683 3128 3740 Facile
3177 3684 3251 3738 bii
3300 3684 3730 3754 reprehendunt,
3766 3686 3835 3750 qui

2268 3782 2442 3851 magis
2468 3791 2658 3836 amant
2675 3782 2986 3852 vituperare
3010 3789 3066 3837 et
3086 3782 3368 3847 damnare,
3388 3799 3558 3853 quam
3577 3782 3836 3838 cneudarc

2266 3883 2428 3942 atque
2456 3873 2750 3943 corrigere.
2788 3873 2859 3944 (c.
2899 3873 3020 3944 64.)
3054 3872 3206 3941 Quod
3242 3873 3442 3930 vitium
3479 3886 3563 3930 est
3599 3874 3836 3942 superbia-

2266 3965 2348 4019 vel
2381 3963 2627 4030 invidiaz;
2658 3974 2712 4019 et
2739 3964 2860 4019 ideo
2881 3966 2966 4036 pie
2997 3974 3266 4035 cauteque
3296 3966 3637 4035 vigilandum
3672 3975 3769 4023 est,
3794 3971 3836 4010 ut

2265 4074 2386 4114 cmn
2418 4058 2652 4128 aliquem
2683 4060 3079 4130 reprehendere
3117 4061 3202 4114 vel
3230 4060 3530 4128 objurgare
3561 4057 3834 4113 necessitas

2263 4151 2458 4222 coegit,
2514 4151 2690 4222 primo
2713 4152 3010 4222 cogitemus
3037 4161 3213 4205 utrum
3250 4153 3355 4207 tale
3389 4148 3468 4207 sit'
3493 4152 3684 4206 vitium
3715 4145 3830 4218 quod

2199 4237 2202 4240 ’
2264 4257 2558 4310 tuunquam
2575 4242 2879 4308 habuimus,
2895 4243 2978 4296 vel
2994 4244 3221 4314 quojam
3237 4243 3538 4298 caruimus.
3556 4244 3618 4298 Et
3640 4245 3682 4298 si
3703 4255 3831 4294 num-

2260 4348 2420 4403 quam
2449 4331 2818 4399 babuerimus,
2848 4335 3144 4405 cogitemus
3186 4345 3237 4388 et
3263 4349 3364 4388 nos
3387 4336 3645 4389 homines
3665 4339 3830 4386 esseet

2263 4427 2462 4482 habere
2476 4421 2744 4496 potuisse;
2769 4428 2812 4482 si
2837 4442 2960 4482 vero
2983 4427 3273 4480 habuimus
3295 4437 3352 4480 et
3377 4427 3543 4479 modo
3568 4441 3672 4479 non
3690 4423 3827 4479 bat.»

2265 4537 2402 4586 mus,
2421 4529 2606 4591 tangat
2626 4519 2940 4575 memoriam
2964 4517 3268 4574 communis
3297 4518 3618 4580 iulirmi‘as,
3634 4524 3687 4570 ut
3709 4513 3823 4567 ilbm

2266 4613 2744 4682 reprehensionem
2783 4620 2877 4665 aut
2910 4609 3339 4681 objurgatioucm
3376 4625 3484 4662 non
3515 4610 3721 4667 oiium,
3751 4601 3822 4654 ειιά

2264 4704 2634 4760 misericordia
2663 4703 2949 4774 praecedat.
2983 4703 3037 4758 Si
3067 4713 3247 4758 autem
3283 4701 3596 4771 cogitantes
3621 4701 3822 4763 nosam-

2267 4795 2414 4866 ipsos
2449 4797 2788 4852 inveniemus
2841 4795 2893 4849 in
2935 4810 3000 4851 co
3042 4811 3162 4851 esse
3212 4791 3374 4860 vitio,
3419 4793 3473 4847 in
3501 4808 3611 4863 quo
3647 4801 3721 4843 est
3755 4787 3820 4840 ita:

821 4947 825 4951 η
1851 4886 2082 4942 unus
2116 4887 2517 4945 Lstzrtomss.
2559 4877 2562 4880 ’

646 4983 716 5014 ¹¹⁸
743 4983 880 5036 deest
903 4983 963 5036 B.
992 4981 1144 5050 Quod
1171 4981 1213 5035 si
1241 4980 1275 5033 i.
1303 4993 1353 5034 e.
1386 4980 1438 5034 d.
1472 4996 1526 5050 q.
1554 4995 1624 5034 m.
1648 4981 1683 5034 i.
1712 4997 1761 5033 a.
1792 4997 1863 5034 ιιι.
1900 4997 1948 5033 v.
1988 4997 2028 5032 r.
2057 4996 2110 5050 e.
2143 4997 2186 5030 r.
2220 4982 2403 5034 desunt
2428 4983 2513 5035 .-\‘.
2542 4981 2688 5034 A“.'
2732 4981 2802 5015 5‘“
2832 4982 2960 5048 quEd
2993 4983 3180 5035 bratus
3207 4979 3365 5034 Amb.
3394 4979 3455 5032 Β.
3528 4979 3817 5032 5”T.tu'us'

574 5053 764 5106 Incinil
793 5055 857 5106 de
883 5049 1103 5107 Arialdo
1133 5066 1186 5106 el
1213 5049 1550 5110 Ιιξιηώιιυιιυο
1580 5053 1668 5106 Αἰ
1701 5052 1941 5112 Qualiter
1970 5049 2220 5102 Arialiius
2246 5053 2410 5114 t-u‘pit
2447 5069 2602 5106 suutn
2660 5061 2992 5114 ι›;()μι)δ.ιιιιιι
3039 5053 3520 5114 praadicatiouihus
3583 5063 3814 5103 reserare.
