3934 5330
148 326 262 384 909

1116 325 1434 380 tttsrouu
1489 285 2053 381 tientoumxsts.
2079 354 2148 365 -
2178 323 2302 380 un.
2336 323 2418 380 ιςιι

3315 325 3422 386 illd

143 458 318 510 quem
367 441 758 511 reprehendere
807 454 1168 512 parabamus,
1218 458 1323 495 non
1369 441 1734 512 rcprchemla-
1762 446 1806 503 Α
1839 452 1961 492 cum
1995 439 2136 492 beati
2191 437 2408 492 Nazarii
2463 439 2718 510 martyris
2794 437 3081 498 translatio
3117 459 3161 506 ιιι
3210 446 3422 502 civibus

141 547 274 587 mus
314 547 414 588 nec
446 531 822 601 obiurgemus,
864 533 957 588 sel
995 542 1200 587 tantum
1236 535 1724 604 congemiscanius,

139 633 201 680 et
238 640 352 680 non
384 625 531 679 illum
572 625 636 679 ad
676 628 1157 695 obtemperandum
1201 627 1378 691 nobis,
1413 627 1504 682 sed
1535 629 1600 680 ad
1636 641 1728 697 pa-

135 716 286 771 riter
336 717 639 771 conandum
691 717 1000 770 invitemus.
1045 737 1063 769 ι
1103 716 1257 772 Unde
1299 729 1318 767 ι
1361 717 1556 779 factus,
1601 725 1731 786 apo-

136 807 342 870 stolus,
373 823 490 860 smn
523 807 720 861 Iudaeis
754 809 907 877 quasi
939 807 1178 871 Judteus,
1215 816 1274 861 ut
1298 806 1524 863 Iudaeos
1567 807 1729 862 lucri-

135 897 386 954 facerem
419 900 472 969 (I
503 899 629 954 Ger.
661 915 736 964 ιιι,
781 902 894 969 ‘20).
933 921 951 954 ι
1013 903 1078 956 Et
1116 903 1244 957 item
1283 920 1295 956 :
1339 921 1358 955 ι
1384 902 1582 957 Factus
1611 917 1729 956 sum

138 990 381 1046 inﬁrmis
404 993 668 1054 infirmus.
698 1004 752 1048 ut
781 993 1024 1048 infirmos
1045 988 1454 1060 lucrifacerem;
1480 995 1731 1050 omnibus

135 1085 328 1137 omnia
361 1084 533 1138 factus
549 1101 687 1147 sum,
707 1097 761 1140 ut
780 1104 970 1140 omnes
987 1087 1358 1140 lucrifacerem
1375 1083 1684 1157 (lbid.,22).
1708 1107 1725 1140 ι

137 1176 253 1228 Vos
326 1177 512 1230 dicitis
570 1179 693 1246 quia
752 1178 1062 1231 sacerdotes
1113 1177 1446 1246 impossibile
1493 1185 1572 1231 est
1624 1193 1730 1231 non

133 1265 455 1322 adulterare
511 1275 565 1322 et
608 1269 954 1334 sacrificare,
1031 1280 1085 1324 et
1132 1285 1318 1323 rerum
1371 1269 1574 1324 dicitis.
1624 1268 1731 1323 Sed

132 1357 315 1410 nostri
348 1359 682 1416 sa‘Cerdotcs.
705 1359 816 1414 Deo
839 1361 1067 1427 gratias,
1092 1375 1264 1428 usque
1298 1359 1461 1414 hodie
1491 1373 1590 1415 nec
1604 1368 1732 1414 sunt

130 1447 240 1501 hcc
288 1451 552 1503 nominati
589 1461 716 1505 sunt
748 1452 1010 1518 adulteri,
1049 1453 1142 1508 sed
1190 1453 1404 1508 curiose
1443 1453 1736 1507 observant

134 1544 508 1611 apz‘slnlicum
533 1556 886 1614 przcceptum,
919 1556 977 1600 ut
1003 1548 1112 1602 sint
1152 1548 1312 1602 unius
1343 1547 1582 1600 mulieris
1608 1545 1730 1600 viri.

131 1632 293 1686 Unde
317 1635 515 1688 beatus
539 1635 860 1688 Ambrosius
891 1652 1056 1704 super
1080 1635 1354 1691 Abraham
1387 1635 1520 1689 dicit
1543 1633 1603 1705 (I,
1628 1635 1682 1705 7)
1717 1653 1728 1687 :

137 1742 155 1774 ι
194 1724 340 1778 Νηιζί
391 1726 515 1779 licet
570 1728 711 1781 scire
754 1727 1030 1781 mulierem
1069 1738 1268 1797 praeter
1305 1737 1565 1788 uxorem;
1613 1723 1733 1778 ideo

1829 529 2099 584 universis
2121 531 2402 599 utriusque
2426 544 2588 586 sexus
2611 532 2783 590 cereis
2811 535 3023 604 magnis
3040 536 3330 608 multisque
3347 533 3422 572 ⁸⁶⁸

1832 618 2143 673 ardentibus
2163 621 2355 676 devote
2376 620 2746 676 celebraretur
2769 625 2942 695 (lilii),
2965 634 3019 682 et
3041 642 3230 682 omnes
3254 645 3418 688 sexus

1833 709 2125 776 promiscui
2152 711 2218 764 ad
2250 710 2302 764 id
2333 709 2566 765 alliciunt
2612 713 2992 770 celebrandum
3045 717 3322 780 humiliter
3352 739 3418 780 ae

1834 799 2026 851 devote
2055 801 2459 860 convenissent.
2488 811 2542 858 et
2571 802 2866 860 Landulfus
2885 816 2947 864 et
2975 807 3230 868 Arialdus
3249 854 3264 877 ,
3303 816 3422 885 jus-

1827 885 2122 955 iurandum
2151 890 2294 958 quod
2327 888 2572 947 fecerant
2601 908 2897 961 memores,
2927 909 3049 952 cum
3078 914 3178 968 per
3212 902 3421 972 plateas

1835 993 1899 1033 ac
1933 979 2081 1034 urbis
2105 981 2350 1052 regiones
2374 985 2686 1040 sacerdotes
2707 985 2776 1040 ob
2803 987 3114 1058 coniugium
3168 993 3418 1064 aliquanc

1835 1069 2006 1124 tulum
2041 1073 2428 1136 ditl'amassent,
2481 1081 2636 1146 quasi
2685 1093 2831 1135 rana:
2875 1081 3146 1151 palustres
3197 1087 3417 1155 turgidi,

1833 1162 2164 1217 conimixtim
2216 1165 2359 1233 apud
2413 1164 2676 1222 Sanetum
2725 1167 2946 1225 Celsum
2998 1177 3416 1245 convenissent,

1833 1253 2014 1306 verbis
2049 1255 2360 1312 vanissimis
2387 1272 2508 1313 cum
2537 1258 2755 1315 clericis
2783 1265 2936 1332 quasi
2966 1281 3094 1324 sues
3124 1283 3245 1326 cum
3272 1273 3421 1328 cauis

1833 1341 1934 1396 bus
1965 1344 2392 1405 altercabantur.
2419 1350 2476 1404 ln
2505 1367 2611 1421 qua
2648 1354 3003 1416 translatione
3031 1375 3153 1416 cum
3193 1376 3418 1420 sanctus

1833 1431 2155 1490 Ambrosius
2182 1440 2480 1506 adviveret,
2512 1442 2642 1510 quid
2669 1443 2902 1504 dicimus
2929 1446 3000 1478 "‘
3027 1460 3216 1507 sancto
3241 1469 3423 1510 sacer.

1835 1525 1959 1580 dote
2002 1528 2286 1586 Ambrosio
2345 1533 2649 1603 imperante
2693 1553 2858 1608 super
2907 1551 3208 1612 strepentes
3257 1562 3421 1603 ranas

1835 1617 2037 1684 egerit,
2097 1632 2344 1676 sanetum
2405 1632 2596 1680 testem
2647 1626 3012 1698 Augustinum
3067 1633 3421 1693 aliirmantom

1837 1706 2006 1764 lector
2040 1713 2280 1784 intellige
2314 1734 2328 1768 :
2369 1736 2386 1767 ι
2422 1717 2558 1772 Cum
2596 1719 2828 1788 plurima
2857 1739 3110 1779 ranarum
3141 1743 3420 1785 murmura

129 1815 380 1884 conj-"gi;
405 1815 478 1847 uo
503 1817 595 1871 ubi
625 1821 807 1872 dum,“
827 1828 907 1871 PS,
931 1816 1038 1886 ius,
1063 1791 1130 1872 ξω
1160 1819 1210 1871 in
1245 1817 1496 1885 laqueum
1528 1816 1732 1870 εηρξὼε
1764 1791 1808 1850 Β
1837 1803 2061 1864 auribus
2086 1805 2352 1875 religione
2379 1808 2551 1876 plebis
2577 1813 2971 1881 obstreperent,
3004 1819 3264 1874 sacerdos
3286 1835 3420 1890 prie.

131 1909 448 1976 iniquitatis
477 1919 532 1962 et
561 1925 682 1963 cum
706 1910 880 1964 aliena
925 1909 1150 1963 muliere
1178 1907 1478 1976 delinquas.
1506 1906 1733 1960 Vinctus

129 2015 193 2053 cs
215 2001 378 2054 uxori
404 2001 508 2072 (ix,
525 2003 639 2071 84),
657 2003 761 2056 noli
785 2017 1030 2072 qua-rere
1057 2001 1375 2056 solutionem
1397 2001 1566 2055 :unde
1583 1999 1732 2070 (105)

129 2089 430 2146 Salomon:
464 2094 503 2146 A
541 2093 670 2157 Deo,
712 2093 917 2162 inquit,
944 2095 1336 2164 pncparabitur
1363 2101 1479 2149 viro
1508 2109 1667 2147 uxor.
1709 2110 1726 2142 ι

129 2182 193 2236 Si
233 2185 388 2237 enim
415 2185 469 2238 in
499 2180 731 2255 aliquid,
766 2195 824 2240 ut
857 2187 1089 2241 humana
1122 2186 1388 2258 fragilitas
1421 2185 1612 2249 habet,
1638 2184 1735 2239 de-

127 2270 398 2342 linquunt
439 2284 637 2343 praeter
667 2276 916 2345 capitalia
939 2317 953 2339 ,
986 2292 1080 2346 per
1108 2289 1292 2331 veram
1324 2277 1729 2334 confessionem

125 2376 227 2416 'sn-i
283 2364 613 2419 conﬁtentes
651 2375 874 2435 peccata
917 2384 944 2420 a
991 2369 1102 2421 Dco
1139 2367 1528 2435 justllicantur.
1582 2373 1731 2428 l‘nde

135 2453 404 2521 magister
433 2466 617 2509 noster
649 2458 964 2511 Ambrosius
1004 2455 1074 2490 ὐ
1107 2459 1159 2511 in
1189 2455 1412 2526 epistola
1440 2460 1588 2516 Theo
1611 2464 1729 2517 iosii

129 2539 493 2610 imperatoris
531 2543 828 2600 clementer
861 2546 996 2600 dixit
1025 2564 1040 2598 :
1077 2564 1096 2597 ι
1133 2547 1232 2613 Qui
1269 2563 1326 2601 se
1359 2559 1579 2603 accusat
1609 2567 1730 2607 cura

134 2636 476 2700 peccaverit,
513 2634 692 2706 justus
719 2648 821 2700 est,
866 2654 970 2692 non
1013 2638 1100 2692 ille
1127 2639 1218 2708 qui
1253 2655 1314 2693 se
1354 2640 1670 2697 laudaverit.
1706 2665 1724 2697 ι

131 2725 269 2776 Item
311 2726 506 2779 beatus
533 2727 849 2783 Ambrosinus
871 2727 943 2760 ⁸¹¹
973 2730 1024 2783 in
1073 2730 1219 2784 Beati
1256 2732 1589 2787 lmmaculati
1625 2743 1733 2790 rra-

129 2823 185 2866 ct
227 2825 282 2867 tn
315 2819 414 2882 (tv,
453 2817 578 2887 ll):
617 2837 635 2870 ι
672 2820 772 2886 Qui
819 2837 878 2875 se
913 2829 1154 2885 accusat,
1194 2823 1296 2876 etsi
1335 2832 1589 2892 peccator
1622 2835 1729 2888 est.

123 2901 314 2969 justus
347 2920 470 2962 esse
502 2908 710 2978 incipit,
745 2911 870 2980 quia
903 2926 1003 2966 nec
1034 2911 1134 2966 sibi
1153 2913 1343 2981 parcit,
1373 2922 1430 2968 et
1457 2914 1552 2969 Dei
1573 2917 1732 2985 justi-

129 2998 269 3048 tiam
320 2998 653 3066 conﬁtetur,
708 3019 868 3071 quem
922 3013 1079 3072 putat
1133 3003 1302 3059 latere
1351 3006 1481 3060 nihil
1533 3025 1726 3078 posse;

129 3089 370 3157 ideoque
402 3089 686 3161 Scriptura
718 3095 792 3146 ait
830 3109 843 3146 :
877 3091 1063 3149 Justus
1111 3096 1163 3149 in
1203 3097 1428 3151 exordio
1464 3102 1730 3157 sermonis

1832 1891 1995 1960 cepit,
2026 1901 2085 1947 ut
2107 1902 2351 1952 tacerent
2377 1907 2433 1952 et
2462 1898 2736 1954 deferrent
2780 1903 3012 1958 orationi
3058 1922 3228 1964 sacra:
3270 1925 3426 1965 revcé

1835 1981 2090 2037 rentiam.
2119 1985 2270 2042 Tunc
2298 1987 2478 2042 subito
2505 1977 2867 2047 circumfusus
2897 1996 3160 2064 strepitus
3194 2001 3422 2069 quievit,

1833 2079 1888 2123 et
1910 2085 2080 2141 usque
2110 2074 2514 2147 hodiepaludes
2537 2079 2720 2146 silent,
2750 2083 2825 2137 ita
2855 2092 2914 2138 ut
2941 2088 3027 2140 vix
3050 2098 3143 2142 aut
3161 2103 3419 2160 umquam

1834 2163 2072 2234 aliquam
2105 2185 2389 2241 ranarum,
2430 2173 2666 2230 maxime
2714 2174 2805 2231 illo
2847 2177 2903 2232 in
2951 2191 3215 2249 tempore,
3251 2185 3426 2254 crepiIL

1837 2265 2038 2312 tantem
2071 2260 2386 2318 invenisses.
2401 2281 2421 2316 ι
3138 2315 3141 2320 .

1905 2348 1958 2402 9.
1993 2350 2095 2421 (8.)
2125 2351 2331 2421 Interea
2357 2351 2428 2388 "’
2454 2357 2676 2426 quidam
2697 2370 2827 2416 ecce
2850 2365 3126 2431 sacerdos,
3155 2369 3308 2436 quasi
3327 2384 3420 2424 sas

1834 2439 1966 2508 gitta
1995 2443 2064 2496 ab
2109 2458 2239 2499 areu
2280 2445 2498 2514 volans,
2535 2450 2790 2507 dentibus
2826 2456 3083 2520 stridens,
3130 2459 3315 2514 oculos
3363 2471 3424 2516 ut

1834 2533 2031 2587 animal
2061 2537 2302 2604 volvens,
2332 2539 2520 2595 videns
2559 2541 2838 2598 Arialdum
2872 2556 2926 2600 et
2956 2545 3280 2605 Landulfum
3318 2568 3421 2608 no-

1835 2625 1990 2680 vellis
2033 2629 2175 2683 male
2219 2631 2544 2701 dulcoratis,
2595 2637 2790 2706 quibus
2829 2638 3104 2694 civitatem
3151 2641 3265 2697 fere
3305 2645 3418 2714 jam

1835 2724 2000 2771 totam
2030 2721 2358 2787 imbuerant,
2376 2725 2440 2778 ad
2457 2726 2734 2781 Arialdum
2752 2729 2865 2798 ipse
2889 2732 3178 2799 prosiliens
3201 2734 3423 2805 injicere

1836 2824 1958 2864 sese
2006 2812 2258 2868 manibus
2307 2817 2760 2873 comminabatur.
2821 2821 2956 2876 Cum
3006 2827 3187 2879 autem
3243 2828 3419 2898 ipsum

1836 2897 2113 2954 Arialdutn
2142 2905 2319 2960 verbis
2337 2907 2499 2960 nimia
2528 2907 2607 2962 ira
2635 2912 2880 2967 tremulis
2904 2914 3232 2972 sciscitando
3253 2897 3423 2973 inter‘

1837 3002 2104 3062 rogasset,
2133 2996 2177 3050 si
2213 2996 2300 3050 illa
2337 3014 2462 3053 vera
2509 3001 2738 3056 l'uiSsent
2787 3018 2906 3072 qua:
2944 3007 3103 3076 paulo
3150 3018 3276 3063 ante
3299 3009 3418 3078 jam

1835 3081 2054 3136 civitate
2098 3087 2575 3154 percrebresccnte
2623 3091 2906 3158 audierat,
2959 3105 3015 3151 et
3050 3097 3191 3152 idem
3244 3101 3416 3170 ipsum

127 3189 524 3235 aceusatorest
540 3183 642 3236 sui.
661 3201 679 3234 ι
701 3183 977 3249 Preterea,
1004 3183 1198 3240 fratres
1212 3185 1508 3252 karissimi,
1524 3201 1726 3258 quanta

1841 3183 1949 3229 tam
1975 3176 2264 3233 indiscrete
2292 3191 2344 3234 et
2383 3183 2687 3238 inconsulte
2739 3200 2835 3254 per
2884 3188 3178 3246 civitatem
3213 3207 3278 3247 ac
3311 3193 3423 3262 pla.

133 3270 278 3322 mala
323 3282 649 3342 quantaeque
697 3274 1067 3331 dissensiones
1115 3276 1512 3332 nelandissimm
1559 3296 1732 3350 quan-

131 3369 303 3430 taque
337 3363 629 3419 homicidia
665 3375 977 3437 quantaque
1003 3366 1264 3422 adulteria
1304 3384 1371 3423 ex
1404 3370 1489 3424 his
1523 3374 1730 3441 possint

133 3453 317 3506 verbis
345 3456 501 3518 oriri,
536 3457 816 3527 percipite.

202 3549 259 3604 8.
291 3549 392 3619 (7.)
424 3548 556 3604 Nam
585 3547 658 3584 ⁸²³
704 3554 848 3607 enim
895 3550 1106 3607 illorum
1157 3553 1323 3608 animi
1376 3554 1460 3609 bis
1505 3563 1561 3610 et
1607 3557 1730 3614 aliis

131 3641 318 3696 verbis
351 3642 652 3708 dulcorati,
685 3646 864 3699 omnia
913 3661 1033 3714 qna:
1081 3646 1186 3700 illis
1244 3657 1467 3715 possent
1511 3651 1730 3706 evenire

129 3743 395 3802 prespera
433 3742 486 3788 et
512 3735 758 3800 adversa,
784 3736 967 3790 animo
1000 3737 1326 3792 trutinantes
1354 3737 1727 3795 molillcaban‘o
1755 3754 1757 3756 ’

135 3829 248 3874 tur.
288 3821 358 3876 Et
383 3837 514 3877 ecce
542 3825 761 3892 quidam
795 3825 1158 3895 nequissimus
1180 3865 1194 3889 ,
1226 3824 1382 3895 cujus
1411 3827 1634 3897 spiritus
1679 3831 1730 3884 in

133 3914 361 3970 naribus
379 3926 522 3980 erat,
551 3920 716 3973 rerba
743 3920 1055 3989 turpissima
1093 3921 1353 3974 adversus
1399 3921 1498 3975 bos
1547 3923 1728 3990 prole-

133 4016 283 4068 hens.
316 4016 414 4064 ore
443 4025 646 4066 vesano
679 4013 889 4068 animos
923 4027 1061 4083 quos
1093 4012 1270 4068 Guido
1313 4025 1472 4084 prout
1517 4025 1732 4085 poterat

133 4101 505 4171 mitigaverat,
537 4106 702 4158 nimia
743 4105 822 4158 ira
855 4105 1172 4160 commovit.
1213 4105 1402 4175 Itaque
1446 4105 1610 4160 nimia
1644 4109 1718 4162 in-

134 4191 457 4263 dignatione
479 4195 760 4260 eommoti,
789 4195 1128 4250 unanimiter
1149 4203 1276 4250 ante
1313 4195 1490 4264 ipsum
1531 4195 1731 4251 Gnido-

137 4299 263 4336 nem
313 4299 383 4339 ex
439 4285 527 4340 his
556 4286 782 4341 nimirum
812 4287 1082 4342 dolentem
1108 4295 1520 4358 consurgentes,
1551 4288 1731 4344 verbis

133 4374 477 4430 terribilibus
499 4375 922 4444 alIirmaverunt,
947 4378 1210 4441 dicentes,
1241 4379 1306 4432 de
1329 4379 1414 4432 his
1435 4393 1728 4447 numquam

137 4466 404 4521 tacitnros
428 4466 716 4532 "‘,donec
759 4471 985 4540 spiritus
1012 4479 1172 4525 ‘csset
1229 4471 1282 4524 in
1326 4470 1406 4525 cis
1451 4477 1506 4524 et
1550 4468 1726 4540 lingua

136 4557 387 4615 faucibus
421 4569 718 4617 teneretur.
763 4562 971 4628 Quibus
1016 4562 1544 4632 prophetiz‘antibus,
1577 4561 1730 4615 ἰτιςιυίἰ

136 4654 265 4721 quid
293 4653 360 4707 de
391 4669 450 4708 se
495 4653 762 4717 dicerent,
793 4655 1087 4709 insalutato
1120 4654 1530 4726 archiepiscopo
1581 4653 1732 4723 pala-

137 4747 273 4796 tium
311 4743 730 4800 Ambrosianum
760 4760 920 4799 cursu
951 4745 1140 4811 reloc-i,
1180 4745 1333 4815 quasi
1359 4745 1468 4799 fera
1501 4744 1734 4800 crudelis

139 4836 355 4890 mortali
409 4835 605 4904 sagitta
652 4851 934 4906 percussa,
982 4836 1251 4890 exierunt.
1303 4833 1379 4887 Ea
1413 4841 1734 4902 tempestate

1835 3275 1950 3321 teas
1979 3267 2045 3321 de
2077 3270 2464 3326 sacerdotibus
2496 3273 2731 3328 locutum
2780 3291 2844 3332 ac
2895 3279 3036 3334 male
3087 3283 3421 3338 dil‘l'amatuut

1833 3369 2000 3422 esset,
2046 3362 2198 3429 quasi
2238 3363 2459 3420 insanus
2495 3377 2682 3420 contra
2715 3382 2972 3424 vesanum
3004 3373 3121 3429 sine
3150 3390 3299 3429 mora
3329 3393 3374 3431 c.
3399 3391 3424 3417 ι

1837 3461 1933 3520 put
1969 3467 2190 3508 movens
2221 3457 2538 3524 respondit:
2572 3473 2594 3512 ι
2633 3460 2783 3527 Quod
2808 3462 2918 3517 disi
2944 3464 3096 3530 dico,
3124 3468 3266 3535 quod
3303 3469 3426 3523 dico

1833 3541 2066 3606 allirmo,
2095 3545 2238 3612 quod
2274 3547 2480 3603 allirmo
2515 3551 2723 3606 ratione
2757 3557 3084 3622 competenti
3116 3562 3420 3626 approbarit

1830 3632 2052 3686 curabo.
2093 3654 2112 3684 ι
2155 3634 2264 3690 Hoc
2298 3637 2484 3691 audito
2529 3642 2784 3696 sacerdos
2827 3632 2992 3698 tritinia
3049 3646 3417 3717 indignatiOnu

1815 3734 2170 3790 .commotus,
2229 3743 2392 3782 manu
2435 3730 2623 3784 dextra
2676 3733 2882 3788 elevata
2940 3737 3118 3808 ipsum
3178 3744 3419 3811 graviter

1833 3816 2153 3887 alspizando
2185 3820 2256 3853 ³¹⁸
2283 3820 2578 3890 alloquitur
2610 3841 2622 3876 ι
2662 3843 2679 3875 ι
2714 3824 2792 3877 Tu
2820 3827 2967 3881 solus
2991 3829 3043 3881 in
3068 3832 3269 3885 mundo
3297 3837 3421 3887 nnis

1834 3923 1992 3962 verso
2013 3925 2112 3980 per
2132 3910 2506 3967 detestabilem
2536 3915 2826 3985 ypocrisim
2855 3919 3021 3973 audes
3048 3920 3210 3974 vitam
3237 3932 3421 3976 sate,"

1817 4005 2019 4060 -dotum
2057 4005 2355 4062 diil'amare.
2388 4007 2658 4078 Numquid
2686 4019 2739 4065 tu
2767 4011 2912 4066 solus
2941 4027 3039 4081 per
3058 4015 3417 4072 execrabilem

1833 4099 2088 4168 patallam
2133 4109 2188 4154 et
2217 4102 2610 4170 quamplurima
2647 4115 2988 4161 sacramenta
3032 4122 3200 4177 prava
3230 4120 3296 4165 ac
3324 4109 3418 4165 des

1837 4189 2106 4246 testabilia
2154 4192 2336 4263 p0puli
2383 4191 2690 4258 llairunam,
2741 4210 2861 4266 qua:
2911 4196 3114 4268 impetu
3165 4209 3222 4253 ut
3268 4214 3419 4256 mare

1833 4289 2105 4345 versatur,
2131 4295 2294 4352 super
2325 4297 2424 4338 nos
2467 4285 2755 4339 accendis?
2801 4284 3076 4356 Numquid
3126 4295 3181 4342 tu
3230 4287 3424 4344 melior

1835 4371 2108 4427 Abraham
2135 4381 2190 4428 et
2219 4373 2368 4428 Isaac
2390 4385 2446 4429 et
2467 4373 2635 4430 Jacob
2653 4417 2666 4438 ,
2703 4375 2978 4441 Salomon,
3029 4379 3416 4448 propbztarum

1834 4463 2172 4533 esimiusque
2225 4464 2429 4519 David?
2483 4464 2756 4536 Numquid
2807 4470 2862 4521 tu
2918 4467 3113 4522 melior
3169 4470 3418 4540 apostolo

1838 4553 2025 4618 Paulo,
2059 4553 2148 4623 qui
2180 4571 2208 4607 a
2254 4555 2364 4609 Deo
2405 4554 2689 4610 electionis
2724 4571 2820 4611 vas
2857 4566 2941 4612 est
2971 4557 3305 4627 appellatus?
3332 4560 3418 4616 Art

1841 4656 1897 4701 tu
1929 4646 2074 4702 solus
2104 4645 2304 4716 justior
2339 4661 2399 4702 es
2429 4648 2612 4702 multis
2641 4647 2894 4704 Patribus
2925 4651 3128 4706 sanctis
3157 4660 3213 4708 et
3259 4667 3423 4708 venca

1839 4737 2044 4799 randis,
2076 4751 2310 4804 quorum
2341 4737 2452 4789 vita
2483 4737 2816 4792 acmoribus
2845 4737 3002 4793 bonis
3036 4739 3282 4796 Ecclesia
3315 4742 3423 4810 pris

1839 4829 2022 4885 mitiva
2055 4827 2295 4883 reﬂoruit
2325 4837 2380 4882 et
2422 4827 2532 4883 Deo
2582 4829 2854 4885 annuente
2904 4844 3121 4900 semper
3174 4828 3424 4889 ﬂorebit?

1425 5027 1650 5085 ιῖΛΒΙᾸΞ
1680 5024 2082 5084 LECTIONES.

213 5175 278 5202 ian
317 5184 348 5202 9.
377 5199 384 5201 Α
417 5175 458 5204 ﬂ
518 5195 575 5204 ,μ
609 5193 720 5204 Δία...
803 5176 1014 5206 ιιι-...1.ιηῖ
1056 5175 1116 5208 λ’

1248 5170 1315 5203 ΜΙ
1349 5171 1494 5210 nmio
1523 5170 1720 5212 [tantum
1758 5169 1891 5212 Amh
1951 5168 2014 5214 lt.

2090 5167 2248 5214 "Hs-
2283 5169 2342 5214 Δ-
2371 5167 2556 5214 desunt
2581 5167 2645 5214 Β.
2740 5148 3054 5214 ⁸³³.Τὶιηιιιξ
3087 5183 3107 5214 ς
3135 5160 3307 5214 Finis
3335 5168 3450 5211 SC!“
