3934 5330
543 243 659 310 ‘9l'l

1526 245 1864 302 [ANDULFI
1925 243 2222 300 MEDIDLA
2235 243 2479 300 NENSIS
2519 242 2787 299 (JLERlCl

3726 238 3816 295 91?.

564 365 833 436 Numquid
877 356 929 418 tu
958 356 1107 418 solus
1137 362 1301 416 inulta
1329 370 1653 416 sanctorum
1694 358 1916 413 conisilia
1966 359 2146 427 parvi-
2182 359 2223 413 Α
2248 373 2374 412 nem
2422 371 2543 426 quae
2569 358 2638 412 ab
2675 372 2771 412 ore
2801 355 3034 413 hominis
3059 354 3346 412 inhoneste
3387 355 3621 424 proferri
3655 366 3815 425 potest

559 460 802 529 pendens
841 456 1140 511 anichilare
1181 455 1433 510 curabis?
1478 451 1746 520 Numquid
1793 462 1847 504 tu
1899 449 2046 504 solus
2089 448 2145 501 in

557 551 787 605 ecclesia
818 547 1176 603 Ambrosiana
1201 544 1481 601 dissidium
1505 559 1602 612 per
1622 541 1815 596 falsam
1838 539 2143 595 castitatem

561 655 741 703 tuam,
793 655 912 710 quae
953 639 1080 694 olim
1128 640 1179 692 in
1231 637 1434 708 palatio
1485 633 1848 689 Ambrosiano
1901 630 2149 686 Guidone

559 743 777 786 astante
821 732 1047 800 probata
1085 738 1198 792 est,
1246 727 1539 782 criminose
1591 722 1919 780 seminabis?
1963 720 2020 775 Si
2053 719 2149 775 tibi

558 825 706 879 Deus
754 837 978 892 operum
1021 823 1283 876 bonorum
1325 817 1715 888 perfectionem
1759 814 1973 870 coalitus
2015 812 2150 865 ami-

565 915 871 976 uistrasset,
897 928 993 968 nos
1017 912 1175 967 modo
1199 911 1406 980 private
1427 951 1441 976 ,
1466 923 1530 964 ac
1561 909 1606 964 si
1629 923 1764 978 opus
1797 905 1939 961 foret
1972 920 2148 975 quan-

564 1004 740 1073 doque
775 1001 1004 1072 publice,
1044 1001 1124 1056 sic
1153 1000 1366 1071 publice
1393 1007 1454 1053 ut
1483 999 1534 1053 in
1564 997 1902 1068 presbyterio
1936 1005 2148 1062 nostro,

564 1096 903 1149 emendando
930 1094 1086 1148 bonis
1119 1093 1300 1147 verbis
1328 1091 1592 1161 bonisque
1637 1088 1899 1158 exemplis
1931 1087 2151 1142 humili-

568 1196 649 1239 ter
677 1201 740 1240 ac
761 1187 954 1241 devote
978 1185 1314 1254 corrigeres;
1343 1183 1486 1238 unde
1511 1181 1833 1251 Apostolus:
1865 1179 1954 1236 «Si
1982 1179 2152 1236 frater

553 1285 690 1330 tuus
717 1278 1055 1346 peccaverit,
1087 1275 1301 1344 corripe
1331 1289 1454 1328 eum
1497 1275 1637 1329 inter
1663 1281 1716 1328 te
1757 1282 1815 1328 et
1847 1273 2024 1344 ipsum
2065 1287 2149 1327 so-

553 1367 674 1421 ilum
691 1367 906 1431 (Matth.
922 1383 1075 1431 xvnt,
1102 1366 1212 1428 15).
1227 1384 1246 1418 ι
1276 1365 1458 1420 Potuit
1477 1365 1619 1420 enim
1633 1363 1882 1420 Christus
1901 1363 2151 1420 dominus

562 1458 826 1512 nmndum
859 1473 966 1512 uno
993 1458 1162 1512 verbo
1185 1457 1408 1526 suisque
1434 1454 1676 1525 imperiis
1701 1453 2019 1524 subjugare;
2053 1456 2149 1509 sed

555 1558 626 1602 ut
656 1564 752 1602 nos
773 1563 868 1618 per
896 1550 1214 1618 patientiam
1239 1558 1296 1604 et
1325 1547 1681 1602 humilitatem
1713 1562 1937 1619 regnum
1959 1589 1972 1612 ,
2007 1549 2149 1618 quod

566 1638 836 1707 superbus
867 1638 1069 1700 amisit,
1099 1651 1555 1708 consequeremur
1576 1637 1628 1690 in
1655 1635 1826 1701 cmlis,
1859 1636 2148 1693 karitative

2251 450 2453 504 ridenti
2489 449 2688 519 populo
2725 449 3030 505 emittebat.
3059 448 3136 504 De
3167 447 3325 518 cuius
3350 464 3449 502 ore
3475 448 3619 503 Deus
3655 449 3741 502 illo
3773 450 3817 502 in

2255 547 2496 608 tempore
2531 540 2694 595 verba
2717 540 2897 596 divina
2919 539 3071 594 exire
3099 555 3204 595 non
3235 540 3520 610 permisit,
3555 539 3664 594 nisi
3703 539 3822 594 duos

2251 633 2548 688 versiculos
2575 634 2644 688 ab
2673 648 2761 699 eo,
2793 642 2854 688 ut
2880 633 3014 688 mihi
3035 633 3281 698 videtur,
3313 633 3450 688 satis
3473 633 3825 696 dissonantia,

2250 723 2440 779 dicens
2477 741 2490 776 :
2534 741 2556 776 ι
2604 723 2706 790 Qui
2753 722 2887 778 mihi
2921 723 3225 787 ministrat,
3274 737 3364 776 me
3409 731 3680 792 sequatur
3713 743 3728 778 :
3757 739 3830 777 me

2253 814 2562 883 sequimini,
2590 815 2640 868 si
2675 827 2781 869 non
2808 813 2973 868 vultis
3001 813 3295 869 offendere.
3335 832 3352 864 ι
3385 811 3521 880 Qum
3559 812 3724 868 verba
3751 813 3831 865 do-

2259 904 2440 959 minus
2467 913 2652 960 noster
2673 903 2834 959 Jesus
2859 903 3110 960 Christus
3137 902 3434 974 discipulos
3461 917 3598 957 suos
3636 916 3832 956 omnes-

2253 1010 2358 1066 que
2390 995 2577 1052 ﬁdeles
2605 997 2670 1050 ad
2701 995 3060 1051 humilitatem
3089 996 3416 1051 servandam
3443 993 3830 1062 karitatemquc

2253 1103 2376 1142 cum
2404 1088 2658 1144 omnibus
2687 1087 2990 1144 habendam
3015 1088 3297 1144 insinuans
3310 1097 3365 1142 et
3380 1088 3574 1143 dicens
3599 1087 3828 1156 aperuit:

2259 1197 2278 1230 ι
2315 1177 2415 1245 Qui
2446 1179 2577 1233 mihi
2605 1177 2904 1244 ministrat,
2935 1194 3022 1234 me
3052 1180 3322 1250 sequitur,
3353 1188 3410 1234 et
3441 1179 3536 1233 ubi
3593 1193 3701 1249 ego
3731 1194 3832 1234 sum

2254 1270 2363 1327 illic
2386 1271 2455 1303 ⁵⁸¹
2484 1270 2592 1327 erit
2617 1280 2671 1326 et
2695 1272 2945 1327 minister
2972 1287 3122 1328 meus
3137 1271 3325 1343 (Joan.
3365 1287 3464 1337 xu,
3496 1271 3617 1342 26).
3657 1290 3678 1323 ι
3709 1270 3836 1326 [huc

2254 1357 2370 1434 ipse
2421 1373 2611 1434 postea
2659 1378 2783 1420 cum
2838 1364 3164 1430 traderetur,
3195 1362 3499 1419 auriculam
3549 1366 3835 1433 amputanti

2251 1457 2488 1511 ostendit
2509 1455 2694 1511 dicens
2725 1473 2743 1510 :
2787 1473 2804 1507 ι
2840 1456 2923 1510 An
2945 1464 3104 1526 putas
3132 1456 3260 1525 quia
3286 1470 3391 1510 non
3418 1469 3654 1524 possum
3697 1469 3834 1524 roga.

2255 1562 2315 1601 rc
2344 1546 2566 1602 Patrem
2593 1563 2796 1614 meum,
2823 1555 2884 1600 et
2902 1545 3180 1602 exhibebit
3207 1545 3338 1599 mihi
3355 1545 3520 1599 modo
3542 1545 3669 1616 plus
3692 1560 3834 1615 quam

2251 1639 2536 1695 duodecim
2578 1639 2818 1710 legiones
2866 1637 3218 1708 angelorum?
3264 1655 3286 1688 ι
3323 1651 3432 1706 qua
3493 1651 3633 1690 voce
3669 1650 3835 1705 equove
3932 1637 3934 1694 !

546 1727 756 1781 dicens
789 1727 842 1780 in
870 1727 1034 1782 terris
1059 1730 1298 1783 amonuit
1329 1746 1342 1782 :
1389 1749 1406 1780 ι
1429 1728 1581 1795 Quod
1610 1728 1701 1782 tibi
1729 1743 1833 1783 non
1865 1728 1966 1794 vis,
1998 1729 2152 1784 alteri
2187 1715 2227 1772 Ῐῗ
2257 1740 2528 1800 praecepto
2563 1746 2691 1786 suos
2729 1731 2962 1786 armavit
3014 1728 3320 1798 apostolos,
3359 1739 3418 1782 et
3471 1737 3727 1782 armatos
3779 1729 3834 1779 ab
3932 1727 3934 1782 ἶ

569 1831 636 1870 ne
666 1816 909 1871 feceris.)
942 1817 1080 1884 Quin
1104 1827 1158 1873 et
1182 1819 1327 1888 ipsos
1350 1818 1828 1890 crucifigentes,ut
1858 1821 2065 1875 Battum
2089 1833 2151 1877 et

543 1907 792 1974 .Abiron,
821 1909 994 1977 potuit
1025 1908 1173 1963 vires
1206 1909 1500 1976 submergi.
1537 1910 1632 1964 Dic
1661 1909 1819 1976 mihi,
1849 1911 2002 1980 cujus
2028 1929 2150 1966 san-

563 2007 779 2053 ctorum
818 1999 958 2053 viam
1007 2002 1358 2068 aggrederis?
1396 2002 1552 2056 Enim
1596 2012 1655 2056 ut
1707 2019 1894 2058 verum
1942 2005 2146 2070 dicam,

569 2105 862 2160 numquam
884 2092 1090 2160 justum
1129 2097 1305 2149 Inveni
1342 2095 1434 2164 qui
1479 2111 1576 2165 per
1609 2096 1910 2164 periculosa
1962 2113 2150 2153 sacra-

571 2190 750 2235 menta
781 2196 845 2236 ac
874 2181 1166 2252 pessimam
1209 2181 1630 2238 diﬂ‘amationem
1679 2185 1849 2240 malos
1877 2188 1946 2241 ad
1983 2187 2151 2242 Deum

564 2271 769 2325 invitos
817 2283 1193 2338 converteret,
1232 2289 1356 2328 cum
1396 2276 1523 2330 mali
1564 2276 1736 2346 magis
1777 2277 1988 2334 soleant
2039 2279 2152 2335 fieri

558 2360 815 2417 duriores
868 2377 1029 2431 quam
1074 2363 1347 2429 mitiores,
1393 2373 1450 2420 et
1485 2365 1695 2420 soleant
1751 2369 1924 2438 magis
1977 2371 2155 2439 poenis

568 2452 904 2510 crudeliores
928 2455 1059 2510 fieri
1099 2471 1262 2526 quam
1298 2457 1564 2528 mitigari.
1622 2457 1772 2514 Unde
1806 2461 2098 2530 Apostolus
2140 2479 2152 2515 :

574 2562 592 2592 ι
616 2541 756 2599 Deus
785 2559 890 2599 non
923 2545 1242 2600 vulteoacta
1257 2547 1534 2602 servitia.»
1553 2547 1620 2602 Et
1643 2550 1768 2603 item
1781 2549 2011 2604 Paulus:
2041 2551 2156 2606 «Tu

564 2635 694 2705 quis
738 2651 819 2702 es,
847 2637 938 2707 qui
970 2638 1186 2708 judicas
1230 2639 1467 2694 alienum
1497 2643 1746 2695 servum?
1787 2641 1900 2698 Suo
1940 2645 2158 2700 domino

563 2737 680 2784 stat
716 2739 810 2784 aut
845 2731 1012 2796 cadit,
1045 2732 1415 2788 stabit-antem
1450 2733 1624 2804 (Rom.
1659 2751 1771 2802 xtv,
1793 2737 1871 2808 4).
1932 2756 1950 2790 ι
1983 2738 2079 2793 llis
2106 2749 2158 2794 et

575 2817 698 2875 't'iis
723 2819 883 2874 dictis
913 2821 1166 2877 sacerdos
1187 2822 1476 2878 Auselmus
1508 2840 1760 2893 qmcrens
1791 2828 1966 2898 ipsum
1999 2845 2029 2883 a
2061 2829 2156 2884 tali

568 2923 830 2981 revocare
855 2911 1111 2982 cogitatu,
1135 2913 1280 2968 velut
1297 2914 1436 2985 ignis
1453 2913 1726 2971 fornacem
1749 2933 1813 2972 ac
1839 2919 1918 2972 ira
1945 2919 2163 2975 leonem

553 2999 1011 3054 ilurevocabiliter
1037 3001 1348 3072 exagitavit.
1369 3003 1546 3074 igitur
1573 3021 1695 3059 cum
1720 3007 1878 3077 hujus
1907 3011 1986 3062 rei
2019 3011 2160 3065 fama

2255 1823 2630 1877 universorum
2670 1818 3438 1888 daemonumjaculistutavit,
3465 1825 3525 1873 et
3553 1826 3758 1872 tutatus
3786 1817 3830 1869 in
3932 1817 3934 1888 ξ

2252 1923 2518 1968 aeternum
2551 1912 2851 1969 coronavit.
2902 1911 3018 1979 Qua
3056 1925 3188 1966 voce
3245 1909 3582 1964 Laurent'us
3635 1919 3835 1962 sanctus
3932 1931 3934 1986 ξ

2255 2005 2514 2066 munitus,
2536 2003 2750 2074 tyranni
2775 2002 3259 2072 iniquissimis-era
3285 2000 3832 2070 lormcnlaetiguium
3932 1995 3934 2072 ζ

2253 2098 2531 2168 superavit
2553 2097 2765 2168 globos,
2795 2105 2854 2152 et
2878 2095 3052 2166 ipsum
3079 2095 3530 2151 crudelissimum
3565 2105 3835 2164 tyrannum
3932 2115 3934 2182 ς

2253 2203 2319 2243 ac
2348 2186 2689 2252 semiustum,
2731 2185 2822 2241 Dei
2849 2185 2987 2240 iram
3017 2194 3315 2241 merentem
3358 2185 3512 2240 vicit.
3563 2183 3687 2252 Qua
3725 2197 3836 2237 voce
3932 2229 3934 2244 ;

2255 2286 2475 2333 sanctus
2519 2276 2785 2333 Nazarius
2833 2285 2890 2333 et
2939 2276 3158 2342 Celsus,
3209 2277 3536 2348 angelorum
3599 2277 3697 2332 Dei
3733 2276 3836 2329 freti
3932 2269 3934 2334 ἐ

2254 2368 2592 2436 aminiculis,
2641 2368 2926 2440 procellosi
2983 2369 3149 2425 maris
3203 2369 3487 2440 planitiem
3543 2379 3606 2424 ut
3647 2365 3836 2422 aridam
3932 2427 3934 2432 ,

2259 2469 2458 2512 terram
2495 2457 2750 2528 intrepidi
2787 2457 3002 2514 calcare
3047 2469 3382 2513 meruerunt.
3427 2457 3610 2525 Quam
3664 2469 3832 2512 vocem
3932 2459 3934 2504 ἑ

2258 2548 2495 2619 virgines
2516 2557 2572 2603 et
2601 2557 2868 2619 martyres
2906 2549 3188 2618 sanctique
3223 2563 3417 2604 omnes
3455 2548 3658 2603 devote
3704 2560 3835 2600 sunt-
3932 2617 3934 2624 Ι

2261 2657 2398 2696 mam
2431 2649 2486 2696 et
2511 2655 2695 2696 veram
2735 2639 3052 2711 religionem
3079 2649 3396 2711 sequentes,
3427 2639 3482 2694 iu
3503 2653 3769 2694 ateruum
3787 2643 3834 2688 et

2255 2749 2381 2789 cum
2405 2733 2624 2789 Christo
2648 2734 2986 2789 remunerari
3015 2741 3355 2789 meruerunt.
3932 2741 3934 2786 :

2333 2825 2417 2880 l0.
2445 2825 2550 2896 (9.)
2582 2825 2716 2881 Cum
2746 2826 2816 2857 ⁸⁸¹¹
2845 2837 3026 2881 autem
3069 2826 3323 2882 Arialdns
3364 2826 3556 2882 verbis
3608 2829 3838 2896 turpissi—
3932 2825 3934 2828 ’

2262 2921 2366 2973 mis
2391 2918 2702 2973 sacerdotes
2731 2917 2783 2972 in
2805 2918 3004 2989 popqu
3029 2918 3264 2988 pessime
3290 2934 3356 2973 ac
3375 2919 3684 2975 criminose
3705 2919 3840 2975 dila-
3932 2945 3934 2964 =

2266 3010 2484 3075 mando,
2520 3008 2755 3065 orationi
2801 3009 3134 3078 turpissima:
3181 3009 3342 3065 linem
3394 3010 3840 3080 insposuisset,et
3932 3053 3934 3060 .

558 3087 996 3145 iud-Landutfum
1026 3070 1326 3160 volitasset,
1348 3070 1488 3149 etvut
1517 3098 1688 3165 magis
1710 3070 1990 3170 ac'magis,
2015 3101 2158 3170 quod
2189 3070 2232 3130 ς·
2265 3070 2511 3154 eamdem
2567 3070 2918 3170 Landulphus
2960 3100 3119 3172 style,
3169 3107 3330 3172 prout
3384 3070 3510 3156 erat
3567 3070 3839 3165 facundus,
3932 3117 3934 3150 τ

581 3178 635 3231 in
687 3179 920 3235 obscuro
971 3181 1258 3245 dixerunt.
1306 3200 1472 3255 super
1519 3195 1720 3242 tectum
1771 3189 2158 3261 divulgat-tatur,

573 3270 838 3338 martyris
890 3273 1239 3327 veneratione
1306 3275 1540 3343 relicta,
1591 3277 1676 3332 cui
1727 3292 1919 3336 omnes
1971 3286 2164 3338 devote

565 3371 974 3425 «convenerant,
1027 3378 1091 3417 ac
1140 3365 1487 3433 antiquorum
1543 3370 1891 3425 veneratione
1937 3373 2162 3438 omissa,

576 3460 794 3520 arrepto
825 3453 1074 3508 manibus
1106 3455 1350 3521 Aria-ldo,
1379 3455 1582 3513 furiose
1611 3462 1930 3531 ac‘pessime
1962 3463 2164 3518 vocife-

568 3539 747 3594 rando
777 3555 896 3596 cum
916 3544 1102 3614 paucis
1131 3546 1198 3600 ad
1228 3547 1494 3602 theatrum
1519 3549 1668 3620 (107)
1690 3552 1954 3620 pervenit.
1977 3553 2162 3624 Itaque

567 3632 754 3688 missis
785 3650 881 3704 per
907 3637 1145 3694 civitatis
1192 3639 1342 3694 vicos
1380 3649 1434 3695 et
1474 3640 1684 3711 plateas
1722 3645 1948 3700 cartulis
1989 3647 2162 3702 homi-

567 3722 734 3780 nibus
777 3725 870 3790 "’,
914 3729 1388 3799 perstrepentibus
1437 3733 1817 3791 tintinnabulis
1865 3736 2054 3792 multis
2109 3749 2163 3793 et

569 3816 814 3885 magnis,
844 3832 908 3872 ac
939 3819 1340 3888 garrulautibus
1365 3822 1634 3890 feminis,
1665 3836 1931 3896 quatenus
1972 3844 2162 3885 omnes

575 3907 930 3976 tamjuvenes
955 3924 1116 3978 quam
1155 3927 1330 3973 senes,
1366 3923 1473 3968 tam
1504 3916 1776 3985 sapientes
1827 3934 1988 3988 quam
2017 3920 2155 3976 insi-

572 3998 807 4064 pientes,
838 4008 944 4053 tant
963 4001 1126 4071 probi
1153 4019 1316 4073 quam
1349 4005 1635 4076 improvidi
1675 4009 2002 4065 unanimiter
2031 4027 2162 4067 con-

572 4089 878 4154 venientes,
905 4105 1026 4160 quae
1052 4093 1427 4150 aediticationis
1454 4112 1518 4152 ac
1546 4099 1740 4154 anima;
1759 4099 1948 4156 salutis
1964 4103 2159 4169 forent,

559 4179 799 4235 auribus
823 4184 1075 4239 audirent
1102 4186 1348 4250 attentis,
1377 4189 1926 4261 satagebantJtaque
1953 4194 2162 4250 civibus

574 4273 890 4326 convocatis
919 4276 1216 4339 universis,
1266 4277 1519 4333 Arialdus
1563 4281 1717 4348 quasi
1766 4282 1964 4337 ardens
2019 4292 2162 4340 totus

576 4359 841 4429 pulpitum
871 4366 1170 4420 ascendens
1199 4380 1508 4432 commune,
1537 4369 1711 4424 oculis
1733 4379 1791 4424 ut
1811 4371 1903 4426 leo
1932 4375 2161 4430 flammi-

582 4449 771 4511 vomis,
799 4450 1072 4522 nimiaque
1095 4454 1171 4508 ira
1210 4466 1533 4524 commotus,
1563 4459 1730 4514 multa
1757 4462 1823 4517 de
1860 4465 2155 4520 sacerdoti-

583 4538 681 4592 bus
733 4543 1046 4609 exprimens
1099 4547 1439 4603 detestabilia
1477 4592 1492 4615 ,
1545 4552 1700 4622 quasi
1763 4555 1940 4612 amnis
1991 4556 2156 4612 nimia

581 4629 933 4688 inumlatione
985 4637 1250 4707 turgidus,
1281 4639 1507 4709 lapides,
1558 4641 1761 4712 sylvas,
1821 4645 2068 4702 homines
2095 4662 2160 4703 ac

583 4735 774 4788 pecora
799 4725 1016 4782 volvens
1043 4731 1324 4786 emittebat
1363 4734 1517 4801 quasi
1557 4751 1754 4790 munus
1773 4737 1845 4768 ⁵³⁰
1882 4753 1946 4793 ac
1986 4738 2158 4794 durus

581 4814 846 4879 parasitus
870 4820 970 4874 sub
1002 4821 1227 4880 obtentu
1271 4827 1546 4899 religionis
1590 4845 1806 4886 omnem
1862 4833 2153 4904 turpitudi-

2263 3192 2500 3264 graviori
2526 3191 2880 3248 reiterasset:
2911 3191 2964 3247 in
2995 3207 3060 3248 ea
3086 3207 3204 3262 qua:
3234 3192 3538 3262 turpissimi
3569 3194 3624 3248 in
3661 3195 3840 3262 populo

2263 3285 2497 3354 pandere
2561 3298 2624 3340 ac
2669 3283 2947 3356 divulgare
2997 3287 3537 3351 verecundarentur,
3599 3296 3838 3357 popntam
3932 3291 3934 3330 ι

2241 3376 2417 3444 quasi
2459 3373 2644 3430 leones
2674 3389 2738 3430 ac
2765 3373 3136 3430 ferocissimas
3160 3384 3344 3447 tygres
3372 3378 3564 3446 praeda
3598 3387 3654 3432 et
3677 3378 3840 3433 calido
3932 3427 3934 3432 .

2263 3464 2524 3532 sanguine
2545 3464 2721 3520 anxiae
2751 3465 2820 3497 ⁵³³
2861 3466 3120 3523 adversus
3149 3468 3469 3524 sacerdotes
3497 3469 3841 3525 sollicitantes
3932 3489 3934 3508 ε

2259 3561 2697 3616 commovebant.
2759 3558 2964 3616 Horum
3022 3560 3393 3617 disseminatis
3447 3562 3637 3618 verbis
3678 3562 3840 3632 pesti-
3932 3567 3934 3644 ί

2262 3651 2461 3718 lenler,
2492 3652 2673 3707 subito
2703 3652 2890 3717 multi,
2920 3654 3118 3723 quibus
3165 3653 3406 3709 alienum
3437 3670 3519 3710 tes
3563 3654 3842 3709 clarissime
3932 3663 3934 3668 '

2263 3747 2604 3814 exigebatur,
2626 3761 2872 3814 quosque
2902 3745 3040 3800 foris
3079 3755 3134 3801 et
3176 3746 3324 3801 intus
3367 3748 3509 3800 dura
3557 3755 3844 3816 paupertas
3932 3735 3934 3796 Ῐ

2264 3836 2607 3900 trueidabat,
2657 3851 3059 3906 quamcumque
3110 3838 3465 3892 occasionem
3510 3845 3842 3904 quaerentes.
3932 3836 3934 3902 !

2263 3927 2405 3982 unde
2433 3929 2663 3983 miseros
2693 3927 2833 3984 filios
2862 3939 2921 3984 et
2948 3943 3148 3985 uxores
3174 3932 3482 4000 sepissime
3533 3929 3844 3984 verberatas
3932 3955 3934 3994 ε

2264 4033 2517 4074 recreare
2567 4034 2634 4074 ac
2687 4028 2997 4076 sustentare
3040 4028 3280 4092 possent,
3337 4021 3613 4076 imeuso
3663 4018 3842 4088 plansn
3932 4021 3934 4092 ί

2262 4109 2409 4178 ipsos
2438 4109 2756 4176 laudabant;
2795 4109 2889 4166 alii
2929 4126 3082 4182 vero.
3106 4112 3380 4182 simplices
3419 4121 3477 4167 et
3525 4112 3705 4167 idiota:
3757 4123 3845 4162 s:a
3932 4109 3934 4182 ξ

2262 4207 2482 4269 pectora
2533 4200 2906 4266 verberantes,
2948 4202 3104 4270 quasi
3155 4201 3304 4256 Petri
3352 4210 3411 4257 et
3454 4200 3611 4256 Pauli
3663 4214 3844 4255 enim

2263 4291 2430 4346 verba
2456 4289 2732 4346 habebant
2755 4289 2924 4362 (108).
2961 4289 3100 4358 Quid
3131 4289 3340 4346 multa?
3366 4305 3568 4346 omnes
3602 4289 3845 4345 cuneis-es
3932 4289 3934 4362 ε

2261 4385 2542 4452 fascinati,
2573 4388 2728 4455 quasi
2765 4387 2933 4442 maris
2975 4402 3119 4444 steva
3163 4392 3464 4456 tempestas
3509 4400 3576 4440 ac
3613 4383 3842 4440 astualia

2262 4475 2510 4543 fulmina,
2541 4492 2660 4546 quae
2699 4476 2898 4532 multos
2926 4477 3221 4548 imparatos
3245 4474 3565 4544 opprimere
3588 4484 3646 4528 et
3669 4472 3846 4528 mersi-

2263 4565 2430 4621 ﬁcare
2459 4566 2655 4632 solent,
2683 4567 2958 4622 civitatem
2983 4574 3370 4636 percurrentes
3385 4573 3453 4618 ιιι
3493 4579 3620 4619 ursa
3660 4561 3841 4616 catulis

2259 4658 2498 4723 amissis,
2530 4666 2585 4712 et
2607 4657 2917 4727 turpissime
2941 4656 3087 4712 velut
3116 4655 3350 4711 famelici
3373 4671 3544 4712 canes
3570 4655 3841 4712 latrantes.

2259 4747 2602 4801 sacerdotum
2659 4747 2849 4802 domos
2900 4746 3078 4816 primo
3138 4745 3425 4814 spolianda
3481 4743 3840 4802 cursitabant;
3932 4743 3934 4816 ἰ

2259 4847 2446 4907 postea
2488 4853 2617 4892 vero
2638 4853 2850 4893 summo
2888 4854 3010 4892 cum
3043 4837 3310 4894 dedecore
3343 4837 3642 4894 mulierum
3667 4837 3840 4890 diror-
3932 4837 3934 4907 Ῑ

1851 4957 2086 5042 vim
2161 4985 2559 5046 LECTIONES.

649 5116 716 5147 "9
747 5091 998 5174 omnibus
1021 5123 1103 5174 Αἵ
1131 5138 1182 5177 o.
1212 5123 1263 5176 li.
1296 5092 1379 5178 BI.
1455 5125 1526 5156 ⁸³⁸
1552 5141 1689 5181 IIDIIS
1712 5126 1790 5180 ΒΙ-

1942 5130 2008 5162 ⁵⁸¹
2045 5130 2168 5186 illuc
2192 5133 2250 5184 Β.
2329 5132 2395 5163 ⁵³³
2428 5125 2684 5197 Titulus:

577 5190 909 5258 adpopulnm
938 5197 1299 5260 profecerunt.
1328 5196 1386 5248 Β.
1419 5193 1503 5248 ΒΙ.
1529 5195 1604 5250 De
1626 5213 1722 5250 ora
1748 5198 1864 5253 fusa
1891 5199 2034 5255 tione
2059 5201 2120 5254 L.
2153 5213 2206 5256 et
2244 5205 2308 5256 Α.
2340 5203 2407 5257 ad
2438 5190 2692 5274 populum
2719 5190 2807 5258 λ’.
2838 5207 2948 5261 A".

3027 5209 3098 5239 ⁸³³
3131 5207 3282 5262 asine
3312 5208 3370 5260 Β.

2041 5291 2178 5330 nn'r
2198 5292 2248 5330 1F.

2715 5135 2851 5201 Quid
2879 5137 2920 5189 L
2957 5136 3226 5206 ndulphus
3255 5144 3308 5191 ct
3331 5137 3586 5192 Arialdus
3607 5135 3840 5189 cratim:
3932 5149 3934 5206 ξ
