3934 5330
91 345 213 403 913

1070 350 1387 409 iilSleilA
1425 351 1996 408 .llEDiOLASENSIS.
2040 385 2107 394 -—
2137 355 2263 411 LIB.
2302 356 2381 410 lll.
2426 352 2429 355 ’

3278 355 3341 411 9i
3356 355 3389 407 ἴ

95 463 273 527 tium,
300 461 416 518 sine
444 462 582 531 lege,
610 460 728 517 sine
751 461 898 533 jure,
932 464 1051 521 sine
1079 468 1354 536 episcopo,
1399 482 1503 520 non
1528 468 1695 521 Deum
1728 470 1773 525 Α
1804 480 1985 530 esses,
2028 469 2096 520 ab
2136 468 2435 538 apostolico
2481 477 2573 535 aut
2619 468 2686 522 ab
2737 467 2918 537 aliquo
2962 467 3215 535 religioso
3265 470 3403 522 vit-n-

92 555 201 608 setl
232 556 524 623 pecuniam
554 554 769 611 illorum
803 566 1051 613 amantes
1074 597 1090 622 ,
1136 559 1327 629 gladiis
1358 569 1416 614 et
1467 560 1700 615 lustilms

93 647 405 701 iaciebant.
464 646 669 701 interea
710 648 1021 705 sacerdotes
1070 650 1315 706 imbelles
1358 652 1473 706 hare
1516 652 1701 705 omnia

96 739 332 792 inmane
359 738 431 769 ⁵³⁸
451 738 795 808 ignorantes,
821 740 1033 796 animos
1072 750 1126 797 et
1170 742 1356 797 oculos
1408 742 1460 795 in
1499 741 1698 797 caelum

95 828 384 893 levantes,
407 838 468 883 ut
498 829 734 898 pecudes
778 829 918 900 lupis
960 831 1337 902 subjacehant.
1384 833 1453 886 At
1492 832 1700 887 nobiles

93 920 285 985 urbis,
322 934 552 990 quorum
575 921 777 975 virtute
803 923 1112 977 sacerdotes
1140 910 1297 993 paulo
1319 933 1447 978 ante
1478 924 1701 978 tut-han-

95 1018 217 1073 tur,
259 1010 436 1065 nimia
465 1012 545 1065 ira
580 1019 633 1067 et
662 1011 1031 1083 indignatione
1061 1014 1347 1077 commoti,
1380 1013 1468 1067 alii
1510 1012 1697 1066 urbem

91 1100 391 1166 exiebant,
431 1101 521 1155 alii
569 1110 627 1156 ut
667 1102 981 1172 procellosis
1007 1103 1301 1159 calamitati
1333 1104 1493 1158 tinem
1527 1103 1700 1171 impo-

96 1201 331 1256 nerent,
356 1202 569 1262 tempus
596 1194 974 1263 expectabant.
1005 1194 1211 1250 Interea
1239 1211 1305 1248 cx
1342 1194 1539 1265 populo
1558 1193 1697 1247 inul-

96 1285 163 1346 ti,
206 1284 430 1339 licentia
456 1300 486 1338 a
513 1286 627 1355 jam
668 1287 832 1341 dictis
875 1297 1133 1357 accepta,
1178 1288 1431 1343 omnibus
1482 1286 1700 1341 omissis

96 1377 347 1443 negotiis
400 1376 596 1445 quibus
622 1379 818 1433 misera
850 1380 1011 1449 hujus
1041 1380 1225 1435 mundi
1257 1381 1363 1435 vita
1388 1380 1551 1435 alitur
1580 1396 1699 1435 cor-

95 1484 319 1539 pusque
341 1472 593 1537 vestitur,
626 1472 720 1526 ﬁlii
750 1489 813 1529 ac
834 1490 1033 1529 uxores
1061 1474 1330 1542 foveatur,
1356 1476 1529 1545 magis
1560 1476 1703 1544 rapi-

97 1577 233 1616 nam
265 1577 435 1630 quam
462 1562 630 1618 Deum
652 1574 918 1631 amantes,
948 1567 1287 1622 sacerdotum
1312 1568 1558 1621 domibus
1583 1568 1700 1623 sine

98 1652 491 1706 misericordia
519 1653 787 1723 spoliatis,
819 1667 881 1710 ut
908 1656 1080 1727 magis
1097 1672 1164 1712 ac
1187 1659 1361 1728 magis
1392 1659 1475 1713 his
1498 1671 1549 1712 et
1580 1658 1701 1713 aliis

99 1744 274 1798 factis
312 1745 408 1798 Dei
451 1746 587 1799 iram
631 1757 1011 1813 mererentur,
1044 1751 1224 1806 verbis
1272 1767 1337 1806 ac
1381 1754 1700 1809 verberibus

102 1836 449 1902 turpissimis
478 1837 622 1905 ipsos
652 1848 707 1891 et
738 1838 947 1893 illorum
998 1840 1227 1896 familias
1255 1842 1697 1911 insequebintur.

102 1926 323 1982 Exinde
354 1944 478 1982 cum
510 1930 749 1984 urbanos
787 1932 1097 1988 sacerdotes
1127 1934 1236 2005 lupi
1271 1936 1555 1991 meridiani
1588 1936 1701 2005 jam

96 2022 332 2091 jamque
363 2022 702 2078 attrivisseut
730 2064 745 2088 ,
772 2032 829 2079 et
858 2040 990 2095 opes
1024 2042 1162 2095 quas
1206 2029 1345 2083 male
1401 2029 1704 2099 acquisive—

102 2122 232 2166 rant
290 2123 790 2181 eonsuromassent,
819 2116 1025 2172 rabiem
1073 2134 1224 2172 suam
1266 2121 1560 2174 extendere
1606 2137 1701 2176 cu-

102 2204 325 2271 pientes
376 2205 567 2261 urbem
614 2206 893 2261 exierunt.
934 2208 1035 2276 Qui
1073 2211 1318 2266 studiose
1364 2213 1432 2267 ab
1478 2211 1702 2267 Arialdo

102 2296 339 2350 amoniti
356 2298 526 2352 etsub
546 2298 772 2353 obtentu
797 2299 1073 2370 religionis
1091 2302 1244 2370 quasi
1269 2318 1433 2357 canes
1461 2303 1527 2357 ad
1548 2319 1709 2372 apros

102 2385 420 2439 venandum
454 2384 640 2450 illecti,
680 2386 855 2452 villas,
881 2390 1122 2455 castella,
1156 2392 1447 2461 municipia
1473 2393 1711 2449 circuat-

101 2474 331 2537 euntes,
362 2474 530 2529 simili
557 2476 717 2531 modo
745 2478 1013 2548 pauloque
1038 2479 1226 2536 durius
1247 2483 1564 2538 sacerdotes
1595 2499 1714 2537 om-

103 2581 225 2630 nes,
260 2582 403 2637 quos
434 2567 675 2623 invenire
702 2578 971 2639 poterant,
997 2573 1248 2640 pessime,
1275 2588 1381 2628 non
1412 2573 1581 2629 Deum
1620 2575 1715 2632 sed

102 2662 397 2728 pecuniam
427 2670 756 2731 quaerentes,
789 2663 1116 2719 tractabant.

178 2753 271 2806 ll.
313 2751 454 2823 (10.)
506 2752 692 2823 Itaque
728 2755 964 2827 mJpars
1000 2757 1258 2812 nobilium
1302 2774 1365 2813 ac
1414 2762 1481 2815 de
1522 2761 1719 2831 popqu

106 2843 267 2896 multi
301 2884 317 2907 ,
357 2843 605 2900 videntes
645 2848 959 2902 sacerdotes
999 2848 1288 2905 indiscrete
1316 2851 1578 2914 lacerari,
1608 2854 1715 2907 mi-

104 2936 415 2990 sericorlia
450 2938 581 2991 moti
622 2938 822 3008 prazliis
857 2939 1041 2994 multis
1073 2956 1167 2996 eos
1206 2943 1543 2999 muniebant.
1585 2946 1719 2999 Dum

106 3030 227 3083 hate
255 3029 600 3094 agebantur,
659 3032 994 3101 temporibus
1044 3036 1341 3089 transactis
1390 3036 1717 3106 aliquantis,

107 3118 375 3173 Arialzlus
402 3119 672 3187 adiunctis
694 3122 797 3176 sibi
818 3122 1082 3176 Landull‘o
1096 3133 1148 3179 et
1170 3122 1513 3195 Oltleprando
1540 3127 1721 3198 (109),

110 3222 254 3275 quos
284 3219 417 3265 ante
443 3211 496 3263 in
525 3211 681 3265 initio
714 3211 876 3280 huius
906 3213 981 3267 rei
1015 3214 1116 3268 sibi
1140 3216 1481 3282 sociaverat,
1507 3228 1566 3272 ut
1597 3234 1711 3272 ma-

112 3302 198 3369 gis
229 3317 295 3356 ac
326 3302 502 3371 magis
527 3304 681 3372 quasi
710 3320 806 3374 per
834 3306 1186 3375 apostolicam
1216 3308 1490 3365 licentiam
1526 3311 1578 3366 in
1607 3312 1710 3367 hiis

111 3406 175 3446 se
198 3402 253 3448 et
280 3410 410 3449 suos
430 3406 713 3451 exerceret
736 3398 947 3454 actibus
966 3440 980 3461 ,
1014 3399 1239 3456 Romam
1267 3403 1333 3457 ad
1353 3404 1708 3473 apostol'cum

115 3484 493 3554 Stephanum,
548 3488 638 3556 qui
682 3496 810 3543 tunc
854 3491 1065 3546 noviter
1096 3493 1170 3549 .in
1216 3502 1461 3563 tempore
1506 3495 1707 3566 degens

114 3588 437 3632 surrexerat
485 3579 665 3647 (HO),
715 3581 927 3636 occulte
981 3584 1225 3638 tetendit.
1283 3585 1383 3651 Qui
1429 3601 1551 3641 cum
1589 3598 1715 3643 ante

114 3668 319 3725 faciem
352 3671 637 3741 apostolici
672 3685 1091 3742 repraesentatus
1119 3676 1308 3733 fuisset
1331 3718 1346 3743 ,
1378 3686 1429 3733 et
1453 3693 1551 3749 per
1571 3680 1716 3734 ordi-

118 3778 248 3816 nent
274 3763 534 3833 quicquid
567 3764 848 3821 Mediolani
877 3768 1109 3839 egisset,
1139 3769 1481 3840 qualiterque
1503 3786 1715 3827 summo

118 3869 247 3908 cum
299 3853 569 3909 dedecore
614 3857 927 3913 sacerdotes
962 3859 1031 3913 ab
1070 3860 1332 3916 uxoribus
1363 3870 1669 3931 separasset
1697 3904 1714 3929 ,

120 3944 311 3998 multis
336 3946 642 4001 astantibus
669 3946 886 4002 clericis
912 3948 1066 4004 laicis
1104 3959 1158 4004 et
1183 3950 1549 4006 eardinalibus
1576 3954 1716 4008 noti-

121 4036 289 4089 licare
312 4039 554 4102 curavit;
598 4039 690 4093 sed
737 4055 842 4093 nou
875 4041 1013 4095 sicut
1038 4041 1239 4104 voluit,
1284 4036 1415 4098 tunc
1458 4054 1719 4114 acceptus

120 4135 226 4180 est.
255 4126 367 4181 Hoc
389 4128 594 4192 audito,
619 4144 809 4187 omnes
827 4132 919 4200 qui
942 4131 1191 4194 aderant,
1213 4134 1524 4189 universum
1546 4151 1721 4206 genus

120 4217 474 4271 sacerdotum
517 4227 629 4273 tam
666 4218 916 4274 Latinum
950 4236 1114 4291 quam
1161 4222 1408 4278 Grmcum
1447 4241 1553 4279 una
1601 4226 1719 4294 lege

121 4308 379 4368 videntes
403 4310 701 4380 constringi
733 4351 749 4375 ,
797 4321 852 4366 et
878 4313 1188 4369 castitatem
1223 4315 1494 4372 neminem
1519 4316 1722 4372 habere

121 4412 282 4466 posse
330 4399 435 4454 nisi
493 4400 544 4453 ei
593 4401 777 4457 datum
824 4402 897 4456 sit
936 4404 1201 4473 desuper,
1253 4406 1604 4463 vehementer
1659 4418 1719 4463 ut.

123 4491 351 4545 Romani
379 4492 631 4549 admirati
664 4502 809 4547 sunt.
846 4494 1085 4562 Quorum
1116 4513 1256 4554 unus
1287 4500 1582 4559 cardinalis
1614 4515 1717 4556 tto-
1749 4535 1794 4596 ο

125 4582 266 4636 mine
291 4583 587 4652 Dionysius
604 4626 618 4649 ,
643 4585 735 4654 qui
764 4586 814 4638 in
837 4587 1072 4654 pueritia
1090 4587 1141 4642 in
1166 4588 1455 4646 ecclesiam
1483 4591 1716 4646 Ambro-

126 4672 341 4731 sianam
366 4672 547 4729 fuerat
587 4676 856 4740 nutritus,
894 4692 1227 4747 cognoscens
1278 4696 1467 4739 omnes
1495 4683 1715 4738 ordines

126 4766 536 4829 Ambrosianus,
559 4767 791 4836 qualiter
802 4769 995 4824 devote
1006 4786 1069 4825 ac
1083 4772 1198 4827 sine
1220 4774 1717 4842 perturbationibus

126 4872 221 4926 per
240 4856 413 4914 multa
452 4866 694 4927 tempora
721 4859 1004 4923 vixerant,
1056 4875 1153 4929 per
1197 4862 1364 4915 multa
1404 4871 1718 4916 sanctorum

130 4948 342 5005 Patrum
366 4950 618 5019 exempla
643 4966 888 5015 currens,
913 4960 1093 5004 curam
1118 4954 1416 5022 apostolico
1440 4953 1718 5010 Arialdum

128 5048 179 5093 et
211 5054 405 5093 omnes
436 5038 529 5106 qui
560 5054 682 5091 cum
719 5055 785 5091 eo
808 5050 1068 5101 venerant
1111 5041 1442 5110 redarguens
1471 5042 1715 5097 dicebat:

202 5129 261 5168 19
327 5128 409 5168 (H
449 5126 468 5168 l
514 5146 531 5168 ς
569 5128 607 5168 :".

600 5128 702 5168 iam
750 5128 817 5159 ⁸³⁸
857 5128 1011 5168 lmine
1043 5131 1296 5168 itm-tilium
1331 5131 1727 5168 η-ιιιιιίιιδιιιηιιί-

1802 557 1953 626 prius
1974 557 2159 611 tnultis
2179 574 2300 611 eum
2322 558 2547 627 jejuniis
2563 558 2842 613 debuisses
2866 559 3192 623 consciliari,
3218 576 3380 629 quam

1802 648 2109 717 huiusmodi
2162 651 2434 720 negotium
2486 661 2594 706 tam
2646 666 2899 721 magnum
2942 660 2996 706 et
3036 660 3141 704 tam
3176 653 3387 720 pericu-

1802 738 1976 795 losum
2004 755 2125 794 cum
2154 741 2282 795 viris
2309 741 2595 797 inliteratis
2627 742 2940 806 inchoasse;
2979 749 3035 796 et
3075 743 3383 811 quod‘cum

1802 832 2105 887 humilitate
2127 843 2183 889 et
2205 834 2460 902 patientia
2484 834 2748 904 bonisque
2770 833 3194 888 amonitionibus
3219 833 3384 887 debe-

1800 922 1899 977 bas
1929 923 2156 987 docere,
2194 924 2296 978 hoc
2324 941 2444 979 cum
2474 925 2708 991 lanceis,
2743 924 3000 984 fustibus.
3033 933 3090 979 ut
3116 925 3385 985 asseritis.

1802 1013 1955 1068 laieis
1977 1029 2139 1083 super
2165 1016 2475 1069 sacerdotes
2500 1018 2844 1073 currentibus
2869 1017 3283 1072 administrasti.
3301 1018 3397 1072 An

1804 1103 2093 1173 ignorabas
2127 1105 2219 1159 Dei
2249 1106 2586 1177 evangelium
2625 1108 2855 1164 dicentis
2884 1126 2897 1162 :
2932 1127 2951 1160 ι
2994 1106 3094 1175 Qui
3125 1123 3222 1163 vos
3262 1118 3386 1162 tan-

1801 1196 1911 1266 git,
1953 1212 2042 1250 me
2085 1198 2302 1267 tangit?
2335 1209 2450 1252 uel
2509 1197 2674 1253 David
2722 1200 3110 1269 prophetarum
3150 1200 3391 1255 eximius

1802 1304 1897 1358 per
1918 1288 2179 1359 Spiritum
2208 1300 2457 1345 sanctum
2484 1294 2655 1362 ipsum
2681 1293 2898 1349 Saulem
2926 1310 2953 1347 a
2985 1294 3093 1348 Deo
3122 1294 3390 1364 dampna’-

1804 1390 1915 1435 tum
1950 1397 2315 1451 cognoscens,
2368 1393 2426 1438 ut
2479 1400 2577 1438 nos
2619 1385 2968 1453 informaret,
3008 1388 3171 1443 dixit:
3213 1405 3231 1438 t
3268 1387 3399 1441 Nou-

1801 1473 2154 1531 licetmittere
2171 1492 2387 1531 manum
2422 1478 2472 1531 in
2498 1478 2771 1533 Christum
2800 1480 2969 1533 Deum
2998 1479 3048 1549 (Ι
3079 1480 3203 1549 Reg.
3236 1497 3397 1541 xm,

1804 1565 1912 1627 ll).
1958 1584 1978 1617 ι
2020 1566 2175 1619 Enim
2226 1566 2330 1620 nisi
2369 1565 2535 1621 fueris
2572 1567 2664 1621 Dei
2708 1568 2923 1636 adjutus
2974 1568 3343 1622 misericordia
3371 1610 3389 1626 .

1802 1654 1997 1724 dignus
2037 1671 2097 1711 es
2136 1656 2295 1726 lapidi
2335 1657 2543 1728 alligari
2575 1668 2628 1710 cl.
2673 1658 2724 1711 in
2756 1657 3081 1726 profundum
3110 1660 3275 1713 maris
3298 1659 3399 1713 ὀρ-

1803 1747 2014 1816 mergi,
2067 1748 2322 1816 quoniam
2364 1747 2429 1779 ³³⁷
2466 1747 2912 1818 gloriosissimam
2946 1763 3007 1801 ac
3037 1747 3391 1815 prteclat'issi-

1804 1853 1946 1892 mam
1981 1838 2071 1892 Dei
2098 1839 2416 1905 ecclesiam,
2447 1840 2499 1892 in
2530 1854 2637 1909 qua
2679 1840 2879 1894 beatus
2900 1838 3218 1892 Ambrosius
3249 1856 3315 1889 ηις
3342 1837 3387 1889 Ιι

1807 1937 1917 1982 tum
1971 1927 2270 1984 laborando
2292 1928 2606 1995 desudavit,
2644 1928 2945 1984 inconsulte
2973 1928 3397 1983 scaudalizasti?

1808 2019 1974 2087 Cujus
1999 2020 2265 2076 desidium
2298 2021 2590 2074 crudeliter
2616 2020 3024 2074 disseminatum
3056 2027 3110 2073 et
3141 2027 3266 2072 ante
3293 2032 3390 2071 no-

1810 2112 1947 2164 vitcr
1969 2119 2184 2174 natum,
2217 2118 2276 2163 ttt
2298 2110 2452 2165 video
2470 2150 2487 2177 ,
2515 2111 2826 2166 universum
2853 2110 3109 2164 mundum
3132 2108 3411 2163 citissime

1812 2203 1964 2259 laicis
1991 2203 2252 2258 adversus
2280 2204 2594 2259 sacerdotes
2636 2204 2876 2258 studiose
2933 2202 3274 2258 iuhiantibus
3312 2202 3397 2255 ine

1814 2293 1992 2349 vadet.
2022 2292 2157 2350 Vera
2183 2293 2280 2349 Dei
2300 2294 2551 2358 ecclesia,
2580 2310 2649 2369 ne
2673 2295 2937 2350 desidium
2961 2305 3055 2350 aut
3080 2294 3415 2349 scandalum-

1812 2387 2042 2451 oriatur,
2074 2387 2238 2441 multa
2256 2403 2355 2457 per
2378 2397 2621 2458 tempore
2646 2388 2851 2444 sanctis
2877 2388 3077 2442 imbuta
3102 2385 3397 2448 alimoniis,

1814 2480 2211 2549 quamplurima
2242 2482 2512 2536 sustinere
2534 2498 2596 2535 ac
2625 2482 2732 2551 pati
2764 2482 3064 2538 consuevit.
3116 2481 3229 2536 Hoc
3253 2479 3403 2534 desi-

1818 2570 1963 2625 dium
1992 2578 2075 2623 est
2102 2569 2264 2636 illud,
2324 2574 2467 2625 unde
2510 2588 2802 2641 puerorum
2848 2587 3108 2627 numerus
3157 2570 3415 2625 infinitis.

1818 2661 1935 2717 sine
1966 2661 2295 2732 baptismate
2319 2662 2545 2717 diversis
2570 2664 2791 2717 attritus
2817 2662 3081 2718 mortibus
3108 2660 3423 2716 crudeliter

1822 2755 2134 2819 necabitur;
2201 2753 2317 2809 haec
2368 2754 2458 2807 illa
2486 2764 2571 2809 est
2620 2769 2759 2809 acea:
2784 2755 2872 2818 io,
2922 2753 2993 2807 ob
3035 2769 3196 2823 quam
3245 2751 3419 2804 mulli.

1815 2844 2073 2913 juvenes,
2106 2845 2233 2900 dum
2259 2854 2507 2900 naturam
2546 2862 2697 2900 suam
2729 2861 2986 2901 exercere
3011 2862 3115 2901 non
3144 2854 3403 2915 possunt.

1823 2942 2011 2990 contra
2043 2947 2291 3008 naturam
2335 2935 2676 2991 incurrentes
2704 2936 3055 3006 delinquunt,
3084 2944 3138 2989 et
3159 2934 3421 2989 debitum:-

1822 3027 1964 3097 quod
1984 3028 2139 3081 uxori
2155 3028 2200 3081 si
2217 3026 2692 3083 haberentmdnm
2711 3029 3019 3098 impendere
3036 3044 3140 3082 non
3156 3035 3425 3097 possunth

1832 3120 1884 3174 in
1914 3118 2138 3174 alterius
2164 3119 2375 3174 inhiant
2409 3136 2654 3175 uxorem.
2699 3119 2901 3175 Saltem
2946 3121 3135 3176 beatus
3169 3119 3413 3174 Ambros

1830 3210 2012 3266 siuste
2035 3219 2247 3282 tangat,
2275 3212 2513 3281 quicum
2539 3227 2662 3266 eum
2686 3213 2932 3282 quaedam
2964 3210 3157 3267 mulier
3182 3220 3411 3280 tangere

1810 3312 2133 3369 conaretur,
2183 3317 2280 3358 ore
2315 3302 2607 3374 episcopali
2655 3304 2790 3358 dixit
2830 3304 2903 3374 (c.
2935 3303 3059 3373 ll):
3099 3319 3117 3352 ε
3162 3300 3274 3354 Etsi
3303 3314 3405 3368 ego

1812 3400 1964 3447 tanto
1987 3393 2292 3449 sacerdotio
2320 3394 2572 3463 indignus
2616 3410 2768 3459 sum,
2818 3409 2926 3448 non
2955 3393 3081 3447 licet
3111 3400 3161 3446 te
3186 3391 3403 3447 mittere

1813 3498 2032 3537 manum
2066 3484 2118 3538 itt
2137 3483 2415 3539 Christum
2440 3483 2629 3538 Deum.
2669 3503 2687 3535 ι
2726 3483 2905 3539 Velint
2932 3483 3103 3536 nolint
3129 3522 3143 3546 ,
3173 3480 3426 3535 ﬁtstibus.

1814 3589 1876 3630 ac
1900 3574 2072 3643 plagis
2100 3575 2328 3631 diversis
2353 3576 2625 3632 castificas
2647 3590 2740 3630 eos
2758 3615 2778 3639 ,
2814 3575 2929 3629 imo
2954 3574 3193 3629 incestos
3223 3572 3405 3627 animo

1812 3674 1867 3721 et
1895 3680 2120 3735 corpore
2145 3673 2395 3735 patenter
2436 3664 2647 3730 reddis,
2703 3678 2829 3719 cum
2876 3662 3167 3732 Apostolus
3218 3661 3402 3715 dicat:

1821 3778 1839 3811 ε
1876 3759 2025 3814 Deus
2041 3772 2148 3813 non
2186 3757 2302 3813 vult
2337 3766 2523 3812 coacta
2559 3756 2807 3824 servitia.
2842 3773 2861 3806 ι
2898 3754 2963 3809 Ει
2990 3754 3051 3808 si.
3068 3765 3119 3807 tu
3150 3768 3273 3808 tum
3300 3752 3416 3805 tuis

1809 3848 2022 3918 justus,
2052 3856 2238 3903 castus
2261 3885 2276 3913 ,
2303 3846 2533 3917 pudicus
2550 3885 2569 3911 ,
2600 3854 2823 3900 sanctus
2840 3853 2897 3899 et
2922 3845 3096 3899 bonus
3118 3843 3210 3897 Dei
3240 3842 3416 3895 misce

1817 3940 2052 3999 ricordia
2080 3952 2229 3996 esses
2248 3978 2264 4002 ,
2298 3936 2482 4007 aspice
2508 3935 2636 4006 quid
2675 3934 2924 3989 veritatis
2952 3932 3211 4003 magister
3240 3929 3407 3985 disci—

1816 4031 1960 4101 pulis
1986 4030 2135 4087 dicat
2163 4048 2177 4082 :
2212 4047 2240 4079 t.
2267 4028 2335 4083 Et
2367 4028 2412 4083 si
2458 4025 2798 4098 perfeceritis
2828 4026 3007 4081 omnia
3027 4065 3043 4087 ,
3077 4023 3239 4078 dicite
3263 4020 3416 4089 quod

1819 4122 1888 4154 ⁵³³
1932 4120 2152 4175 inutiles
2194 4120 2334 4174 servi
2377 4118 2498 4177 silis
2524 4117 2681 4190 (Luc.
2713 4133 2861 4182 xvu,
2896 4116 3015 4185 10);
3058 4132 3079 4166 ι
3131 4123 3186 4167 ιιι
3224 4119 3426 4165 autem

1818 4211 2132 4268 sacerdotes
2181 4209 2312 4277 Dei,
2360 4223 2505 4280 quos
2554 4208 2789 4264 mundus
2840 4216 2987 4261 totus
3034 4219 3204 4273 usque
3251 4201 3420 4256 modo

1819 4308 1995 4363 bonos
2030 4312 2087 4360 et
2116 4321 2274 4360 caros
2300 4344 2317 4369 ,
2362 4304 2540 4375 justos
2561 4310 2616 4358 et
2645 4301 2833 4357 lideles
2854 4310 3077 4364 tenens,
3117 4299 3198 4354 eis
3218 4297 3419 4351 devoto

1822 4400 1875 4455 in
1904 4396 2115 4453 cunctis
2140 4395 2461 4460 obediebat,
2516 4393 2765 4464 quamvis
2803 4399 2954 4447 tanto
3001 4388 3307 4445 sacerdOtio
3336 4386 3413 4439 in-

1822 4486 1966 4557 digni
1990 4526 2007 4550 ,
2045 4484 2359 4541 criminosis
2384 4482 2727 4539 etseditiosis
2747 4480 3022 4547 onmibus,
3046 4478 3139 4549 qui
3162 4476 3429 4535 nesciunt,

1823 4576 1954 4645 quid
1976 4575 2048 4629 sit
2079 4574 2222 4628 inter
2244 4573 2527 4628 dexteram
2556 4581 2611 4628 et
2634 4569 2912 4629 sinistram
2936 4608 2953 4633 ,
2980 4567 3271 4622 criminose
3299 4572 3414 4617 tra-

1821 4668 2030 4724 didisti.
2065 4665 2161 4721 His
2187 4666 2332 4721 enim
2365 4664 2549 4719 verbis
2581 4663 2825 4718 omnium
2872 4658 3217 4715 sacerdotum
3245 4658 3421 4711 vitam.

1823 4769 1879 4815 et
1902 4758 2256 4815 ecclesiarum
2282 4764 2605 4811 cunctarum
2655 4767 2836 4810 mores
2884 4750 3181 4819 longasque
3226 4761 3426 4802 eorum

1824 4855 2243 4913 consuetudines
2263 4848 2659 4906 crudelissimis
2672 4846 3001 4902 Christianis
3020 4842 3175 4913 quasi
3193 4841 3433 4894 canibus

1827 4946 2110 5002 liml‘aticis
2132 4946 2198 4999 ad
2228 4942 2527 5001 rodeudum
2559 4940 2659 4994 sub
2688 4940 2912 4995 obtentu
2950 4947 3116 4993 easta:
3144 4930 3422 5003 religionis

1832 5035 2048 5093 dedisti.
2092 5034 2246 5101 Quod
2274 5032 2419 5091 enim
2460 5031 2603 5100 justo
2633 5045 2699 5083 ac
2725 5031 2918 5083 devote
2949 5040 3272 5092 summaque
3300 5033 3422 5075 cum

1835 5126 2139 5168 humilitate
2177 5123 2394 5168 tractari
2446 5121 2836 5168 enitendarinue
2882 5118 3056 5168 pietas
3100 5114 3282 5168 divina
3315 5108 3429 5165 exi-
