3934 5330
498 263 600 327 J15

1469 270 1788 332 LA’NDULF
1792 275 1812 331 ι
1848 274 2401 337 MEDIOLANENSIS
2437 272 2709 336 CLERlCI

3660 264 3760 329 θη

495 385 635 447 bus,
667 381 871 445 lanceis
897 381 1230 453 casibusque
1252 385 1441 456 populi
1464 387 1723 445 insensati
1749 399 2087 461 pertractan-
2114 395 2161 451 Α
2189 394 2405 450 mittere
2436 394 2758 464 margaritas
2782 400 2910 447 ante
2933 384 3160 461 porcos,
3211 406 3280 447 ne
3333 392 3477 447 forte
3520 396 3759 450 conversi

495 472 653 538 dum,
680 472 788 528 imo
810 472 1241 542 conculcandum
1263 478 1609 534 commisisti.
1639 479 1820 536 Potuit
1845 496 2081 553 namque
2096 499 2107 547 ζ

497 564 751 625 dominus
795 578 985 628 noster
1025 567 1183 629 Jesus
1230 566 1451 631 humani
1503 572 1746 642 generis
1773 574 2103 643 redemptor!

497 669 608 723 uno
638 654 868 726 imperio
897 672 1010 715 suae
1037 656 1341 731 majestatis
1368 659 1533 719 totius
1562 661 1750 719 mundi
1774 662 2107 719 incredulos

497 745 838 813 Christianos
862 748 1040 806 facere
1066 750 1339 822 perfectos
1356 792 1373 819 ,
1412 762 1466 808 et
1488 767 1680 811 omnes
1703 755 2084 826 crucifigentes

497 855 559 899 se
585 856 692 896 uno
732 841 790 907 in
832 852 1107 899 momento
1130 844 1277 900 viros
1310 846 1363 899 in
1388 846 1660 903 infernum
1693 846 1935 919 demergi
1962 864 1977 913 ;
2029 857 2086 909 at

495 943 559 998 ut
587 950 687 1000 nos
709 952 920 1003 summa
943 938 1357 1008 cumpatientia
1386 939 1594 998 hostem
1620 936 1905 1008 antiquum
1924 978 1938 1003 ,
1970 954 2085 994 scr-

499 1033 722 1096 pentem
770 1027 1247 1094 crudelissimum,
1298 1028 1524 1092 humani
1567 1029 1785 1101 generis
1807 1030 2086 1097 inimicum

499 1132 762 1188 superare
809 1127 866 1179 et
912 1130 1259 1192 prosternere
1297 1121 1599 1192 possimus,
1653 1120 1867 1177 Veritas
1901 1121 2089 1177 dicens

500 1207 736 1279 benigne
761 1210 1043 1268 admonuit
1068 1227 1084 1266 :
1121 1230 1141 1265 ι
1172 1210 1234 1266 In
1258 1212 1520 1282 patientia
1542 1219 1722 1267 vestra
1745 1210 2091 1282 possidebitis

505 1297 717 1363 animas
745 1308 961 1377 vestras
981 1297 1133 1371 (Luc.
1166 1316 1258 1355 ιιι
1284 1340 1300 1368 ,
1336 1300 1446 1371 19).
1480 1320 1500 1355 ι
1558 1300 1685 1356 Scio
1706 1301 1852 1356 enim
1881 1309 1937 1355 et
1962 1313 2090 1355 vero

508 1388 650 1455 scio;
694 1390 860 1450 verba
892 1401 1075 1449 veStra
1106 1391 1247 1446 bona
1282 1402 1338 1447 et
1380 1390 1720 1447 rationabilia
1759 1391 2013 1445 videntur
2036 1397 2094 1444 et

503 1477 663 1546 iaude
693 1478 889 1550 digna;
950 1481 1046 1547 sed
1089 1481 1215 1551 quia
1256 1481 1371 1539 zelo
1399 1482 1491 1537 Dei
1520 1496 1626 1546 non
1664 1482 1973 1553 incepistis,
2024 1479 2093 1536 ab

504 1569 653 1626 muni
710 1583 940 1635 munero
991 1585 1023 1638 a
1065 1566 1177 1627 Deo
1222 1570 1528 1642 pri‘vemini.
1581 1571 1748 1637 Decet
1796 1586 2036 1642 namque
2073 1612 2090 1640 ,

505 1675 697 1717 omnes
742 1661 1139 1727 ecclesiasticas
1194 1665 1521 1736 dignitates,
1571 1679 1761 1720 omnes
1810 1665 2044 1721 honores
2075 1704 2092 1732 ,

2184 487 2526 557 disrumpant
2564 495 2618 540 et
2653 483 2970 539 conculceut
3010 497 3105 537 eas
3142 482 3374 552 pedibus
3406 484 3521 536 suis
3549 482 3754 552 (Matth.

2183 592 2263 632 vn
2282 619 2297 641 ,
2323 576 2402 648 6).
2423 596 2441 629 ι
2475 574 2557 631 Ad
2589 574 2836 630 ultimum
2870 573 3045 644 ipsum
3074 570 3380 628 Guidonem
3408 572 3759 642 archiepisco-

2184 682 2342 737 pum,
2397 667 2452 721 in
2499 665 2676 736 primo
2726 664 2841 722 haec
2881 662 3062 729 omnia
3108 662 3635 733 parvipeudentem.
3674 665 3759 733 qui

2187 758 2361 827 ipsum
2375 756 2690 811 Anselmnm
2714 754 2769 809 in
2791 754 3556 813 sacenlotioconsecraverat,
3580 751 3760 824 Symoa

2187 847 2405 909 niacum
2435 854 2696 901 vocantes
2720 853 2775 899 et
2797 843 2979 899 omnia
3010 843 3124 914 ejus
3158 844 3503 901 detestantes
3531 841 3761 907 obfusa.

2188 946 2336 992 runt.
2369 935 2509 1005 Quid
2533 935 2697 991 multa
2721 936 2744 989 ?
2772 944 2976 994 tantam
2997 934 3141 991 enim
3165 934 3389 993 ruinam
3408 943 3467 990 et
3495 933 3768 990 diasidiutl

2189 1037 2349 1099 atque
2380 1028 2707 1084 discordiam
2754 1027 3045 1097 pessimam
3092 1026 3468 1090 semiua’runt,
3523 1035 3770 1097 quantam

2190 1116 2317 1175 olim
2350 1116 2708 1175 Naburaadan
2752 1117 3008 1187 princeps
3034 1115 3247 1171 militia:
3275 1116 3330 1169 in
3352 1115 3559 1186 populo
3582 1114 3773 1169 lsraeti~

2193 1210 2300 1264 tico
2329 1208 2587 1274 immisit,
2623 1216 2682 1263 et
2700 1216 2958 1277 quantam
2990 1206 3179 1261 videns
3204 1207 3406 1270 Aman,
3437 1205 3532 1275 qui
3558 1207 3615 1259 iu
3640 1205 3773 1274 ligna

2192 1300 2337 1370 quod
2364 1298 2688 1354 Mardocbeo
2723 1305 3009 1368 paraverat
3043 1296 3372 1366 dampnatus
3400 1293 3699 1365 pependit,
3726 1305 3775 1349 et

2193 1400 2452 1460 quantam
2481 1387 2716 1445 Absalon
2751 1388 2919 1444 David
2947 1387 3089 1463 patri
3117 1401 3216 1444 suo
3240 1384 3445 1453 injuste
3465 1386 3773 1447 commovit.

2266 1481 2353 1541 ll.
2395 1480 2537 1552 (l3.)
2577 1479 2893 1535 Transactis
2937 1479 3006 1517 ⁸⁵³
3053 1487 3232 1537 autem
3282 1478 3405 1534 fere
3426 1476 3549 1547 jam
3584 1487 3776 1546 septena

2195 1573 2384 1639 annis,
2422 1571 2476 1642 in
2505 1572 2703 1643 quibus
2731 1569 2976 1642 partihus
3023 1571 3306 1644 utriusque
3342 1584 3495 1629 nunc
3533 1583 3777 1639 prospera

2197 1676 2449 1732 nuncque
2478 1663 2709 1727 adversa
2738 1660 2889 1731 duris
2924 1659 3185 1722 bellorqu
3217 1659 3509 1715 exercitiis
3536 1673 3779 1720 occurre.

508 1752 700 1834 quales
722 1753 790 1810 ab
814 1754 995 1835 aliquo
1025 1756 1342 1826 reprehendi
1366 1772 1471 1811 non
1497 1758 2095 1840 possuntrsacerdotcs
2126 1761 2170 1816 B
2198 1762 2352 1826 rant,
2397 1751 2653 1823 A‘rialdus
2705 1759 2762 1807 et
2819 1748 3120 1811 Landulfus
3174 1749 3539 1818 extuautibus
3600 1749 3779 1815 animis

505 1860 640 1901 vero
670 1863 767 1917 per
793 1850 980 1918 outliia,
1005 1850 1196 1921 bonos.
1233 1850 1338 1916 Sed
1368 1851 1500 1907 dicit
1552 1853 1697 1909 Deus
1729 1854 1947 1908 cuidam’
1976 1869 2098 1911 sese

507 1937 867 2009 interroganti
893 1954 913 1997 ι
939 1959 961 1995 ί
998 1941 1136 2009 Quid
1160 1959 1245 1997 me
1271 1944 1408 2000 dicis
1435 1947 1634 2003 bonum
1659 1945 1683 2000 ?
1718 1960 1878 2005 nemo
1898 1947 2094 2017 bonus,

512 2029 617 2097 nisi
644 2030 790 2087 solus
825 2031 964 2095 Deus
988 2033 1141 2100 (Luc.
1174 2052 1341 2101 xvut,
1374 2036 1485 2109 19.).
1520 2057 1541 2091 ι

536 2166 537 2169 η
580 2122 668 2186 l5,
709 2124 846 2196 (12.)
870 2125 1005 2182 Cum
1034 2126 1104 2161 ’δ’
1127 2136 1306 2182 autem
1333 2129 1448 2185 haec
1470 2139 1527 2185 et
1556 2130 1723 2186 multa
1747 2131 1851 2187 alia
1874 2133 2098 2189 Arialdo

506 2212 730 2282 suisque
760 2214 923 2275 sociis
957 2216 1164 2273 diceret
1191 2217 1514 2291 Dionysius,
1546 2229 1599 2277 et
1623 2222 1856 2279 amultis
1877 2223 2096 2280 clericis

504 2305 693 2370 verbis
731 2307 1035 2375 inhonestis
1070 2310 1530 2380 subsannaretur,
1572 2315 1899 2385 apostolicus
1933 2316 2100 2383 silen-

507 2396 640 2462 tium
670 2412 828 2451 manu
859 2398 1167 2469 imperavit.
1197 2401 1412 2458 Interea
1441 2403 1586 2460 idem
1609 2406 1943 2475 apostolicus
1973 2422 2100 2478 per-

506 2502 685 2556 pauca
706 2488 962 2558 loquens,
994 2492 1070 2546 ita
1102 2494 1153 2547 in
1179 2487 1416 2551 medium
1456 2511 1516 2552 se
1552 2499 1768 2569 habuit,
1819 2501 1965 2572 quod
1998 2518 2100 2558 nec

511 2581 837 2650 cardinaiem
863 2583 1103 2658 laudavit
1134 2603 1235 2644 nec
1269 2588 1552 2646 Arialdum
1592 2591 1925 2664 dampnavit.
1981 2591 2101 2662 Quo

513 2675 701 2737 audito
721 2716 737 2741 ,
765 2676 1021 2742 Arialdus
1047 2694 1078 2734 a
1104 2680 1273 2750 gloria
1315 2697 1476 2759 qnam
1521 2683 1707 2740 Romae
1746 2685 1950 2757 habere
1975 2699 2100 2756 spe-

510 2766 668 2827 rabat
709 2769 929 2834 omnino
960 2769 1273 2838 frustratus,
1331 2790 1667 2845 cognoscens
1687 2778 1897 2833 animos
1918 2788 2101 2842 ξιειεημ

514 2856 649 2923 tium
676 2859 923 2927 omnium
946 2862 1190 2935 ecclesia:
1219 2863 1638 2935 Mediolanensis
1671 2870 2063 2940 compatientcs
2082 2910 2098 2937 ,

514 2953 759 3014 tremens
782 2957 839 3013 et
865 2951 1097 3020 pallidus
1116 2956 1271 3024 quasi
1297 2967 1546 3013 mortuus
1569 2958 1827 3029 obriguit.
1858 2960 2098 3016 Tandem

516 3038 848 3108 apostolicus
895 3042 1078 3112 multis
1115 3060 1178 3111 ac
1227 3047 1457 3103 diversis
1513 3049 1788 3106 conscibis
1848 3051 2099 3119 rimatis,

515 3129 770 3197 adjuncto
794 3105 917 3208 post
932 3109 1139 3206 aliquot
1157 3105 1275 3193 dies
1291 3140 1549 3196 Anselmo
1569 3105 1667 3198 Lui
1680 3145 1798 3201 ensi
1823 3105 2099 3216 episcopo,
2129 3105 2176 3168 Ο

517 3234 677 3286 quem
706 3237 870 3291 supra
896 3226 1221 3294 memoravi,
1280 3240 1339 3283 ut
1382 3240 1544 3297 tanta:
1572 3232 1712 3303 cladi
1742 3233 1902 3299 liuent
1929 3235 2105 3306 imqu

520 3319 678 3375 neret
704 3321 755 3368 et
783 3315 1100 3373 sacerdotes
1124 3332 1155 3371 a
1186 3319 1409 3388 perfidis
1429 3321 1792 3381 liberarentur
1819 3328 2101 3398 omnibus,

519 3410 575 3460 ct
611 3404 756 3472 quod
786 3405 903 3474 ipse
933 3406 1187 3464 Arialdus
1225 3410 1500 3467 inchoavit
1527 3413 2003 3486 corrdboraretur,
2046 3428 2106 3478 ut

520 3494 590 3539 ιιι

521 3587 954 3659 obtemperaret,
981 3592 1261 3649 Arialdum
1285 3634 1301 3661 ,
1328 3595 1642 3665 Anselmum
1670 3598 1967 3665 Lucensem
1992 3604 2109 3673 epi-

520 3695 776 3752 scopum,
801 3684 1252 3757 etlhleprandum
1276 3689 1393 3760 jam
1422 3691 1860 3756 archidiaconem
1900 3695 2106 3765 factum

521 3772 766 3831 ecclesiae
792 3774 1085 3845 Romanas,
1115 3795 1224 3836 uno
1250 3765 1434 3839 animo
1466 3786 1874 3851 consentientes
1901 3787 2105 3853 Medio-

518 3860 703 3933 lanum
726 3863 945 3934 direxit.
975 3867 1212 3936 Quorum
1239 3886 1378 3929 unus
1401 3875 1724 3945 supradictae
1749 3877 1844 3932 ira:
1867 3878 2065 3935 lividus
2087 3921 2102 3945 ,

521 3953 662 4018 alter
710 3957 879 4025 nimia
916 3958 1289 4032 indignatione
1339 3963 1641 4037 altitudinis
1691 3966 2110 4035 Mediolanensis

520 4045 763 4109 ecclosite
790 4061 1094 4115 commotus
1118 4094 1135 4120 ,
1185 4056 1302 4111 zelo
1321 4057 1572 4114 zelabant
1599 4060 1958 4129 nequissimo.
2003 4061 2107 4129 Qui

521 4154 646 4203 cum
672 4141 1031 4212 Mediolanum
1053 4148 1391 4217 attigissent,
1421 4165 1582 4211 secus,
1600 4153 1785 4221 omnia
1807 4162 2111 4221 tractarunt

522 4244 686 4298 quam
721 4234 1051 4302 apostolicus
1075 4237 1155 4295 eis
1190 4238 1522 4309 denotasset.
1562 4242 1639 4309 Ea
1665 4250 1985 4316 tempestate
2025 4244 2113 4302 ci-

521 4322 669 4385 vium
691 4324 920 4385 diversae
949 4335 1172 4398 turmae,
1205 4329 1327 4385 aliae
1354 4331 1700 4389 sacerdotum
1737 4337 1943 4404 pietate
1967 4362 1997 4409 ιι
2016 4337 2109 4407 qui

618 3497 1017 3564 quodammodo
1043 3501 1274 3571 ecclesia
1299 3503 1714 3572 Mediolauensis
1734 3510 1847 3566 suis
1859 3509 2115 3582 jussibus-

2202 1849 2364 1921 tacite
2394 1847 2578 1904 rimari
2609 1855 2923 1918 coeperunt,
2954 1861 3115 1924 quem
3159 1846 3227 1901 de
3262 1844 3578 1916 capitaneis
3607 1853 3702 1898 aut
3724 1852 3782 1896 de

2199 1940 2597 1997 ualvassoribus
2620 1955 2785 2009 super
2806 1937 3110 2007 hujnsntodi
3134 1939 3352 2007 negmia
3379 1937 3450 1992 ad
3479 1952 3623 2007 opus
3645 1936 3781 1991 belli.

2199 2052 2320 2092 cum
2351 2048 2515 2103 super
2547 2033 2861 2089 sacerdotes
2890 2045 3201 2101 prmponere
3239 2041 3492 2101 possent,
3526 2038 3779 2099 quatenus

2197 2125 2313 2197 ejus
2360 2125 2621 2182 conscilio
2667 2139 2733 2180 ac
2784 2124 2964 2196 gladio
3006 2125 3104 2176 tuti
3155 2121 3329 2176 libere
3384 2120 3780 2190 praedicarent,

2199 2219 2587 2291 curialiterque
2622 2217 2694 2249 “'
2718 2217 3009 2282 ducerent,
3047 2213 3270 2285 implere
3291 2220 3634 2284 satagerent.
3662 2211 3783 2265 Cum

2199 2312 2317 2367 haec
2342 2309 2674 2381 agebantur,
2714 2322 2843 2364 ecce
2868 2304 3275 2372 llerlembaldus
3303 2304 3478 2358 frater
3504 2301 3776 2369 Lanihdli,

2199 2421 2267 2461 ex
2303 2420 2496 2478 magna
2536 2404 2786 2476 prosapia
2833 2404 3236 2474 capitaneon
3284 2401 3561 2459 oriundus
3589 2441 3605 2463 ,
3642 2397 3785 2454 mils

2199 2506 2261 2552 ut
2285 2504 2478 2552 natura
2504 2494 3110 2568 dabatstrenuissimus
3136 2533 3149 2557 ,
3181 2488 3409 2561 barbam
3445 2500 3507 2545 ut
3536 2505 3670 2545 usus
3701 2504 3786 2542 an-

2203 2587 2387 2658 tiquus
2445 2587 2698 2661 exigebat
2749 2587 2904 2657 quasi
2965 2597 3289 2655 purpuream
3342 2596 3547 2653 gerens
3574 2623 3591 2647 ,
3654 2579 3784 2634 tenui

2200 2682 2392 2747 vultu,
2443 2681 2616 2736 oeulis
2665 2679 2956 2751 aquilinis,
3010 2687 3229 2747 pectore
3279 2675 3503 2735 leonino
3536 2717 3554 2742 ,
3613 2675 3789 2735 animo

2202 2773 2509 2829 admirabili
2536 2813 2552 2839 ,
2578 2773 2724 2835 circa
2746 2771 3023 2826 orationes
3050 2770 3104 2823 in
3127 2769 3325 2840 populo
3345 2768 3644 2823 solvendas
3671 2783 3791 2822 cat:-

2205 2872 2315 2927 Ius.
2368 2863 2573 2935 rigidus
2618 2862 2673 2917 in
2710 2860 2856 2916 bello
2884 2871 2942 2914 ut
2984 2859 3206 2936 Caesar,
3254 2860 3308 2914 in
3348 2859 3626 2931 angustiis
3654 2858 3789 2913 mitis

2202 2944 2474 3024 nimisque
2547 2966 2815 3030 apparens
2846 2990 2864 3019 ,
2941 2949 3189 3020 sublimis
3256 2948 3467 3017 corde,
3569 2961 3789 3017 corpore

2207 3047 2391 3104 subtili
2440 3058 2494 3104 et
2522 3046 2754 3117 aequali,
2805 3045 3064 3101 membris
3104 3052 3159 3099 et
3184 3041 3440 3097 cruribus
3474 3040 3787 3096 decentissi-

2208 3141 2331 3205 mis,
2364 3139 2510 3195 tibiis
2538 3152 2604 3193 ac
2630 3139 2859 3208 pedibus
2885 3133 3279 3199 subtilissimis,
3336 3141 3668 3203 pernoctare
3695 3130 3787 3184 do-

2207 3233 2410 3288 ctusob
2444 3232 2644 3296 hostes,
2664 3240 2720 3298 et
2744 3228 3004 3298 conscilio
3029 3227 3287 3299 providus
3312 3225 3569 3289 multum,
3611 3226 3665 3277 in
3692 3238 3796 3292 quo

2206 3334 2400 3380 natura
2431 3324 2636 3381 militia:
2659 3324 2827 3379 nichil
2855 3321 3249 3384 offendebatur,
3300 3318 3517 3373 noviter
3546 3317 3620 3371 ab
3650 3314 3790 3372 ,πετο-

2208 3417 2417 3489 soliinis
2452 3431 2675 3490 perosos
2703 3416 2911 3475 habens
2958 3414 3193 3486 majores
3218 3408 3460 3466 redierat
3490 3408 3664 3479 (Ill).
3708 3405 3793 3460 ubi

2207 3508 2568 3577 cnmjnvenili
2607 3516 2766 3564 relate
2795 3506 3129 3573 lloresceret,
3180 3511 3235 3559 et
3277 3515 3434 3561 more
3478 3495 3649 3556 solito
3694 3498 3791 3554 sibi

2208 3617 2434 3659 uxorem
2465 3600 2865 3671 desponsaSset,
2892 3596 3223 3667 etipsam'in
3265 3590 3503 3659 veritate
3533 3608 3659 3648 cum
3688 3590 3788 3649 des

2210 3696 2325 3751 rico
2349 3696 2582 3764 quodam
2632 3693 2851 3763 jocasse
2916 3690 3084 3746 certis
3138 3686 3355 3742 indiciis
3419 3684 3790 3754 comperissst.

2210 3787 2418 3856 nuptiis
2443 3786 2666 3842 omnino
2691 3784 2913 3839 omissis
2944 3782 3107 3845 tacite
3147 3778 3376 3850 aufugit.
3422 3777 3527 3837 llic
3554 3787 3611 3831 ct
3658 3775 3791 3833 ιπτ

2210 3875 2390 3931 dulfus
2413 3884 2469 3930 et
2490 3875 2580 3929 alii
2610 3874 2812 3933 fratres
2846 3887 2912 3929 ex
2936 3870 3127 3931 illicito
3158 3869 3434 3941 conjugio,
3462 3877 3525 3922 ut
3561 3866 3794 3936 comperi

2211 3971 2264 4026 in
2294 3971 2545 4036 veritate,
2574 3971 2687 4025 nati
2718 3979 2872 4035 sunt;
2903 3984 3135 4039 quorum
3180 3975 3440 4037 parentes
3465 3964 3791 4034 lleribertus

2211 4064 2661 4134 archiepiscOpus
2727 4061 3057 4133 permultum
3101 4060 3356 4114 laborans
3401 4057 3590 4128 gladio
3654 4054 3799 4109 verbi

2212 4155 2305 4221 Dei
2335 4168 2593 4226 separare
2618 4168 2725 4221 non
2754 4153 2950 4223 potuit.
2994 4152 3150 4206 Hunc
3179 4149 3251 4183 '“
3284 4148 3549 4203 Aria'ldns
3574 4155 3629 4201 et
3657 4145 3791 4203 Lam

2211 4246 2392 4310 dulfus
2436 4246 2605 4302 frater
2651 4243 2892 4313 ejusdem
2937 4254 3060 4303 cum
3102 4241 3366 4305 visitandi
3409 4240 3595 4310 gratia
3628 4237 3791 4293 noctu

2215 4342 2723 4403 circumvenissent,
2766 4340 2910 4395 datis
2961 4337 3183 4402 osculis,
3235 4330 3448 4395 talibus
3470 4332 3654 4388 adorsi
3680 4337 3793 4385 sunt

522 4413 666 4509 male
687 4414 756 4475 ab
774 4416 997 4485 Arialdo
1024 4426 1081 4474 et
1106 4417 1223 4486 ejus
1252 4428 1405 4488 parte
1445 4423 1849 4493 tractabantur,
1907 4427 2109 4484 cotidie
2140 4449 2185 4509 υ
2212 4432 2433 4488 verbis:
2488 4451 2507 4484 ι
2540 4431 2584 4487 Ο
2614 4428 2991 4497 lleriembalde
3043 4429 3095 4482 in
3143 4427 3400 4487 omnibus
3448 4419 3756 4478 venerande
3775 4456 3789 4476 .

524 4510 586 4568 ut
609 4503 793 4568 hostes
816 4518 936 4571 sese
967 4519 1224 4574 precantes
1251 4510 1656 4585 proeliabantur.
1695 4514 1882 4584 Itaque
1906 4519 2104 4572 Auset-

524 4607 649 4661 mus
677 4602 731 4659 et
764 4592 1113 4665 lldeprandus
1151 4600 1335 4670 populi
1362 4600 1604 4674 furorem
1616 4605 1916 4675 timentes,
1955 4606 2110 4665 clan-s

525 4683 650 4737 culo
679 4687 890 4751 vocatis
927 4686 1140 4747 civibus
1178 4706 1315 4762 quos
1352 4693 1552 4754 habere
1599 4706 1883 4767 poterant,
1931 4713 2109 4773 quan-

526 4781 643 4841 tum
677 4775 875 4848 linguae
896 4793 1085 4837 eorum
1114 4784 1425 4854 exprimere
1451 4780 1769 4856 valuerunt,
1800 4790 1918 4847 sine
1947 4790 2112 4844 mise-

525 4865 780 4933 ricordia,
810 4872 927 4927 sine
961 4873 1214 4946 caritate,
1244 4876 1436 4948 callide
1466 4876 1761 4945 frementes
1784 4881 2068 4939 ediderunt
2096 4897 2110 4933 :

532 4974 554 5022 ς
595 4957 711 5028 Non
750 4964 1029 5033 attenditis
1056 4967 1153 5035 Dei
1201 4968 1537 5042 evangelium
1566 4973 1841 5040 dicentis;
1879 4991 1898 5029 ς
1938 4972 2117 5029 Nolite

2215 4538 2315 4594 pro
2342 4533 2433 4578 tuo
2458 4523 2636 4578 reditu
2663 4534 2763 4575 nos
2791 4520 2959 4577 Deum
2991 4516 3364 4573 collaudantes
3397 4512 3619 4582 gratias
3645 4510 3695 4564 ei
3718 4523 3789 4561 rc-

2215 4614 2441 4669 ferimus
2485 4612 2798 4685 immensas.
2849 4608 3002 4664 Sicut
3031 4607 3102 4640 '"
3128 4606 3272 4668 enim
3326 4603 3473 4659 Deus
3496 4610 3555 4657 te
3579 4603 3635 4655 in
3663 4608 3790 4653 tem

2214 4718 2268 4766 et
2288 4708 2341 4773 in
2364 4706 2499 4760 mari
2529 4704 2714 4760 multis
2733 4700 3010 4773 quassatis
3028 4686 3281 4771 procellis
3303 4692 3465 4748 nobis
3481 4699 3789 4746 conservare

2215 4807 2271 4852 et
2308 4798 2533 4852 reddere
2568 4810 2664 4851 sua
2697 4791 3034 4862 benignitate
3055 4785 3342 4859 disposuit,
3372 4776 3789 4851 vitiisquemodo

2219 4884 2398 4941 saeculi
2428 4885 2583 4940 miles
2610 4883 2780 4947 fuisti,
2842 4881 2923 4937 sic
2964 4879 3165 4934 decens
3183 4885 3241 4930 et
3286 4881 3612 4943 competens
3668 4866 3789 4921 ratio

2219 4986 2320 5041 est,
2356 4987 2411 5034 ut
2441 4976 2639 5047 exinde
2675 4975 2771 5029 Dei
2808 4984 2862 5027 et
2884 4969 3165 5048 catholicae
3206 4966 3455 5033 ccciesia:
3484 4961 3644 5018 miles
3690 4954 3785 5011 eiii:

1785 5130 1871 5189 VA
1882 5130 2019 5187 ιιιΑξ
2046 5128 2447 5198 LECTIONES,

544 5236 1432 5330 .,³³τ1ξιέιέξιεἡδεορῐιεηυβριψεξ
1456 5244 1817 5330 remotarum
1840 5244 2045 5330 ’θεαιρε
2072 5244 2255 5330 exiuit
2277 5313 2315 5330 ..
2332 5245 2401 5330 “t
2430 5243 2645 5330 eam}?
2720 5242 2791 5330 "1
2808 5239 3055 5330 Ξειιὲηῇ
3084 5236 3282 5330 ιηεῐξίὲ
3301 5225 3779 5330 δὶίέῗῗῗῖἳῗῗῖὶῗξξῖἳξ

3252 5321 3282 5330 -ι
3340 5318 3388 5330 Δ.
3417 5318 3530 5330 nl.-.

3921 5268 3924 5330 ἱ
