3934 5330
532 338 636 414 eis

1484 357 1825 413 LANDULFI
1867 355 2413 416 MEDIOLANENSlS
2451 353 2720 412 CLERICI

3685 349 3790 404 920

605 473 690 526 16.
727 470 863 542 (15.)
905 472 978 526 Ea
1011 473 1080 503 ⁸⁵³
1105 478 1423 542 tempestate
1445 471 1620 526 Guido
1643 473 2104 542 archiepiscopus,
2136 473 2181 529 Α
2207 470 2564 527 Vercellensis
2607 469 2911 539 episcopus,
2964 467 3046 521 vir
3085 467 3355 522 discretus
3391 474 3450 520 et
3481 465 3536 520 in
3578 465 3792 520 cunctis

532 577 692 632 quem
721 575 884 632 supra
919 562 1361 625 commemoravi,
1401 560 1821 617 Mediolanensis
1865 561 2108 617 ecclesia:

533 666 749 706 summo
777 667 900 706 cum
932 652 1198 706 dedecore
1227 651 1544 706 cathedram
1575 652 1818 722 regebat.
1851 651 1951 718 Qui
1983 654 2108 707 dum

535 741 803 810 imprimis
862 739 1254 795 clandestinam
1305 750 1682 812 tempestatem
1731 743 2109 808 sacerdotum,

537 833 774 888 culmine
799 833 880 888 sui
915 831 1138 889 honoris
1174 832 1373 900 fretus,
1410 835 1808 904 parvipendens
1853 835 2114 904 adjuvare

537 941 631 981 eos
653 925 887 992 distulit,
919 926 1262 996 postmodum
1289 927 1538 997 proximo
1563 927 1616 980 in
1653 935 1894 996 tempore
1918 941 2115 981 consa-

538 1018 822 1073 cerdotum
881 1017 1099 1073 omissis
1133 1017 1501 1084 adminiculis,
1553 1032 1654 1072 nec
1684 1018 1790 1072 illis
1826 1018 2114 1074 subvenire

535 1108 736 1178 potuit.
754 1121 856 1162 nec
884 1121 946 1162 se
971 1106 1233 1176 adjuvare
1263 1107 1519 1178 sataguit.
1541 1107 1676 1161 Nam
1701 1107 2113 1162 llerlembaldus

537 1199 833 1255 Landulfus
892 1208 948 1255 et
995 1198 1291 1266 Arialdus,
1355 1215 1478 1254 cum
1537 1200 1884 1255 sacerdotum
1931 1200 2113 1256 omnia

537 1291 766 1348 fuissent
809 1303 968 1363 prout
1016 1292 1214 1348 vellent
1257 1293 1502 1364 negotia,
1559 1291 1848 1346 verborum
1898 1292 2115 1361 sagittis

537 1385 759 1439 ontuino
781 1383 1042 1450 extensis,
1072 1398 1172 1454 per
1217 1383 1583 1439 Simoniacam
1615 1383 1917 1439 Guidonem
1959 1385 2114 1454 quasi

536 1473 778 1545 episc0pi
807 1474 858 1528 in
887 1472 1099 1544 synodo
1153 1473 1506 1528 damnabant.
1558 1473 1899 1544 Quapropter
1942 1474 2117 1530 Guido

536 1568 850 1622 ctnvocatis
869 1565 1251 1639 suﬁ‘raganeis,
1285 1584 1420 1640 quos
1443 1568 1644 1624 habere
1666 1569 1861 1638 potuit,
1884 1576 1943 1621 ut
1959 1582 2115 1622 scan-

537 1659 718 1714 dalum
795 1661 976 1731 populi
1048 1659 1412 1717 llerlembaldi
1483 1660 1728 1716 Landulﬁ
1790 1668 1848 1714 et
1907 1658 2114 1713 Arialdi

536 1749 793 1806 advrsum
821 1749 923 1804 sibi
969 1750 1257 1817 devitaret,
1307 1748 1596 1807 Novariam
1637 1767 1706 1806 ex
1761 1749 2116 1805 concessione

535 1839 830 1896 Alexandri
857 1842 1163 1913 apostolici,
1206 1857 1368 1914 quem
1391 1842 1504 1913 ipse
1519 1841 1694 1898 Guido
1719 1841 1772 1895 in
1803 1839 2110 1896 sacerdotio
2141 1823 2188 1882 Β

538 1945 970 2002 consecraverat,
985 1937 1252 2008 synodum
1279 1936 1576 1993 celebravit
1598 1936 1918 1991 immensam
1938 1933 2110 2004 (115).

539 2025 642 2082 Ubi
671 2043 792 2082 cum
827 2037 940 2083 toto
961 2028 1110 2084 clero
1151 2043 1250 2084 suo
1298 2029 1366 2084 de
1418 2030 1584 2084 tantis
1621 2028 1780 2083 malis
1845 2027 2116 2096 tantisque

537 2117 781 2183 desidiis,
815 2132 936 2188 quae
973 2133 1135 2189 super
1166 2135 1224 2174 se
1256 2129 1311 2174 et
1340 2135 1503 2190 super
1529 2119 1733 2175 clerum
1766 2134 1920 2174 suum
1948 2117 2117 2186 inOpi-

537 2219 668 2264 nate
691 2217 748 2264 et
804 2208 1341 2280 incompensabiliter
1369 2217 1808 2280 supervenerant.
1843 2207 2120 2262 humiliter

538 2305 872 2370 conquestus
926 2309 1030 2366 est,
1061 2307 1114 2354 et
1152 2299 1387 2370 qualiter
1414 2300 1519 2355 hiis
1546 2299 1722 2371 _malis
1757 2300 1917 2354 tinem
1947 2299 2121 2368 impo-

538 2401 753 2461 nerent,
821 2403 1070 2464 precatus
1094 2392 1164 2428 ³³³
1236 2401 1337 2448 est.
1387 2393 1592 2448 Interea
1637 2406 1828 2448 omnes
1883 2390 2120 2462 episcopi

539 2483 807 2553 rogabant
859 2484 1171 2538 sacerdotes
1221 2483 1670 2548 Mediolanenses,
1726 2491 1785 2537 ut
1825 2498 1954 2536 cum
1991 2481 2124 2552 ipsis

539 2590 752 2629 summo
779 2589 904 2629 cum
935 2575 1143 2629 honore
1169 2576 1346 2646 quoad
1361 2573 1678 2643 juvaret‘“,
1712 2573 1909 2644 spretis
1941 2573 2122 2628 omni-

538 2667 643 2721 hus
666 2667 876 2722 civibus
910 2665 1325 2723 Mediol‘anensis
1367 2665 1626 2732 civitatis,
1658 2664 1943 2736 magnifice
1974 2664 2124 2720 vive-

538 2769 684 2814 rent.
711 2759 815 2828 Qui
840 2769 1158 2823 renuerunt,
1184 2759 1449 2814 malentes
1471 2757 1654 2812 domui
1678 2773 1788 2812 sua:
1805 2755 2128 2826 supplicium

541 2864 707 2918 quam
760 2850 900 2906 foris
938 2851 1215 2922 gaudium.
1264 2850 1475 2922 Quibus
1524 2847 1638 2904 fere
1685 2863 1783 2917 per
1816 2846 2129 2918 quindecim

545 2941 663 2996 dies
714 2945 1202 3008 commorantibus,
1259 2953 1317 2998 ut
1365 2951 1523 2998 erant
1575 2951 1764 2997 mutuo
1799 2942 2129 3008 consciliati,

542 3035 851 3092 honoriﬁce
872 3037 938 3090 ad
963 3037 1240 3092 Arialdum
1265 3037 1707 3093 Herlembaldum
1743 3034 2132 3092 etLandullum

2209 562 2638 633 sapientissimus
2688 559 2926 624 divinis,
2981 559 3186 628 virgam
3219 559 3272 612 in
3313 559 3565 612 manibus
3589 567 3777 611 tenens

2210 650 2554 723 pastoralem,
2602 663 2722 704 sese
2752 658 2803 703 ct
2841 663 3096 704 coronam
3141 649 3522 718 episcoporum
3573 646 3790 701 elevans

2211 762 2276 801 ac
2308 746 2362 823 in
2391 745 2530 800 facie
2558 743 2819 800 Guidonis
2841 743 3076 808 intuens,
3107 741 3348 797 lacrimis
3377 741 3447 796 ab
3467 741 3590 811 ejus
3615 739 3783 795 oculis

2211 838 2400 893 crebre
2428 836 2775 890 manantibus
2804 834 2942 888 dixit
2974 851 2990 888 :

2285 929 2374 984 17.
2403 927 2539 1000 (16.)
2570 946 2588 979 ι
2623 927 2784 981 Pater
2804 926 2874 957 ⁸³⁸
2902 924 3132 980 amande
3154 931 3263 979 ete
3291 922 3473 979 Guido
3511 921 3802 978 reverende

2214 1027 2269 1074 et
2305 1033 2340 1074 ο
2369 1027 2546 1073 rector
2570 1014 2942 1070 Ambrosianae
2970 1014 3212 1070 ecclesia:
3248 1027 3419 1084 super
3456 1012 3800 1082 quampiam

2214 1109 2543 1172 venerande,
2571 1115 2630 1163 et
2671 1121 2704 1162 ο
2731 1107 2932 1162 chorus
2969 1090 3390 1160 Mediolanensis
3431 1119 3606 1174 super
3627 1120 3802 1160 eratres

2215 1201 2414 1257 choros
2458 1199 2652 1270 lingua:
2697 1197 2905 1252 Latinae
2951 1195 3201 1251 onmibus
3230 1196 3540 1252 instructus
3583 1194 3798 1250 divinis!

2216 1291 2465 1362 quamvis
2519 1288 2782 1344 malorum
2830 1286 3154 1342 clericorum
3209 1300 3272 1340 ae
3323 1285 3533 1341 civium
3601 1293 3803 1338 tuorum

2216 1382 2351 1436 falsa
2390 1379 2603 1448 justitia
2650 1378 2809 1433 modo
2856 1377 3174 1432 submersus
3219 1377 3313 1442 sis,
3345 1377 3441 1447 qui
3489 1375 3664 1432 tantis
3704 1376 3804 1445 jan

2218 1472 2374 1528 anuis
2400 1473 2540 1526 inter
2569 1484 2758 1526 omnes
2785 1466 3038 1533 ﬂoruisti,
3081 1467 3446 1522 recordamini
3475 1467 3630 1536 quod
3670 1464 3806 1520 Veri—

2221 1573 2304 1620 tas
2347 1577 2443 1633 per
2486 1560 2825 1632 evangelium
2849 1559 3071 1615 cottidie
3098 1558 3298 1614 clamat
3338 1577 3352 1612 :
3394 1576 3415 1609 ι
3457 1542 3619 1614 Βεέιιί
3669 1559 3807 1613 eritis

2218 1668 2341 1710 cum
2368 1666 2465 1708 vos
2491 1651 2709 1706 oderint
2751 1650 3026 1716 homines;
3066 1658 3122 1704 et
3149 1665 3272 1706 cum
3306 1649 3692 1720 separaverint
3724 1664 3808 1703 vos

2219 1755 2274 1801 et
2305 1741 2724 1813 exprobaverint
2749 1750 2804 1796 et
2839 1741 3100 1812 ejecerint
3146 1755 3341 1796 nomen
3386 1750 3642 1794 vestrum
3689 1749 3809 1792 tam-

2217 1854 2378 1908 quam
2431 1836 2629 1892 malum
2677 1844 2898 1906 propter
2943 1834 3138 1890 Filium
3188 1833 3450 1898 hominis,
3482 1833 3722 1902 gaudete
3761 1845 3814 1888 et

2216 1933 2474 1996 exultate,
2505 1943 2633 1985 ecce
2653 1929 2797 1984 enim
2835 1943 3044 1984 merces
3074 1942 3126 1981 vt
3139 1935 3252 1981 slt'a
3275 1927 3502 1996 copiosa
3552 1927 3622 1957 ⁵³⁷
3655 1936 3734 1981 est
3762 1926 3807 1977 in

2216 2025 2370 2082 cmlis
2425 2021 2577 2094 (Luc.
2609 2038 2684 2088 Vt,
2727 2021 2842 2091 22).
2875 2040 2896 2073 ι
2946 2021 3014 2076 Ει
3060 2021 3297 2075 iterum:
3343 2037 3360 2071 t
3413 2017 3598 2074 Vestri
3646 2018 3809 2087 capilli

2218 2120 2416 2190 rapitis
2443 2133 2634 2174 omnes
2679 2116 2948 2171 numerati
2991 2127 3137 2170 sunt.
3180 2113 3354 2169 Nolite
3385 2114 3609 2176 timere,
3645 2114 3809 2166 niultis

2219 2211 2534 2282 passeribus
2565 2209 2816 2264 meliores
2837 2208 2968 2264 estis
2988 2223 3088 2264 vos
3111 2206 3326 2276 (Matth.
3356 2223 3415 2271 κ,
3445 2207 3568 2277 30).
3608 2225 3628 2258 ι
3676 2205 3812 2260 Sicut

2221 2303 2276 2358 in
2310 2301 2584 2372 prosperis
2611 2299 2788 2355 ordini
2829 2308 3016 2354 nostro
3047 2313 3154 2353 non
3185 2298 3342 2354 datur
3365 2297 3623 2367 gloriari,
3653 2296 3731 2351 sic
3762 2295 3808 2346 in

2223 2394 2468 2450 adversis
2494 2407 2602 2448 non
2633 2391 2851 2462 expedit
2877 2390 3207 2446 conturbari.
3247 2388 3398 2446 Unde
3440 2389 3668 2459 sapiens
3711 2401 3810 2441 ma-

2223 2489 2393 2560 gister
2421 2487 2606 2543 dicens
2651 2485 2774 2539 ait:
2811 2503 2830 2537 ι
2885 2483 2994 2540 Nec
3038 2499 3292 2554 prospera
3342 2492 3395 2537 te
3440 2482 3679 2544 elevem,
3726 2496 3811 2533 nec

2225 2582 2453 2636 adversa
2494 2578 2840 2634 conturbent.
2881 2597 2901 2628 ι
2935 2578 2981 2633 Ο
3010 2575 3208 2630 fratres
3256 2583 3311 2630 et
3347 2590 3382 2629 o
3424 2584 3615 2645 patres
3657 2573 3815 2626 tatis-

2227 2673 2370 2735 simi.
2401 2672 2556 2727 decet
2576 2687 2674 2726 nos
2693 2669 2934 2725 omnium
2956 2668 3194 2722 ﬁdelium
3217 2667 3451 2731 animas,
3477 2665 3816 2735 quibuscum-

2228 2779 2335 2835 que
2376 2765 2692 2821 seismatum
2744 2762 2924 2817 causis
2970 2761 3192 2816 deviam:
3240 2759 3370 2826 sint,
3409 2769 3590 2813 multo
3635 2759 3813 2812 sudore

2230 2856 2507 2926 multoque
2560 2854 2744 2909 labore
2772 2853 2838 2908 ad
2870 2861 3073 2907 sancta:
3108 2851 3364 2908 Ecclesia:
3415 2864 3686 2905 revocare
3716 2863 3816 2917 gre-

2233 2951 2426 3016 mium,
2456 2957 2512 3003 et
2544 2955 2827 3010 revocata},
2871 2961 3008 2999 eum-
3038 2945 3168 3014 ipsis
3209 2945 3265 2999 in
3291 2944 3406 2999 Deo
3433 2942 3697 3014 gaudere.
3733 2939 3813 2994 Sin

2236 3051 2416 3097 autem
2455 3041 2600 3110 ipsas
2633 3037 2741 3092 ullo
2783 3037 2943 3091 modo
2992 3049 3248 3092 revocare
3277 3049 3385 3090 non
3415 3048 3735 3104 possumus,
3769 3026 3820 3086 οἱ

548 3127 761 3198 legatos
811 3128 1097 3196 miserunt,
1160 3139 1429 3204 quatenus
1481 3131 1583 3201 ipsi
1648 3130 1698 3186 si
1744 3129 1963 3197 vellent,
2009 3146 2132 3188 cum
2189 3203 2204 3204 γ
2239 3140 2488 3203 quaerunt
2515 3143 2613 3184 nos
2652 3126 2835 3182 subtili
2862 3125 3148 3182 occasione
3173 3125 3530 3195 submergere
3566 3139 3634 3179 ac
3660 3123 3814 3177 omni~

543 3219 738 3286 paucis
753 3218 871 3273 sine
887 3218 1114 3288 impetu,
1141 3203 1259 3274 sine
1283 3219 1484 3283 furore,
1515 3219 1634 3274 sine
1647 3219 1772 3274 belli
1799 3220 2123 3287 incursione,

2239 3225 2400 3280 modo
2425 3222 2691 3279 suﬁ'ocare
2721 3220 2922 3290 injuste
2949 3227 3238 3284 conantur,
3269 3219 3540 3274 habemus
3572 3217 3816 3272 Veritatis

546 3308 669 3362 sine
721 3309 1167 3366 altercationibus
1219 3311 1375 3366 malis
1419 3312 1628 3382 synodo
1673 3313 2046 3379 convenirent,
2080 3323 2138 3370 et

539 3392 986 3470 justitiamquam
1017 3401 1216 3472 prmliis
1246 3403 1510 3472 szevisque
1543 3404 1984 3461 contentionibus
2015 3407 2134 3461 vin-

547 3487 734 3544 dicare
759 3500 1078 3558 cernuntur,
1131 3493 1408 3549 humiliter
1436 3511 1499 3549 ac
1543 3495 1738 3550 devote
1766 3496 2131 3564 declararent,

546 3588 604 3633 et
654 3595 776 3650 qua:
849 3581 1290 3652 dampnandum,
1360 3599 1482 3640 cum
1531 3585 1741 3655 justitia
1817 3587 2131 3658 praescribe-

545 3681 673 3726 rent
704 3672 797 3731 "‘.
821 3671 936 3728 Hoc
960 3676 1166 3742 audito,
1184 3675 1595 3733 Herlemhaldus
1623 3678 1876 3734 Arialdus
1900 3689 1955 3734 et
1990 3679 2134 3734 Lan-

548 3762 727 3819 dull’us
758 3764 1119 3834 subridentes,
1157 3769 1381 3823 omnino
1411 3767 1516 3823 illis
1566 3769 1834 3825 interesse
1862 3771 2134 3841 episcopis

547 3856 957 3927 respondentesj
989 3867 1306 3914 renuerunt.
1339 3859 1410 3914 At
1455 3857 1778 3928 suifraganei
1816 3875 2008 3916 omnes
2035 3875 2132 3915 co-

548 3958 875 4014 gnoscentes.
900 3949 1259 4005 llerlembaldi
1291 3950 1493 4006 Arialdi
1525 3960 1580 4005 et
1608 3949 1856 4006 Landulii
1885 3951 2131 4007 volunta-

550 4047 685 4105 tem,
731 4039 789 4095 in
846 4040 1036 4097 ultimo
1082 4043 1169 4098 die
1225 4043 1500 4099 celebrato
1549 4045 1830 4111 eonseilio,
1885 4045 2132 4101 videntes

546 4131 790 4201 ingentia
861 4133 1002 4189 mala
1078 4149 1242 4206 super
1307 4136 1783 4206 metropolitanum
1830 4135 2130 4193 Guidonem

549 4222 776 4296 ejusque
811 4224 1121 4279 sacerdotes
1175 4227 1246 4280 de
1289 4226 1381 4280 die
1425 4225 1480 4280 in
1537 4227 1676 4281 diem
1729 4227 2127 4296 ingravescere,

549 4314 907 4386 dampnantes
929 4317 1074 4388 ipsos
1095 4333 1392 4393 eorumque
1430 4317 1670 4374 fautores
1695 4319 1906 4390 ﬂagello
1924 4321 2128 4387 divino,

549 4419 836 4478 quousque
881 4411 949 4464 ad
997 4409 1426 4466 emendationem
1467 4411 1684 4481 dignam
1739 4413 2018 4469 humiliter
2064 4428 2131 4469 ac

551 4497 744 4554 devote
773 4501 1040 4564 venirent,
1089 4517 1310 4573 operam
1338 4503 1600 4558 dederunt
1625 4505 1910 4560 dicentes:
1946 4524 1964 4557 ι
2001 4505 2128 4560 Fal-

553 4601 646 4642 ces
669 4604 934 4643 canonum
965 4601 1018 4644 et
1042 4605 1198 4646 enses
1221 4593 1366 4647 sedis
1390 4593 1698 4661 apostolica:
1728 4595 1944 4652 intorta:
1968 4611 2131 4667 super

551 4677 799 4734 subditos
827 4679 1051 4736 rebelles
1079 4689 1134 4737 et
1165 4699 1269 4737 non
1296 4683 1612 4740 obedientes
1635 4686 1893 4755 prmlatis,
1917 4703 1945 4740 a
1978 4697 2132 4758 parte

552 4770 651 4828 Dei
678 4782 733 4828 et
754 4772 898 4829 beati
930 4774 1076 4832 Petri
1105 4778 1334 4850 apostoli
1357 4786 1412 4834 et
1452 4778 1614 4834 etiam
1662 4781 1807 4835 beati
1838 4782 2128 4846 Ambrosii,

553 4863 727 4920 donec
745 4866 810 4920 ad
833 4869 1265 4924 emendationem
1293 4871 1543 4925 venerint
1564 4873 1808 4942 dignam,
1838 4875 1947 4928 sint
1968 4889 2134 4943 super

555 4968 650 5011 eos
673 4969 967 5030 eorumque
1002 4959 1260 5016 fautores.
1296 4981 1314 5014 ι
1347 4961 1466 5032 Quo
1493 4961 1545 5018 in
1585 4972 1827 5036 tempore
1852 4962 2130 5038 Leo(116)

625 5187 696 5219 555'
732 5186 934 5220 Tant...
967 5211 978 5220 .
1010 5191 1197 5220 l..-:..:.
1235 5194 1474 5220 ...ι-..-ειη
1528 5205 1678 5220 --.η-
1735 5211 1833 5220 -....

1872 5103 2108 5162 VARI/8
2147 5100 2549 5162 LECTIONES.

2238 3315 2573 3388 evangelium
2624 3313 2846 3368 cottidie
2890 3327 2990 3366 nos
3038 3310 3401 3374 admonentis,
3431 3310 3628 3366 dicens
3655 3323 3674 3362 :
3707 3327 3724 3360 ι
3767 3307 3813 3361 Si

2236 3424 2334 3464 vos
2380 3405 2648 3477 persecuti
2685 3404 2884 3466 fuerint
2929 3403 2984 3456 in
3035 3417 3195 3456 unam
3233 3402 3538 3462 civitatem,
3571 3400 3734 3471 fugite
3769 3399 3812 3452 in

2236 3498 2397 3554 aliam
2445 3495 2635 3567 (lbid.,
2657 3495 2772 3563 25).
2808 3513 2827 3546 ι
2862 3492 2919 3547 ιιι
2965 3491 3208 3557 veritate,
3251 3505 3284 3546 ο
3306 3499 3496 3560 patres
3535 3489 3813 3549 karissimi,

2236 3589 2597 3656 comperimus
2627 3585 2923 3642 Veritatem
2950 3584 3118 3654 ipsam
3141 3582 3194 3636 in
3217 3581 3506 3649 evangelio
3519 3580 3776 3635 dicentem
3800 3596 3812 3628 :

2241 3697 2261 3733 ι
2290 3676 2406 3734 Non
2433 3685 2519 3734 est
2546 3676 2804 3747 propheta
2834 3675 2954 3730 sine
2979 3674 3204 3738 honore,
3231 3671 3332 3726 nisi
3359 3673 3416 3726 in
3444 3670 3623 3741 patria
3653 3685 3742 3724 sua
3767 3677 3814 3721 et

2236 3773 2289 3827 in
2338 3769 2660 3840 cognatione
2691 3783 2786 3822 sua
2835 3765 3048 3837 (Matth.
3088 3779 3208 3830 χιιι,
3252 3762 3366 3833 57).
3405 3782 3430 3814 ι
3486 3761 3642 3816 Multi
3686 3759 3812 3815 enim

2234 3866 2432 3922 civium
2468 3872 2775 3919 vestrorum
2815 3859 2944 3914 vitio
2987 3857 3356 3930 ypocritarum
3404 3854 3810 3911 detestaliilium,

2234 3958 2302 4013 de
2341 3955 2540 4027 quibus
2588 3953 2722 4008 dicit
2749 3951 3011 4007 Dominus
3050 3969 3069 4001 ι
3105 3949 3180 4005 Ve
3204 3948 3380 4011 vobis,
3415 3947 3698 4018 ypocriue,
3734 3942 3813 4012 qui

2233 4047 2491 4104 seducitls
2539 4045 2750 4100 animas
2798 4043 3189 4105 innocentium,
3227 4059 3245 4091 ι
3298 4037 3519 4094 seducti
3561 4044 3812 4108 quarunt,

2233 4139 2375 4194 sicut
2415 4136 2691 4190 Christum
2743 4135 3013 4203 quondam
3056 4131 3224 4188 Judaei
3251 4171 3267 4195 ,
3299 4145 3400 4186 vos
3450 4130 3701 4184 mordere
3736 4140 3812 4179 ca-

2233 4243 2473 4298 numque
2499 4242 2650 4281 more
2678 4226 2949 4290 lacerare;
2978 4223 3072 4279 sed
3101 4239 3222 4278 cum
3255 4221 3524 4277 Dominus
3569 4222 3623 4276 in
3650 4217 3812 4289 proxi-

2232 4334 2321 4374 mo
2348 4332 2444 4372 vos
2472 4317 2596 4387 igne
2619 4315 2705 4370 sui
2735 4313 2972 4384 Spiritus
3010 4313 3187 4369 sancti
3214 4311 3538 4368 vindicabit.
3569 4321 3625 4366 et
3653 4322 3811 4361 einer-

2234 4422 2355 4468 tuos
2383 4410 2537 4480 quasi
2585 4423 2750 4464 canes
2790 4407 3035 4478 jacentes
3078 4422 3174 4477 per
3199 4407 3410 4475 plateas
3456 4403 3728 4468 videbitis,
3766 4410 3811 4454 et

2233 4505 2553 4576 superstites
2591 4503 2804 4558 illorum
2831 4500 2996 4563 mala,
3019 4515 3141 4569 quae
3182 4499 3235 4553 in
3265 4497 3420 4552 vobis
3449 4496 3654 4564 injuste
3687 4491 3807 4548 tule—

2237 4597 2386 4662 rint,
2433 4593 2886 4656 recordabantur,
2936 4597 3211 4660 gementes
3266 4586 3433 4642 dicite
3499 4585 3640 4648 illis,
3689 4582 3809 4635 sicut

2238 4688 2487 4744 Christus
2510 4687 2781 4756 quondam
2826 4683 3037 4738 ﬁliabus
3059 4680 3359 4736 Jerusalem
3395 4698 3410 4734 :
3443 4698 3464 4730 ‹
3499 4677 3649 4733 Filia:
3671 4675 3804 4736 Sion,

2237 4780 2405 4835 nolite
2447 4777 2576 4834 ﬂere
2615 4793 2779 4846 super
2807 4791 2917 4840 me,
2948 4775 3041 4830 sed
3085 4789 3247 4842 super
3274 4787 3371 4826 vos
3399 4770 3528 4827 ﬂete
3564 4780 3621 4826 et
3666 4763 3822 4836 super;

2240 4872 2378 4928 ﬁlios
2410 4879 2621 4926 vestros
2661 4868 2814 4939 (Luc.
2842 4881 2997 4929 xxiii,
3025 4865 3138 4937 28).
3182 4883 3201 4916 ι
3231 4863 3366 4920 Cum
3397 4870 3588 4917 autem
3629 4852 3804 4915 multo-

2242 4981 2360 5021 rum
2386 4978 2572 5035 regum
2607 4970 2659 5019 et
2687 4961 2883 5017 ducum
2919 4973 3086 5028 usque
3111 4958 3178 5013 ad
3215 4957 3270 5012 id
3298 4965 3513 5026 tempus
3553 4970 3619 5010 ex
3648 4952 3804 5007 animo

2539 5211 2570 5220 ..ι
2620 5193 2800 5220 ..ιιι-..οτι-
2847 5207 2968 5220 ﬁlim
2997 5189 3129 5220 ρηηκ

3133 5193 3349 5220 -\.-nnn:a
3381 5189 3674 5220 ΑΑΙΑΙι-υινῗι
3731 5190 3779 5220 Δ.
