3934 5330
72 336 193 391 εει

1060 332 1381 391 HISTORIA
1425 325 1989 387 MEDIOLANENSIS.
2030 360 2100 373 -—
2128 332 2255 392 LIB.
2290 336 2372 392 III.

3282 340 3395 396 923'

77 459 145 506 et
171 465 251 505 ex
285 450 439 506 libris
466 449 813 519 antiquorum
835 447 1165 503 voluminum
1196 446 1459 515 recolligi,
1487 461 1554 498 ex
1586 444 1704 512 qui-
1732 446 1781 503 Α
1811 442 1915 499 illis
1952 424 2175 516 laqueus
2194 464 2352 517 quem
2386 448 2656 519 ignorant,
2683 458 2737 506 et
2762 451 2940 523 captio
2966 467 3126 523 quam
3156 454 3390 509 occulta-

78 542 203 597 bus
239 543 441 611 injuste
490 542 943 597 Mediolanensetn
979 540 1263 595 ecclesiam
1306 541 1443 593 lacte
1474 540 1703 594 Ambro-

80 636 320 689 sianico
347 635 497 689 fonte
532 648 875 690 commovere
900 642 956 689 et
982 632 1308 689 conturbare
1350 633 1701 702 quaesierunt,

78 735 149 780 et
181 726 431 796 qualiter
459 736 646 795 postea
678 726 775 781 Dei
815 725 1002 782 dextra
1034 722 1280 779 infamati
1321 730 1377 777 et
1416 722 1481 775 ad
1524 721 1701 776 nichi-

80 818 214 872 lum
249 818 456 873 redacti
496 819 608 874 sint
637 833 652 873 :
685 833 846 887 spero
872 817 969 873 Dei
1005 816 1380 873 misericordia
1411 816 1579 885 adjuti
1608 829 1705 870 vos

81 908 377 963 citissime
403 908 644 965 liberari.
668 907 735 962 Et
760 909 805 963 si
827 907 969 964 Deus
995 908 1197 962 nostris
1219 906 1459 977 peccatis
1477 906 1708 961 nostris-

84 1014 210 1068 que
260 999 419 1055 malis
455 1000 685 1064 meritis,
711 1000 817 1055 illis
846 1000 902 1054 in
941 998 1099 1054 nobis
1138 1012 1331 1054 omnes
1364 997 1705 1053 dezestandas

86 1091 445 1147 intentiones
486 1091 713 1162 implere
739 1106 803 1146 ac
831 1090 1093 1161 perﬁcere
1134 1089 1467 1160 permiserit,
1509 1088 1613 1143 hoc
1639 1088 1706 1141 ad

86 1182 327 1237 illorum
377 1182 676 1252 perniciem
722 1190 830 1237 tam
869 1195 1157 1251 corporum
1191 1196 1353 1251 quam
1402 1179 1706 1235 animarum

87 1280 300 1348 procul
327 1260 490 1334 dubio
515 1294 546 1332 a
572 1279 683 1335 Deo
710 1293 831 1334 esse
857 1293 1175 1334 concessum
1219 1277 1442 1333 credite.
1477 1275 1532 1331 Si
1563 1276 1707 1330 enim

91 1371 168 1424 de
221 1370 336 1425 fide
386 1370 653 1426 catholica
703 1378 798 1425 aut
831 1371 897 1426 de
934 1369 1244 1426 Sitnoniaca
1275 1369 1467 1424 hteresi
1518 1378 1610 1422 aut
1642 1369 1709 1422 de

92 1460 507 1517 ecclesiasticis
536 1462 766 1533 negotiis
808 1462 990 1532 quiete
1022 1469 1258 1516 tractare
1295 1474 1358 1514 ac
1388 1459 1710 1529 inquirendo

96 1553 397 1622 disputare
425 1553 648 1619 vellent,
690 1555 818 1609 huic
865 1564 1055 1609 sancto
1102 1552 1329 1608 concilio
1359 1552 1706 1617 interessem,

97 1655 161 1698 et
186 1659 296 1699 nos
324 1654 421 1699 aut
448 1645 753 1701 rationibus
797 1645 1012 1700 illorum
1038 1646 1269 1715 negotiis
1310 1644 1571 1699 canonice
1612 1643 1708 1695 de-

100 1736 428 1793 terminatis
470 1738 654 1808 quiete
701 1738 1154 1801 consentiremus,
1199 1746 1292 1790 aut
1340 1734 1542 1805 apertis
1587 1748 1710 1788 sen-

100 1825 301 1881 tentiis
332 1839 431 1896 per
463 1841 733 1881 canonum
759 1826 1161 1889 rectitudinem,
1205 1841 1325 1895 qum
1354 1824 1570 1879 mentiri
1604 1838 1708 1876 non

102 1927 367 1986 possunt,
407 1916 553 1987 ipsos
600 1930 701 1972 nos
754 1916 1223 1972 convincercmus.
1280 1914 1385 1969 Sed
1436 1915 1561 1983 quia
1618 1912 1711 1966 vili

103 2009 407 2064 occasione
438 2025 533 2063 vos
560 2017 616 2064 et
648 2010 1011 2063 substantiam
1041 2017 1276 2063 vestram
1321 2023 1385 2061 ac
1413 2006 1716 2075 perniciose

107 2099 377 2155 invadere
400 2108 672 2169 quaerunt,
702 2100 820 2153 ideo
848 2099 1028 2153 verbis
1074 2098 1321 2167 pessimis
1358 2112 1455 2151 vos
1482 2106 1536 2150 et
1565 2094 1716 2149 ordi-

108 2206 211 2253 nes
233 2199 452 2247 vestros
476 2190 637 2245 modo
668 2189 812 2244 velut
833 2204 998 2245 canes
1027 2188 1271 2243 limfatici
1310 2188 1555 2243 feraliter
1584 2186 1717 2241 dila-

110 2294 393 2347 cerantes,
432 2282 558 2335 huic
602 2292 786 2337 nostro
826 2282 1056 2336 concilio
1088 2280 1367 2335 humiliter
1395 2296 1458 2335 ac
1506 2281 1716 2345 devote,

113 2382 175 2425 ut
236 2372 421 2437 decet,
477 2373 741 2427 interesse
785 2372 967 2426 verbis
1024 2370 1351 2440 turpissimis
1400 2380 1716 2425 retulerunt.

114 2463 281 2530 Ecce,
306 2478 342 2517 o
381 2462 593 2525 Patres,
622 2472 833 2531 tempus
874 2464 1047 2526 adest,
1081 2462 1222 2516 unde
1265 2462 1459 2515 beatus
1485 2462 1719 2515 Ambro-

115 2556 237 2609 sius
278 2556 337 2610 ln
390 2555 531 2609 libro
557 2554 822 2610 Pastorall
870 2554 1086 2609 dolebat
1137 2554 1311 2624 (ll7),
1359 2568 1483 2607 cum
1528 2553 1658 2607 dicit
1703 2568 1718 2607 :

124 2664 144 2695 c
182 2645 446 2702 Dolemus
475 2646 547 2678 ⁵³⁸
581 2656 769 2701 contra
798 2646 1039 2714 priorum
1072 2646 1271 2699 monita
1298 2646 1519 2717 Patrum
1556 2644 1723 2700 inole-

118 2738 271 2793 visse
303 2748 430 2792 vota
459 2738 919 2808 perniciosissima
947 2737 1329 2808 posteriorum.
1361 2736 1492 2789 Nam
1520 2744 1723 2807 quanto

120 2828 468 2898 frequentius
491 2830 564 2884 illi
592 2830 754 2885 noxia
783 2840 1094 2893 vetuerunt,
1128 2839 1280 2883 tanto
1305 2828 1601 2883 studiosius
1634 2828 1724 2883 isti

123 2933 449 2993 perpetrare
478 2924 641 2978 vetita
673 2939 781 2979 non
819 2924 1119 2995 quiescent.
1164 2942 1183 2976 ι
1215 2922 1354 2977 Ecce
1378 2921 1524 2975 enim
1557 2919 1723 2975 Yere-

126 3020 270 3070 mias
299 3030 422 3069 cum
451 3015 584 3071 dicit
613 3033 626 3069 :
658 3033 677 3065 ι
716 3014 922 3069 Inventi
954 3024 1080 3069 sunt
1112 3015 1165 3069 in
1195 3014 1391 3084 pupqu
1419 3027 1540 3068 meo
1576 3012 1726 3082 impii

1806 546 2001 590 verunt
2058 541 2427 623 apprehendet
2468 556 2598 603 eos,
2646 553 2699 596 ct
2747 544 2799 597 in
2845 544 3094 615 laqueum
3150 546 3393 601 incident

1807 633 1979 702 ipsum
2008 632 2178 702 (Paul.
2224 652 2412 699 xxxiv,
2437 637 2513 707 8).
2548 657 2567 690 ι
2603 639 2807 705 Quibus
2832 640 2991 695 dictis
3033 640 3173 695 idem
3207 658 3266 696 se
3308 657 3394 696 re-

1804 732 2022 776 vertens
2071 724 2137 777 ad
2189 727 2519 788 sacerdotes,
2573 729 2728 796 quasi
2783 731 3015 799 primum
3065 731 3181 785 haec
3228 731 3393 786 verba

1807 814 2134 880 inchoasset,
2166 818 2303 871 dixit
2332 835 2345 873 :
2377 836 2396 871 ι
2448 818 2656 883 Patres,
2689 830 2743 875 et
2792 839 2823 874 ο
2866 821 3063 876 fratres
3097 822 3390 889 karissinii,

1807 905 2056 973 quamvis
2094 921 2192 976 per
2218 907 2385 963 multa
2416 910 2554 963 mala
2580 919 2633 965 et
2670 911 2854 966 multis
2885 912 3217 981 temporibus
3247 928 3397 967 com-

1809 994 1938 1047 moti
1962 1004 2017 1049 et
2040 996 2345 1052 conturbati
2369 1000 2508 1064 sitis,
2532 1001 2685 1056 decet
2707 1011 2886 1057 tamen
2910 1017 3028 1068 vos,
3054 1013 3212 1072 prout
3231 1018 3396 1073 expe-

1808 1083 1905 1148 dit,
1936 1087 2081 1153 quod
2129 1086 2341 1143 Veritas
2366 1090 2562 1144 clamat
2600 1094 2871 1149 reminisci
2907 1112 2920 1147 :
2972 1114 2990 1147 ε
3028 1095 3084 1150 ltt
3132 1097 3395 1167 patientia

1808 1185 1985 1231 vestra
2019 1180 2359 1246 possidebitis
2388 1182 2599 1238 animas
2640 1194 2846 1240 vestras
2874 1186 3023 1257 (Luc.
3073 1205 3185 1253 xxt,
3220 1189 3328 1259 l9).
3370 1209 3389 1243 ι

1811 1266 1873 1320 Ει
1899 1267 2024 1321 item
2062 1286 2074 1322 :
2108 1288 2125 1319 t
2158 1268 2333 1325 Nolite
2374 1272 2566 1327 timere
2596 1278 2710 1343 eos)
2739 1276 2828 1344 qui
2878 1292 3077 1345 corpus
3120 1278 3395 1342 occidunt,

1810 1360 2049 1415 animam
2075 1371 2253 1416 autem
2276 1380 2381 1419 non
2404 1375 2629 1435 possunt
2650 1369 2898 1421 occidere
2917 1368 3127 1435 (Matth.
3156 1386 3208 1435 x,
3234 1369 3346 1441 28).
3374 1390 3392 1423 ι

1809 1452 1955 1507 Inter
1984 1463 2162 1509 cetera
2196 1456 2335 1511 beati
2361 1457 2631 1512 Ambrosii
2654 1459 2893 1514 omnium
2927 1460 3230 1530 linguarum
3271 1476 3401 1517 con-

1811 1544 2075 1601 fessornm
2126 1548 2461 1614 conscilium,
2501 1552 2645 1621 quod
2691 1552 2744 1606 in
2796 1550 3123 1609 Vercellensi
3171 1554 3401 1625 epistola

1814 1637 1876 1709 (t,
1912 1637 2000 1703 45.
2045 1638 2138 1708 65)
2169 1640 2430 1711 loquitur,
2474 1644 2655 1697 audite
2680 1644 3044 1713 cordibusque
3089 1646 3350 1716 percipite
3382 1666 3397 1701 :

1821 1744 1840 1777 α
1878 1728 1992 1783 Νοη
2023 1730 2093 1783 sit
2114 1730 2166 1783 in
2195 1731 2348 1785 vobis
2378 1732 2604 1796 desidia,
2636 1750 2744 1788 non
2773 1735 2847 1788 sit
2872 1750 3093 1804 pravum
3123 1751 3183 1790 us
3221 1736 3402 1807 lingua

1817 1818 2073 1873 amarior.
2124 1818 2300 1875 Nolite
2347 1821 2399 1875 in
2453 1824 2681 1877 consilio
2709 1823 2965 1879 vanitatis
3014 1825 3232 1888 sedere;
3265 1826 3406 1880 scri-

1817 1918 1966 1980 pturn
2022 1921 2106 1966 est
2150 1912 2295 1967 enim
2350 1930 2363 1966 :
2416 1912 2529 1968 Non
2576 1916 2689 1969 sedi
2760 1916 2810 1970 in
2866 1914 3093 1970 consilio
3152 1918 3409 1974 vanitatis

1818 1998 1992 2070 (Psal.
2026 2018 2154 2065 xxv,
2199 2002 2276 2071 4).
2324 2003 2499 2059 Nolite
2528 2005 2717 2061 audire
2757 2007 3107 2062 detrahentes
3146 2008 3410 2078 proximis

1819 2092 1991 2165 (Psal.
2026 2112 2079 2159 c,
2109 2096 2188 2166 5),
2211 2111 2281 2151 ne
2303 2098 2514 2152 dicatur
2540 2099 2829 2168 unicuique
2875 2109 3114 2154 vestrum
3148 2118 3160 2153 :
3203 2100 3411 2154 Sedens

1819 2187 2079 2243 adversus
2107 2189 2329 2243 fratrem
2358 2198 2507 2244 tuum
2538 2191 2861 2247 detrahebas
2884 2193 3055 2263 (Paul.
3081 2193 3355 2264 xux,20).
3388 2212 3405 2245 ι

1818 2276 1950 2334 Item
1980 2279 2122 2334 idem
2148 2295 2309 2349 super
2328 2280 2477 2335 Beati
2510 2283 2844 2338 lmmaculati
2868 2284 3007 2354 (vttt,
3041 2284 3130 2356 55)
3161 2303 3175 2339 :
3204 2304 3221 2336 ι
3255 2284 3413 2357 Cogi-

1821 2376 1899 2422 tct
1944 2370 2087 2438 quis,
2135 2373 2591 2440 quemadmodum
2646 2376 2836 2443 pedem
2867 2392 3021 2431 suum
3055 2378 3272 2447 dirigat,
3304 2394 3415 2431 ma-

1821 2477 1951 2515 num
1978 2478 2130 2517 suam
2149 2464 2465 2528 adserat,ne
2490 2466 2692 2537 impetu
2718 2468 3103 2538 indignationis
3134 2469 3411 2538 impulsus,

1823 2568 1945 2607 cum
1999 2554 2260 2624 repellere
2307 2556 2558 2626 ittjuriam
2594 2559 2816 2627 cogitat,
2848 2561 2961 2629 ipse
3010 2561 3163 2615 alteri
3202 2559 3411 2629 jactum

1826 2645 2080 2699 notabilis
2105 2647 2269 2699 ctedis
2304 2645 2495 2700 inlidat
2523 2649 2612 2701 ⁵⁵³.
2649 2668 2667 2700 ι
2698 2648 2766 2703 Εῑ
2798 2670 2814 2701 t
2851 2650 2897 2703 si
2928 2650 3081 2719 longe
3108 2659 3191 2705 est
3237 2667 3265 2704 a
3295 2667 3419 2720 pec.-

1824 2737 2100 2792 catoribus
2148 2738 2315 2802 salus,
2348 2749 2529 2794 tamen
2574 2755 2734 2795 nemo
2766 2741 3034 2811 desperet,
3066 2741 3191 2811 quia
3233 2742 3416 2797 multa:

1826 2826 2213 2882 misericordia:
2237 2829 2467 2883 Domini.
2496 2828 2814 2892 Miserebor,
2840 2830 3037 2899 inquit,
3053 2831 3135 2885 cui
3158 2831 3416 2886 misertus

1827 2938 1941 2980 ero.
1975 2941 1993 2974 ι
2033 2921 2252 2977 Fratres
2286 2921 2580 2987 karissimi,
2616 2922 2667 2976 in
2695 2923 2837 2992 quod
2880 2923 3071 2978 beatus
3097 2922 3419 2977 Ambrosius

1832 3019 1985 3081 dicit,
2035 3018 2307 3074 credimus
2334 3018 2477 3089 quod
2507 3018 2645 3073 dixit
2690 3027 2743 3074 et
2786 3018 2928 3089 quod
2973 3018 3185 3073 locutus
3214 3026 3297 3071 est
3324 3032 3420 3086 per

128 3105 454 3161 insidiantes
477 3105 634 3175 quasi
659 3119 918 3173 aucupes,
947 3102 1169 3173 laqueos
1196 3110 1459 3172 ponentes
1499 3110 1555 3155 et
1581 3102 1721 3171 pedi-

1832 3110 2095 3180 Spiritum
2120 3122 2389 3167 sanctum.
2414 3110 2544 3165 Item
2591 3111 2644 3165 in
2677 3110 2823 3166 Beati
2851 3110 3181 3166 lmmaculati
3209 3127 3223 3164 :
3255 3130 3271 3161 ι
3314 3108 3416 3176 Qui

127 3215 227 3255 cas
273 3200 342 3254 ad
396 3198 687 3267 capiendos
732 3198 899 3261 viros,
934 3198 1076 3253 sicut
1106 3196 1351 3267 decipula
1397 3196 1555 3266 plena
1601 3196 1726 3250 dolo

131 3294 269 3361 (Jer.
317 3308 374 3357 v,
404 3291 519 3362 26).
565 3291 707 3347 Ecce
751 3306 853 3362 ego
881 3292 1021 3347 dabo
1050 3291 1103 3346 in
1133 3290 1387 3361 populum
1422 3290 1587 3344 istum
1621 3289 1726 3342 rui-

132 3400 256 3448 nas,
283 3394 340 3439 et
385 3394 546 3439 ruent
596 3386 649 3439 in
704 3385 783 3440 eis
813 3395 994 3453 patres
1042 3384 1165 3439 liliis
1195 3383 1375 3449 simul,
1414 3383 1627 3438 vicinus
1670 3392 1728 3437 ct

134 3476 417 3544 proximus
464 3477 720 3546 peribunt
771 3475 904 3545 (Jer.
956 3491 1031 3538 vt,
1064 3474 1176 3545 2i).
1235 3495 1253 3526 ι
1295 3474 1426 3528 Item
1479 3472 1726 3527 Ezechiel

137 3567 400 3638 propheta
432 3586 445 3622 :
485 3586 503 3618 ι
532 3566 765 3638 Egressa
794 3575 879 3621 est
907 3566 1181 3629 contritio,
1204 3564 1385 3619 floruit
1412 3564 1583 3635 virga,
1611 3579 1731 3633 ger-

145 3659 371 3714 minavit
400 3660 681 3729 superbia,
712 3659 969 3728 iniquitas
998 3663 1355 3712 surrexerunt
1392 3655 1463 3687 ⁸⁵⁹
1495 3655 1548 3708 ἱη
1578 3655 1731 3724 virga

144 3751 436 3820 impietatis
482 3750 700 3821 (Ezech.
730 3766 831 3815 vtt,
864 3750 971 3815 10).
1014 3768 1032 3801 ι
1071 3748 1223 3803 Unde
1250 3748 1390 3802 sicut
1431 3745 1621 3801 Esaias
1655 3744 1733 3799 lo-

145 3854 301 3898 cutus
346 3849 430 3897 est
480 3857 646 3911 super
668 3840 1006 3905 Yerusalem,
1036 3840 1114 3895 sic
1137 3853 1235 3908 ego
1277 3853 1441 3908 super
1478 3835 1734 3891 Mediola-

149 3950 273 3988 num
320 3949 418 4002 per
440 3934 691 3989 eumdem
740 3932 956 3986 Esaiam
1001 3932 1168 3986 dico:
1206 3948 1225 3982 t
1263 3928 1543 3997 Quomodo
1588 3926 1732 3981 facta

149 4036 232 4082 est
278 4026 536 4081 meretrix
576 4024 770 4080 civitas
813 4023 985 4077 fidelis
1031 4022 1188 4092 plena
1233 4020 1461 4089 iudicii?
1509 4018 1733 4075 Justicia

152 4118 413 4173 habitavit
459 4117 514 4172 in
557 4132 642 4181 ea,
690 4130 836 4171 nunc
875 4123 1057 4167 autem
1105 4111 1420 4173 homicidae;
1451 4118 1733 4179 argentum

154 4220 300 4264 tuum
325 4225 540 4265 versum
577 4216 660 4263 est
704 4209 758 4262 in
794 4208 1049 4269 scoriam,
1096 4205 1280 4258 vinum
1310 4212 1458 4256 tuum
1504 4200 1733 4254 mixtum

154 4309 234 4355 est
262 4316 400 4373 aqua
426 4298 562 4372 (Ita.
600 4315 653 4365 v,
684 4298 799 4367 2|).
839 4316 859 4349 ›
890 4296 1075 4365 Itaque
1106 4294 1268 4347 tantis
1298 4291 1539 4348 ecclesiae
1567 4290 1738 4344 hono-

159 4394 301 4448 ribus
347 4408 413 4447 ac
459 4389 810 4462 dignitatibus
866 4388 1160 4443 attenuatis
1214 4385 1507 4440 condolens
1536 4425 1549 4445 ,
1597 4383 1738 4436 sicut

1831 3202 1917 3257 hic
1939 3218 1997 3257 se
2038 3218 2229 3257 aurum
2259 3212 2430 3273 putat,
2464 3203 2627 3258 habet
2654 3202 2954 3272 plumbum,
2978 3210 3032 3255 et
3058 3202 3149 3271 qui
3184 3209 3332 3271 putat
3362 3216 3423 3255 se

1829 3304 2057 3362 granum
2082 3293 2269 3358 tritici,
2300 3295 2457 3348 habet
2480 3293 2887 3363 stipulam,qu
2912 3292 3083 3361 possit
3106 3290 3373 3346 comburi.
3396 3310 3415 3342 ι

1833 3381 1939 3439 Sed
1970 3385 2057 3439 hic
2086 3384 2238 3439 ntulti
2270 3385 2370 3439 sibi
2411 3401 2601 3439 aurum
2635 3385 2834 3439 habere
2859 3384 3132 3439 videntur.
3171 3382 3286 3437 Non
3317 3382 3423 3437 illis

1833 3474 2067 3528 invideo.
2092 3476 2160 3527 At
2182 3483 2239 3527 ut
2267 3489 2366 3530 nos
2391 3473 2549 3543 hujus
2577 3476 2843 3531 sermonis
2871 3475 3033 3531 linem
3062 3477 3422 3545 imponamus,

1834 3566 2012 3620 dicam
2066 3582 2190 3620 cum
2223 3568 2382 3622 beato
2425 3567 2731 3631 Ambrosio,
2772 3568 2914 3637 quod
2966 3568 3105 3622 idem
3156 3568 3222 3621 de
3268 3565 3424 3620 vobis

1833 3656 1971 3711 dixit
1995 3674 2009 3710 :
2040 3675 2059 3707 ‹
2092 3657 2190 3711 Det
2220 3657 2374 3712 vobis
2403 3657 2663 3712 Dominus
2685 3656 2810 3712 fidei
2839 3658 3087 3726 ignorare
3112 3654 3420 3725 naufragia,

1832 3745 2034 3801 habere
2083 3760 2269 3817 pacem
2312 3745 2655 3815 profundam,
2710 3755 2766 3800 et
2816 3746 2862 3799 si
2912 3745 3112 3815 aliquld
3166 3746 3235 3799 sit
3285 3745 3427 3813 quod

1836 3851 2029 3908 graves
2053 3835 2206 3891 nobis
2227 3836 2410 3891 saeculi
2435 3837 2592 3905 hujus
2613 3836 2815 3891 excitet
2836 3834 3053 3899 ﬂuctus,
3076 3834 3424 3903 evigilanlem

1835 3944 1934 3999 pro
1988 3928 2142 3983 nobis
2171 3928 2373 3982 habere
2426 3928 2844 3998 gubernatorem
2892 3925 3170 3979 dominum
3218 3923 3427 3989 Jesum,

1837 4021 1929 4090 qui
1962 4021 2126 4077 verbo
2150 4020 2377 4090 imperat
2402 4028 2456 4075 et
2482 4028 2831 4091 tempestates
2852 4017 3086 4087 mitigat,
3118 4015 3428 4084 tranquilli-

1840 4120 2006 4165 tatem
2067 4111 2231 4167 maris
2280 4111 2549 4176 refttndat,
2604 4130 2623 4163 ι
2676 4110 2833 4165 Jesus
2878 4108 3126 4164 Christus
3176 4107 3430 4161 dominus

1838 4210 2025 4256 noster
2048 4204 2141 4270 qui
2182 4202 2312 4256 vivit
2338 4210 2391 4256 et
2432 4209 2619 4272 regnat
2641 4216 2763 4255 cum
2799 4200 2910 4254 Deo
2935 4198 3099 4252 Patre
3137 4197 3191 4251 in
3222 4196 3431 4250 unitate

1839 4291 2073 4361 Spiritus
2095 4293 2265 4346 sancti
2294 4292 2433 4346 Deus
2453 4306 2549 4361 per
2568 4289 2780 4344 infinita
2801 4288 2994 4344 saecula
3025 4286 3371 4342 saeculorum.
3405 4305 3423 4336 ι

1912 4384 1999 4439 l8.
2027 4384 2162 4454 (l7.)
2181 4385 2315 4437 Cum
2337 4384 2601 4438 mautem
2627 4382 2740 4435 haec
2761 4390 2880 4435 acta
2910 4380 3156 4442 fuissent,
3183 4376 3428 4432 etGuido

160 4483 453 4539 Hieremias
478 4482 663 4536 dicens
690 4480 917 4551 plorabo
946 4496 961 4532 :
991 4497 1010 4529 ι
1058 4477 1191 4545 Quis
1220 4476 1371 4531 dabit
1410 4473 1573 4544 capiti
1618 4488 1739 4527 meo
1770 4470 1817 4527 Ι)
1841 4475 2091 4529 omnibus
2119 4474 2366 4529 salutatis
2391 4472 2659 4543 episcopis
2696 4472 2884 4526 urbem
2916 4470 3227 4539 repedasset
3246 4506 3261 4532 ,
3302 4480 3433 4519 ecce

161 4591 347 4646 aquam
400 4582 455 4629 et
481 4573 651 4629 oculis
698 4573 837 4627 meis
872 4570 1074 4627 fontem
1111 4570 1499 4640 lacrymarum,
1529 4575 1583 4620 et
1626 4566 1742 4635 plo-

161 4670 284 4723 rabo
311 4667 403 4722 die
430 4680 496 4721 ac
525 4672 702 4720 nocte.
755 4663 1141 4733 Unusquisque
1180 4676 1240 4716 se
1288 4676 1315 4713 a
1349 4658 1598 4729 proximo
1645 4670 1743 4710 suo

162 4758 449 4821 custodiat,
479 4768 535 4812 et
565 4757 618 4810 in
640 4756 786 4811 omni
818 4756 972 4810 fratri
996 4770 1095 4809 suo
1117 4768 1221 4808 non
1253 4753 1449 4806 habeat
1468 4750 1741 4811 fiduciam,

154 4853 275 4921 quia
297 4850 480 4905 omnis
505 4849 677 4904 frater
704 4847 1055 4917 supplantans
1081 4843 1465 4914 supplantabit,
1495 4850 1549 4895 et
1566 4840 1743 4895 omnis

161 4946 359 4999 anticus
407 4940 776 4996 fraudulenter
810 4939 1012 4993 incedit
1052 4937 1186 4995 (Jer.
1221 4952 1298 4993 ις.
1333 4937 1408 5005 l).
1454 4951 1472 4983 ι
1504 4932 1743 4997 Quorum

162 5038 311 5093 linem
346 5034 516 5090 David
549 5032 849 5103 prospexit,
898 5045 1022 5085 cum
1054 5029 1184 5084 dicit
1220 5046 1234 5083 :
1288 5045 1309 5080 ‹
1351 5026 1641 5111 insidiatur
1688 5031 1749 5077 ut

1366 5115 1581 5140 -na..-L:O
1626 5130 1744 5140 Α.-..ιι

1853 4564 2260 4619 Ilcrlembaldus
2283 4564 2532 4618 Arialdus
2560 4571 2614 4617 et
2641 4561 2938 4615 Landulfus
2969 4560 3081 4614 suis
3112 4573 3235 4612 cum
3257 4555 3434 4609 omni-

1848 4656 1949 4711 bus
1972 4656 2137 4709 nimia
2170 4657 2538 4726 indignatione
2564 4653 2861 4723 supradicti
2905 4650 3123 4707 concilii
3155 4648 3433 4709 commoti,

1847 4748 2085 4802 maxime
2128 4747 2254 4816 quia
2302 4747 2402 4800 sub
2431 4745 2732 4801 canonibus
2761 4742 3105 4810 conscriptos
3145 4755 3267 4795 sese
3316 4750 3437 4791 esse

1850 4842 2177 4907 audierant,
2228 4838 2673 4895 irrationabiliter
2726 4836 2880 4907 quasi
2939 4835 3069 4889 fera:
3121 4830 3437 4887 inﬂammati

1848 4940 1993 4987 sunt.
2025 4930 2209 5000 Itaque
2236 4932 2467 5000 quadam
2495 4931 2772 4985 Dominiea
2803 4928 2982 5000 populi
3020 4928 3173 4982 turba
3202 4925 3439 4979 maxima

1848 5020 1995 5083 freti,
2038 5035 2103 5073 ac
2131 5036 2324 5090 magna
2372 5019 2714 5074 multitudine
2737 5021 3001 5075 conducta
3048 5028 3102 5072 et
3136 5018 3439 5085 aliquantw

1850 5111 1961 5140 Ilum
1987 5123 2141 5138 οιΑ-ΩΑ
2169 5111 2425 5138 -ηΙιῗῙῖι--Α
2454 5111 2590 5136 ,ιιιΙΙΑ
2612 5113 2899 5136 -Ασιέ.12----
2938 5112 3120 5134 -1.ι----
3166 5111 3434 5132 ιλιζ.οηηιιΛ
