3934 5330
77 314 184 370 925

1042 314 1360 371 lllSTOliM
1402 308 1973 371 MEDIOLANENSiS.
2009 347 2078 357 --
2117 318 2248 374 LIB.
2290 318 2378 378 1ης

3243 313 3360 387 926

80 441 135 490 et
172 430 500 503 opprimere
531 428 730 498 injuste
765 429 1050 500 diSposuit,
1097 432 1170 486 illi
1224 447 1360 502 quos
1407 433 1520 502 ipse
1567 431 1668 487 sub
1695 432 1753 488 Α·
1768 434 1926 488 beato
1955 435 2116 491 Petro
2158 436 2424 506 apostolo,
2459 432 2810 502 jurrjnraudo
2841 433 2906 487 de
2947 448 3011 488 co
3055 442 3203 486 tanta
3258 447 3350 486 ca-

79 522 358 594 quaudam
376 522 743 577 obedientiam
771 540 934 594 super
957 526 1174 581 eosdem
1198 529 1507 581 sacerdotes
1529 527 1666 580 ntul-

82 617 150 670 tls
171 629 300 669 cum
335 614 584 683 capitulis
618 617 912 671 animaudo
939 617 1093 672 velud
1126 634 1320 688 porcos
1349 621 1686 684 immiserat,

82 705 153 761 illi
187 706 424 761 insidias
448 705 590 760 fama
631 707 942 777 turpissima
971 711 1288 779 pervolante
1324 713 1377 766 in
1424 715 1670 782 proximo

82 807 433 866 Intraverunt.
468 797 620 853 Unde
657 801 877 869 sapiens
925 802 1179 856 Salomon
1218 805 1481 873 sapientia
1509 805 1610 859 sibi
1638 823 1670 858 a

84 886 190 940 Deo
233 886 434 940 collata
481 887 658 943 dicit:
694 907 712 939 ι
747 889 848 956 Qui
890 891 1014 946 aliis
1061 891 1274 948 foveam
1325 904 1509 962 parat,
1558 897 1672 964 ipse

87 977 262 1030 incidit
300 976 360 1032 in
383 992 504 1032 eam
533 976 718 1046 (Prov.
748 996 895 1046 xxvi,
921 981 1036 1053 27).
1059 1003 1078 1036 ι
1115 982 1409 1039 Venientes
1436 998 1670 1054 namque

86 1068 300 1137 quidam
357 1069 700 1136 suburbani,
739 1070 969 1127 diversis
1013 1088 1077 1128 ac
1118 1075 1284 1130 variis
1331 1075 1671 1145 dogmatibus

86 1158 294 1221 irretiti,
341 1169 398 1212 et
428 1159 679 1214 Arialdus
712 1162 847 1230 ipse,
888 1171 943 1215 ct
993 1163 1106 1232 ipse
1131 1178 1291 1234 quem
1332 1165 1513 1218 animo
1562 1179 1672 1233 prae

88 1248 332 1304 omnibus
383 1249 660 1319 diligebat,
687 1261 741 1305 et
783 1252 1078 1322 aliquantis
1109 1270 1231 1310 cum
1277 1255 1428 1310 laicis
1458 1256 1548 1324 qui
1581 1255 1672 1309 Gi-

87 1340 222 1394 r.-.rdi
255 1341 326 1395 de
379 1341 688 1398 Monteforti
730 1346 1015 1402 sententiis
1063 1347 1176 1402 fere
1221 1349 1668 1413 consentiebant,

89 1447 213 1500 quos
246 1432 364 1502 ipse
395 1433 555 1502 paulo
594 1443 653 1490 ut
681 1435 820 1491 ﬁlios
863 1437 1177 1508 complexus
1218 1440 1630 1496 deosculabatur
1655 1481 1670 1505 ,

90 1524 149 1576 ad
188 1538 482 1579 numerum
529 1525 643 1581 fere
684 1527 898 1598 viginti,
946 1545 1071 1583 cum
1119 1531 1366 1586 viderent
1404 1548 1524 1586 sese
1559 1533 1674 1587 suis

91 1616 579 1672 machinationibus
624 1621 848 1691 suisque
894 1621 1181 1678 latratibus
1226 1625 1427 1694 aliquid
1476 1625 1676 1680 ldedioa

93 1705 188 1770 iani
215 1707 427 1776 egisse,
462 1717 722 1778 tanquam
765 1727 865 1780 pro
892 1713 1096 1771 nichilo
1131 1715 1412 1782 habentes,
1448 1715 1674 1769 liouiam

1774 529 1962 583 tbedra
1994 529 2092 598 ipsi
2121 530 2476 598 collegi-runt,
2499 538 2555 581 ιιι
2581 527 2724 595 quod
2762 540 2946 582 verum
2969 535 3086 580 erat
3116 525 3376 592 aperuit,.

1769 629 1824 674 et
1851 619 1994 688 quod
2022 617 2213 673 falsum
2241 617 2530 673 obmutuit.
2555 616 2618 673 Et
2658 616 2734 670 sic
2757 615 2889 668 falsa
2920 613 3105 683 religio
3139 613 3350 666 illorum

1771 710 1994 780 opilata,
2031 709 2130 762 sth
2159 709 2409 772 obscuro,
2439 723 2505 762 ne
2529 708 2756 762 diversis
2793 706 3122 760 cruciatibus
3149 714 3348 758 attere-

1773 812 1982 864 rcutur,‘
2015 800 2212 855 lit-hem
2258 800 2528 854 exierunt.
2562 798 2690 852 Mihi
2718 798 2809 866 qui
2851 809 3033 851 autem
3062 797 3177 851 hinc
3229 812 3354 849 nar-

1772 893 1929 956 ravit,
1976 905 2116 944 unus
2161 888 2259 942 fuit
2301 906 2364 943 cx
2413 889 2547 953 illis,
2589 890 2676 957 qui
2740 887 2830 943 illo
2882 896 3122 955 tempore
3184 886 3352 940 nimia

1771 981 2154 1052 superstitione
2189 995 2252 1033 ac
2301 979 2593 1032 vanissima
2631 977 2891 1046 religione
2921 986 2977 1030 ut
3007 976 3100 1030 filii
3155 975 3354 1030 Scaeva:

1771 1076 2024 1136 vallatus,
2049 1074 2173 1128 huic
2223 1081 2370 1127 tanto
2413 1073 2555 1126 facto
2611 1082 2665 1126 et
2713 1071 3022 1126 inconsulto
3047 1086 3170 1125 cum
3227 1069 3354 1122 aliis

1773 1166 2043 1221 cathedris
2083 1165 2230 1234 (ηρ.)
2264 1173 2318 1218 et
2369 1163 2480 1233 ipse
2526 1162 2837 1218 interfuisse
2873 1162 3053 1217 verbis
3096 1160 3349 1215 terribili-

1771 1252 1874 1307 bus
1900 1251 1991 1304 ⁵⁷⁸.

1841 1345 1933 1401 ‘20.
1975 1343 2110 1412 (19.)
2160 1342 2293 1397 Cum
2335 1341 2401 1374 ⁸⁷¹
2455 1341 2661 1394 interea
2711 1338 3066 1394 Mediolanum
3105 1338 3354 1394 Arialdus

1773 1431 2036 1494 venisset,
2065 1429 2320 1483 universa
2364 1425 2854 1482 ecclesiasticorum
2899 1428 3138 1480 virorum
3166 1427 3354 1482 videns

1773 1521 1947 1578 ollicia
1991 1521 2222 1589 quadam
2262 1519 2634 1576 atncutissima
2682 1533 2746 1572 ac
2793 1518 3197 1573 dementissima
3225 1533 3374 1576 ειυς.

1775 1615 1994 1671 delitate
2031 1629 2062 1668 a
2102 1613 2259 1667 rualis
2291 1611 2402 1680 jam
2434 1613 2625 1668 doctus
2651 1610 2980 1665 Christianis
3009 1610 3088 1664 vel
3119 1627 3148 1664 a
3176 1612 3358 1682 porcis

1774 1707 2013 1764 cmnosis
2060 1705 2366 1760 conculcari
2396 1713 2453 1758 et
2489 1704 2813 1758 Arianorum
2865 1704 3198 1772 argumentis
3227 1719 3353 1759 san-

94 1807 145 1852 ut
170 1797 523 1866 apostolicum
556 1775 884 1870 temptarent
910 1805 1240 1874 omninoque
1275 1775 1672 1874 deprimerent,
1705 1775 1749 1832 Β
1774 1806 1893 1854 clas
1927 1798 2208 1865 depravari
2243 1795 2552 1867 Scripturas
2581 1805 2634 1848 et
2661 1802 2718 1847 ut
2755 1809 2918 1848 canes
2952 1794 3244 1848 smvissime
3271 1795 3352 1848 di-

98 1890 352 1944 adieruut.
384 1889 486 1956 Qui
537 1907 659 1947 cum
716 1894 768 1947 in
823 1895 1027 1964 palatio
1068 1896 1431 1952 Lateranense
1478 1914 1676 1955 conveo

95 1979 304 2043 nisseut,
343 1981 532 2034 verbis
560 1982 921 2050 apertissimis
957 1985 1096 2041 male
1125 1985 1407 2044 diti-amare
1433 1987 1676 2045 Alexan-

97 2071 232 2122 drum
255 2079 566 2140 cieperunt,
623 2074 871 2129 dicentes
903 2076 1075 2145 ipsum
1103 2076 1285 2132 sedem
1323 2080 1672 2148 apostolicam

96 2160 360 2224 invasisse,
398 2171 453 2218 et
475 2163 629 2232 quasi
663 2162 751 2220 fur
784 2175 840 2220 et
869 2165 1008 2221 latro
1048 2182 1154 2227 non
1185 2182 1280 2237 per
1305 2169 1542 2224 hostium
1577 2170 1671 2226 sed

97 2266 178 2321 per
209 2252 432 2308 culmen
472 2254 753 2320 intrasset,
784 2274 802 2306 ι
837 2267 893 2312 et
932 2260 1077 2327 quod
1125 2259 1270 2314 dono
1320 2260 1415 2315 Dei
1473 2262 1675 2318 habere

96 2342 277 2405 debuit,
304 2343 411 2397 boc
456 2358 554 2411 per
582 2346 957 2400 detestabilem
989 2347 1298 2402 Simoniam
1333 2349 1625 2419 adquisivit
1652 2365 1670 2412 ;

98 2431 219 2484 unde
250 2431 459 2487 nullum
503 2433 746 2487 divinum
800 2437 1114 2505 mysterium
1157 2437 1432 2492 celebrare
1472 2447 1669 2509 potest.

98 2519 258 2592 itaque
304 2539 410 2578 nos
454 2525 498 2578 si
537 2525 766 2595 populus
796 2525 1074 2581 Romanus
1104 2529 1356 2594 voluerit,
1405 2530 1668 2600 judicium

101 2620 451 2690 quodcumque
499 2621 727 2677 voluerit
773 2624 856 2678 vel
905 2625 1182 2693 exegerit,
1221 2635 1282 2679 ut
1329 2638 1572 2696 apertum
1614 2635 1670 2681 ct

103 2709 423 2766 manifestum
451 2750 466 2774 ,
500 2711 642 2780 quod
677 2712 744 2766 de
783 2727 848 2766 eo
880 2715 1204 2778 asseriinus,
1236 2715 1353 2769 sine
1395 2732 1542 2769 mora
1571 2733 1669 2787 ap.

103 2811 282 2872 pareat,
316 2802 502 2858 facere
532 2803 868 2871 paratissimi
895 2821 1104 2860 sumus.
1131 2824 1150 2858 ι
1184 2806 1354 2876 Igitur
1383 2807 1532 2860 multi
1559 2805 1669 2860 Ro—

104 2892 227 2950 mani
260 2890 409 2960 probi
437 2892 711 2961 sapientes
753 2903 914 2964 atque
951 2895 1172 2949 discreti
1206 2897 1320 2950 haec
1362 2897 1664 2959 audientes,

106 2981 181 3047 qui
221 2997 336 3036 cum
369 2993 560 3038 essent
587 2984 642 3037 in
679 2983 855 3048 italia,
891 2994 946 3040 et
989 2985 1346 3043 Mediolanum
1395 2987 1467 3042 ob
1517 2984 1670 3058 regni

107 3072 292 3140 negotia
315 3073 722 3140 convenissent,
747 3082 800 3128 et
825 3075 1215 3134 clandestinam
1242 3085 1470 3146 pestem,
1501 3094 1664 3148 quam

1776 1891 2026 1953 lacerari,
2053 1899 2106 1944 et
2152 1891 2321 1960 ipsum
2373 1888 2454 1943 sui
2488 1885 2610 1941 facti
2644 1889 2925 1956 pmnitcret
2953 1927 2968 1948 ,
2995 1886 3184 1942 dolens
3230 1887 3357 1956 quid

1775 1992 1962 2056 ageret
2001 1999 2192 2037 sccmn-
2212 1980 2396 2036 rimari
2428 1980 2579 2052 quasi
2623 1996 2745 2034 cum
2777 1980 2884 2034 alio
2936 1991 3120 2050 cmpit.
3172 1983 3372 2048 Itaque.
3407 1997 3409 1999 ί

1772 2093 1896 2132 cum
1939 2075 2283 2129 sacerdotum
2327 2072 2568 2128 omnium
2603 2071 2874 2140 totiusque
2917 2071 3153 2124 civitatis
3184 2069 3362 2124 solitis

1774 2168 2049 2230 moribus,
2080 2165 2236 2236 quasi
2273 2163 2508 2218 hominis
2537 2163 2698 2217 unius
2727 2170 3051 2217 conventum
3082 2178 3204 2216 cum
3247 2161 3360 2230 pri-

1773 2262 1998 2318 micerio
2027 2275 2246 2322 eorum,
2277 2259 2403 2312 dum
2443 2259 2495 2312 in
2538 2256 2876 2328 presbyterio
2924 2255 3074 2311 locus
3104 2268 3364 2310 revcrcu-.

1772 2354 1874 2408 dus
1902 2368 1966 2406 ex
2013 2349 2246 2420 prOpriis
2274 2358 2329 2403 et
2371 2348 2694 2404 eomunibus
2747 2348 2978 2419 negotiis
3019 2348 3108 2401 die
3153 2356 3359 2401 statuta

1772 2445 1995 2499 ndnnari
2031 2443 2417 2513 comperisset,
2448 2441 2702 2510 privatim
2745 2456 2854 2496 uno
2897 2449 3106 2494 tantum
3156 2437 3370 2492 clerico.

1771 2538 2000 2606 Stipatus
2022 2550 2145 2589 cum
2181 2532 2390 2586 Domini
2421 2545 2584 2586 cruce
2617 2530 2854 2584 venittin
2892 2528 3155 2585 medium.
3194 2527 3356 2581 Cum-

1770 2641 1875 2695 que
1902 2625 1992 2679 ditt
2024 2624 2162 2678 intra
2191 2637 2250 2676 sc
2285 2620 2531 2690 cogitans
2581 2618 2780 2673 tacitus
2807 2626 3134 2680 moraretur,
3183 2615 3357 2685 lacry-

1772 2719 1874 2774 uiis
1904 2716 2210 2788 largissime
2233 2712 2668 2774 decurrentibus,
2701 2709 2899 2764 talibus
2931 2708 3147 2763 tandem
3179 2707 3366 2761 verbis

1769 2811 1999 2864 adorsus
2030 2816 2112 2860 est
2142 2824 2155 2859 :
2197 2823 2214 2856 ι
2254 2804 2299 2861 Ο
2329 2811 2632 2859 conventus
2674 2810 2729 2856 et
2766 2816 2799 2856 ο
2823 2810 3028 2870 patres,
3071 2798 3235 2854 multa
3261 2813 3361 2868 pro

1769 2901 1888 2970 ipsa
1918 2913 2127 2953 summa
2179 2894 2472 2950 reverenda
2505 2893 2661 2948 solita
2693 2893 2892 2961 pietate
2951 2891 3116 2946 vestri
3169 2906 3356 2945 saccre

1769 2994 1901 3050 dotii
1933 2991 2063 3046 mihi
2103 2989 2328 3060 parcite,
2361 2987 2615 3042 inmerito
2645 2995 2700 3040 et
2737 2985 2989 3041 omnibus
3022 2984 3353 3039 facinoribus

1772 3085 1969 3154 quibus
2012 3084 2206 3158 misera
2254 3080 2520 3148 fragilitas
2563 3079 2796 3132 liuuiaua
2839 3075 3062 3132 olfendit
3115 3076 3357 3132 irrctitm

109 3162 202 3230 ipse
226 3179 316 3234 per
341 3164 658 3235 bujusmodi
691 3165 942 3222 homines
968 3167 1165 3222 ibiﬁem
1195 3169 1518 3234 iuuniscrat,
1546 3186 1671 3226 cum
1700 3151 1742 3208 δ
1775 3151 1920 3232 nunc
1966 3156 2147 3229 debita
2197 3172 2543 3228 sceleratoria
2592 3170 2722 3224 mihi
2781 3171 3084 3224 condonate
3137 3169 3208 3223 uti
3241 3183 3356 3224 ero.

110 3253 253 3310 multo
276 3255 544 3325 sanguine
573 3257 930 3311 exercitatam
959 3259 1372 3328 comperissent,
1399 3259 1630 3329 agebant
1654 3276 1668 3312 :

111 3345 242 3414 Enim
287 3347 434 3415 justa
465 3349 735 3419 dignaque
776 3364 864 3402 res
887 3357 990 3409 est,
1027 3358 1083 3402 ut
1106 3350 1193 3404 illc
1214 3352 1304 3420 qui
1333 3366 1461 3406 suos
1492 3350 1672 3420 porcis

112 3443 247 3502 atque
264 3437 608 3507 serpentibus
635 3421 909 3504 commisit
936 3437 1096 3501 filios,
1130 3439 1198 3492 ab
1229 3439 1332 3494 illis
1365 3455 1517 3494 versa
1553 3440 1673 3495 vice

113 3522 409 3582 diffamatus
434 3529 790 3596 dampnetur,
826 3539 881 3582 et
925 3529 1051 3583 dum
1083 3529 1195 3582 illos
1229 3544 1324 3598 per
1366 3531 1670 3599 hujusmodi

115 3613 332 3672 homines
373 3618 689 3687 opprimere
740 3618 1026 3687 disposuit,
1073 3620 1141 3673 ab
1193 3618 1298 3673 illis
1347 3619 1671 3678 dilaceratus

114 3715 252 3774 atque
285 3709 618 3773 distractus,
653 3702 744 3778 qui
791 3726 894 3771 una
933 3711 986 3766 in
1034 3710 1208 3780 patria
1248 3725 1432 3763 secum
1463 3711 1572 3764 nati
1617 3723 1672 3767 et

115 3796 207 3850 aliti
233 3810 369 3866 sunt,
399 3800 746 3855 Simoniacus
776 3812 998 3857 vocetur
1025 3812 1078 3856 et
1106 3801 1504 3861 convinciatur.
1540 3801 1672 3869 Quis
1709 3839 1714 3842 -

116 3888 170 3934 ις.
209 3891 312 3948 suis
365 3893 623 3965 capitulis
683 3893 908 3963 suisque
959 3891 1426 3957 exhortationibus
1477 3893 1670 3948 imbuti

115 3976 246 4047 d‘gne
272 3983 381 4052 ipsa
417 3985 474 4039 in
506 3995 668 4054 caput
705 3993 944 4048 vertunt,
990 3999 1053 4038 ac
1079 3983 1430 4038 ecclesiarum
1482 3999 1669 4040 sacer-

117 4067 304 4127 dotibus
329 4082 384 4128 et
428 4074 724 4145 cpiscOpis,
774 4073 980 4128 nullum
1031 4082 1278 4134 tenentes
1318 4075 1664 4144 episcopum,

115 4169 164 4212 ut
207 4165 386 4231 porci,
425 4167 572 4242 quod
627 4167 838 4222 Veritas
883 4165 1016 4220 dicit
1059 4205 1073 4230 ,
1106 4175 1383 4235 appareat,
1423 4168 1668 4222 conversi

117 4251 419 4326 disrumpant
444 4260 773 4326 universos.»
791 4257 1000 4312 Interea
1023 4258 1150 4311 dum
1184 4259 1296 4310 lucc
1318 4257 1458 4310 fama
1485 4255 1669 4315 Ruina:

118 4345 243 4400 Urbis
275 4352 521 4420 regiones
559 4350 982 4419 supervolasset,
1009 4365 1136 4404 ecce
1158 4348 1532 4418 Oldepraudus
1562 4348 1668 4402 lio-

119 4450 264 4492 maiue
287 4442 527 4498 ecclesiae
549 4442 988 4508 archidiaconus,
1018 4441 1110 4511 qui
1139 4451 1196 4495 et
1223 4442 1334 4510 ipse
1359 4439 1667 4495 Alexandro

121 4529 311 4584 :cmulus
345 4533 699 4601 insidiabatur
725 4543 782 4588 et
818 4533 1073 4600 omnibus
1118 4531 1345 4602 negotiis
1379 4531 1490 4600 ipse
1525 4547 1666 4600 pra:-

121 4621 189 4668 ter
228 4621 359 4676 sedis
411 4625 720 4695 apostolicae
781 4617 1078 4682 dominium
1118 4625 1188 4656 ⁸⁵³
1240 4623 1666 4686 dominabatur,

123 4707 332 4768 clanculo
368 4717 436 4770 ad
476 4732 535 4772 se
582 4718 767 4772 vocari
806 4719 904 4771 hos
950 4733 1138 4773 omnes
1168 4715 1456 4786 prmccpit;
1485 4723 1540 4769 et
1580 4716 1668 4769 diu

125 4812 200 4865 per
225 4809 390 4862 omnia
433 4809 646 4869 illorum
685 4827 905 4866 causam
946 4810 1248 4872 sciscitans,
1277 4807 1667 4875 aliquantulum

125 4895 338 4950 conscius
381 4897 508 4953 facti
541 4900 856 4961 Alexandri,
892 4901 1008 4954 illos
1040 4914 1202 4967 super
1241 4896 1544 4964 huiusmodi
1573 4912 1670 4953 ue-

129 4983 299 5048 gotium
347 4990 604 5062 incitavit.
635 4993 775 5061 Quid
821 4993 1034 5056 multa?
1065 4989 1132 5052 Ut
1178 5000 1358 5044 autem
1408 4998 1671 5043 venerunt

128 5073 181 5124 ad
213 5077 371 5144 diem,
404 5097 509 5152 quo
551 5069 819 5154 judicium
869 5087 1091 5141 absente
1149 5093 1326 5136 tamen
1373 5081 1669 5151 spostolieo

129 5174 206 5229 Per
223 5165 408 5226 ferrum
439 5177 829 5231 calidissimqu
867 5185 1144 5246 ageretur,
1179 5183 1451 5236 annuente
1482 5170 1590 5223 Deo
1614 5180 1671 5225 et

1696 4487 1744 4548 D

1773 3269 1886 3341 Ego
1933 3283 2078 3330 sum,
2128 3265 2219 3335 qui
2271 3275 2456 3319 sancta
2517 3263 2744 3316 canibus
2798 3262 3036 3316 virorum
3101 3261 3362 3330 sanguine

1773 3374 1984 3416 summa
2036 3354 2660 3412 aviditate.anelantibus
2688 3360 2874 3406 contra
2921 3360 3165 3404 sanctum
3196 3365 3362 3405 evan.

1773 3451 1970 3520 geliqu
2016 3464 2198 3518 agens,
2243 3462 2342 3501 nec
2372 3462 2455 3500 me
2491 3462 2588 3499 nec
2625 3429 2872 3500 Ordinem
2915 3443 3202 3497 attendens
3279 3442 3361 3495 in-t

1774 3541 2006 3596 discrete
2039 3539 2181 3592 dedi.
2215 3537 2353 3604 Quin
2387 3536 2550 3590 etiam
2575 3549 2675 3605 ego
2713 3549 2853 3596 sum,
2902 3531 2992 3601 qui
3047 3541 3236 3586 contra
3280 3528 3364 3589 fas

1772 3637 1829 3684 et
1856 3627 2060 3682 licitum
2088 3641 2180 3678 vos
2210 3635 2265 3676 ct
2310 3632 2485 3677 vestra
2518 3620 2847 3674 diﬂamando
2884 3619 3363 3689 nequiterodiosis

1770 3720 1904 3774 viris
1949 3733 2014 3772 ac
2069 3726 2230 3772 terra:
2271 3715 2458 3769 bestiis
2515 3713 2818 3767 inconsulte
2867 3711 3082 3766 tradidi.
3129 3710 3364 3765 Proinde

1771 3812 1926 3870 video
1973 3825 2069 3878 per
2117 3808 2324 3869 visunt,
2361 3806 2494 3859 meis
2541 3813 2596 3858 et
2637 3803 2817 3874 populi
2867 3804 3106 3872 peccatis
3149 3803 3363 3872 exigen-

1773 3902 1938 3967 tibus,
1968 3901 2140 3957 sancti
2176 3898 2445 3955 Ambrosii
2481 3899 2726 3952 ordinem
2756 3911 2820 3952 ac
2845 3894 3083 3964 ejusdem
3119 3893 3362 3949 ecclesia:

1771 3993 1983 4050 culmen
2027 3991 2335 4047 conculcari
2381 4002 2435 4044 et
2469 3989 2714 4044 cominus
2758 3986 3028 4042 demoliri.
3080 3985 3359 4054 Cognosce

1769 4095 2033 4156 praeterea
2063 4093 2117 4138 et
2143 4084 2195 4138 iu
2227 4083 2454 4136 veritate
2484 4081 2759 4151 comperio
2785 4071 3132 4150 parvulorum
3164 4077 3359 4144 multo:

1771 4193 1890 4238 rum
1917 4189 2102 4229 necem
2135 4175 2252 4229 sine
2281 4173 2625 4242 baptismate,
2655 4171 2800 4241 quod
2829 4179 2909 4225 est
2932 4179 3211 4238 peccatum
3237 4184 3360 4227 cru:

1771 4267 2103 4322 delissimum
2147 4275 2198 4318 et
2226 4265 2368 4320 ultra
2417 4264 2633 4320 modum
2683 4262 3062 4332 gravissimum
3121 4258 3359 4326 feraliter

1769 4360 2185 4424 incurrentium,
2216 4357 2344 4427 quin
2393 4356 2556 4415 etiam
2607 4356 2708 4408 sub
2755 4354 2980 4408 obtentu
3030 4351 3182 4404 falsa:
3233 4349 3358 4404 reli-

1769 4450 1942 4521 gionis
1978 4449 2242 4503 adulteria
2288 4445 2700 4512 innumerabilia
2739 4459 2803 4498 ac
2851 4442 3236 4498 fornicationes
3273 4456 3361 4495 so-

1779 4543 2064 4598 domilicas
2103 4543 2300 4596 multas
2347 4557 2410 4596 ac
2459 4541 2726 4595 diversas.
2753 4538 2898 4592 Inter
2953 4547 3150 4592 czetera
3201 4537 3363 4595 video.

1779 4633 2150 4704 quamplures,
2176 4632 2425 4688 sensibus
2447 4629 2754 4700 depravatis
2784 4646 2847 4684 ac
2877 4628 3080 4685 Ariauo
3107 4627 3361 4698 dogmate

1779 4725 2019 4779 seducus
2067 4734 2310 4778 sanctam
2344 4723 2700 4791 depravantes
2726 4719 3082 4789 Scripturam,
3110 4717 3220 4787 jam
3252 4733 3360 4771 non

1779 4815 1870 4884 qui
1902 4814 2259 4878 sacerdotem,
2294 4826 2398 4866 non
2429 4813 2760 4881 episcopum,
2791 4824 2896 4864 non
2922 4823 3193 4862 summum
3228 4821 3362 4875 pou:

1774 4906 1972 4960 tilicem
2004 4903 2342 4966 Romanum,
2365 4901 2431 4954 ad
2461 4901 2706 4952 ultimum
2746 4913 2852 4952 non
2883 4897 3047 4952 ullam
3075 4895 3360 4952 ecclesiam

1773 4995 2124 5050 confitentur.
2150 4992 2510 5060 Quamobrem
2552 4989 2679 5042 milii
2725 4987 2934 5042 veniam
2965 4985 3112 5049 date,
3161 4993 3218 5038 et
3262 4999 3364 5056 prq

1772 5101 1906 5157 pace
1936 5085 2180 5140 ecclesiae
2225 5083 2496 5138 humiliter
2521 5088 2764 5136 exorate.
2801 5080 2912 5151 Ego
2938 5080 3048 5134 Deo
3091 5085 3366 5134 annuente

1775 5175 1970 5230 exinde
1993 5183 2048 5228 ut
2071 5172 2365 5232 scismatici
2399 5171 2510 5226 suis
2535 5185 2658 5225 cum
2687 5169 3019 5239 argumentis
3047 5166 3360 5236 discedant,

1361 5285 1448 5330 VA
1461 5282 1526 5330 ΠΙ
1540 5283 1600 5330 Αἰ
1641 5283 2046 5330 LECTIONES-
