3934 5330
526 300 632 360 θῒῖ
1526 280 1868 344 ιλΑΝθυιιίι
1906 278 2118 338 ΜΕΟΙΟ

2223 280 2464 340 NENSIS
2500 281 2721 339 CLERIt
3688 276 3793 335 958

525 424 582 476 et
608 434 702 475 vos
739 420 792 472 in
838 428 974 485 pace
1013 418 1267 470 diuturna
1313 419 1369 468 et
1406 413 1639 467 caritate
1673 411 1833 465 solita
1879 407 2111 463 feliciter
2134 411 2188 466 Α
2212 407 2462 458 omnibus
2484 406 2598 458 suis
2614 403 2943 471 cxpoliatnm
2970 397 3128 456 bonis
3149 391 3605 459 distrahebantﬁ
3626 393 3790 456 bene!

525 506 741 571 vivatis,
769 494 990 578 cperam
1017 504 1163 559 omni
1189 504 1327 558 dabo
1355 501 1658 557 conamine.
1703 519 1722 552 ι
1752 494 1997 568 Cumque
2025 496 2110 551 his
2214 497 2569 565 Imperatores
2594 495 2879 565 gentilium
2911 494 2980 548 de
3016 494 3128 548 Deo
3172 507 3305 548 vero
3353 494 3583 548 oninino
3626 493 3795 565 ignari

525 597 781 654 Arialdns
829 594 1011 652 verbis
1069 594 1230 650 finem
1277 592 1663 663 imposuisset,
1721 599 1777 644 et
1829 586 2109 644 universos

2214 605 2320 644 non
2347 588 2505 644 talem
2531 588 2705 658 legem
2740 587 2857 642 suis
2900 586 3281 642 sacerdotibus
3325 584 3641 640 ediderunt;
3694 585 3795 639 Sed

524 685 670 744 mala
703 685 978 756 praeterita
1021 682 1372 739 memorando
1411 680 1829 746 inflammasset,
1858 679 2111 736 omnibus
2215 698 2412 738 novum
2439 682 2699 752 placitum
2747 695 2883 736 nova
2912 679 3060 735 dedit
3110 687 3400 749 praecepta,
3453 693 3581 746 quae
3631 678 3796 733 Julius

525 777 937 835 conlucentibus
974 784 1030 832 et
1073 774 1239 830 nichil
1282 774 1750 846 respondentibus,
1784 770 1938 842 quasi
1985 786 2110 842 gra-

524 870 766 928 vissimis
828 868 1146 925 verberibus
1210 867 1400 923 fuisset
1458 869 1716 934 attritus,
1781 865 1994 920 minans
2059 874 2114 919 et

524 971 761 1015 aestuans
789 965 843 1013 ct
873 958 1200 1014 insalutatus
1245 957 1493 1012 recessit.
1524 957 1598 1012 Ea
1631 965 1947 1027 tempestate
1990 970 2110 1009 cum

522 1050 816 1107 Anselmus
838 1049 959 1104 vice
988 1064 1172 1105 comes
1196 1047 1424 1104 Romam
1447 1048 1710 1103 orationis
1735 1063 1896 1103 causa
1923 1047 2116 1102 devote

524 1146 640 1201 suis
669 1159 793 1199 cum
833 1142 1098 1199 militibus
1123 1152 1494 1214 properasset,
1523 1152 1579 1199 et
1608 1144 1724 1213 ipse
1775 1142 1845 1198 ab
1892 1154 2116 1213 aposto-

524 1235 639 1292 lico
675 1228 988 1290 Alexandro
1023 1235 1089 1290 de
1130 1232 1273 1290 statu
1315 1233 1465 1290 urbis
1500 1249 1566 1290 ac
1618 1233 1825 1289 ordinis
1853 1233 2115 1290 ecclesia-

2215 770 2396 827 Czrsar
2420 774 2506 826 vel
2538 769 2683 826 Nero
2722 777 2816 824 aut
2843 767 3188 833 Maximinus,
3228 768 3275 822 si
3326 768 3514 822 adhuc
3560 766 3798 821 viverent

2218 866 2405 920 animo
2430 873 2486 919 et
2508 878 2757 934 corpore.
2784 877 3079 932 numquam
3125 861 3434 917 laudarent.
3496 859 3606 927 Qui
3645 860 3795 913 etiam

2218 955 2648 1020 licrlembaldirs,
2675 970 2797 1009 eum
2828 953 3047 1008 domum
3100 969 3209 1008 non
3264 953 3496 1008 haberet
3547 959 3663 1004 tarn
3696 966 3801 1004 ain-

2192 1050 2466 1120 ‘plam,ut
2512 1062 2641 1103 suos
2680 1047 2922 1115 recipere
2974 1054 3176 1116 posset,
3225 1046 3475 1101 dotnnm‘
3509 1042 3798 1114 palatinum

2219 1154 2468 1211 magnam
2493 1154 2618 1195 cum
2639 1147 2797 1193 curte
2825 1136 3245 1208 admirabilique
3274 1136 3548 1190 viridario
3564 1144 3632 1190 et
3655 1134 3798 1190 deie-

2222 1231 2427 1297 ctabili,
2458 1245 2578 1301 quae
2609 1238 2738 1285 ante
2766 1228 3054 1284 ecclesiam
3080 1228 3256 1283 sancti
3287 1227 3533 1283 Victoris
3576 1225 3801 1280 δυωκ-

523 1329 645 1385 stici
674 1327 982 1385 sciscitatus
1007 1335 1175 1393 esset,
1204 1326 1481 1397 respondit
1522 1343 1535 1380 :
1571 1344 1591 1378 α
1628 1324 1784 1381 Enim
1815 1339 1846 1379 a
1877 1334 2120 1394 tempore
2222 1332 2402 1397 tymm
2435 1322 2773 1386 morabatur,
2803 1328 2862 1374 ut
2888 1332 3019 1375 suos
3058 1320 3327 1389 reciperet
3376 1317 3799 1381 consentientes,

524 1435 632 1489 quo
661 1418 861 1490 patalia
886 1427 1072 1474 nostra
1117 1418 1172 1472 in
1202 1417 1420 1474 civitate
1457 1417 1713 1484 insonuit,
1752 1417 2002 1474 universa
2040 1417 2121 1473 di-
2222 1428 2282 1473 ut
2302 1416 2464 1471 etiam
2486 1428 2656 1485 equos
2684 1421 2741 1469 et
2770 1412 2944 1468 mulas
2975 1411 3205 1474 foveret,
3251 1411 3563 1467 criminose
3592 1409 3799 1464 invasit.

521 1510 645 1564 vina
679 1517 735 1563 et
781 1508 1037 1572 humana,
1072 1506 1230 1563 bellis
1276 1507 1584 1572 intestinis,
1625 1508 1835 1564 civibus
1872 1508 2020 1564 inter
2060 1523 2121 1564 se
2292 1507 2386 1563 2‘2.
2428 1505 2566 1579 (21.)
2606 1506 2815 1560 Interea
2845 1503 2921 1538 ³⁷⁸
2946 1501 3243 1572 aliquantis
3281 1500 3582 1556 transactis
3602 1500 3799 1562 diebus.

526 1600 818 1657 dnrlssimc
859 1600 1264 1672 prarliantibus,
1312 1609 1368 1657 et
1407 1600 1783 1658 sacerdotibus
1832 1601 1983 1658 falsis
2027 1617 2122 1658 oc-
2217 1597 2445 1670 iubente
2474 1605 2654 1653 tamen
2711 1596 2828 1665 ipso
2880 1592 3294 1660 llerlcmbaido,
3339 1598 3725 1648 convenerunt
3754 1591 3801 1645 in

527 1691 836 1749 casionibus
885 1692 1181 1748 criminose
1226 1692 1550 1764 vituperatis
1588 1693 1730 1748 ultra
1771 1693 2013 1761 modum,
2061 1702 2122 1750 ut
2153 1747 2196 1764 _
2224 1688 2521 1746 secretario
2544 1687 2835 1755 utriusque
2853 1683 3026 1754 partis
3054 1682 3265 1738 ordinis
3302 1690 3532 1737 tantum
3555 1680 3802 1737 adesia-

520 1776 632 1846 jam
675 1781 783 1835 ulla
808 1795 913 1836 non
952 1781 1022 1836 sit
1062 1798 1148 1837 res
1173 1782 1351 1838 ordini
1398 1791 1600 1840 nostra:
1634 1784 1880 1841 ecclesiae
1916 1786 2121 1857 promi-
2156 1770 2199 1808 ⁸³
2225 1780 2347 1837 stici
2374 1788 2567 1834 natura
2592 1786 2649 1830 et
2672 1774 2901 1831 scientia
2930 1772 3189 1845 majores,
3218 1781 3509 1844 quatenus
3527 1770 3802 1842 superbae

528 1887 680 1939 seua,
704 1872 1018 1929 conculcata
1039 1883 1182 1930 sunt.
1218 1894 1236 1928 ι
1271 1873 1368 1931 Cui
1400 1874 1628 1932 domnus
1659 1876 1981 1947 Alexander,
2006 1896 2125 1936 ma-
2223 1871 2503 1943 negotium
2527 1868 2783 1940 capitulis
2802 1877 2857 1922 et
2882 1865 3170 1922 sententiis
3184 1862 3526 1918 alterutrum
3550 1864 3803 1917 rimaren-

528 1962 631 2018 tris
661 1963 961 2019 reverentia
995 1971 1171 2021 tactus
1210 1964 1319 2021 alta
1360 1975 1417 2022 et
1437 1966 1593 2039 longa
1624 1968 1843 2025 trahens
1886 1971 2120 2041 suspiria

529 2056 607 2111 a't
640 2073 654 2110 :
693 2074 711 2108 ‹
752 2054 1037 2135 Convertit
1064 2055 1208 2114 Deus
1236 2073 1424 2115 eorum
1470 2076 1594 2127 cor,
1621 2073 1682 2116 ut
1711 2063 1923 2119 odirent
1952 2079 2125 2136 popu-

529 2146 641 2202 lum
670 2163 846 2214 suum,
880 2159 934 2203 et
987 2148 1167 2203 dolum
1202 2148 1445 2206 facerent
1472 2153 1522 2207 in
1571 2168 1763 2210 servos
1809 2153 1943 2222 ejus.
1977 2144 2123 2211 Ana-

533 2238 716 2292 thema
762 2239 1080 2294 marauatha
1111 2240 1184 2295 sit
1215 2241 1529 2309 damnatus,
1559 2244 1649 2314 qui
1686 2245 1946 2316 placitum
1991 2248 2122 2306 illud

534 2327 665 2382 mihi
709 2328 968 2386 inchoare
995 2330 1144 2386 fecit.
1179 2351 1197 2385 ι
1241 2330 1355 2388 lioc
1394 2333 1537 2389 dicto
1567 2351 1669 2390 vox
1711 2340 1958 2408 qumdam
2004 2340 2123 2397 sine

530 2433 764 2489 persona
803 2421 1081 2491 respondit
1111 2441 1124 2476 :
1155 2441 1173 2474 ‹
1200 2421 1350 2488 Fiat,
1375 2423 1518 2490 Fiat,
1545 2426 1686 2483 Fiat.
1716 2447 1736 2481 ι

599 2508 691 2564 21.
733 2510 871 2581 (20.)
899 2510 1034 2568 Cum
1057 2511 1127 2544 ¹⁷²
1155 2513 1272 2569 haec
1299 2523 1418 2569 acta
1450 2513 1700 2583 fuissent,
1745 2517 2123 2579 llcrlembaltlo

529 2599 600 2657 de
623 2600 707 2656 bis
734 2603 984 2658 omnibus
1008 2602 1311 2675 ignorante,
1347 2607 1502 2676 quasi
1544 2607 1715 2664 hostis
1756 2610 1824 2667 ab
1853 2612 1986 2668 urbe
2023 2627 2122 2668 ex-

530 2692 702 2765 pulsis
723 2695 1044 2765 capitaneis,
1072 2696 1253 2768 populi
1276 2706 1432 2767 parte
1476 2700 1716 2757 maxima
1752 2716 1850 2773 per
1892 2703 2121 2759 nimium

532 2802 654 2843 eum
680 2788 796 2859 ipso
834 2788 1133 2859 pneliantc,
1166 2806 1383 2845 omnem
1415 2791 1552 2847 iram
1596 2808 1922 2866 omnemque
1974 2797 2116 2852 furo—

533 2892 649 2934 rem
677 2893 835 2950 supra
862 2880 1195 2948 sacerdOtes,
1223 2890 1458 2938 utantea
1500 2898 1793 2955 numquam
1837 2893 1918 2942 est
1968 2888 2127 2944 audi-

535 2981 672 3039 tum,
714 2970 917 3027 furiose
969 2973 1257 3029 convertit.
1307 2973 1519 3029 Etenim
1572 2984 1632 3030 ut
1684 2975 1778 3032 Dei
1824 2987 2125 3034 mereretur

2225 1970 2332 2025 tur.
2352 1970 2410 2017 et
2429 1973 2783 2031 qummque
2811 1970 2939 2029 pars
2964 1954 3179 2011 ratione
3196 1955 3651 2019 convinceretur,
3667 1952 3804 2007 atteri

2223 2052 2510 2123 subiacens
2528 2050 2800 2107 obediret.
2829 2048 2912 2102 Ab
2933 2061 3041 2101 una
3071 2052 3232 2116 parte
3281 2043 3595 2099 Guibertns
3647 2042 3807 2096 archi-

2224 2147 2484 2203 diaconus
2510 2144 2800 2213 utriusque
2822 2141 3017 2212 lingua:
3060 2138 3343 2210 magister,
3384 2144 3447 2193 et
3499 2136 3807 2192 Ambrosias

2222 2239 2393 2295 Bili‘us
2426 2237 2522 2309 qui
2551 2245 2607 2293 et
2627 2236 2909 2300 diaconus,
2936 2243 2993 2290 et
3018 2231 3313 2288 Ardericns
3333 2230 3431 2301 qui
3454 2238 3516 2287 et
3537 2230 3805 2290 diaconus,

2224 2333 2379 2404 cujus
2400 2346 2506 2387 vox
2533 2329 2682 2386 velut
2705 2327 2920 2385 sonitus
2949 2339 3223 2398 aquarum
3240 2322 3590 2389 multarunt;
3635 2321 3807 2377 dede-

2224 2424 2471 2480 cumanis
2494 2431 2674 2477 autem
2701 2421 2949 2476 Andreas
3004 2419 3283 2483 sacerdos,
3316 2417 3374 2472 in
3413 2414 3625 2472 divinis
3644 2422 3700 2470 et
3721 2413 3805 2468 bl-

2223 2517 2400 2573 manis
2434 2514 2640 2571 Graecis
2664 2523 2719 2568 et
2753 2511 2963 2567 Latinis
2992 2510 3344 2567 sermonibus
3372 2506 3557 2563 virilis
3602 2520 3701 2561 seu
3742 2503 3802 2537 "

2225 2612 2473 2667 decorus.
2505 2608 2587 2664 Ab
2617 2607 2785 2663 altera
2817 2622 2949 2663 vero
2993 2613 3150 2677 parte
3183 2602 3439 2658 Arialdus
3491 2610 3552 2656 et
3582 2597 3807 2653 Laudat

2226 2704 2312 2759 fus
2337 2711 2393 2759 et
2413 2700 2723 2774 Aginulfus,
2757 2698 2849 2771 qui
2877 2698 2943 2753 de
2963 2695 3217 2768 partibus
3252 2693 3494 2750 diversis
3540 2692 3696 2746 urbis
3719 2704 3808 2743 no-

2224 2796 2310 2852 vis
2339 2795 2570 2867 pedibus
2601 2799 2993 2849 convenerant.
3028 2788 3237 2858 Quibus
3273 2785 3725 2847 consedentibus,
3753 2793 3805 2835 ut

2229 2886 2530 2944 rationibus
2553 2893 2607 2943 et
2639 2883 2960 2941 utilitatibus
2986 2883 3169 2954 quiete
3195 2879 3569 2950 disputarent,
3603 2874 3805 2944 ruaiori~

2227 2980 2328 3036 bus
2355 2978 2501 3034 fandi
2528 2975 2754 3032 facultas
2776 2975 2897 3030 data
2923 2981 3027 3030 cst.
3054 2971 3148 3027 flii
3182 2980 3368 3026 autem
3397 2984 3526 3025 cum
3574 2968 3669 3023 diu
3719 2982 3805 3035 per

535 3061 872 3157 iram,cujus
899 3063 980 3120 ira
1010 3065 1164 3122 tarda
1194 3075 1279 3122 cst
1301 3074 1356 3122 et
1408 3067 1518 3123 cito
1558 3068 1894 3140 prapitiatio,
1951 3071 2118 3129 multa
2149 3098 2193 3157 ρ
2229 3070 2459 3144 apostoli
2485 3066 2638 3124 Pauli
2687 3077 2742 3124 ct
2773 3074 3043 3124 canonum
3083 3064 3514 3127 altercarentur,
3570 3059 3804 3115 Arialdus

535 3154 834 3237 non_fanda
868 3173 1034 3228 super
1083 3161 1393 3216 sacerdotes
1439 3162 1700 3218 adversus
1742 3163 2015 3229 mulieres,
2070 3175 2126 3223 et

538 3260 701 3319 super
729 3247 983 3305 mulieres
1011 3251 1269 3308 adversus
1320 3253 1634 3310 sacerdotes
1683 3252 1946 3314 exercuit.
1988 3258 2122 3315 Cum

539 3346 721 3392 autem
749 3356 999 3395 nummos
1037 3352 1130 3395 aut
1174 3359 1391 3409 aurum,
1436 3359 1467 3400 e
1494 3346 1688 3417 qu'bus
1728 3350 1949 3406 cottidie
1996 3368 2125 3409 suos

539 3429 808 3485 retinebat
827 3431 1022 3502 justos,
1047 3451 1151 3488 non
1171 3434 1419 3503 haberet,
1447 3438 1632 3494 statim
1650 3441 1804 3512 quasi
1828 3432 2126 3513 imperator

538 3520 712 3593 legem
733 3538 898 3594 super
920 3527 1229 3584 sacerdotes
1259 3545 1357 3600 per
1386 3530 1607 3603 triginta
1660 3533 1908 3590 mittebat
1954 3538 2121 3604 viros,

540 3610 727 3668 dicens
756 3631 772 3670 :
803 3633 822 3667 ι
846 3613 904 3672 Si
934 3618 1187 3674 sacerdos
1213 3629 1307 3675 aut
1334 3620 1495 3677 levita
1522 3637 1645 3678 cum
1667 3622 1949 3681 duodecim
1973 3629 2125 3683 testi-

538 3703 643 3761 bus
667 3705 848 3764 verbis
876 3710 1199 3782 evangelicis
1216 3710 1405 3783 iurare
1430 3725 1635 3786 posset,
1685 3720 1832 3788 quod
1860 3736 1890 3775 a
1934 3721 2123 3778 diebus

539 3793 736 3887 quibus
791 3803 1253 3860 consecrationem
1301 3806 1539 3877 accepit,
1600 3824 1722 3864 cum
1766 3808 1967 3866 femina
2016 3828 2120 3868 non

541 3889 919 3959 concubuerit,
948 3891 1089 3949 liber
1114 3906 1458 3965 permaneat;
1495 3897 1579 3953 sin
1616 3910 1820 3968 autem,
1876 3900 1944 3955 ab
1973 3886 2118 3959 oinni

540 3980 843 4038 substantia
870 3999 1031 4056 quam
1057 3982 1214 4041 habet
1241 3988 1503 4057 privetur.
1534 4009 1553 4042 ι
1591 3990 1696 4045 Alii
1737 4007 1867 4049 vero
1889 3993 1959 4026 ⁸⁷³
1983 3994 2122 4050 intra

539 4086 574 4125 υ
609 4072 729 4128 bem
759 4084 815 4129 et
840 4074 972 4131 foris
1000 4076 1223 4147 palatini
1248 4095 1430 4147 canes,
1483 4080 1644 4137 ﬁbula
1676 4083 1900 4140 dimissa
1942 4095 1997 4140 et
2021 4102 2122 4143 acu

537 4167 844 4238 ceterisque
873 4171 1105 4241 negotiis
1124 4186 1155 4226 e
1178 4173 1375 4245 quibus
1403 4173 1509 4229 vita
1550 4172 1765 4231 illorum
1820 4177 2125 4234 redimeba-

539 4265 651 4324 tur,
681 4260 1002 4318 decoloratis
1031 4263 1306 4331 dcutibus,
1348 4280 1558 4321 necnon
1590 4267 1833 4333 asinarii,
1890 4285 2122 4341 quorum

537 4348 649 4402 vita
675 4352 1000 4420 turpissimis
1027 4356 1202 4411 trullis
1225 4357 1500 4429 asinorum
1524 4358 1747 4415 cottidie
1771 4357 2122 4427 fulciebatur,

2227 3175 2281 3223 et
2320 3163 2618 3220 Landulfus
2643 3159 2981 3233 proclamare
3010 3164 3297 3228 cmperunt
3335 3155 3591 3210 dicentes
3620 3169 3638 3208 :
3673 3171 3694 3205 ι
3715 3152 3808 3206 Ve-

2190 3252 2197 3259 ’
2229 3266 2341 3316 tera
2372 3256 2722 3320 transierunt,
2755 3261 2809 3310 et
2838 3252 2980 3309 facta
3011 3260 3137 3307 sunt
3159 3249 3342 3306 omnia
3382 3260 3529 3306 nora
3572 3246 3663 3317 (If
3691 3245 3801 3302 Cor.

2226 3364 2281 3413 v,
2314 3346 2420 3416 l7).
2461 3343 2617 3414 Quod
2637 3342 2765 3399 olim
2819 3341 2873 3396 in
2912 3338 3184 3412 primitiva
3210 3336 3447 3394 ecclesia
3502 3351 3535 3390 a
3581 3334 3806 3405 patrihus

2228 3437 2434 3495 sanctis
2468 3448 2790 3491 concessum
2818 3440 2924 3497 est,
2965 3429 3127 3486 modo
3157 3428 3542 3484 indubitanter
3570 3425 3804 3498 prohibe-

2229 3538 2335 3587 tur.
2366 3528 2598 3585 Tantum
2631 3526 2825 3582 beatus
2864 3523 3124 3594 magister
3166 3530 3223 3576 et
3268 3523 3467 3575 doctor
3493 3519 3569 3551 ⁸⁷⁸
3595 3515 3805 3573 Ambro-

2227 3625 2366 3687 sius,
2394 3621 2549 3690 cujus
2578 3616 2825 3674 ordinem
2855 3625 3128 3677 tenemus,
3155 3625 3253 3667 vos
3280 3612 3548 3681 dampnct
3566 3618 3659 3664 aut
3682 3606 3805 3661 amr-

2228 3714 2360 3772 met.
2392 3734 2411 3767 ι
2447 3713 2599 3769 'l'unc
2628 3708 2923 3771 Guibcrtus
2954 3705 3376 3763 archidiaconus
3427 3703 3578 3759 facto
3607 3702 3803 3758 silentio

2225 3806 2346 3865 infit
2375 3812 2411 3861 :~

2225 3919 2423 3993 Incipit
2442 3920 2512 3953 ⁸⁷⁷
2541 3935 2712 3974 sermo
2734 3896 3256 4055 Cuibcgitiugutfzersus
3289 3910 3581 3967 Arialdum
3610 3922 3656 3964 et
3681 3906 3804 3961 Lan-

2941 4001 3132 4040 unum.

2242 4158 2246 4164 ἢ
2292 4084 2383 4140 23.
2416 4081 2552 4157 (22.)
2587 4080 2874 4138 «Sanctam
2897 4077 3221 4134 Trinitatem
3252 4084 3308 4131 et
3332 4071 3623 4130 Unitatem
3646 4070 3733 4126 Dei
3750 4084 3803 4121 ac

2227 4178 2441 4235 Domini
2478 4176 2646 4232 nostri
2672 4175 2800 4230 Jcsu
2827 4171 3050 4236 Christi,
3088 4169 3285 4223 fratres
3327 4165 3636 4220 karissimi.
3679 4175 3799 4215 nunc

2228 4270 2391 4328 corde
2417 4277 2472 4324 et
2493 4268 2673 4322 animo
2697 4265 3012 4320 invocantes
3039 4260 3399 4330 deprecemur
3424 4264 3485 4311 ut
3529 4256 3646 4325 ipso
3665 4252 3794 4306 auri-

2227 4362 2416 4426 liante,
2444 4358 2696 4414 omnibus
2720 4354 2943 4411 remotis
2971 4349 3442 4422 indignationibus
3471 4366 3539 4402 ac
3573 4348 3672 4405 ira.
3698 4358 3796 4413 qua:

541 4438 736 4519 quibus
767 4440 970 4496 Patalia
1003 4446 1167 4499 vitam
1192 4447 1347 4501 malis
1369 4446 1581 4504 artibus
1610 4449 1977 4520 ministrabat,
2000 4470 2122 4508 mu-
2157 4440 2202 4495 Ῑ)
2220 4455 2398 4526 justos
2420 4451 2582 4507 etiam
2612 4447 2936 4504 critninosos
2974 4445 3126 4510 facit,
3175 4457 3295 4515 quae
3340 4438 3794 4523 hediiicationibus

541 4527 734 4583 licrum
762 4543 1084 4589 ornamenta
1114 4536 1360 4592 clanculo
1390 4539 1443 4593 in
1496 4549 1656 4595 nocte
1704 4556 1803 4612 per
1851 4542 2126 4601 fenestras

2227 4518 2338 4599 iam
2362 4541 2665 4595 animarum
2693 4534 2856 4608 quam
2881 4537 3190 4605 corporum,
3220 4518 3468 4603 pandere
3514 4542 3639 4583 cum
3683 4537 3793 4595 pace

541 4616 596 4672 in
627 4620 877 4679 domibus
898 4626 1238 4682 sacerdotum
1280 4629 1411 4700 ipsis
1462 4631 1837 4703 ignorantibus
1863 4636 2127 4693 immitte-
2224 4643 2279 4688 ct
2306 4631 2531 4687 caritate
2554 4629 2845 4701 possimus,
2896 4627 2964 4682 de
3012 4640 3118 4697 qua
3167 4624 3386 4693 sapiens
3432 4624 3631 4676 doctor
3667 4614 3793 4690 (liii

539 4711 691 4767 bant.
728 4713 845 4782 Quo
866 4715 1030 4786 facto,
1054 4735 1178 4775 cum
1204 4722 1438 4777 stridore
1461 4740 1763 4796 magnaque
1796 4728 1951 4783 ruina
1976 4732 2124 4798 ipso-

541 4816 659 4855 rum
684 4801 826 4860 fores
860 4820 1274 4881 prorumpentes
1324 4813 1539 4884 n'agnis
1594 4814 1878 4873 latratibus
1929 4818 2129 4875 insilie—

536 4888 1121 4969 b;mt,ctaceipientcs
1162 4916 1282 4970 qua:
1330 4902 1686 4969 immiserant,
1725 4905 1906 4964 verbis
1961 4909 2119 4966 terri—

538 4981 818 5042 bilissimis
840 4989 1169 5052 afﬁrmantes
1199 4994 1480 5050 mulierem
1510 4997 1904 5064 condormisse,
1930 5016 2116 5056 sacer-

539 5073 720 5133 dotem
778 5083 993 5140 nemine
1049 5084 1374 5157 defendente
1426 5086 1600 5160 ipsum
1669 5089 1989 5146 distractum
2049 5094 2118 5148 ab

2227 4724 2363 4780 dixit
2396 4740 2409 4776 :
2440 4742 2458 4773 ι
2490 4719 2590 4789 Qui
2613 4721 2732 4774 sine
2772 4718 3006 4772 karitate
3038 4717 3265 4770 virtutes
3294 4718 3617 4784 congregat,
3658 4705 3793 4778 quasi

2229 4823 2445 4868 ventum
2479 4812 2533 4866 in
2564 4811 2842 4881 pulverem
2871 4814 3069 4879 portat.
3097 4825 3114 4857 ι
3146 4803 3303 4861 Unde
3332 4801 3632 4872 Apostolus
3657 4816 3673 4852 :
3706 4818 3723 4847 ε
3746 4794 3801 4847 Si

2225 4905 2552 4961 distribuero
2581 4903 2863 4958 facultates
2888 4916 3076 4957 omnes
3100 4912 3252 4953 meas
3293 4896 3346 4951 in
3400 4895 3557 4949 cibos
3611 4905 3795 4962 paupe-

2225 5004 2448 5069 rnm,"ct
2480 4995 2751 5051 tradidero
2785 5008 2981 5063 corpus
3008 5004 3185 5045 meum
3213 4988 3287 5043 ita
3311 4995 3369 5041 ut
3397 4984 3646 5048 ardeam,
3673 4977 3799 5034 hari-

2231 5099 2399 5146 tatem
2415 5097 2596 5145 autem
2614 5102 2720 5142 non
2744 5086 3000 5149 habeam,
3025 5080 3203 5136 factus
3219 5093 3340 5133 sum
3356 5074 3507 5130 veiut
3522 5089 3601 5128 ars
3614 5082 3796 5127 sonans

1848 5244 2079 5300 VAlihE
2124 5240 2530 5300 LECTIONES.
