3934 5330
177 239 295 295 9‘29

1139 239 1452 294 lllSTtiRlA
1497 239 2066 297 MEDlOLANZiNSlS.
2106 241 2324 298 «LIB.
2369 241 2448 298 Ill.

3370 249 3477 308 950

178 364 282 408 aut
307 353 599 410 rimbamm
639 354 877 410 tinuiens
907 354 952 425 (l
984 353 1108 408 Cor.
1161 355 1380 425 xm,3).
1447 357 1583 410 Iram
1634 358 1776 412 enim
1809 364 1853 420 Α
1889 370 1984 418 \n,
2027 355 2091 423 l).
2133 375 2150 406 ι
2195 354 2415 410 Fratres
2437 355 2738 422 karissimi,
2798 357 3002 412 scimus
3053 357 3313 429 quoniam
3364 365 3478 434 epi'

178 447 293 500 viri
323 446 548 502 dilectio
568 445 662 500 Dei
696 463 800 500 non
825 455 1088 515 operatur
1143 446 1284 516 (Jac.
1316 463 1352 510 ι,
1384 446 1497 516 20).
1525 467 1540 497 ι
1581 447 1652 500 De
1674 462 1779 515 qua

178 539 386 592 beatus
419 539 741 593 Ambrosius
770 539 823 593 in
857 547 1090 594 tractatu
1114 552 1278 608 super
1315 537 1515 610 Josepb
1545 539 1780 594 clemen-

179 639 272 684 ter
301 631 435 684 dicit
467 633 538 699 (c.
569 631 652 701 l3)
679 649 692 684 :
723 650 740 682 ‹
770 630 853 686 lra
907 646 1047 700 smpe
1095 631 1410 686 innocentes
1463 631 1516 686 in
1574 631 1778 686 crimen

180 721 436 784 adducit,
475 723 598 791 quia
632 723 924 791 dumjusto
952 721 1184 790 amplius
1229 722 1518 778 irascimur
1547 733 1599 778 et
1635 721 1783 776 vuln-

181 828 318 866 mus
351 812 595 868 alienum
620 828 873 868 coercere
900 823 1203 882 peccaturo,
1254 813 1506 880 graviora
1557 821 1777 881 peccata

182 904 608 960 committimus.
643 923 661 956 ι
693 903 818 959 Ideo
839 903 1132 972 Apostolus
1159 903 1236 957 ait
1277 917 1292 956 :
1326 921 1343 953 ι
1377 902 1492 957 Non
1519 905 1777 958 vosmeti-

184 1008 320 1060 psos
342 991 670 1060 iudicantes,
698 993 992 1059 karissimi,
1037 995 1130 1050 sed
1147 995 1268 1048 date
1284 995 1459 1049 locum
1482 995 1572 1048 ine
1597 995 1775 1065 (Rom.

187 1107 294 1153 xu,
330 1089 445 1160 19).
479 1106 496 1138 ο
538 1087 692 1155 Quod
736 1086 882 1140 enim
910 1127 924 1148 ,
974 1085 1173 1140 fratres
1220 1084 1493 1140 karissimi
1519 1125 1536 1150 ,
1592 1101 1781 1142 omnes

183 1182 494 1238 sententias
524 1187 718 1248 praeter
738 1176 1124 1230 Ambrosianus
1145 1176 1213 1230 ah
1242 1177 1342 1230 boc
1373 1178 1587 1246 negotio
1620 1178 1780 1232 modo

185 1274 525 1336 removistis,
563 1271 718 1325 nobis
739 1269 914 1340 placet
946 1270 1282 1340 multumque
1308 1270 1608 1336 laudamus,
1642 1287 1778 1343 quo-

184 1370 339 1423 niam
371 1380 560 1422 omnes
585 1363 833 1433 discipuli
861 1364 1004 1418 illius
1034 1372 1218 1418 tenent
1262 1379 1328 1418 ac
1375 1364 1602 1419 laudant
1655 1381 1780 1420 sen-

187 1463 394 1516 tentias
418 1461 685 1530 magistri,
713 1473 875 1528 quem
904 1473 1014 1526 pra:
1049 1457 1248 1512 ceteris
1294 1458 1682 1527 sapientiorem
1721 1467 1774 1512 et

183 1553 544 1606 valentiorem
596 1549 920 1620 disputando
967 1557 1023 1602 et
1077 1547 1323 1602 rimando
1383 1558 1772 1618 cognoverunt.

186 1645 357 1716 Igitur
385 1643 707 1698 Ambrosius
731 1641 922 1696 doctor
949 1652 1010 1695 ut
1053 1625 1305 1710 egregius
1331 1648 1385 1695 et
1415 1640 1769 1696 ecclesiarum

1884 446 2065 514 scopis
2089 447 2462 501 sacerdotibus
2486 456 2540 501 et
2570 442 2747 501 Ievitis
2771 449 3153 517 prepbetizare
3209 460 3267 505 et
3309 467 3480 508 evan-

1883 533 2143 603 geliorum
2175 544 2387 590 secreta
2415 535 2664 591 ﬁdelibus
2699 546 2753 591 et
2777 537 3084 595 inﬁdelibus
3108 539 3388 598 humiliter
3415 559 3480 599 ac

1883 626 2076 681 devote
2114 627 2365 682 nuntiare
2396 644 2426 682 a
2459 627 2570 683 Deo
2597 627 2780 683 datum
2806 627 2912 695 sit;
2961 631 3055 685 sed
3093 632 3250 688 vobis
3293 635 3478 691 nescio

1883 734 1912 772 a
1944 734 2053 788 quo
2083 719 2342 789 prepheta
2366 721 2484 776 sive
2507 735 2537 774 a
2567 735 2674 789 quo
2708 722 2990 792 evangelio
3023 722 3273 779 instructi
3333 726 3476 792 sitis,

1883 827 2004 866 cum
2034 811 2241 867 lanceis
2266 821 2321 868 et
2344 811 2577 867 fustibus
2600 812 2720 868 illos
2741 817 2807 868 ad
2857 831 3086 885 quorum
3143 818 3311 887 pedes
3336 834 3478 873 sem-

1879 915 1978 970 per
2008 901 2236 956 stetistis
2265 942 2280 967 ,
2339 902 2481 958 male
2522 901 2848 960 diffamando
2902 907 3056 975 quasi
3123 907 3476 976 imperatores

1879 995 2173 1049 criminose
2201 995 2484 1064 judicatis,
2509 996 2573 1050 de
2596 998 2794 1065 quibus
2837 998 3030 1053 beatus
3074 999 3394 1057 Ambrosius
3423 1000 3476 1056 in

1881 1084 2020 1139 libro
2047 1085 2292 1140 Paradisi
2328 1087 2565 1156 loquitur
2591 1105 2603 1140 :
2638 1107 2653 1138 ι
2677 1087 2901 1142 Sciebat
2927 1089 3072 1143 enim
3101 1090 3242 1145 Deus
3276 1100 3325 1144 te
3354 1105 3476 1145 esse

1879 1175 2144 1248 fragilem,
2173 1173 2381 1234 sciebat
2399 1179 2648 1249 judicare
2675 1197 2778 1234 non
2803 1197 2977 1250 posse.
3008 1181 3132 1237 Ideo
3157 1182 3292 1236 dixit
3317 1184 3474 1251 quasi

1876 1267 2266 1340 fragilioribus,
2298 1270 2464 1325 nolite
2483 1270 2753 1341 judicare,
2783 1283 2840 1326 ut
2863 1288 2968 1327 non
2979 1273 3316 1342 judicemini.
3333 1274 3477 1344 Ergo

1877 1359 1948 1390 ⁸⁷⁸
1978 1360 2105 1430 quia
2129 1360 2270 1414 sicut
2302 1368 2352 1414 te
2387 1359 2664 1414 inﬁrmum
2695 1376 2816 1416 esse
2841 1363 2907 1416 ad
2951 1362 3302 1431 judicandum
3335 1365 3477 1418 scie-

1875 1450 1988 1515 bat,
2041 1451 2315 1520 voluitque
2365 1449 2707 1506 obedientem
2762 1464 2882 1507 esse
2939 1455 3212 1519 mandato,
3265 1456 3474 1522 dicens,

1876 1542 2040 1596 nolite
2063 1540 2344 1610 judicare;
2373 1541 2514 1596 unde
2544 1541 2743 1597 Paulus
2772 1543 3048 1613 apostolus
3091 1563 3104 1597 :
3145 1544 3222 1599 Tu
3247 1545 3367 1614 quis
3393 1561 3476 1609 es,

1876 1632 1966 1703 qui
2000 1632 2211 1700 iudicas
2238 1631 2471 1687 alienum
2504 1647 2752 1697 servum;
2799 1648 2896 1688 suo
2936 1633 3154 1689 domino
3206 1645 3332 1702 stat,
3382 1652 3477 1706 aut

187 1753 335 1790 llllllc
358 1747 413 1790 et
441 1749 656 1804 semper
677 1733 936 1804 magister
965 1731 1186 1786 veniens
1211 1730 1456 1786 resedeat
1495 1739 1551 1786 et
1604 1731 1772 1786 collo-
1805 1721 1844 1781 Β
1872 1725 2042 1788 cadit,
2071 1724 2238 1778 stabit
2262 1732 2442 1779 autem
2483 1724 2657 1795 (Rom.
2693 1741 2805 1791 xlv,
2837 1725 2912 1796 4).
2954 1745 2971 1777 ι
3019 1723 3150 1780 Item
3179 1728 3321 1796 quod
3361 1728 3476 1798 ipse

185 1839 390 1898 quatur
413 1826 712 1889 vobiscum,
740 1833 796 1878 et
825 1822 967 1892 quod
991 1823 1043 1876 in
1070 1822 1378 1876 Exameron
1433 1823 1508 1892 (v,
1539 1822 1594 1892 7)
1619 1824 1774 1886 dicit,

184 1918 472 1970 audientes
495 1913 883 1983 intelligamus,
909 1913 1150 1967 aitenim
1187 1930 1200 1965 :
1237 1911 1536 1982 «Spectent
1580 1914 1776 1982 singuli

189 2008 430 2062 ﬁdelium
451 2005 636 2075 pulcra
690 2005 992 2060 animarum
1045 2003 1296 2065 monilia.
1337 2012 1392 2060 et
1446 2003 1779 2059 delectentur

187 2098 509 2154 maturitate
537 2096 861 2167 prudentiae,
887 2094 1171 2165 splendore
1219 2095 1366 2161 ﬁdei,
1415 2094 1778 2153 confessionis

187 2187 656 2256 decore,justiti:e
678 2185 1107 2256 pulchritudine,
1157 2186 1406 2241 ubertate
1457 2187 1774 2243 misericor-
1819 2246 1823 2250 _

187 2279 312 2341 dire,
345 2286 404 2331 ut
429 2278 644 2332 dicatur
674 2276 768 2330 tibi
794 2293 807 2330 :
839 2275 988 2332 Uxor
1012 2285 1102 2330 tua
1135 2277 1277 2330 sicut
1307 2277 1431 2331 vitis
1456 2277 1777 2334 habundans

190 2368 243 2421 in
290 2367 552 2422 lateribus
605 2367 799 2421 domus
845 2377 970 2420 tuac.
1024 2365 1202 2421 Nolite
1247 2381 1493 2436 quaarere
1539 2368 1774 2424 alicmun

191 2460 429 2521 Iliorum,
463 2456 630 2511 nolite
653 2455 842 2511 aliena:
888 2455 1094 2525 copula:
1144 2456 1418 2511 insidiari.
1466 2456 1643 2512 Grave
1695 2467 1775 2514 est

187 2550 536 2614 adulterium,
572 2559 778 2604 natura:
809 2547 1005 2617 injuria
1037 2558 1138 2602 cst.
1195 2548 1339 2604 Duos
1367 2549 1599 2620 primum
1634 2552 1776 2606 Deus

191 2639 342 2701 fecit,
376 2640 548 2693 Adam
581 2648 634 2693 et
683 2639 876 2705 Evam,
911 2638 1016 2694 hoc
1043 2647 1140 2692 est
1161 2639 1334 2693 virum
1363 2649 1420 2694 et
1446 2655 1670 2695 uxorem
1709 2644 1776 2696 de

192 2731 337 2795 viro,
379 2730 482 2785 hoc
511 2739 595 2785 est
619 2730 685 2784 de
713 2740 862 2785 costa
892 2729 1041 2795 Atlaa,
1065 2740 1120 2785 et
1144 2730 1309 2798 jussit
1340 2732 1531 2788 ambos
1569 2748 1689 2789 esse
1719 2733 1775 2787 in

190 2838 300 2876 uno
327 2837 556 2892 corpore
582 2823 717 2877 etin
741 2838 848 2878 uno
879 2822 1095 2892 spiritu.
1134 2822 1275 2891 Quid
1335 2840 1500 2880 unum
1553 2841 1776 2896 separas

187 2926 408 2980 corpus,
440 2925 603 2968 unum
627 2911 824 2966 dividis
862 2911 1152 2982 spiritum?
1177 2931 1195 2964 ι
1242 2912 1372 2969 Item
1418 2929 1580 2984 super
1604 2915 1775 2969 Abra-

187 3005 315 3058 ham
341 3003 409 3073 (ι,
439 3004 492 3070 7)
524 3021 538 3057 :
574 3023 593 3056 ι
619 3003 762 3059 Nulli
792 3003 918 3060 licet
943 3006 1084 3058 scire
1119 3004 1400 3060 mulierem
1417 3017 1615 3075 praeter
1636 3023 1774 3062 uxo-

1877 1811 2211 1881 deimprobe
2233 1811 2607 1882 judicautibus
2658 1816 2712 1868 in
2753 1814 2988 1884 aliquem
3018 1816 3182 1882 dicat,
3233 1817 3360 1871 audi
3417 1818 3473 1872 in

1877 1904 2027 1960 Beati
2054 1906 2386 1962 lintnaculati
2420 1916 2651 1964 tractatu
2691 1910 2979 1965 consilium
3033 1916 3148 1979 (xx,
3179 1911 3308 1981 20):
3346 1911 3478 1966 «Er-

1878 1997 2020 2050 ranti
2048 1997 2191 2050 enim
2215 1996 2428 2052 facilius
2450 1999 2610 2054 datur
2639 1999 2816 2064 venia,
2846 2014 3008 2069 quam
3036 2000 3281 2071 improbe
3305 2000 3359 2054 in
3398 2001 3477 2054 al-

1880 2087 2363 2160 terumjudicanti.
2397 2089 2633 2147 Necesse
2662 2101 2746 2146 est
2769 2093 2938 2159 enim,
2967 2107 3087 2146 eam
3139 2092 3372 2149 fortnam
3414 2094 3470 2149 in

1881 2187 1932 2235 te
1964 2181 2142 2237 redire
2172 2180 2386 2250 judicii,
2433 2198 2594 2252 quam
2629 2183 2680 2238 in
2717 2183 2881 2239 alium
2921 2185 3035 2254 ipse
3064 2186 3472 2242 decernendam

1877 2269 2173 2338 putaveris.
2209 2289 2225 2321 ι
2292 2271 2397 2325 Sed
2451 2273 2824 2343 unusquisque
2879 2271 3133 2328 karitatis
3183 2275 3362 2346 ignem
3421 2275 3475 2329 in

1878 2360 1989 2412 Deo
2011 2369 2064 2413 et
2094 2360 2144 2414 in
2173 2361 2422 2430 proximo
2455 2378 2668 2418 summa
2701 2380 2824 2419 cum
2875 2364 3181 2420 humilitate
3227 2380 3282 2420 et
3311 2367 3477 2421 dero-

1879 2452 2041 2516 tione,
2079 2463 2136 2505 ut
2163 2454 2329 2508 frater
2357 2455 2698 2522 hediﬁcetur,
2749 2457 2950 2512 habere
2999 2474 3057 2512 se
3095 2459 3332 2513 studeat.
3396 2459 3473 2512 De

1875 2560 1984 2614 quo
2011 2545 2256 2600 caritatis
2288 2547 2407 2615 igne
2455 2547 2585 2616 quid
2634 2555 2689 2602 ct
2737 2549 3056 2604 Ambrosias
3116 2566 3278 2620 super
3314 2550 3472 2604 Beati

1875 2635 2211 2692 lmmaculati
2237 2647 2469 2692 tractatu
2493 2639 2654 2701 dieal,
2686 2639 2971 2694 audiamus
2993 2650 3048 2694 et
3073 2641 3240 2694 corde
3262 2641 3476 2695 intelli-

1875 2743 2113 2798 gamus:
2149 2749 2166 2781 ‹
2201 2729 2304 2797 Qui
2357 2730 2446 2786 hic
2499 2732 2750 2786 balmerit
2812 2733 3060 2789 caritatis
3105 2734 3305 2804 ignem,
3365 2735 3476 2791 illic

1876 2821 2054 2891 ignem
2083 2822 2242 2893 gladii
2271 2822 2458 2877 timere
2491 2839 2595 2877 non
2627 2825 2856 2892 poterit;
2892 2845 2910 2876 ι
2941 2836 2994 2880 et
3018 2827 3178 2881 item:
3219 2847 3236 2878 ι
3263 2824 3322 2882 Si
3343 2827 3475 2882 nib.l

1878 2911 2086 2980 argenti
2117 2913 2166 2964 in
2200 2927 2286 2966 me
2317 2911 2597 2967 inventum
2648 2914 2834 2980 fuerit,
2873 2917 2976 2970 heu
3039 2933 3126 2972 me
3183 2918 3238 2971 in
3284 2918 3474 2972 uitium

1878 3001 2076 3056 inferni
2111 3003 2368 3058 detrudas
2393 3013 2484 3058 aut
2513 3016 2570 3058 ut
2600 3005 2796 3075 stipula
2835 3016 2977 3062 totus
3015 3024 3233 3063 exuras.
3287 3009 3392 3065 Sed
3431 3010 3476 3063 si

188 3112 326 3161 rem,
349 3094 586 3164 conjugii
620 3096 713 3152 tibi
742 3095 926 3150 datum
959 3095 1169 3165 estjus,
1203 3113 1269 3152 ne
1316 3097 1369 3150 in
1412 3074 1664 3168 laqueum
1691 3098 1774 3152 in-
1802 3074 1847 3136 Ο
1881 3092 2012 3162 quid
2037 3093 2091 3146 in
2123 3108 2206 3147 me
2239 3093 2513 3148 inventum
2536 3074 2699 3150 fuerit
2729 3098 2846 3150 auri
2874 3106 2966 3151 aut
2990 3099 3220 3168 argenti,
3251 3115 3355 3153 non
3380 3113 3478 3168 per

188 3188 340 3242 cidas
390 3195 448 3241 et
478 3203 601 3256 cum
649 3186 824 3241 aliena
861 3186 1086 3242 muliere
1115 3187 1400 3256 delinquas
1430 3205 1443 3240 :
1479 3189 1689 3242 vinctus
1713 3205 1773 3244 es

189 3278 368 3342 usmi,
400 3277 507 3332 noli
526 3293 771 3349 quaerere
796 3277 1140 3333 solutionem.
1205 3278 1358 3334 Unde
1388 3279 1640 3334 Salomon
1671 3281 1772 3357 (Ix,

187 3367 279 3436 85)
308 3369 390 3420 :A
424 3367 533 3421 Deo
557 3367 675 3421 viro
715 3367 1112 3438 prteparabitur
1135 3383 1289 3421 uxor.
1327 3387 1346 3419 ι
1391 3367 1641 3421 Forsitan
1685 3385 1774 3422 co-

189 3458 376 3528 gitatis
405 3459 550 3528 quod
577 3458 644 3513 de
695 3457 848 3513 laicis
879 3466 1088 3512 tantum
1125 3458 1290 3523 dicat,
1322 3460 1386 3514 de
1433 3460 1630 3528 quibus
1669 3475 1774 3513 non

187 3557 274 3604 est
297 3548 519 3602 dubium
551 3548 752 3603 habere
775 3547 1096 3619 conjugem?
1118 3549 1316 3603 Omnes
1346 3562 1525 3602 tamen
1575 3548 1696 3602 laici
1721 3558 1775 3602 et

187 3639 398 3706 clerici,
427 3642 738 3711 quicunque
793 3651 918 3696 sunt
966 3633 1058 3695 ﬁlii
1106 3641 1401 3704 Ecclesiaz,
1464 3643 1775 3696 sacerdotes

187 3743 336 3787 sunt.
364 3733 560 3788 Audite
581 3733 819 3804 qualiter
849 3749 1011 3802 super
1051 3733 1250 3787 Lucam
1297 3733 1555 3787 adversus
1597 3749 1777 3786 sacer-

187 3827 344 3881 dotes
369 3837 594 3882 sanctus
617 3827 762 3880 dicat
787 3827 1129 3892 Ambrosius,
1186 3843 1307 3880 cum
1363 3827 1430 3881 de
1484 3825 1650 3879 David
1697 3825 1774 3894 (v,

192 3917 282 3986 55)
318 3935 333 3970 :
367 3936 386 3968 ε
414 3916 696 3983 Quomodo
724 3927 906 3971 autem
933 3917 1021 3970 ille
1050 3917 1367 3970 observator
1422 3916 1558 3986 legis
1612 3927 1776 3984 atque

189 4008 447 4063 defensor
477 4023 644 4077 panes
670 4019 723 4062 et
747 4009 861 4078 ipse
891 4009 1255 4074 manducavit,
1281 4019 1336 4062 et
1366 4008 1513 4062 dedit
1565 4007 1650 4062 his
1684 4007 1775 4077 qui

186 4110 344 4154 erant
374 4115 578 4166 secum,
607 4117 745 4171 quos
787 4116 890 4156 non
921 4101 1114 4157 licebat
1163 4102 1322 4155 edere
1381 4101 1483 4155 nisi
1543 4109 1778 4154 tantum-

189 4194 351 4248 modo
388 4195 782 4258 sacerdotibus,
814 4193 914 4248 nisi
945 4203 1001 4246 ut
1039 4208 1134 4264 per
1182 4193 1327 4247 illam
1381 4195 1779 4246 demonstraret

187 4285 418 4356 ﬁguram
450 4283 839 4340 sacerdotalem
871 4284 1048 4338 cibum
1081 4283 1320 4337 transire
1352 4283 1416 4336 ad
1448 4298 1577 4338 usus
1602 4297 1775 4352 popu-

185 4378 388 4441 lorum,
411 4377 526 4431 sive
549 4375 675 4446 quia
701 4389 889 4429 omnes
915 4375 1078 4428 vitam
1108 4375 1492 4430 sacerdotalem
1519 4375 1776 4429 debemus

189 4468 556 4531 imitari,sive
607 4468 734 4536 quia
786 4482 976 4521 omnes
1022 4466 1115 4520 ﬁlii
1157 4466 1412 4521 Ecclesize
1464 4467 1776 4522 sacerdotes

186 4568 336 4614 sunt.
380 4559 645 4630 ngimur
665 4559 808 4614 enim
843 4560 896 4614 in
928 4558 1288 4614 sacerdotium
1341 4568 1608 4626 sant-tum,
1648 4558 1780 4613 oﬁ'e-

187 4662 371 4708 rentes
401 4651 764 4721 nosmetipsos
795 4651 904 4706 Deo
954 4651 1160 4707 hostias
1213 4651 1540 4721 spirituales.
1574 4672 1591 4703 ι
1637 4654 1777 4720 Quin

187 4747 354 4800 etiam
384 4744 643 4816 percipite
695 4745 823 4814 quid
857 4745 908 4798 in
933 4743 1275 4799 sermonibus
1320 4744 1464 4797 dicat
1503 4762 1517 4798 :
1567 4763 1585 4794 ί
1610 4744 1780 4800 Nemo

190 4848 370 4906 potest
393 4846 602 4891 mutare
629 4846 900 4898 naturam,
921 4836 1020 4890 nisi
1051 4837 1140 4905 qui
1169 4837 1419 4890 dominus
1440 4845 1524 4890 est
1551 4846 1780 4890 naturas.

192 4929 424 4985 Gravius
453 4941 537 4986 est
568 4928 714 4983 enim
746 4927 1020 4997 religionis
1072 4927 1398 4982 adulterium
1445 4942 1612 4997 quam
1661 4943 1784 4983 cor-

191 5024 359 5092 poris.
390 5042 408 5076 ι
438 5023 592 5079 Unde
622 5035 790 5090 super
817 5020 1049 5076 Lucam:
1092 5041 1109 5074 ι
1136 5021 1291 5076 Disce
1314 5036 1560 5091 persona:
1583 5022 1773 5078 vitium

192 5131 329 5182 esse,
361 5133 468 5172 non
493 5131 678 5171 sexus.
708 5113 886 5169 Sexus
929 5115 1072 5169 enim
1125 5123 1344 5170 sanctus
1371 5123 1472 5168 est.
1499 5132 1517 5164 ι
1571 5113 1775 5170 Praeter

194 5207 292 5260 ista
317 5206 614 5277 apostolum
649 5219 747 5258 vas
781 5201 1057 5258 electiOuis
1112 5204 1332 5259 audite:
1387 5221 1404 5255 ι
1439 5203 1644 5257 Bonum
1689 5214 1772 5258 est

1877 3199 2024 3238 meos
2049 3193 2223 3249 actus,
2252 3185 2345 3240 sed
2373 3199 2468 3254 per
2501 3187 2933 3242 misericordiam
2962 3198 3018 3243 et
3047 3190 3280 3260 gratiam
3322 3185 3477 3246 Chri-

1875 3273 1966 3339 sti,
1997 3290 2092 3346 per
2117 3276 2436 3346 mysterium
2492 3279 2780 3333 saet-rdotii
2831 3280 3008 3334 dicam
3072 3281 3306 3338 fortasse
3327 3299 3472 3352 ego:

1875 3366 2088 3420 Etenim
2111 3367 2202 3436 qui
2219 3367 2309 3436 qui
2325 3377 2541 3437 sperarat
2563 3368 2617 3422 in
2645 3379 2713 3432 te,
2741 3384 2844 3423 non
2867 3369 3284 3427 confundeutur.
3307 3371 3478 3428 Nemo

1876 3459 1978 3513 sibi
2001 3460 2247 3527 atlrogat,
2278 3475 2436 3513 neruo
2467 3462 2531 3514 de
2565 3461 2792 3524 meritis,
2821 3477 2979 3517 nemo
3011 3463 3076 3519 de
3106 3474 3376 3532 potestate
3417 3480 3478 3519 se

1870 3549 2063 3620 jactet,
2096 3549 2190 3604 sed
2222 3565 2412 3604 omnes
2458 3549 2511 3603 in
2549 3549 2825 3604 dominum
2864 3551 3050 3606 Jesum
3086 3571 3099 3605 :
3127 3568 3317 3608 oumes
3347 3562 3478 3609 ante

1876 3645 1995 3715 ejus
2019 3643 2254 3698 tribunal
2285 3635 2581 3708 stabimus;
2609 3643 2675 3697 de
2706 3644 2796 3697 illo
2823 3645 3060 3710 veniam,
3083 3644 3149 3699 de
3175 3645 3268 3699 illo
3299 3645 3479 3700 indul-

1877 3737 2114 3805 gentiam
2140 3733 2442 3803 postulabo.
2504 3732 2634 3800 Quae
2663 3734 2808 3787 enim
2856 3747 2981 3802 spes
3023 3734 3127 3787 alia
3168 3737 3475 3804 peccatori-

1876 3826 1996 3890 bus,
2033 3831 2089 3878 et
2121 3822 2211 3893 qui
2252 3838 2309 3876 se
2339 3837 2527 3877 aurum
2561 3831 2732 3891 putat,
2771 3823 2934 3878 habet
2962 3823 3260 3893 plumbum,
3291 3833 3346 3879 et
3377 3825 3474 3895 qui

1877 3933 1936 3971 se
1964 3925 2116 3986 putat
2143 3930 2367 3985 granum
2403 3915 2588 3980 tritici,
2620 3915 2783 3970 habet
2805 3915 3086 3985 stipulam,
3127 3931 3249 3985 qua:
3299 3917 3475 3985 possit

1877 4009 2142 4064 comburi.
2177 4006 2283 4063 Sed
2307 4007 2394 4062 hic
2426 4007 2577 4061 multi
2601 4009 2702 4062 sibi
2730 4024 2923 4062 aurum
2953 4011 3206 4064 videntur
3237 4011 3469 4076 habere;

1878 4116 1986 4156 non
2009 4097 2112 4153 illis
2140 4098 2374 4153 invideo.
2412 4118 2430 4152 ι
2461 4099 2591 4154 Item
2626 4099 2676 4153 in
2707 4101 2897 4156 eodem
2927 4117 2940 4153 :
2979 4119 2995 4151 ι
3024 4101 3091 4154 Et
3119 4102 3162 4154 si
3196 4112 3384 4156 castus
3419 4109 3474 4156 ct

1876 4193 1920 4249 si
1951 4190 2164 4246 sobrius
2194 4179 2290 4256 sis,
2322 4205 2454 4244 cave
2482 4207 2550 4246 ne
2571 4191 2646 4246 sis
2669 4191 2966 4264 negligens.
3018 4191 3276 4261 Majorem
3308 4194 3476 4248 Chri-

1878 4296 1962 4342 sto
1990 4284 2121 4340 facit
2149 4283 2426 4352 injuriam,
2455 4284 2546 4354 qui
2576 4284 2956 4340 advenientem
3003 4284 3236 4356 repellit.
3269 4306 3287 4338 ι
3340 4284 3474 4340 Pro—

1878 4387 2086 4449 pterea,
2123 4377 2338 4440 fratres,
2372 4376 2746 4445 gloriosissimi
2775 4377 3104 4432 conl’cssoris
3125 4378 3296 4433 nostri
3336 4378 3471 4432 Am-

1881 4469 2047 4526 brosii
2078 4469 2404 4524 sententiam
2431 4468 2652 4522 auribus
2698 4468 3050 4524 interioribus
3075 4469 3318 4538 graviter
3349 4483 3474 4539 per-

1883 4566 2065 4637 cipite,
2097 4565 2182 4620 cui
2213 4564 2472 4633 refragari
2506 4581 2533 4616 a
2566 4563 2844 4618 Catholico
2885 4562 3248 4634 periculosum
3301 4571 3357 4618 et
3405 4561 3474 4615 ab

1884 4658 2084 4728 injusto
2107 4656 2461 4712 criminosum
2511 4655 2884 4709 indubitanter
2936 4669 3060 4709 esse
3112 4652 3471 4708 adscribitur.

1875 4739 1976 4802 Ait
1998 4746 2142 4800 enim
2174 4746 2226 4798 in
2270 4745 2407 4800 libro
2432 4745 2499 4799 de
2529 4744 2784 4799 conﬁictu
2836 4745 3090 4800 vitiorum
3125 4761 3140 4798 :
3172 4762 3190 4796 ι
3211 4743 3366 4811 Quod
3417 4742 3472 4797 in

1886 4838 2110 4896 exordio
2136 4838 2350 4910 generis
2379 4837 2598 4891 humani
2626 4837 2925 4893 masculum
2954 4847 3011 4894 et
3048 4835 3308 4891 feminam
3366 4835 3474 4888 Do-

1886 4934 2092 4991 minum
2114 4944 2425 5003 procreasse
2443 4928 2730 4999 proﬁteris,
2758 4939 2818 4984 ut
2836 4929 3040 4986 mutuis
3058 4943 3115 4984 se
3137 4926 3478 4997 amplexibus

1884 5025 2103 5084 misceri
2133 5025 2378 5089 debeant,
2409 5024 2632 5079 omnino
2663 5023 2946 5082 verissime
2996 5022 3164 5086 dicis;
3222 5022 3320 5074 sed
3378 5030 3480 5069 nu-

1881 5115 2041 5176 bendi
2064 5116 2280 5172 Iicentia
2305 5114 2631 5184 quibusdam
2667 5113 2948 5181 tribuitur,
2999 5113 3099 5166 hoc
3129 5109 3330 5176 estqui
3374 5103 3482 5154 vir-

1881 5213 2168 5287 ginitatem
2199 5251 2214 5276 ,
2278 5207 2690 5269 castimoniam,
2729 5204 2817 5260 vel
2867 5201 3483 5304 \‘itlualitatemmequa-
