3934 5330
541 252 636 356 93³1

1530 260 1874 351 essent.“
1915 284 2467 350 usorocaueNsrs
2507 280 2770 350 cmmm
2840 282 2845 287 '

3706 290 3803 354 95!

540 418 691 481 Item,
726 415 920 468 l'ratres
950 407 1329 474 dilectissimi,
1359 409 1489 479 quid
1532 396 1755 463 sanetns
1794 408 2116 464 Ambrosius
2150 416 2191 472 Α
2223 418 2408 477 agunt,
2440 424 2544 463 non
2569 407 2889 463 sufferentes
2922 406 3149 462 invicem
3182 424 3359 481 neque
3399 414 3684 469 studentes
3707 432 3800 473 ser.

538 503 917 561 dicatcuriose
947 502 1227 557 attendite.
1256 499 1348 554 Ait
1385 500 1528 554 enim
1577 499 1628 553 in
1686 499 1826 553 libro
1879 501 1946 553 dc
1999 499 2124 569 fuga

537 595 716 651 saeculi
749 593 821 666 (c.
858 592 912 663 5)
955 610 968 646 :
1005 611 1022 643 ς
1046 591 1151 645 Lex
1186 591 1462 646 hominum
1505 604 1568 646 os
1595 591 1770 661 potuit
1816 591 2123 657 ol‘struere,

541 707 647 747 non
679 690 853 760 potuit
892 697 1125 743 mentem
1175 696 1405 751 mutare,
1446 705 1465 738 ι
1499 694 1556 739 et
1598 685 1651 739 in
1704 684 1935 754 septimo
1986 684 2125 739 libro

508 768 680 835 'idem
703 792 863 848 super
887 777 1086 831 Lucam
1119 774 1260 847 (VIII,
1290 775 1342 842 7)
1374 793 1388 827 :
1418 789 1437 826 ι
1467 773 1548 829 Ah
1593 774 1748 827 init?o
1788 782 1979 828 autem
2006 773 2124 829 Dei

539 868 625 923 lex
648 876 748 924 est.
782 866 910 933 Qua:
945 872 1029 919 est
1058 864 1141 918 lex
1169 862 1262 917 Dei
1283 863 1307 915 ?
1328 861 1625 932 Rclinquet‘
1644 862 1805 915 homo
1832 870 2038 931 patrem
2070 869 2124 916 et

537 968 787 1019 matrem,
817 964 871 1009 et
900 953 1198 1009 adlnerebit
1230 952 1385 1005 uxori
1417 966 1550 1010 sure,
1599 960 1655 1004 ct
1691 961 1854 1005 erunt
1904 950 2010 1004 duo
2066 950 2123 1005 in

534 1063 700 1104 Carne
721 1064 846 1100 una.
881 1045 1019 1114 Ergo
1042 1044 1131 1114 qui
1163 1042 1384 1097 dimittit
1419 1053 1662 1105 livorem,
1716 1055 1935 1095 carnem
1967 1055 2121 1095 suam

533 1142 752 1204 scindit,
782 1138 972 1193 dividit
999 1151 1193 1208 corpus
1221 1137 1294 1207 (e.
1332 1134 1408 1204 4).
1438 1133 1799 1189 Νοιίοιιχοτείιι
1825 1133 2118 1196 dimittere,

533 1252 601 1293 ne
630 1234 797 1288 Deum
825 1230 1033 1301 copula:
1071 1239 1176 1284 tua:
1206 1225 1483 1283 dilﬁtearis
1506 1234 1771 1280 antorem.
1822 1224 1962 1279 Audi
1991 1223 2121 1292 quid

496 1309 501 1315 ’
531 1326 669 1382 dixit
693 1325 833 1378 Deus
866 1340 878 1376 :
907 1321 1007 1389 Qui
1035 1319 1518 1381 dimittltnxorem,
1547 1315 1809 1371 faciteam
1832 1312 2117 1382 mmchari,

530 1417 728 1475 etenim
761 1414 845 1470 cui
872 1430 978 1469 non
1002 1412 1131 1467 licuit
1162 1411 1376 1465 vivente
1403 1409 1521 1463 viro
1544 1416 1754 1463 mutare
1778 1406 2115 1480 coniugium,

530 1518 709 1581 potest
734 1509 1000 1577 obrepere
1052 1505 1218 1560 libido
1264 1502 1542 1573 peccandi.
1608 1501 1798 1572 Itaque
1829 1500 1919 1571 qui
1959 1510 2118 1555 antor

494 1590 497 1597 ’
530 1603 733 1667 erroris
755 1610 863 1667 est,
894 1598 1059 1655 etiam
1093 1612 1216 1653 reus
1253 1604 1339 1651 est
1381 1594 1570 1665 culpm.
1621 1591 1794 1659 Quam
1846 1591 2116 1662 periculo-

530 1684 673 1759 sum,
703 1695 748 1750 si
773 1690 1016 1763 fragilem
1040 1686 1451 1744 adulescentula:
1483 1694 1699 1741 (etatem
1746 1683 1921 1739 errori
1975 1681 2113 1737 οπεά

2226 512 2360 553 vare
2388 499 2649 554 unitatem
2704 498 2930 568 spiritus
2956 500 3009 553 in
3039 499 3256 556 vinculo
3302 503 3480 572 pacis,
3531 506 3803 564 caritatem

2212 590 2413 661 'ntique
2440 605 2546 645 non
2574 590 2844 659 habendo,
2868 591 3036 647 etiam
3059 606 3183 647 cum
3214 594 3322 649 illis
3348 597 3633 663 omnibus,
3695 616 3804 669 qua:

2225 680 2392 735 nichil
2422 682 2502 737 eis
2522 690 2770 751 prosunt,
2822 680 2888 736 ad
2938 689 3199 737 :eternam
3246 684 3486 740 salutem
3531 691 3807 756 pervenire

2224 786 2332 825 non
2360 778 2607 841 possunt.
2635 762 2898 828 ldolatras
2925 774 3072 828 cnim
3122 774 3191 828 in,
3225 772 3425 845 populo
3474 776 3571 833 Dei
3609 780 3807 849 gladia:

2229 864 2527 930 interemit,
2557 863 2900 919 scismaticos
2925 873 3105 920 autem
3136 872 3299 920 terra
3318 866 3803 926 hiatusabsurbuit.

2234 951 2344 1008 Sed
2372 953 2495 1024 quia
2545 954 2821 1024 negotium
2860 954 3018 1009 nobis
3065 954 3268 1011 eminet
3316 971 3465 1012 nunc
3515 973 3804 1027 maguum.

2204 1042 2364 1096 unde
2393 1042 2551 1097 modo
2575 1051 2807 1098 tractare
2836 1056 2959 1097 cum
2982 1058 3188 1099 summa
3214 1044 3524 1102 humilitate
3539 1054 3802 1113 convenit,

2197 1160 2200 1165 ν
2224 1148 2255 1187 a
2289 1132 2484 1188 talibus
2508 1149 2651 1190 nunc
2671 1150 2770 1191 nos
2790 1134 3177 1191 subtrahentes
3222 1138 3603 1206 quiescamus.
3649 1143 3805 1212 Igitur

2221 1241 2364 1281 nunc
2385 1227 2585 1283 nostris
2612 1239 2864 1285 occurrat
2896 1232 3194 1298 memoriis,
3243 1236 3390 1303 quod
3436 1237 3635 1293 doctor
3685 1256 3805 1311 gena

2198 1316 2354 1370 'tium
2385 1327 2439 1372 et
2463 1320 2710 1376 veritatis
2738 1323 3002 1394 magister
3050 1323 3250 1381 Paulus
3303 1329 3630 1398 apostolus,
3686 1336 3803 1388 tuta

2194 1406 2496 1474 salutaris,
2526 1409 2756 1476 intonat,
2791 1414 3006 1469 dicens:
3032 1434 3048 1465 ι
3073 1414 3177 1483 Qui
3200 1430 3260 1471 se
3286 1431 3397 1473 non
3418 1422 3686 1485 continet.
3714 1442 3803 1478 nn-

2218 1494 2330 1561 bat,
2363 1498 2558 1553 melius
2582 1500 2729 1556 enim
2776 1504 3101 1559 est-nubere
3126 1521 3295 1575 quam
3326 1509 3414 1563 uri
3464 1508 3520 1580 (ι
3556 1511 3681 1566 Cor.
3714 1530 3799 1579 ru,

2216 1586 2294 1658 9).
2335 1608 2354 1641 ι
2390 1589 2457 1644 Et
2480 1591 2653 1645 item:
2709 1593 2882 1669 gVolo
2918 1604 3100 1650 autem
3142 1612 3337 1654 omnes
3389 1600 3647 1656 homines
3691 1620 3801 1659 esse

2215 1678 2358 1732 sicut
2374 1689 2431 1733 et
2459 1694 2546 1734 me
2566 1680 2767 1752 ipsum,
2790 1684 2886 1739 sed
2918 1686 3294 1757 unusquisque
3309 1691 3600 1760 proprium
3616 1693 3801 1751 donum

530 1788 653 1841 ms!
691 1784 863 1851 Quam
916 1783 1158 1851 impium,
1205 1778 1251 1833 si
1306 1777 1422 1848 ejus
1467 1776 1731 1829 destituas
1779 1780 2108 1828 senectutem
2143 1780 2186 1839 Β
2217 1768 2382 1825 habet
2411 1784 2478 1825 ex
2501 1771 2633 1838 Deo,
2658 1773 3158 1844 aliusquidemsic,
3183 1774 3327 1834 alius
3372 1796 3515 1837 vero
3567 1798 3673 1838 non
3709 1787 3797 1841 sic.

528 1879 684 1950 cujus
714 1864 1060 1932 deﬂoraveris
1083 1870 1453 1943 juventdteml
1484 1867 1599 1936 Qui
1621 1867 1927 1922 hominibus
1950 1867 2109 1922 obse-

527 1968 735 2041 queris,
766 1967 931 2019 Deum
964 1977 1171 2019 verere.
1201 1959 1343 2016 Audi
1371 1958 1543 2029 legem
1568 1956 1781 2013 Domini
1816 1959 1885 2025 (c.
1912 1955 1990 2026 5),
2020 1955 2107 2011 cui

526 2063 855 2115 obsecuntur
883 2057 1047 2113 etiam
1068 2054 1160 2127 qui
1189 2053 1334 2122 leges
1360 2050 1541 2107 ferunt
1571 2068 1584 2105 :
1628 2049 1775 2115 Quos
1801 2047 1943 2104 Deus
1976 2062 2107 2103 con-

519 2153 725 2224 junxit,
752 2153 913 2208 homo
943 2165 1046 2203 nou
1070 2153 1285 2218 separet
1312 2145 1383 2216 (c.
1411 2143 1487 2215 6).
1519 2142 1626 2198 Sed
1662 2156 1767 2197 non
1797 2141 1973 2195 solum
2005 2140 2110 2197 hoc

526 2241 596 2277 ⁸⁷³
627 2244 847 2299 (ξωιεειθ
875 2250 1219 2311 praeceptum,
1253 2235 1344 2290 sed
1378 2234 1646 2304 quoddam
1673 2232 1836 2287 etiam
1859 2245 1998 2301 opus
2015 2230 2108 2287 Dei

525 2334 771 2392 solvitur.
812 2353 829 2386 ι
860 2333 928 2386 At
952 2330 1077 2401 quid
1109 2335 1335 2384 sanctus
1359 2324 1642 2380 Crisantus
1670 2322 1727 2377 in
1782 2333 1877 2376 sua
1902 2321 2113 2391 passio-

526 2444 615 2494 ne,
670 2427 759 2480 ubi
805 2423 1020 2478 mentiri
1064 2418 1171 2474 non
1218 2417 1410 2489 potuit,
1471 2417 1636 2480 dicat,
1685 2414 1964 2486 percipite.
2021 2413 2113 2468 Ait

523 2521 667 2576 enim
703 2534 717 2571 :
756 2535 775 2568 ι
805 2515 999 2570 Errant
1036 2511 1127 2583 qui
1152 2509 1460 2566 castitatem
1485 2520 1543 2561 se
1568 2514 1760 2576 putant
1813 2502 2109 2575 perfectam

524 2610 637 2664 suis
665 2607 873 2664 nisibus
905 2604 1177 2667 obtinere;
1209 2599 1311 2655 nisi
1332 2598 1476 2654 enim
1511 2609 1625 2662 tuo,
1669 2595 1917 2661 Domine,
1960 2593 2113 2650 iubre

525 2700 754 2757 [inmune
780 2697 980 2752 fuerint
1006 2690 1313 2764 corporales
1351 2691 1629 2754 extinctas,
1653 2702 1759 2742 non
1791 2695 1968 2757 potest
1994 2686 2112 2741 ani-

522 2808 641 2847 mus
669 2790 950 2861 pervenire
969 2802 1076 2857 quo
1103 2786 1296 2856 pergit.
1327 2782 1519 2837 Libido
1548 2788 1631 2836 est
1657 2777 1828 2834 bestia
1854 2776 2108 2849 maligna,

522 2899 643 2953 quae
669 2883 720 2936 in
753 2878 902 2949 sylva
934 2876 1092 2945 hujus
1118 2874 1298 2931 surculi
1330 2872 1398 2928 ad
1427 2872 1764 2927 devorandas
1788 2870 1997 2925 animas
2015 2885 2112 2941 per

522 2989 743 3029 carnem
768 2981 819 3028 et
848 2968 1119 3025 diabolum
1152 2968 1426 3025 incitatur.
1459 2963 1561 3033 Qui
1590 2965 1708 3036 ejus
1733 2973 1964 3020 mortem
1986 2979 2112 3018 evn-

2186 1858 2341 1914 .Dico
2377 1869 2557 1917 autem
2584 1877 2696 1917 non
2740 1866 2924 1935 nuptis
2949 1875 3005 1920 et
3044 1868 3222 1924 viduis
3252 1887 3269 1924 :
3311 1868 3531 1927 Bonum
3567 1883 3654 1928 est
3686 1876 3796 1937 illis,

2188 1984 2189 1987 η
2208 1953 2254 2006 si
2269 1953 2345 2007 sic
2359 1955 2765 2024 permanserint
2781 1958 2990 2014 sicutet
3013 1974 3131 2031 ego.
3150 1960 3306 2029 Quod
3320 1964 3367 2018 si
3385 1979 3500 2019 non
3510 1966 3796 2030 contineat,

2211 2042 2432 2108 nubant,
2448 2042 2640 2100 melius
2652 2048 2890 2101 estcnim
2915 2050 3140 2114 nubere,
3166 2066 3330 2120 quam
3359 2054 3451 2106 uri
3478 2052 3791 2126 (Ibid.,7).:

2212 2133 2342 2188 Item
2360 2134 2427 2188 ad
2454 2134 2761 2193 Romanos:
2783 2156 2804 2190 ι
2826 2138 3397 2213 Scimusautent,quia
3415 2145 3503 2200 lex
3516 2148 3797 2217 spiritalis

2211 2234 2317 2291 est,
2345 2240 2447 2297 ego
2477 2236 2660 2282 autem
2701 2230 2937 2286 carnalis
2968 2247 3088 2287 sum
3133 2234 3237 2288 sub
3262 2247 3504 2305 peccato
3537 2241 3796 2295 venum}:-

2210 2325 2321 2374 tus.
2362 2320 2503 2387 Quid
2552 2322 2701 2377 enim
2748 2337 2986 2394 operor,
3025 2341 3130 2382 non
3183 2327 3453 2399 intelligo.
3506 2331 3630 2389 Non
3657 2338 3793 2390 .enim

2211 2413 2354 2483 quod
2385 2413 2507 2469 volo
2552 2413 2655 2470 hoc
2707 2430 2831 2485 ago,
2874 2418 2970 2473 sed
3007 2418 3149 2489 quod
3201 2420 3289 2475 odi
3336 2421 3475 2477 illud
3535 2422 3696 2480 facio.
3742 2425 3792 2480 Si

2211 2512 2391 2559 autem
2416 2505 2561 2574 quod
2583 2504 2708 2562 nolo
2733 2506 2864 2563 illud
2884 2506 3047 2573 facio,
3071 2507 3359 2565 consentio
3385 2511 3520 2584 legi,
3548 2515 3791 2584 quoniam

2213 2594 2353 2650 bona
2379 2602 2464 2649 est
2494 2593 2652 2665 (Rom
2685 2611 2782 2661 vu,
2810 2597 2945 2668 14).
2979 2615 2998 2651 ο
3054 2597 3213 2665 Nam,
3262 2599 3473 2657 fratres
3500 2602 3788 2669 karissitni,

2208 2685 2411 2739 timens
2438 2687 2832 2756 perplurimum
2863 2689 3027 2744 corde
3056 2698 3112 2747 et
3149 2690 3337 2747 animo
3368 2708 3700 2764 expavesco,
3723 2706 3792 2751 tot

2172 2783 2269 2831 ~et
2296 2783 2477 2832 tantos
2507 2777 2733 2832 scientia
2769 2786 2824 2834 et
2849 2781 3167 2850 operatione
3212 2783 3673 2852 praeclarissimas
3714 2802 3793 2842 sai

2211 2869 2463 2926 cerdotes
2484 2870 2724 2926 feraliter
2747 2885 2778 2926 a
2801 2872 3024 2942 perfidis
3066 2872 3401 2932 Christianis
3443 2878 3552 2933 sub
3571 2880 3789 2949 quadam

2198 2971 2268 3015 et
2295 2962 2533 3017 inaudita
2612 2964 2902 3037 occasione
2969 2966 3264 3021 trucidatos
3331 2969 3785 3033 animadvertas.

520 3066 675 3130 serit,
699 3063 791 3119 tibi
825 3065 931 3118 Deo
974 3061 1178 3133 gratias
1223 3057 1412 3126 refert,
1458 3056 1584 3126 quia
1636 3063 1786 3109 tuum
1830 3061 1914 3109 est
1964 3054 2109 3123 quod
2182 3050 2397 3106 dolens
2425 3052 2586 3107 modo
2616 3061 2827 3123 tempus
2852 3056 3353 3124 comperiouostris
3391 3060 3576 3115 oculis
3596 3062 3793 3117 acoetes

517 3155 710 3212 evasit.
752 3172 770 3206 ι

468 3324 473 3329 ,
522 3268 753 3336 Explicit
780 3255 850 3336 Ψ
877 3279 1044 3317 serum
1071 3255 1293 3336 Wiberti
1314 3256 1710 3336 archidiaconi;
1734 3254 1920 3336 incipit
1969 3264 2100 3336 ams

518 3394 519 3397 η
566 3326 775 3400 ’ὁδὐδὶὶ,
801 3334 906 3389 Gru
924 3335 997 3387 cis
1020 3347 1063 3386 et
1091 3331 1292 3385 Latinis
1343 3329 1560 3399 eloquiis
1616 3326 1874 3391 eruditus,
1930 3326 2020 3396 qui
2058 3333 2104 3376 et

592 3409 646 3460 di
668 3423 866 3460 .cmtus.

591 3519 682 3575 24.
724 3513 863 3590 (ἓό.)
889 3535 908 3569 ι
944 3514 1085 3570 Deus
1107 3513 1196 3584 qui
1243 3510 1363 3567 fons
1408 3520 1491 3567 est
1520 3507 1798 3573 bonitatis,
1846 3505 2105 3579 perfectio

488 3609 810 3674 castitatis,
844 3606 1102 3677 magister
1131 3602 1397 3668 caritatis,
1427 3610 1642 3656 amator
1690 3614 1834 3656 verte
1883 3598 2104 3669 virgini-

521 3703 648 3757 tatis
672 3690 1021 3769 oumiumque
1046 3695 1305 3751 virtutum
1348 3703 1562 3758 auctor,
1610 3692 1682 3746 sit
1713 3690 1871 3747 nobis
1915 3689 2102 3744 hocin

517 3794 733 3865 negotio
765 3790 1008 3847 veritatis
1048 3797 1213 3851 tutor,
1248 3784 1462 3856 adjutor
1514 3780 1857 3846 humilitatis,
1905 3780 2100 3834 adver-

458 3864 459 3869 ‘
516 3864 788 3950 saviorqu
849 3887 1147 3948 defensor,
1206 3898 1349 3938 verae
1424 3879 1642 3936 virtutis
1709 3884 2098 3949 augmentum,

514 3976 828 4040 sermonum
850 3981 1122 4051 justorum
1156 3974 1428 4039 minister,
1483 3979 1538 4026 et
1582 3970 1812 4025 sincerae
1855 3964 2103 4020 caritatis

513 4089 729 4144 seraper
754 4072 1179 4135 incrementum;
1211 4083 1372 4138 quam
1428 4065 1713 4122 caritatem
1746 4060 1945 4116 Paulus
1972 4071 2102 4128 apo-

513 4165 685 4221 stolus
710 4179 874 4235 super
901 4175 1091 4217 omnes
1116 4159 1347 4214 virtutes
1386 4153 1681 4221 laudando,
1713 4151 1898 4221 utjam
1924 4147 2097 4215 scitis,

448 4317 457 4321 ,
516 4253 912 4325 magnificavit;
940 4251 1006 4305 de
1052 4262 1157 4318 qua
1196 4255 1420 4302 sanctus
1479 4242 1811 4315 Augustinus
1857 4238 2098 4295 omnium

513 4344 905 4402 sententiarum
934 4341 1123 4410 peritia
1149 4339 1317 4394 fultus
1344 4339 1396 4391 in
1430 4336 1570 4390 libro
1610 4335 1677 4389 de
1704 4332 1865 4385 unico
1901 4329 1970 4365 ⁸⁸ι
1998 4327 2097 4383 ba-

445 4496 453 4501 .
512 4436 712 4505 ptismo
760 4430 1077 4502 perscripsit
1123 4426 1270 4499 (lii)
1322 4427 1553 4482 dicens:
1614 4442 1632 4474 ι
1664 4421 1891 4477 Videant
1935 4433 2098 4489 quam

446 4584 449 4599 ι
516 4528 681 4582 uudta
709 4535 765 4579 et
788 4539 949 4595 quam
988 4538 1183 4593 magna
1222 4519 1389 4575 nichil
1415 4517 1645 4589 prosint,
1690 4514 1738 4569 si
1765 4527 1931 4568 unum
1954 4509 2096 4581 quod

514 4617 774 4681 defuerit;
814 4624 869 4670 et
887 4615 1106 4671 videant
1126 4612 1272 4683 quod
1298 4610 1369 4667 sit
1400 4612 1575 4681 ipsum
1606 4622 1806 4672 unum;
1863 4618 1966 4659 nec
2008 4617 2098 4656 me

445 4692 449 4697 ’
513 4694 805 4771 inhomine
828 4697 1072 4773 audiant,
1100 4706 1192 4762 sed
1222 4704 1538 4777 Apostolum
1573 4719 1587 4756 :
1620 4700 1677 4756 Si
1701 4697 1901 4768 linguis
1920 4693 2098 4749 homi-

512 4819 640 4859 nutu
671 4802 865 4874 loquar
887 4794 943 4857 et
975 4799 1313 4871 angelorum,
1358 4795 1642 4853 caritatem
1687 4807 1793 4846 non
1840 4787 2093 4849 habeam,

438 4948 445 4967 ζ
511 4894 677 4951 nichil
707 4865 848 4950 sum.
873 4913 891 4945 ι
932 4890 990 4947 Si
1013 4892 1178 4962 igitur
1207 4889 1383 4958 aliqua
1408 4886 1694 4957 ingruente
1717 4878 2093 4952 persecutione
2130 4908 2135 4913 ~

437 5050 445 5057 ,
513 4986 727 5040 tradant
758 4986 824 5039 ad
855 4983 1099 5043 ﬂammas
1124 4979 1403 5035 nobiscum
1433 4991 1630 5045 corpus
1666 4989 1823 5028 suum
1847 4986 1947 5041 pro
1985 4969 2092 5027 fide
2126 4990 2133 4993 '

434 5140 443 5146 _
508 5093 670 5150 quam
701 5079 906 5151 pariter
934 5075 1282 5137 confitentur,
1311 5080 1490 5126 tamen
1536 5068 1659 5139 quia
1688 5065 1923 5136 separati
1975 5063 2090 5119 hinc

2135 3133 2180 3193 C
2214 3158 2383 3210 nasse,
2420 3145 2488 3199 de
2514 3158 2623 3215 quo
2665 3147 2880 3201 animus
2925 3149 3153 3218 apostoli
3201 3150 3400 3220 spiritu
3457 3161 3517 3207 et
3573 3154 3790 3210 scicntia

2212 3234 2306 3289 Dei
2335 3235 2645 3307 perfulgens
2668 3239 2833 3292 multa
2863 3242 3126 3310 praesagia
3153 3241 3420 3311 praefatus
3442 3252 3537 3301 est
3568 3245 3785 3300 dicens:

2216 3347 2236 3380 ‹
2254 3328 2311 3383 lu
2340 3329 2648 3385 novissimis
2675 3332 3009 3401 temporibus
3038 3332 3327 3389 discedent
3357 3336 3589 3405 quidam
3616 3353 3646 3391 a
3673 3337 3786 3402 fide;

2209 3424 2549 3479 attendentes
2588 3424 2872 3494 spiritibus
2917 3426 3141 3491 erroris,
3174 3435 3230 3481 et
3268 3411 3555 3485 doctrinis
3599 3429 3789 3485 damo-

2208 3515 2422 3570 niorum
2465 3515 2517 3569 in
2553 3516 2787 3587 ypocrisi
2846 3516 3180 3586 loquentimn
3211 3518 3589 3584 mendacium,
3614 3532 3787 3577 came.

2207 3609 2401 3663 riatam
2430 3607 2744 3662 habentium
2767 3623 2919 3663 suam
2951 3609 3365 3674 conscientiam,
3384 3611 3783 3679 prohibentium

2206 3703 2437 3765 nubere,
2496 3699 2775 3755 abstinere
2826 3717 2855 3755 a
2905 3702 3043 3756 cibis
3089 3715 3225 3771 quos
3263 3702 3411 3758 Deus
3467 3705 3675 3759 creavit
3722 3703 3783 3758 ad

2156 3794 2161 3797 ⁷
2203 3793 2610 3863 percipiendum
2637 3809 2759 3847 cum
2806 3794 3104 3864 gratiarum
3135 3796 3352 3851 actione
3377 3794 3701 3853 ﬁdelibnset
3725 3796 3782 3850 iis

2204 3884 2296 3955 qui
2325 3892 2691 3954 cognoverunt
2714 3883 2993 3940 veritatem
3023 3884 3074 3956 (ι
3101 3883 3235 3939 Tim.
3263 3901 3341 3950 tv,
3373 3885 3452 3956 Ι).
3495 3906 3516 3939 ι
3556 3885 3776 3949 Utinam,

2204 3975 2402 4032 fratres
2439 3975 2799 4039 dilectissimi,
2858 3977 2962 4031 hoc
3016 3975 3271 4048 placitum
3303 3993 3433 4033 cum
3466 3979 3693 4033 caritate
3732 3984 3781 4031 et

2202 4066 2510 4122 humilitate
2539 4080 2603 4121 ac
2637 4065 2964 4121 discretione
3012 4066 3227 4121 iuitimn
3258 4068 3314 4122 in
3362 4068 3481 4124 Deo
3536 4066 3773 4123 haberet!

2203 4156 2318 4213 Hoc
2343 4156 2388 4212 si
2413 4156 2557 4212 enim
2584 4154 2796 4222 fuisset,
2826 4155 3013 4225 utique
3040 4157 3274 4212 medium
3301 4158 3513 4214 bonum
3541 4173 3606 4214 ac
3628 4158 3776 4212 linem

2201 4249 2291 4319 qui
2337 4248 2668 4319 estpietatis
2709 4256 2765 4303 et
2816 4247 3064 4302 caritatis
3112 4248 3330 4302 initium
3378 4259 3437 4304 et
3478 4250 3624 4317 finis,
3649 4250 3776 4304 Das

2203 4339 2366 4393 certis
2389 4338 2595 4393 inditiis
2619 4339 2739 4393 sine
2769 4338 2934 4393 tantis
2956 4337 3131 4409 plagis
3168 4352 3235 4393 ac
3262 4341 3567 4409 angustiis,
3597 4356 3629 4395 e
3664 4339 3775 4409 quia-

2204 4430 2304 4484 bus
2327 4444 2471 4483 nunc
2497 4431 2632 4484 ordo
2675 4436 2861 4484 noster
2889 4428 3150 4484 Ecclesia:
3187 4427 3359 4484 totius
3412 4431 3775 4488 Ambrosias:

2202 4521 2256 4575 in
2285 4520 2471 4592 primis
2502 4529 2743 4589 urgetur,
2781 4521 3078 4575 clementer
3097 4524 3461 4592 approbaret;
3494 4522 3567 4579 de
3595 4524 3773 4592 quibus

2199 4614 2390 4670 beatus
2413 4614 2727 4669 Ambrosius
2753 4613 3162 4671 insermonibus
3181 4616 3545 4686 conqueritur
3569 4616 3769 4671 dicens:

2211 4726 2228 4758 ε
2262 4706 2452 4761 Tantis
2481 4706 2626 4760 enim
2658 4706 2814 4761 malis
2846 4706 2962 4763 haec
2989 4707 3100 4763 vita
3131 4709 3333 4764 misera
3359 4718 3451 4765 est
3470 4710 3698 4781 repleta,
3720 4715 3771 4759 ut

2202 4799 2610 4870 comparatione
2671 4799 2791 4870 ejus
2838 4814 2988 4856 mors
3036 4801 3336 4856 remedium
3394 4811 3643 4871 putatur,
3673 4812 3769 4854 non

2202 4905 2384 4960 poena.
2418 4909 2437 4942 ι
2476 4890 2585 4946 Sed
2615 4890 2744 4960 quia
2794 4891 3002 4947 malitia
3049 4898 3105 4946 et
3157 4891 3554 4958 malivolentia,
3606 4893 3681 4947 ira
3720 4899 3768 4945 et

2199 4982 2324 5037 odo
2351 4996 2414 5036 ac
2453 4982 2704 5046 avaritia,
2741 4998 2861 5052 qua:
2913 4995 3089 5051 neque
3130 4982 3283 5052 copia
3340 4985 3559 5054 augeri,
3609 4992 3767 5051 nequ

2201 5074 2383 5145 inopia
2413 5073 2582 5129 minui
2629 5082 2826 5145 potest,
2854 5073 3035 5142 «ipsam
3067 5082 3415 5130 struentes
3467 5076 3764 5144 insomni-

1771 5221 2006 5280 VARLE
2044 5221 2451 5285 LECTIONES.
