3934 5330
128 198 253 258 ωδ

1088 195 1403 256 ΠΙΞΤΟΙΠᾹ
1449 192 2014 252 llLZDlOLANZNSlS.
2057 226 2125 239 -—
2155 196 2284 253 LIB.
2324 197 2406 254 ill.
2447 238 2452 242 ~

3310 200 3416 259 93S

128 313 409 373 -sabiliter-
429 321 488 367 ut
515 318 804 384 appareret
827 308 1018 381 repleti
1046 319 1195 377 sunt,
1228 322 1289 365 ut
1335 308 1492 366 bouis
1541 307 1730 371 initiis,
1757 312 1952 393 .tlest;
1980 311 2123 381 quod
2149 312 2318 382 culpa:
2349 321 2431 368 est
2460 310 2642 383 igitur,
2692 311 2746 367 in
2792 311 3124 383 baptismate
3157 312 3418 380 laxatur;

148 403 233 460 sic
261 403 577 461 melioribus
622 401 819 456 finibus
862 400 1095 466 carebit,
1128 401 1194 455 de
1226 415 1331 470 qua
1385 396 1743 469 malignitatis

147 493 449 563 iniquitate
469 492 662 547 doctor
711 499 767 547 et
814 490 1006 546 beatus
1045 490 1364 547 Ambrosius
1416 490 1470 545 in
1518 488 1744 558 epistola

122 583 511 649 _Vercellensi,
543 582 674 653 quid
704 582 870 648 dicat,
899 581 1184 637 audiamus
1222 584 1293 654 (c.
1330 581 1459 653 45):
1516 600 1535 633 ι
1592 579 1745 637 Mali-

147 674 339 747 gnitas
380 674 500 746 plus
555 680 719 729 nocet
765 689 925 742 quam
978 672 1209 738 malitia,
1262 673 1387 743 quia
1438 672 1745 742 malignitas

150 782 261 822 nec
287 781 481 838 puram
505 765 913 836 simplicitatem
956 764 1140 829 habet,
1173 780 1273 820 nec
1302 773 1545 835 apertam
1590 764 1747 819 mali-

154 858 317 920 tiam,
362 856 457 912 sed
512 857 883 912 absconditam
924 855 1376 911 malivolentiam.
1415 876 1433 908 D
1494 856 1643 910 Atut
1680 856 1747 911 ad

155 962 248 1015 ea,
278 949 479 1018 quibus
518 948 732 1003 animus
759 963 911 1002 nicas
963 947 1218 1013 intendit,
1256 949 1496 1014 veniam,
1552 949 1749 1018 quibus

114 1039 351 1095 -loricis
401 1039 708 1109 quibusque
762 1039 953 1103 armis,
1021 1054 1199 1109 quove
1252 1048 1405 1094 scuto
1452 1055 1483 1094 a
1529 1038 1746 1106 talibus,

150 1131 415 1201 quamvis
439 1130 662 1195 frustra,
712 1131 911 1187 muniri
965 1130 1038 1163 ⁸⁸¹
1082 1140 1138 1186 et
1169 1131 1463 1188 defendere
1520 1133 1745 1202 possim,

154 1224 409 1280 studiose
437 1238 560 1278 cum
600 1223 854 1278 omnibus
896 1223 1152 1279 Arialdus
1190 1232 1245 1280 et
1287 1222 1586 1279 Landulfus
1641 1240 1749 1281 non

108 1344 115 1351 -
152 1331 269 1381 me,
298 1317 393 1373 sed
426 1316 738 1388 apostolum
788 1325 1032 1372 nostrum
1084 1317 1434 1373 Ambrosium
1474 1328 1745 1384 sanctum,

148 1408 304 1476 quod
338 1408 391 1463 in
418 1406 755 1463 Vercellensi
777 1407 1017 1477 epistola
1040 1408 1205 1473 dicat,
1236 1407 1463 1463 audiant
1507 1417 1562 1464 et
1592 1404 1751 1465 intel-

152 1497 332 1570 ligant
367 1500 441 1570 (c.
489 1499 581 1568 62)
615 1517 629 1553 :
674 1517 695 1550 ‹
732 1498 1004 1553 Virtutum
1029 1506 1207 1553 autem
1239 1499 1498 1568 magister
1525 1506 1748 1569 aposto-

153 1588 372 1654 lusest,
410 1590 501 1659 qui
548 1604 672 1644 eum
716 1588 979 1659 patientia
1036 1588 1440 1659 redarguendos
1488 1588 1645 1644 docet
1692 1596 1748 1643 et

1847 401 1987 468 quod
2018 399 2148 473 ivgis
2177 411 2278 462 est.
2311 402 2362 457 in
2388 402 2637 473 coningio
2672 402 2903 458 solvitur
2925 403 3016 458 ”’.
3057 424 3074 455 ι
3114 403 3133 459 l
3162 422 3247 461 cm
3297 406 3425 462 Hie-

1847 502 2153 560 ronymus:
2194 508 2212 541 ι
2252 491 2601 546 Sacerdotem
2654 492 2847 562 qumrit
2894 492 3159 560 Ecclesia,
3214 502 3305 549 aut
3357 495 3425 551 de

1846 578 2153 648 virginitate
2185 591 2452 645 sanctum,
2486 591 2579 636 aut
2610 583 2675 637 de
2701 586 3044 653 monogamia
3088 597 3362 641 ornatum.
3397 606 3417 640 ι

1816 682 1823 693 ³
1847 666 2029 721 Laudo
2049 669 2214 733 enim,
2239 671 2429 725 fratres
2452 670 2748 738 karissimi,
2775 674 2916 742 quod
2943 674 3139 729 fratres
3166 675 3421 732 Arialdus

1846 765 1902 812 et
1930 756 2278 829 Laudulphus
2300 759 2411 829 iam
2437 762 2650 833 pepulis
2681 763 3040 829 seminarunt,
3074 775 3129 820 et
3167 781 3423 839 conqum-

1847 850 1894 902 ri
1926 848 1995 879 ω
2019 863 2050 902 a
2090 850 2358 904 desiderio
2388 854 2628 906 omnium
2668 852 2908 908 fidelium
2959 856 3194 909 maxime
3244 872 3426 913 sacer-

1849 940 2032 994 dotum
2057 951 2111 995 et
2140 941 2424 996 levitarum
2450 946 2785 1013 castitatem;
2812 946 2905 1001 sed
2929 966 2948 999 ι
2967 949 3087 1017 quis
3102 964 3222 1004 csse
3242 961 3366 1018 pote
3399 958 3422 1006 ι

1850 1032 2150 1096 continens,
2180 1032 2284 1086 nisi
2311 1032 2452 1087 Deus
2474 1035 2594 1090 det?
2621 1054 2639 1086 ι
2670 1044 2724 1089 ut
2753 1038 2829 1090 ait
2848 1035 3183 1107 Augustinus
3206 1039 3258 1093 in
3285 1038 3425 1094 libro

1850 1128 2035 1175 contra
2064 1121 2347 1177 Paulinum
2385 1134 2437 1179 et
2466 1124 2786 1196 Eutropium
2808 1126 2878 1159 ⁸⁹⁹
2905 1131 2976 1197 (c.
3017 1130 3124 1199 ll).
3161 1148 3179 1181 t
3214 1128 3428 1185 Catilrs

1852 1211 1970 1276 Dei,
1997 1221 2055 1266 ut
2079 1214 2217 1268 idem
2251 1215 2303 1269 in
2332 1205 2518 1271 eodem
2550 1217 2644 1282 ait,
2666 1232 2785 1287 qua:
2810 1216 3219 1275 multitudinem
3238 1236 3432 1291 peccas

1852 1309 2028 1356 torum
2056 1304 2300 1373 cooperit
2332 1304 2421 1371 ‘°°,
2475 1306 2795 1379 dill'und._tur
2843 1308 2894 1363 in
2947 1311 3198 1365 cordibus
3227 1313 3432 1369 nostris

1851 1408 1959 1447 non
2002 1408 2098 1466 per
2132 1411 2230 1449 nos
2253 1397 2419 1465 ipsos,
2449 1399 2544 1453 sed
2594 1414 2692 1470 per
2720 1398 2981 1471 Spiritum
3017 1415 3284 1472 sanctum,
3336 1410 3427 1477 qui

1852 1483 2009 1540 datus
2035 1496 2118 1541 est
2141 1488 2314 1543 nobis.
2338 1509 2355 1541 i
2402 1490 2471 1544 Et
2502 1490 2628 1546 item
2657 1491 2711 1546 in
2743 1495 2932 1548 eodem
2967 1494 3037 1566 (c.
3066 1495 3158 1567 54)
3194 1514 3207 1551 :
3246 1516 3263 1550 ι
3292 1497 3429 1554 Cum

1852 1590 1948 1629 rex
1979 1576 2159 1644 justus
2189 1579 2391 1634 sederit
2422 1581 2497 1653 in,
2529 1582 2724 1637 throno
2779 1598 2890 1637 suae
2942 1585 3259 1653 maiestatis,
3306 1590 3430 1658 quis

154 1682 231 1715 ⁸⁸³
255 1682 725 1748 contradicentes,
744 1681 846 1752 qui
874 1682 1035 1737 unius
1086 1682 1273 1736 uxoris
1326 1682 1502 1737 virum
1556 1682 1741 1753 praeei-

1851 1664 2175 1736 gloriabitur
2201 1677 2409 1723 castum
2435 1676 2494 1725 se‘
2531 1672 2733 1727 habere
2756 1682 2874 1739 cor,
2922 1684 3016 1728 aut
3059 1676 3182 1744 quis
3232 1676 3430 1744 gloria-

150 1774 275 1845 piat
303 1789 443 1837 esse,
476 1790 581 1829 non
603 1774 747 1845 quod
776 1782 1019 1830 exortem
1043 1773 1297 1829 excludat
1325 1773 1586 1845 coniugii,
1617 1792 1743 1831 nam

112 1896 113 1903 η
152 1864 265 1920 hoc
310 1880 477 1935 supra
511 1864 683 1935 legem
730 1865 984 1934 pratcepti
1049 1872 1155 1928 est,
1212 1865 1307 1919 sed
1365 1873 1425 1919 ut
1477 1863 1746 1937 coniugali

150 1956 478 2012 castimonia
496 1954 519 2009 f
520 1966 638 2010 ruet
658 1954 1033 2009 "‘ablutionis
1058 1953 1129 1992 ³⁸⁸
1142 1969 1254 2009 suae
1274 1955 1448 2025 gratia
1476 1955 1566 2009 ⁵⁸⁸.
1592 1954 1745 2012 Nulla

150 2044 303 2100 enim
327 2045 483 2114 culpa
497 2042 753 2114 coniugii,
770 2044 867 2099 sed
883 2043 969 2098 lex
996 2043 1090 2097 ⁸⁸⁵.
1111 2043 1237 2099 Ideo
1257 2044 1549 2114 Apostolus
1575 2046 1743 2116 legem

150 2136 360 2206 posuit,
386 2137 574 2191 dicens
600 2154 614 2189 :
643 2135 703 2190 Si
727 2135 849 2206 quis
878 2135 997 2191 sine
1018 2134 1246 2190 crimine
1262 2146 1345 2190 est
1373 2137 1530 2191 unius
1562 2138 1745 2192 uxoris

151 2224 264 2279 vir.
280 2225 426 2296 Ergo
444 2226 535 2296 qui
552 2227 670 2280 sine
684 2225 911 2281 crimine
937 2234 1019 2280 est
1041 2226 1201 2280 unius
1222 2229 1407 2283 uxoris
1431 2227 1534 2293 vir,
1558 2238 1747 2283 tenea-

152 2328 253 2373 tur
287 2318 356 2371 ad
398 2317 571 2389 legero
603 2316 896 2372 sacerdotii
928 2317 1230 2388 supradicti
1261 2317 1366 2383 ³⁸⁷;
1432 2319 1523 2388 qui
1560 2328 1742 2375 autem

154 2408 449 2463 intraverit
483 2407 556 2439 ⁸³⁸
585 2405 919 2478 coniugium,
946 2405 1159 2477 culpam
1186 2408 1403 2478 quidem
1439 2424 1543 2463 non
1579 2408 1746 2466 habet

152 2500 519 2570 coinquinati,
553 2501 648 2556 sed
700 2500 1056 2570 prterogativa
1104 2501 1323 2555 exuitur
1370 2503 1680 2556 sacerdotii.
1717 2520 1736 2554 ι

153 2593 292 2648 Item
335 2594 387 2647 in
411 2594 600 2648 eadem
635 2592 858 2663 epistola
906 2594 978 2663 (c.
1008 2592 1099 2663 59)
1151 2607 1165 2646 :
1209 2610 1228 2644 ε
1286 2593 1468 2651 Bonus
1498 2596 1741 2650 medicus

152 2685 332 2755 quiet
359 2683 589 2738 fortibus
633 2683 984 2738 subtilitatem
1037 2683 1106 2713 ⁸⁸⁹
1155 2684 1368 2739 virtutis
1416 2699 1741 2743 conservare

152 2776 368 2845 cupiat,
396 2784 451 2831 et
481 2774 711 2830 infirmis
737 2773 1108 2829 salubritatem
1135 2776 1284 2839 dare,
1326 2776 1446 2832 aliis
1475 2777 1564 2831 dat
1611 2796 1741 2833 cnn-

152 2866 362 2933 silinm,
383 2867 505 2922 aliis
530 2868 866 2922 demonstrat
900 2865 1216 2931 remedium,
1244 2865 1431 2922 dicens
1476 2883 1490 2921 :
1522 2868 1621 2936 Qui
1659 2870 1742 2924 in-

152 2961 350 3018 firmus
376 2968 481 3026 est,
509 2959 656 3016 olera
706 2960 1013 3024 manducet,
1056 2961 1287 3031 accipiat
1335 2978 1591 3030 uxorem;
1646 2964 1736 3032 qui

152 3052 369 3109 validus
403 3063 510 3118 est,
567 3050 842 3107 fortiorem
878 3053 1094 3107 virtutis
1126 3030 1305 3108 cibum
1334 3067 1585 3126 expectat
1628 3030 1733 3125 δέος
1767 3030 1811 3093 C

153 3145 461 3215 meritoque
489 3144 734 3213 adiunxit
766 3161 780 3198 :
821 3142 956 3199 Nam
985 3146 1072 3215 qui
1101 3148 1289 3202 statuit
1331 3148 1383 3201 in
1432 3152 1591 3205 corde
1640 3167 1738 3206 suo

98 3276 101 3279 λ
152 3235 369 3301 firmus,
400 3251 510 3290 non
559 3235 767 3291 habens
799 3235 1583 3307 necessitatem,'.potestatem
1639 3257 1738 3294 auc

94 3374 99 3377 .
156 3338 266 3385 tem
292 3328 509 3385 habens
529 3342 640 3384 sua:
669 3328 984 3396 voluntatis;
1015 3338 1070 3383 et
1111 3328 1202 3383 hic
1250 3330 1317 3364 ⁵⁸⁸
1362 3330 1627 3400 judicavit
1683 3336 1736 3388 in

150 3419 324 3476 corde
358 3433 459 3474 suo
505 3433 729 3473 servare
771 3419 1137 3490 virginitatem
1190 3435 1364 3486 suam,
1418 3421 1556 3476 bene
1607 3421 1738 3477 [πη

152 3509 247 3573 ⁸⁵9,
275 3519 333 3570 et
358 3509 454 3580 qui
476 3523 583 3577 non
601 3507 801 3579 iungit,
827 3508 1020 3564 melius
1043 3508 1193 3574 facit,
1226 3528 1244 3561 ι
1276 3518 1332 3565 et
1359 3509 1622 3565 Dominus
1642 3527 1738 3581 per

153 3599 477 3670 pmphetam
510 3616 525 3653 :
560 3617 579 3652 ι
616 3598 941 3654 Sacerdotes
966 3599 1070 3654 mei
1094 3600 1301 3654 nubant
1323 3599 1508 3655 semel.
1552 3619 1570 3651 ι
1604 3601 1736 3658 item

152 3708 253 3764 per
272 3691 591 3763 prophetam
622 3709 636 3745 τ
673 3690 969 3755 «Sacerdos
995 3692 1256 3763 virginem
1295 3692 1459 3746 ducat
1488 3708 1733 3760 uxorem,

149 3782 408 3838 similiter
428 3792 485 3838 et
512 3782 674 3838 levita
698 3780 889 3855 (Leuit.
921 3798 1035 3850 χιι,
1066 3783 1174 3854 l3).
1233 3803 1253 3835 ι
1287 3783 1359 3839 At
1388 3793 1446 3839 ut
1488 3783 1600 3853 iam
1634 3801 1735 3856 ego

94 3908 105 3913 —
154 3875 448 3933 bisverhis
477 3875 638 3931 finem
669 3876 965 3944 imponam,
1022 3877 1150 3946 quid
1195 3876 1386 3932 beatus
1418 3877 1736 3934 Ambrosius

151 3972 491 4028 seribensdn
512 3970 651 4028 libro
677 3973 745 4031 de
791 3971 981 4028 officiis
1027 3971 1195 4036 dicat,
1243 3973 1427 4028 audite
1481 3971 1543 4044 (ι,
1591 3973 1681 4048 50)
1718 3993 1730 4028 :

157 4085 177 4116 ι
212 4065 290 4120 De
316 4065 658 4138 monogamia
690 4064 975 4121 sacerdOtii
1007 4063 1081 4095 ⁸⁸⁸
1101 4064 1229 4135 quid
1260 4064 1473 4135 loquar,
1520 4068 1736 4135 quando
1784 4108 1789 4113 .

98 4178 103 4189 -
152 4170 257 4210 una
302 4162 514 4210 tantum
568 4155 902 4225 permittitur
932 4154 1123 4225 copula
1149 4164 1203 4209 et
1236 4170 1342 4209 non
1380 4156 1630 4227 repetita.
1676 4156 1734 4210 ln

152 4249 270 4317 ipso
294 4247 699 4320 crgoconiugio
740 4247 823 4303 lex
861 4258 967 4312 est,
1000 4264 1104 4303 non
1159 4248 1358 4303 iterare
1402 4248 1733 4321 coniugium,

1850 1756 1997 1812 bitur
2026 1759 2285 1812 mundum
2316 1775 2374 1815 se
2405 1775 2524 1816 esse
2574 1778 2603 1816 a
2651 1764 2910 1833 peccato?
2961 1764 3117 1820 Tunc
3166 1782 3295 1834 ergo
3333 1782 3431 1839 per

1850 1848 1966 1917 eius
2006 1851 2437 1907 misericordiam
2488 1853 2620 1922 iusti
2663 1854 2731 1909 ab
2763 1856 2866 1912 hiis
2915 1856 3125 1912 lihtrati
3175 1858 3244 1889 ‘°‘
3276 1859 3433 1928 plene

1846 1940 2193 2013 perfecteque
2218 1945 2483 2009 mundati,
2512 1944 2794 2018 fulgebunt
2818 1947 2870 2000 in
2904 1962 3072 2017 regno
3115 1947 3296 2005 Patris
3346 1951 3432 2006 sui

1849 2035 1990 2090 sicut
2016 2035 2115 2102 sol,
2145 2045 2197 2091 et
2228 2054 2351 2092 eum
2378 2037 2448 2069 “’
2480 2037 2635 2110 plene
2661 2047 2825 2109 atque
2846 2039 3089 2109 perfecte
3119 2042 3226 2095 erit
3251 2041 3435 2096 eccle-s

1849 2126 1928 2181 sia
1967 2143 2070 2181 non
2094 2128 2574 2185 habenstnacnlam
2594 2145 2768 2199 neque
2795 2144 3005 2201 rugam.
3040 2151 3058 2182 ι
3094 2131 3255 2186 Multa
3279 2134 3428 2188 enim

1848 2233 2171 2288 percurrens
2217 2219 2270 2274 in
2318 2219 2615 2290 Scripturis
2677 2219 2879 2275 sanctis
2926 2219 3129 2276 dixisse
3179 2223 3428 2289 memini;

1847 2308 1944 2365 sed
1990 2312 2132 2367 hanc
2189 2312 2464 2382 optionem
2541 2313 2732 2367 damus
2804 2311 2977 2377 vobis,
3044 2316 3290 2384 quamvis
3341 2316 3429 2370 ina-

1837 2399 2004 2471 iuste,
2034 2403 2291 2474 quoniam
2338 2417 2442 2458 non
2500 2405 2656 2459 decet
2705 2403 2805 2457 nisi
2854 2404 2983 2458 sons
3024 2404 3290 2474 episcOpis
3325 2404 3430 2460 hoc

1846 2491 2026 2547 facere
2082 2494 2223 2563 quod
2283 2494 2483 2558 facitis,
2541 2502 2600 2547 ut
2643 2490 2945 2548 licentiam'
2983 2495 3146 2548 totius
3194 2495 3429 2549 civitatis

1845 2580 2198 2658 omniumque
2228 2585 2460 2656 plebium
2515 2584 2671 2655 plane
2718 2585 3111 2655 perscrutanda
3146 2585 3422 2649 habeatis;

1845 2687 2114 2751 quatenus
2140 2678 2414 2733 trutinatis
2466 2675 2819 2741 facinoribus,
2867 2675 3194 2731 homicidiis
3220 2682 3425 2746 parvu-

1844 2767 2017 2823 lorum
2046 2771 2162 2824 sine
2192 2769 2515 2839 baptismate
2543 2782 2727 2822 necem
2754 2766 3079 2822 feraliter‘et
3102 2767 3424 2822 innocenter

1845 2861 2267 2924 incurrentibus,
2329 2858 2584 2930 periuriis
2621 2859 2691 2913 ob
2746 2858 3033 2913 mulierum
3082 2872 3320 2912 amorem
3369 2865 3427 2911 et

1845 2955 1928 3010 sui
1956 2954 2347 3020 defensionem,
2382 2967 2483 3008 nec
2509 2968 2613 3007 non
2645 2951 2927 3006 adulteriis
2955 2965 3017 3005 ac
3038 2950 3214 3004 'variis
3256 2949 3425 3004 forni—

1844 3045 2147 3101 cationibus
2175 3054 2281 3099 tam
2306 3046 2567 3117 iuvenum
2594 3058 2757 3113 quam
2790 3041 3061 3112 virginum
3109 3054 3418 3103 sacrarum,

1842 3155 1905 3194 ac
1929 3139 2112 3194 usibus
2139 3138 2334 3208 quibus
2368 3145 2475 3191 tota
2503 3135 2885 3191 Christianitas
2928 3148 3026 3202 per
3066 3131 3252 3188 orbem
3297 3132 3424 3186 uni-

1842 3247 2054 3285 versum
2080 3244 2248 3299 usque
2266 3230 2425 3283 modo
2451 3225 2647 3281 diffusa
2677 3224 2908 3293 feliciter
2939 3226 3106 3277 Deum
3140 3232 3219 3278 et.
3244 3223 3423 3277 homi-

1837 3342 1963 3381 nem
2003 3324 2229 3396 diligens
2260 3321 2478 3387 fruitur,
2508 3323 2561 3375 iu
2600 3319 2807 3391 indicio
2859 3328 3162 3374 vestrarum
3218 3316 3425 3372 anima-

1842 3433 1984 3482 rum,
2037 3427 2094 3470 ut
2156 3412 2939 3486 possumus,committimus,
2987 3422 3047 3465 ut
3088 3412 3423 3479 saccrdotes,

1838 3521 1975 3576 quos
2008 3506 2253 3575 bigamos
2277 3511 2367 3557 aut
2398 3503 2658 3574 trigamos
2697 3510 2789 3556 aut
2827 3501 3244 3556 concubinarios
3266 3501 3425 3555 inve-

1838 3599 2050 3664 neritis,
2082 3597 2538 3666 autdeponantur
2584 3593 3026 3649 autdividantur.
3069 3593 3192 3649 lllos
3243 3602 3425 3649 autem

1838 3703 1974 3759 quos
2004 3686 2297 3742 secundum
2351 3699 2483 3738 usus
2525 3683 2768 3738 ecclesiae
2817 3683 3001 3737 totius
3030 3683 3191 3737 unius
3226 3684 3425 3738 tuxoris

1837 3783 1985 3837 viros
2036 3766 2375 3844 inveneritis,
2426 3776 2766 3833 ne'veniant
2804 3776 2870 3828 'in
2923 3774 3077 3845 peius
3116 3774 3418 3829 dimittite:

1839 3881 2047 3931 tantum
2099 3879 2321 3926 strenue
2369 3864 2671 3940 providete,
2710 3881 2781 3922 ne
2812 3866 3190 3936 ‘jugum‘quod
3242 3866 3422 3920 nostri

1839 3964 2071 4035 maiores
2092 3962 2217 4016 olim
2252 3959 2393 4014 ferre
2423 3974 2529 4013 non
2558 3966 2871 4029 potuerunt,
2920 3955 3165 4010 calorem
3214 3963 3422 4009 naturae

1837 4060 2087 4115 humana:
2129 4069 2291 4126 quam
2326 4054 2395 4108 sit
2434 4054 2500 4109 ad
2542 4051 2874 4125 peccandum
2921 4046 3178 4120 proclivis
3223 4063 3425 4119 cogno-

1837 4159 2068 4207 scentes.
2097 4145 2272 4202 ordini
2330 4152 2517 4199 nostro
2561 4140 2975 4196 intolerabiliter
3013 4138 3419 4209 superponatis,

1837 4255 2108 4296 memores
2137 4236 2539 4307 evangeliorum
2597 4227 2835 4298 Domini,
2893 4230 2984 4301 qui
3032 4241 3155 4287 cum
3211 4230 3424 4285 videret

151 4355 253 4396 nec
279 4342 576 4397 secundam
613 4319 846 4410 coniugii
876 4340 1058 4394 sortiri
1072 4319 1733 4410 coniunctionem{quod

1843 4344 1968 4387 suos
2009 4328 2298 4399 discipulos
2335 4328 2363 4380 a'
2412 4323 2727 4380 Pharisaais
2758 4322 3001 4394 legaliter
3024 4342 3027 4347 ·
3052 4322 3300 4401 redargui
3333 4319 3421 4373 di-

149 4430 528 4501 '“.plerisque
551 4431 749 4485 mirum
776 4429 1009 4485 videtur.
1042 4428 1176 4486 Cum
1202 4430 1366 4486 etiam
1409 4442 1535 4488 ante
1559 4433 1734 4504 bapti-

148 4538 328 4578 smum
356 4522 551 4577 iterata
580 4520 827 4592 coniugia
860 4521 1119 4578 dilatione
1167 4521 1236 4556 ⁸³⁸
1267 4524 1509 4580 muneris
1548 4534 1604 4580 et
1645 4542 1734 4581 or-

88 4654 89 4657 η
148 4614 447 4670 diuationis
469 4615 885 4686 praerogativam
943 4615 1336 4684 impedimenta.
1383 4594 1731 4686 generentur,

147 4724 274 4764 cum
312 4708 479 4764 etiam
518 4708 715 4763 delicta
765 4708 957 4771 obesse
994 4723 1100 4763 non
1149 4708 1379 4774 soleant,
1428 4707 1475 4763 si
1531 4710 1736 4765 lavacri
1774 4776 1780 4785 ί

145 4802 376 4857 remissa
392 4801 599 4857 fuerint
624 4810 980 4866 sacramento,
1011 4802 1106 4857 sed
1131 4802 1429 4870 intelligere
1451 4802 1732 4870 debemus,
1778 4872 1781 4877 ι

146 4894 275 4963 quia
329 4893 639 4964 baptismus
677 4891 891 4961 culpam
946 4892 1222 4947 remittere
1273 4890 1342 4923 '"
1400 4901 1596 4960 potest,
1648 4894 1735 4949 lex

1844 4438 2067 4484 centes:
2107 4445 2126 4476 ‹
2167 4420 2419 4492 Disripali
2461 4419 2536 4473 tui
2569 4419 2793 4482 faciunt,
2824 4417 2971 4487 quod
2998 4430 3117 4470 non
3162 4413 3294 4468 lteet
3334 4414 3419 4468 eis

1841 4519 2023 4573 facere
2067 4514 2312 4572 sabbatis
2361 4510 2576 4582 (Matth.
2629 4507 2852 4579 xn,‘2),
2903 4505 3111 4562 vellere
3148 4505 3424 4575 spicaS‘et

1840 4611 2196 4675 manducare;
2237 4595 2255 4658 ἱ
2295 4605 2451 4659 Jesus
2476 4610 2655 4656 autem
2686 4598 2980 4655 defendens
3006 4612 3119 4663 eos,
3150 4603 3207 4650 ut
3232 4603 3418 4667 pastor

1838 4706 2011 4760 b0nus
2042 4703 2118 4754 ait
2167 4698 2285 4752 cis:
2348 4713 2367 4745 ι
2408 4692 2524 4747 Non
2578 4691 2783 4760 legistis
2835 4690 2965 4760 quid
3017 4689 3208 4742 fecerit
3254 4685 3421 4740 David

1839 4795 2054 4870 quando
2102 4787 2354 4853 esurivit,
2405 4796 2459 4840 et
2509 4783 2601 4854 qui
2656 4799 2777 4837 cum
2818 4797 2884 4836 eo
2936 4781 3129 4835 erant?
3168 4780 3260 4834 aut
3312 4790 3420 4833 non

1839 4866 2048 4960 legistis
2077 4886 2130 4939 in
2157 4882 2278 4952 lege
2328 4877 2470 4946 quod
2498 4874 2738 4929 sabbatis
2760 4873 3076 4928 sacerdotes
3124 4871 3177 4924 in
3224 4866 3422 4938 templo

82 5022 83 5027 η
146 4960 350 5042 aboleri
381 4960 722 5055 notrpotesta
762 4960 819 5039 lu
850 4982 1100 5055 coniugio
1136 4997 1256 5039 .non
1303 4980 1485 5051 culpa,
1515 4985 1609 5039 sed
1638 4983 1729 5051 lex
1836 4982 2122 5038 sabbatum
2157 4972 2381 5037 violant,
2413 4975 2469 5023 et
2497 4967 2615 5023 sine
2662 4964 2892 5021 crimine
2937 4963 3149 5071 sunt?»
3184 4960 3423 5016 Naluras

1403 5127 1642 5188 VARIAE
1675 5131 2079 5190 LECTIONES.

210 5286 279 5319 ιιι
326 5286 404 5330 im
433 5275 647 5330 correxi
668 5291 689 5330 :
722 5272 908 5330 muniti
940 5273 1026 5328 A‘.
1057 5269 1167 5325 A".
1199 5269 1258 5325 B.
1281 5264 1510 5322 munitis
1543 5285 1631 5326 me
1662 5267 1716 5322 d.
1744 5257 1848 5322 Bt.
1907 5267 1979 5299 ⁸⁸³
2002 5252 2195 5324 doceat
2226 5278 2273 5318 c.
2334 5258 2474 5330 vulg.

2584 5258 2655 5293 ⁸⁸⁷⁵
2698 5264 2879 5313 servet
2918 5282 2993 5330 τε
3017 5252 3249 5330 gratiam
3273 5250 3420 5330 paig.
