3960 5320
549 285 655 345 955

1551 284 1897 342 LANDULFI
1931 284 2483 343 MEDIOLANENSIS
2520 287 2787 346 CLElllCl

3715 295 3812 352 956

551 403 763 459 leonum
779 401 958 472 quivis
989 401 1150 457 homo
1175 400 1464 456 bumiliare
1491 410 1685 472 potest,
1714 401 1950 456 hominis
1969 401 2134 468 Deus,
2165 410 2210 467 Α
2242 403 2430 472 paucis
2473 404 2526 459 in
2575 404 2792 460 Christo
2843 408 3114 473 coronari,
3170 425 3331 479 quam
3361 427 3486 466 cum
3543 414 3725 470 multis
3766 419 3814 470 in

550 513 658 552 non
704 496 866 552 homo
898 504 1108 550 mutare
1152 504 1353 565 potest.
1389 494 1544 551 Unde
1593 493 1876 564 Scriptura
1927 507 2086 551 sacra
2121 510 2135 550 :

552 607 570 639 ι
605 587 775 644 Nemo
801 596 977 658 potest
1002 596 1216 643 mutare
1235 597 1511 651 naturam,
1534 586 1638 642 nisi
1663 585 1754 657 qui
1781 602 1902 642 eam
1931 587 2078 642 fecit.
2112 607 2132 641 ›

458 683 462 685 ἓ
545 701 780 773 Εςιρῑίεὶι
806 702 876 734 ⁸⁸³
905 703 1072 773 oratio
1111 701 1372 773 Ambrosii
1405 701 1520 772 Bifﬁ
1568 703 1659 771 qui
1708 703 1886 773 etiam
1913 701 2134 773 Bi/fori,

622 771 874 828 adversus
899 772 1173 824 Arialdum
1199 783 1244 824 et
1272 771 1615 841 Lauda/funt.
1639 774 1830 833 Incipit
1855 772 1895 823 Α
1907 771 2063 826 ria.dt'
2087 782 2136 827 et

615 841 864 910 Landulﬁ
891 843 1141 896 adversus
1174 841 1465 897 Wibertum
1495 853 1540 894 et
1569 843 1922 895 Ambrosium.

612 955 703 1009 25.
733 955 875 1024 (24.)
911 973 928 1006 ι
967 954 1011 1009 Ο
1049 962 1235 1024 patres
1270 963 1325 1008 et
1349 968 1382 1007 o
1412 951 1631 1017 fratres,
1660 952 1851 1007 ordine
1878 963 1934 1007 et
1960 953 2134 1021 digni-

544 1055 653 1101 tate
687 1063 752 1102 ac
781 1055 942 1114 gente
974 1061 1084 1115 pra:
1126 1045 1325 1100 ceteris
1360 1042 1529 1097 Italia:
1587 1043 1752 1097 totius
1805 1042 2132 1111 primatibus

543 1136 596 1189 in
626 1137 903 1208 omnibus,
943 1135 989 1190 si
1012 1134 1249 1206 vigorem
1272 1132 1484 1188 ordinis
1528 1132 1698 1187 nostri
1753 1132 1806 1186 in
1866 1144 2131 1200 quantum

543 1228 684 1282 ratio
713 1236 898 1282 nostra
929 1227 1097 1298 exigit
1144 1226 1454 1282 custodisse
1506 1225 1881 1291 curavissetis,
1938 1224 2131 1295 praefe-

542 1321 723 1374 rendi!
756 1335 855 1374 nos
893 1328 1171 1392 tamquam
1196 1335 1227 1374 a
1257 1319 1458 1375 talibus
1485 1333 1606 1389 qua:
1651 1316 1766 1388 iam
1819 1319 2128 1375 audivimus

541 1410 792 1478 fastiditi,
843 1412 1235 1482 perplurimum
1310 1411 1780 1483 congratulamur,
1823 1412 1967 1482 quod
2017 1421 2128 1468 tam

2244 497 2482 553 tenebris
2536 498 2812 553 collocari.
2873 499 2992 571 Non
3049 503 3232 558 omnia
3276 521 3571 575 possumus
3618 523 3810 576 omnes,

2240 586 2366 654 quia
2400 601 2510 641 non
2540 588 2826 657 aequaliter
2863 589 3124 658 valemus,
3153 593 3219 648 de
3249 596 3450 664 quibus
3481 597 3770 667 Apostolus
3796 618 3808 653 :

2246 693 2264 728 ι
2299 677 2439 734 Aliis
2463 679 2622 735 datur
2649 695 2828 736 sermo
2853 681 3114 748 scientiae,
3162 683 3283 739 aliis
3313 701 3501 741 sermo
3527 689 3810 758 sapientiae,

2240 771 2362 828 aliis
2389 773 2648 830 discretio
2674 774 2922 844 spiritus,
2959 777 3080 832 aliis
3105 792 3304 848 genera
3329 778 3670 851 linguarum,
3710 779 3814 837 aliis

2237 861 2613 934 interpretatio
2666 879 2976 920 sermonum
3025 866 3073 938 (ι
3103 867 3227 922 Cor.
3281 882 3386 936 xu,
3418 869 3502 939 8),
3539 871 3815 941 unicuique

2237 955 2380 1010 sicut
2409 957 2592 1012 divisit
2616 956 2757 1013 Deus
2792 973 3104 1014 mensuram
3151 959 3274 1016 fidei
3305 959 3493 1028 (Rom.
3536 977 3638 1025 xu,
3671 962 3762 1032 5);
3795 984 3811 1015 ι

2235 1045 2332 1099 sed
2372 1047 2744 1116 unusquisque
2775 1057 3038 1114 nostrum,
3071 1050 3275 1120 gratias
3304 1051 3439 1115 Deo,
3479 1051 3558 1105 ita
3601 1053 3818 1108 scientia

2234 1135 2433 1191 divinis
2470 1146 2524 1192 et
2549 1138 2804 1194 humanis
2819 1139 3170 1209 superpollet,
3198 1148 3260 1194 ut
3302 1139 3405 1196 via:
3429 1157 3586 1197 vera:
3642 1147 3819 1199 trami-

2233 1237 2342 1283 tem
2367 1227 2481 1284 sive
2502 1228 2715 1282 dcvium
2749 1238 2842 1284 aut
2871 1238 3174 1286 tortuosum
3196 1231 3374 1286 sacris
3411 1232 3469 1286 in
3527 1232 3820 1304 Scripturis

2232 1317 2392 1389 longo
2422 1319 2686 1376 exercitio
2713 1320 3049 1376 exercitatus
3079 1335 3411 1392 cognoscere
3433 1331 3493 1376 et
3519 1337 3582 1377 se
3612 1340 3644 1376 a
3685 1324 3819 1392 prin-

2231 1409 2371 1481 cipio
2415 1408 2650 1465 liberare
2684 1425 2792 1466 non
2835 1410 3000 1476 valet,
3027 1410 3169 1467 unde
3206 1411 3478 1482 propheta
3508 1429 3525 1467 :
3578 1430 3600 1465 ι
3631 1411 3818 1469 Parata

542 1504 816 1574 sapienter
857 1513 1022 1573 atque
1049 1503 1284 1558 discrete
1323 1517 1497 1574 usque
1525 1501 1688 1557 modo
1717 1502 2128 1558 sermocinastis
2227 1502 2375 1557 viam
2398 1502 2651 1568 Domino,
2679 1511 2860 1558 rectas
2902 1501 3068 1560 facite
3109 1505 3335 1558 semitas
3379 1505 3506 1574 ejus
3553 1505 3714 1574 (lui.
3739 1521 3813 1570 IL,

543 1597 845 1652 nobiscum.
878 1596 1024 1650 Bona
1054 1603 1138 1650 est
1171 1595 1391 1659 caritas,
1448 1608 1568 1664 qua:
1593 1594 1730 1666 legis
1755 1604 1811 1650 et
1839 1595 2127 1666 propheta-

2227 1594 2338 1665 5).»
2367 1593 2670 1661 Deelinate,
2695 1593 2914 1661 fratres,
2942 1611 2972 1649 a
2997 1595 3098 1650 viis
3120 1595 3669 1668 vestris,perspicite
3686 1599 3818 1667 quod

543 1701 664 1739 rum
688 1695 774 1740 est
807 1685 1117 1755 plenitudo;
1169 1685 1314 1740 bona
1364 1692 1449 1739 est
1503 1684 1727 1749 caritas,
1774 1701 1896 1756 qua:
1942 1696 2126 1756 proto-
2158 1756 2188 1758 _
2229 1683 2512 1754 Scriptura
2555 1683 2768 1748 clamat,
2823 1685 3048 1740 dicens:
3112 1702 3133 1736 ι
3182 1685 3259 1740 Ve
3301 1685 3517 1741 homini
3564 1689 3813 1758 gradienti

2155 1756 2199 1810 Β
2225 1776 2436 1830 duabus
2459 1776 2594 1842 viis;
2636 1795 2656 1828 ι
2687 1777 2870 1832 veniat
2891 1776 3144 1832 sensibus
3165 1778 3396 1844 vestris,
3423 1756 3659 1843 fratres,
3682 1779 3813 1850 quod

539 1863 643 1917 bus
669 1861 990 1932 dampnatos
1015 1877 1046 1916 a
1072 1861 1318 1917 faucibus
1352 1860 1551 1918 inferni
1593 1865 1890 1920 clementer
1941 1867 2122 1921 detra-
2221 1871 2610 1942 prophetarum
2635 1871 2868 1926 eximius
2889 1871 3117 1926 clamat:
3148 1890 3166 1922 ‹
3203 1869 3355 1926 Viam
3379 1872 3642 1927 veritatis
3663 1873 3809 1943 elegi,

542 1775 783 1843 plaustos
821 1789 922 1844 per
959 1773 1122 1828 multa
1153 1783 1394 1844 tempora
1427 1773 1540 1829 suis
1565 1774 1806 1844 peccatis
1849 1777 2115 1848 exigenti-

541 1954 650 2021 xit;
702 1957 859 2010 beata
891 1965 976 2010 est
1004 1955 1262 2021 charitas,
1302 1969 1424 2025 quas
1452 1969 1549 2025 per
1573 1971 1842 2012 summam
1895 1957 2121 2014 Deitatis

537 2047 886 2102 clementiam
921 2047 1276 2102 humanatam
1305 2063 1408 2104 nos
1435 2061 1466 2102 a
1493 2062 1652 2119 ptena
1683 2049 1844 2117 primi
1881 2049 2121 2106 hominis

537 2139 769 2196 liberare
790 2139 1217 2214 misericorditer
1245 2139 1505 2208 sataguit,
1535 2149 1592 2194 et
1618 2139 1901 2196 liberando
1932 2155 2120 2196 secum

537 2233 590 2286 in
631 2233 787 2303 culpa
818 2233 992 2289 nostri
1022 2233 1204 2290 saeculi
1236 2235 1290 2288 in
1333 2242 1598 2288 :eternum
1625 2235 1863 2304 gaudere
1892 2250 2119 2292 conces-

535 2324 644 2390 sit,
671 2341 776 2395 qua
818 2324 1114 2396 discipulos
1167 2340 1294 2380 suos
1349 2325 1534 2381 dicens
1581 2325 1859 2380 armavit:
1905 2346 1924 2378 ι
1975 2327 2120 2382 Beati

536 2414 940 2482 misericordes,
1008 2414 1265 2488 quoniam
1337 2414 1440 2486 ipsi
1514 2415 1867 2485 possidebunt
1918 2424 2120 2471 terram

535 2503 730 2574 (Matth
756 2519 810 2570 v,
834 2505 921 2574 7);
962 2523 981 2556 ι
1013 2514 1066 2560 et
1088 2505 1249 2560 item:
1286 2525 1304 2556 ι
1333 2504 1390 2559 lu
1415 2506 1517 2560 hoc
1544 2514 1876 2576 cognoscent
1901 2522 2116 2572 omnes,

534 2597 660 2668 quia
692 2597 801 2652 mei
859 2596 1109 2668 discipuli
1161 2597 1313 2661 estis,
1347 2597 1392 2652 si
1421 2596 1764 2653 dilectionem
1815 2597 2120 2653 habueritis

535 2692 604 2745 ad
644 2691 873 2746 invicem
902 2688 1086 2760 (Jama.
1111 2704 1231 2754 χιιι,
1265 2687 1385 2758 35);
1429 2709 1447 2742 ι
1476 2689 1542 2744 de
1579 2703 1684 2758 qua
1709 2687 1848 2744 dixit
1880 2689 2116 2760 Aposto-

535 2784 618 2838 lus
650 2801 664 2838 :
711 2801 729 2834 ι
765 2783 992 2839 Dilectio
1017 2783 1136 2838 sine
1171 2781 1540 2847 simulatione,
1590 2781 1838 2837 odientes
1889 2782 2116 2848 malum,

534 2876 874 2929 adluerentes
904 2874 1045 2928 bono
1073 2872 1248 2944 (Rom.
1278 2889 1377 2940 xu,
1403 2872 1479 2943 9).
1522 2892 1541 2926 ι
1586 2871 1702 2945 Ago
1729 2871 1798 2904 ⁶⁰⁸
1828 2882 1884 2928 et
1911 2882 2114 2941 autem,

531 2967 828 3034 karissimi,
857 2981 1018 3022 neruo
1040 2967 1133 3037 qui
1157 2967 1354 3021 viderit
1384 2965 1607 3021 fratrem
1631 2975 1904 3021 errantem
1934 2966 2115 3038 aliqua

533 3061 858 3132 negligentia
916 3068 1011 3114 aut
1065 3068 1275 3114 natura:
1328 3057 1642 3113 infirmitate
1693 3071 1791 3128 per
1842 3058 2115 3126 quandam

529 3151 776 3224 conjugis
826 3150 1287 3220 conjunctiouem,
1343 3150 1635 3205 occasione
1705 3149 1926 3217 palliata
2005 3165 2113 3204 non

529 3241 853 3311 corripuerit
883 3241 953 3272 °”
982 3257 1130 3305 eum,
1153 3238 1267 3308 jam
1319 3255 1426 3294 non
1458 3239 1754 3294 secundum
1807 3239 2114 3306 caritatem,

532 3332 646 3384 imo
673 3331 968 3385 secundum
1011 3331 1420 3400 injustissitnam
1468 3329 1721 3398 pietatem
1769 3329 2034 3396 ambulat,
2062 3341 2118 3385 et

534 3420 731 3474 merito
759 3421 1056 3476 secundum
1085 3419 1229 3490 quod
1250 3419 1325 3473 ait
1345 3418 1659 3489 Apostolus,
1688 3419 1754 3473 de
1780 3419 2001 3488 pernice
2045 3419 2116 3456 ⁶⁰⁶

525 3510 878 3581 iudicabitur,
905 3512 989 3567 vel
1039 3511 1108 3568 de
1143 3511 1471 3582 negligentia
1502 3509 1969 3567 condemnabitur.
2011 3511 2116 3578 Qui

530 3615 711 3660 autem
746 3605 802 3660 in
830 3605 1008 3660 dubiis
1039 3604 1200 3660 rebus
1227 3603 1518 3667 consuluit,
1553 3613 1612 3658 ut
1637 3618 1738 3659 nos
1761 3603 1924 3658 hodie
1972 3603 2116 3660 vide-

530 3713 673 3762 mus,
702 3699 858 3753 decet
879 3713 1003 3754 esse
1033 3713 1262 3752 vacuum
1293 3700 1361 3754 ab
1397 3698 1502 3763 ira,
1537 3697 1605 3752 ab
1635 3698 1784 3764 odio,
1827 3713 1892 3753 ac
1952 3698 2115 3754 mise-

528 3791 782 3844 ricordia.
831 3789 964 3846 Nam
994 3792 1093 3856 ira,
1143 3801 1202 3846 ut
1246 3791 1465 3862 sapiens
1518 3792 1777 3864 magister
1827 3792 1924 3857 ait,
1973 3807 2115 3864 saepe

527 3882 752 3952 impedit
777 3883 1040 3951 animum,
1067 3900 1137 3940 ne
1169 3886 1342 3955 possit
1370 3899 1594 3940 cernere
1626 3901 1836 3941 verum.
1877 3885 1954 3940 De
1987 3886 2115 3941 odio

525 3973 656 4041 quid
687 3973 831 4030 aliud
861 3975 1060 4042 dicam,
1109 3991 1272 4045 quam
1325 3978 1470 4047 quod
1527 3976 1870 4046 evangelium
1920 3977 2114 4032 dicens

524 4066 768 4120 clamat:
808 4085 828 4118 ς
884 4067 986 4134 Qui
1027 4069 1192 4124 habet
1245 4069 1452 4124 trabem
1505 4069 1559 4124 in
1614 4069 1773 4125 oculo
1819 4085 1945 4135 suo,
2002 4086 2111 4125 non

524 4165 705 4224 potest
732 4156 936 4226 ejicere
978 4158 1243 4213 festucam
1283 4160 1349 4214 de
1395 4159 1556 4214 oculo
1598 4157 1786 4214 fratris
1822 4159 1945 4226 sui;
1983 4179 2002 4213 ι
2055 4168 2112 4214 at

523 4253 614 4322 qui
643 4254 1075 4309 misericordiam
1104 4255 1176 4308 ita
1211 4266 1450 4322 exercet,
1481 4264 1539 4309 ut
1560 4254 1831 4325 justitiam
1868 4254 2112 4310 {traditus

523 4346 892 4409 obliviscatur,
918 4345 1032 4414 jam
1057 4362 1164 4402 non
1189 4347 1487 4403 secundum
1519 4348 1803 4402 caritatem
1831 4346 2104 4414 ambulat;

2142 3113 2188 3178 C

2215 1961 2419 2032 judicia
2437 1962 2801 2030 tua,Domine,
2819 1977 2924 2016 non
2939 1977 3058 2024 sum
3072 1960 3662 2032 oblitus(Psal.cxvm,
3675 1962 3780 2032 30).
3791 1981 3807 2012 ι

2221 2052 2290 2106 Et
2311 2052 2440 2108 item
2467 2069 2482 2106 :
2528 2071 2548 2103 ι
2581 2049 2734 2106 Viam
2757 2052 3137 2106 mandatorum
3168 2058 3386 2106 tuorum
3417 2053 3671 2116 cucurri,
3695 2067 3806 2104 cum

2222 2143 2480 2200 dilatares
2501 2158 2598 2199 eor
2622 2157 2800 2198 meum
2826 2141 3014 2213 (Ibid.,
3061 2140 3177 2212 32).
3208 2161 3228 2195 ι
3275 2142 3483 2197 Demus
3511 2141 3627 2196 Deo
3657 2141 3811 2195 bono-

2221 2252 2360 2301 rem,
2384 2245 2440 2291 et
2476 2235 2653 2306 ipsum
2682 2235 2736 2289 in
2760 2247 2989 2303 corpore
3012 2243 3197 2288 nostro
3223 2242 3535 2303 portemus,
3584 2231 3805 2287 mortiﬁ-

2220 2325 2360 2382 catis
2385 2325 2540 2380 nobis
2562 2324 2692 2396 ipsis
2718 2323 2772 2378 in
2796 2322 3011 2378 eunetis
3037 2323 3249 2377 actibus
3272 2321 3486 2388 satculi,
3531 2336 3635 2393 per
3655 2336 3806 2391 quem

2221 2418 2424 2473 ntundo
2455 2417 2548 2485 θον,
2574 2417 2732 2471 utait
2765 2414 3078 2487 Apostolus,
3122 2413 3423 2469 crucifixus
3463 2423 3574 2478 est,
3620 2423 3679 2469 et
3718 2427 3808 2483 ego

2221 2511 2422 2565 tuendo
2445 2506 2590 2581 (Gal.
2619 2524 2694 2576 vr,
2727 2509 2838 2580 ll),
2865 2509 2958 2579 qui
2999 2519 3225 2564 cunctos
3255 2508 3501 2580 legitime
3546 2509 3723 2580 gloria
3758 2521 3807 2563 et

2218 2605 2425 2661 honore
2463 2605 2863 2674 triumphantes
2887 2600 3240 2667 inenarrabili
3265 2601 3319 2655 in
3346 2609 3620 2672 perpetuo
3666 2617 3808 2656 com-

2219 2710 2336 2765 uat,
2362 2701 2544 2756 animo
2587 2707 2644 2754 et
2668 2710 2899 2769 corpore
2941 2712 3065 2753 eum
3108 2695 3421 2766 diligamus,
3468 2704 3526 2749 et
3577 2695 3808 2766 primum

2218 2795 2425 2865 pietate
2465 2791 2830 2849 fraternitatis
2874 2797 2930 2846 et
2969 2789 3195 2845 sincerae
3241 2788 3496 2844 caritatis
3542 2802 3805 2843 amems.

2221 2884 2374 2942 Unde
2399 2894 2622 2942 sanctus
2641 2885 2976 2955 Augustinus
2998 2883 3053 2937 in
3078 2881 3217 2937 libro
3243 2896 3408 2952 quem
3433 2881 3501 2936 ad
3529 2879 3803 2952 Hierony-

2217 2994 2365 3032 mum
2388 2965 2766 3051 presbyterum
2791 2974 2924 3030 facit
2947 2973 3117 3044 (l25),
3165 2971 3450 3028 curialiter
3491 2973 3565 3027 de
3603 2973 3806 3042 pietate

2221 3077 2462 3124 tractans
2490 3068 2620 3123 dicit
2643 3068 2716 3138 (ο.
2747 3065 2834 3138 ll)
2872 3083 2886 3143 :
2919 3084 2938 3117 ι
2975 3063 3114 3131 Quid
3143 3073 3327 3118 autem
3356 3062 3538 3132 pietas
3581 3062 3692 3117 nisi
3717 3060 3808 3116 Dei

2220 3159 2432 3214 cultus?
2453 3170 2508 3215 et
2531 3159 2673 3215 unde
2701 3158 2901 3215 colitur
2926 3157 3031 3212 nisi
3061 3171 3131 3211 ex
3174 3154 3244 3186 ⁸³⁸
3274 3155 3512 3210 caritate
3534 3154 3561 3206 2
3598 3152 3809 3209 Caritas

2221 3251 2383 3322 igitur
2407 3251 2472 3306 de
2501 3252 2664 3307 corde
2685 3265 2821 3322 puro
2847 3258 2903 3305 et
2931 3246 3267 3304 conscientia
3290 3247 3434 3302 bona
3470 3255 3530 3301 et
3572 3246 3683 3302 ﬁde
3705 3260 3809 3300 non

2221 3341 2368 3408 ﬁcta,
2396 3356 2590 3412 magna
2625 3350 2679 3396 et
2705 3355 2830 3395 vera
2854 3339 3026 3394 virtus
3053 3337 3146 3404 ‘°',
3169 3337 3293 3408 quia
3341 3337 3461 3406 ipsa
3488 3346 3580 3393 est
3603 3345 3661 3392 et
3688 3336 3808 3390 ﬁnis

2218 3432 2495 3504 pratcepti.
2517 3461 2587 3471 —
2611 3429 2762 3487 Sicut
2785 3445 2934 3486 mors
2957 3430 3194 3484 animam
3207 3428 3477 3486 evellitm
3502 3445 3531 3484 a
3559 3429 3808 3484 sensibus

2218 3525 2419 3592 carnis,
2444 3525 2523 3581 sic
2561 3524 2763 3581 caritas
2798 3539 2829 3577 a
2860 3522 3318 3592 concupiscentiis
3361 3521 3704 3578 carnalibus.
3741 3549 3808 3560 -—

2219 3616 2321 3672 Ubi
2347 3630 2474 3685 ergo
2503 3615 2592 3670 illa
2621 3615 2781 3686 plena
2826 3623 2880 3669 et
2919 3612 3163 3684 perfecta
3204 3612 3332 3677 erit,
3380 3611 3523 3666 nihil
3569 3626 3637 3666 ex
3679 3609 3807 3664 vitio

2216 3704 2539 3759 remanebit.
2573 3723 2590 3756 ι
2625 3703 2877 3758 Testatus
2913 3711 3018 3766 est,
3058 3700 3356 3764 karissimi,
3399 3701 3640 3756 domnus
3678 3698 3808 3755 Gui-

2213 3795 2404 3850 bertus
2426 3795 2725 3865 apostolum
2749 3794 2993 3848 dixisse:
3032 3811 3052 3844 ι
3099 3793 3327 3847 Vinctus
3365 3805 3428 3846 es
3457 3790 3644 3855 uxori,
3695 3787 3804 3844 noli

2215 3899 2457 3955 quaerere
2485 3883 2810 3939 solutionem
2835 3881 2887 3954 (Ι
2912 3880 3035 3936 Cor.
3063 3896 3161 3947 vn,
3184 3879 3296 3950 27),
3328 3897 3347 3929 ι
3379 3887 3435 3933 et
3458 3880 3536 3933 ita
3559 3887 3665 3934 est.
3698 3876 3804 3932 Sed

2214 3975 2343 4032 illud
2367 3977 2510 4046 quod
2540 3976 2785 4046 sequitur
2815 3991 2984 4045 quare
3009 3990 3114 4029 non
3154 3972 3321 4028 dicit?
3350 3971 3616 4027 videlicet
3641 3989 3661 4023 ‹
3715 3985 3805 4024 so-

2213 4071 2360 4125 lutus
2386 4084 2444 4125 es
2475 4069 2543 4125 ab
2564 4084 2757 4134 uxore,
2781 4067 2888 4122 noli
2911 4081 3155 4137 quaarere
3183 4079 3436 4119 uxorem.
3471 4084 3492 4116 ι
3525 4061 3805 4118 Protulisti

2212 4162 2538 4236 sententiam
2570 4161 2815 4232 Apostoli
2855 4161 3127 4216 dicentis:
3174 4176 3192 4209 ι
3231 4156 3626 4228 Unusquisque
3650 4171 3806 4210 suam

2215 4267 2441 4307 uxorem
2470 4252 2668 4307 habeat
2693 4269 2707 4306 :
2756 4271 2775 4304 ι
2803 4265 2908 4322 ego
2932 4259 3112 4304 autem
3154 4247 3278 4303 dico
3305 4263 3323 4299 ι
3362 4247 3574 4316 quibus
3602 4245 3744 4299 licet.
3777 4261 3798 4293 ο

2211 4347 2481 4402 Prteterea
2510 4344 2644 4400 illud
2667 4344 3022 4415 apostolicum
3062 4341 3375 4396 animarum
3411 4348 3473 4394 et
3511 4350 3804 4407 corpora

527 4439 666 4493 unde
692 4438 1071 4509 Augustinus:
1113 4456 1131 4490 ι
1173 4439 1231 4494 Si
1259 4438 1430 4492 frater
1471 4447 1596 4494 tuus
1633 4439 1829 4494 vulnus
1861 4439 2024 4494 habet
2053 4440 2107 4494 in
2141 4474 2186 4528 Β
2211 4438 2501 4495 consilium
2530 4435 2714 4492 audite
2745 4455 2759 4490 :
2799 4455 2817 4487 ι
2859 4429 3102 4499 Fratres,
3149 4432 3430 4489 debitores
3475 4445 3669 4486 sumus
3697 4442 3802 4482 non

525 4544 779 4599 corpore,
825 4530 970 4600 quod
1015 4530 1146 4585 velit
1187 4530 1485 4596 occultare,
1537 4531 1666 4585 dum
1711 4531 1864 4585 timet
1912 4532 2107 4598 secari,

524 4631 706 4671 nonne
762 4619 1055 4674 crudeliter
1099 4634 1128 4673 a
1173 4628 1224 4674 te
1276 4619 1549 4685 sileretur,
1617 4619 1664 4675 si
1732 4618 2109 4675 misericordia

524 4717 704 4764 motus
755 4719 987 4777 taceres,
1016 4720 1072 4766 et
1118 4711 1546 4768 misericorditer
1584 4710 1956 4781 judicaretur?
1993 4731 2012 4762 ι
2042 4711 2111 4767 Et

521 4799 814 4870 Apostolus
847 4817 860 4855 :
907 4819 926 4853 ‹
963 4801 1020 4855 Si
1057 4801 1261 4859 videris
1292 4801 1519 4858 fratrem
1549 4811 1698 4857 tuum
1725 4811 2022 4869 errantem,
2052 4811 2111 4857 et

523 4906 631 4947 non
659 4892 986 4964 corripueris
1015 4907 1162 4958 eum,
1191 4894 1256 4948 de
1279 4895 1604 4966 negligentia
1627 4893 1976 4963 judicaberis,
2017 4892 2107 4948 vel

522 4985 1027 5055 coutlempnaberis.
1067 5006 1084 5036 ι
1108 4987 1215 5042 Vos
1238 4987 1440 5052 dicitis,
1471 4985 1669 5042 fratres
1697 5003 1711 5038 :
1751 5004 1769 5037 ι
1791 4984 1956 5040 Pauci
1977 4993 2107 5040 sunt

2212 4530 2389 4596 carni,
2418 4539 2476 4584 ut
2515 4530 3057 4585 secunduln'carnem
3105 4525 3386 4589 vivamus;
3428 4523 3476 4579 si
3514 4523 3664 4578 enim
3714 4535 3804 4574 se-

2149 4620 2168 4637 ⁹
2211 4625 2454 4679 cundum
2489 4637 2712 4677 carnem
2755 4620 3023 4684 vixeritis,
3055 4617 3389 4682 moriemini,
3439 4615 3488 4670 si
3540 4615 3684 4670 enim
3730 4613 3799 4642 ’λι

2211 4715 2404 4785 spiritu
2446 4714 2590 4770 facta
2634 4714 2817 4768 carnis
2845 4709 3333 4774 mortificaveritis,
3378 4707 3583 4763 vivetis
3621 4704 3799 4777 (Rau.

2210 4808 2267 4871 8.
2297 4807 2406 4877 12).
2439 4827 2458 4859 ι
2491 4804 2688 4861 Dixisti
2713 4804 2854 4875 quod
2880 4803 2950 4858 de
2971 4801 3299 4858 Vercellensi
3320 4799 3556 4870 epistola
3580 4796 3801 4868 placuit,

2212 4898 2307 4953 sed
2330 4897 2460 4952 illud
2483 4896 2626 4968 quod
2647 4895 2920 4967 sequitur,
2951 4906 3123 4962 quare
3149 4906 3257 4946 non
3284 4889 3595 4960 protulisti,
3620 4888 3802 4941 dicens

2214 4987 2269 5043 in
2297 4986 2484 5044 eadem
2513 4989 2585 5058 (c.
2612 4983 2702 5056 62)
2730 5003 2744 5040 :
2779 5003 2798 5037 ι
2841 4983 2953 5040 Nec
2981 4981 3197 5038 interim
3238 4981 3308 5012 “'
3335 4987 3399 5034 ut
3425 4977 3572 5034 filios
3622 4979 3674 5030 in
3712 4989 3804 5031 sa-
