3960 5320
44 251 168 309 937

1007 254 1327 312 HISTORIA
1368 249 1944 309 MEDIOLANENSIS.
1990 280 2057 289 —
2096 249 2224 304 LIB.
2262 251 2346 305 III.

3197 256 3305 312 958
3353 273 3356 276 ’

37 371 274 440 ,ugium
311 368 528 423 iterare.
568 385 585 418 ι
621 367 765 422 Idem
796 367 1081 436 Apostolus
1107 385 1119 421 :
1151 388 1169 420 ι
1199 366 1372 424 Nemo
1402 366 1642 423 militans
1672 373 1716 430 Α
1747 371 1987 420 nostrum
2016 366 2244 435 paciflee
2267 380 2330 420 ac
2351 376 2500 422 caste
2527 369 2779 438 degentes
2811 369 3146 441 regebamus.
3167 374 3320 428 Vitu-

47 461 176 515 Dco
208 458 452 529 implicet
495 473 554 513 se
588 458 819 529 negotiis
858 458 1224 523 saecularibus,
1262 468 1319 513 ut
1349 460 1397 515 ei
1423 459 1641 520 serviat,

43 553 150 621 qui
209 567 272 608 se
318 551 569 622 probavit
619 547 704 621 (ΙΙ
741 548 875 604 Tim.
928 565 988 613 ιι,
1020 550 1095 620 4).
1131 569 1149 602 ι
1185 550 1317 604 Item
1362 550 1427 604 ad
1465 549 1645 603 Timo-

49 646 250 699 theum
281 659 296 696 :
324 663 343 695 ι
382 643 459 698 Te
487 644 661 714 ipsum
687 653 894 698 castum
926 645 1134 698 custodi
1162 642 1210 714 (I
1234 643 1367 698 Tim.
1393 657 1446 708 v,
1469 641 1584 712 22).
1622 661 1640 693 ι

47 735 262 789 Mirum
297 749 362 788 ac
385 735 542 789 valde
567 734 807 790 terribile
841 745 945 800 est,
973 745 1031 788 ut
1060 733 1317 790 sacerdos
1357 745 1451 788 aut
1481 733 1646 788 levita

47 827 315 882 serviens
339 827 490 896 operi
530 825 797 898 conjugali
835 827 1041 882 hostias
1074 829 1182 882 Deo
1209 825 1405 882 offerre
1452 827 1644 897 possit,
1673 837 1678 842 '

47 933 183 971 eum
207 916 436 987 angelus
463 916 559 972 Dei
581 918 831 972 sacerdos
863 918 1037 973 dictus
1064 919 1130 973 sit
1160 937 1174 973 :
1214 936 1233 970 ι
1271 917 1438 973 Lahia
1468 933 1647 974 sacer-

49 1007 207 1062 dotis
232 1008 547 1064 custodiunt
571 1009 876 1074 scientiam,
926 1019 981 1063 et
1024 1009 1197 1080 legem
1245 1010 1530 1079 requirunt
1580 1025 1647 1064 ex

48 1117 152 1155 ore
191 1101 336 1171 ejus,
369 1101 493 1171 quia
521 1101 742 1172 angelus
773 1100 983 1155 Domini
1017 1102 1352 1156 exercituum
1399 1111 1482 1158 est
1505 1100 1649 1173 (Ma-

49 1193 203 1259 lach.
246 1208 308 1256 ιι,
338 1193 417 1264 7).
477 1213 496 1246 ι
539 1192 614 1248 Ita
646 1192 776 1264 quid
833 1192 904 1224 m
957 1191 1130 1248 sancti
1182 1208 1416 1248 canones
1466 1194 1649 1248 dicant

51 1286 245 1351 scitis,
284 1286 520 1340 maxime
563 1301 684 1340 cum
713 1285 842 1340 dicit
896 1285 947 1339 in
1004 1286 1236 1354 quodam
1284 1286 1446 1341 loco:
1494 1305 1513 1338 ι
1549 1285 1648 1340 Sa-

51 1379 319 1433 cerdotes
342 1379 434 1447 qui
468 1379 737 1435 duxerunt
765 1393 1007 1444 uxorem,
1054 1379 1410 1449 deponantur.
1452 1399 1470 1432 ›
1503 1380 1650 1435 Prte-

55 1484 214 1526 terca
258 1487 415 1525 sacra
451 1470 731 1542 Scriptura
781 1471 1023 1526 clamans
1060 1472 1230 1526 dicit:
1279 1491 1296 1523 ‹
1335 1471 1647 1528 Ροιηίειιιοο

53 1579 147 1619 res
185 1574 241 1618 et
269 1565 541 1620 adulteros
583 1562 850 1632 iudicabit
880 1566 1021 1619 Deus
1069 1563 1256 1634 (Ilebr.
1315 1580 1432 1629 nu,
1483 1565 1561 1638 4).
1622 1585 1640 1619 ι

52 1656 294 1724 Oportet
367 1658 510 1712 enim
585 1657 921 1712 sacerdotem
981 1657 1237 1711 mundum
1312 1657 1648 1728 nitidumque

1748 452 1986 521 perando
2015 469 2113 510 nos
2163 471 2326 525 grave
2374 456 2570 512 bellum
2621 458 2780 516 civile
2833 475 2976 517 nunc
3039 464 3319 533 excitasti;

1748 550 2007 611 praeterea
2034 545 2156 599 audi
2177 545 2493 616 Apostolum
2520 548 2790 604 dicentem
2818 567 2833 604 :
2864 568 2884 603 ι
2914 552 3054 609 Deus
3079 569 3186 609 non
3208 555 3328 613 vult
3357 553 3362 558 “

1747 644 1937 687 coacta
1959 635 2203 690 servitia.
2243 655 2260 688 ι
2290 637 2357 692 Ει
2378 637 2505 693 item
2535 654 2549 693 :
2582 659 2600 692 ι
2638 639 2718 695 Tu
2741 641 2862 711 quis
2885 655 2964 712 es,
2989 644 3080 713 qui
3107 643 3324 714 iudicas

1748 723 1985 780 alienum
2014 729 2265 782 servum?
2289 744 2389 786 suo
2420 730 2639 787 domino
2669 743 2775 789 stat
2801 744 2893 790 aut
2931 736 3112 805 cadit,
3159 738 3329 795 stabit

1749 815 2144 887 autem.(Rom.
2167 832 2284 884 11v,
2316 818 2391 890 1).
2443 839 2462 874 ›
2492 821 2658 877 Video
2682 824 2850 890 enim,
2882 827 3024 897 quod
3067 843 3228 884 nemo
3273 841 3327 885 te

1747 913 1804 961 et
1837 907 1982 977 ipsos
2017 925 2152 979 quos
2181 925 2342 982 super
2373 928 2470 968 nos
2500 915 2674 971 solitis
2709 916 2926 974 illexisti
2953 922 3323 990 sermonibus,

1749 997 2000 1055 atalibus
2054 1015 2311 1057 revocare
2360 1007 2577 1074 poterit.
2635 1007 2740 1063 Sed
2790 1017 2994 1066 terrere
3027 1021 3079 1069 te
3129 1014 3329 1071 debent

1749 1087 1890 1142 bella
1943 1091 2157 1159 civilia,
2223 1095 2533 1161 homicidia,
2579 1111 2919 1157 sacramenta
2973 1118 3039 1160 ac
3089 1107 3327 1178 periuria

1751 1175 2156 1246 inenarrabilia,
2191 1183 2538 1252 parvulorum
2587 1186 2986 1248 multitudinem
3029 1175 3321 1251 multorum

1749 1281 1938 1322 necem
1961 1271 2076 1325 sine
2101 1271 2423 1342 baptismate
2446 1275 2861 1345 incurrentium,
2889 1297 3124 1352 quorum
3152 1301 3326 1342 mem-
3354 1307 3358 1312 ·

1747 1361 1846 1416 bra
1888 1375 1942 1418 et
1972 1367 2145 1433 qualia
2183 1367 2251 1399 ⁶¹⁸
2284 1376 2336 1423 et
2363 1380 2563 1439 quanta
2595 1372 2694 1427 hoc
2731 1372 2786 1427 in
2813 1390 2956 1431 anno
3002 1378 3055 1432 in
3089 1379 3327 1435 cisterna

1751 1454 2003 1510 theatrali
2027 1475 2149 1512 cum
2198 1462 2456 1516 mundata
2486 1477 2515 1517 a
2546 1463 2795 1522 clocariis
2818 1468 2886 1500 “9
2915 1470 3131 1526 inventa
3177 1467 3354 1541 sunt,’

1749 1550 1936 1618 paucis
1959 1560 2134 1606 tamen
2153 1553 2584 1623 condolentibus,
2604 1567 2730 1615 ante
2757 1569 2876 1616 tuos
2900 1563 3083 1619 oculos
3099 1565 3325 1621 habens.

1751 1641 1818 1695 Et
1853 1641 1897 1696 si
1928 1642 2058 1696 mihi
2095 1644 2162 1699 de
2201 1654 2394 1700 natura
2428 1647 2661 1703 humana
2708 1667 2812 1706 non
2857 1655 3060 1722 credis,
3093 1660 3356 1715 maxime

53 1749 438 1804 indesinenter
458 1764 672 1820 semper
694 1764 842 1813 esse;
873 1749 917 1804 si
948 1761 1126 1803 autem
1155 1749 1260 1804 ulla
1290 1750 1533 1807 mulieris
1561 1752 1644 1806 vel
1680 1721 1722 1778 Β
1751 1749 1857 1789 "0"
1885 1734 2063 1790 credis
2094 1736 2161 1791 de
2206 1739 2396 1793 ονάίηο
2427 1750 2635 1806 ηοδῑτον
2667 1744 2760 1813 QUI
2806 1745 2932 1801 dum
2977 1749 3152 1819 magis
3197 1767 3328 1807 00"-

52 1843 142 1895 sui
177 1843 304 1899 tabe
326 1843 706 1912 coinquinatus
737 1841 924 1908 fuerit,
960 1842 1274 1896 holocausta
1307 1841 1503 1898 oﬂ‘erre
1534 1845 1644 1899 Deo

51 1951 164 1988 non
201 1944 401 2004 potest.
428 1933 565 1992 Olim
597 1934 745 1989 enim
783 1934 949 1988 nmlta
974 1934 1157 1990 multis
1183 1935 1414 2004 quadam
1440 1935 1640 2007 injusta

51 2026 375 2090 occasione,
433 2026 737 2095 periculose
797 2034 1006 2088 tamen,
1055 2040 1314 2080 concessa
1373 2026 1639 2082 videntur.

53 2117 217 2172 Nunc
244 2127 424 2174 autem
453 2133 614 2189 agere
652 2134 749 2174 vos
779 2132 968 2173 omnes
996 2118 1237 2188 expedit,
1270 2127 1328 2172 ut
1371 2119 1459 2174 via
1497 2121 1644 2192 regia

52 2209 398 2277 gradiantur,
435 2226 540 2266 non
563 2209 900 2265 declinantes
931 2226 959 2264 a
1015 2211 1256 2266 dexteris
1285 2227 1383 2266 nec
1417 2227 1445 2266 a
1487 2214 1644 2268 sinis-

55 2300 182 2355 tris.
217 2301 391 2356 Video
421 2315 518 2356 vos
538 2297 690 2371 quasi
721 2311 962 2356 armatos
1013 2301 1193 2356 multis
1245 2303 1646 2372 conscriptora-

52 2410 180 2447 rum
215 2393 462 2448 scientiis
491 2403 698 2459 astare;
733 2394 826 2449 sed
857 2401 1010 2448 scuta
1041 2403 1220 2448 vestra
1251 2394 1303 2447 iu
1333 2396 1646 2449 cucurbita-

55 2502 178 2538 rum
214 2485 346 2539 folia
376 2495 682 2551 vertentur,
730 2493 786 2540 et
838 2483 998 2556 gladii
1046 2485 1213 2539 vestri
1257 2485 1313 2538 in
1368 2484 1643 2554 plumbum

55 2574 320 2647 frigidum
350 2584 762 2631 convertentur.
799 2594 815 2626 ι

56 2690 294 2760 Explicit
319 2690 388 2720 ⁶¹⁶
412 2691 580 2744 oratio
609 2689 813 2743 Ariuldi
834 2699 880 2742 et
903 2687 1187 2755 Lamluiﬁ;
1214 2690 1394 2760 incipit
1424 2689 1646 2760 Andr-ea:

124 2757 423 2814 sacci-dotis
472 2760 747 2813 decumani
787 2760 1035 2812 adversus
1094 2759 1369 2812 Arialdnm
1404 2768 1452 2811 ct
1500 2757 1644 2812 Lun-

124 2831 372 2898 dulfum.

118 2940 216 2995 ‘26.
251 2939 364 3012 (25)
402 2961 418 2992 ι
455 2940 703 3005 Fratres,
751 2949 807 2996 et
853 2941 1060 2994 utinam
1103 2939 1300 2995 fratres
1346 2939 1643 3008 karissimi,

50 3034 343 3087 caritatem
367 3039 422 3086 et
452 3031 893 3094 misericordiam,
928 3045 1064 3100 quas
1085 3046 1227 3085 nunc
1252 3039 1305 3085 et
1331 3029 1643 3086 multoticns
1670 3070 1714 3132 Ο

52 3124 258 3192 vestris
306 3124 571 3179 doetrinis
611 3123 934 3189 iuseruistis,
969 3129 1026 3178 ut
1053 3137 1149 3179 ore
1199 3123 1518 3189 denotastis,
1562 3125 1642 3180 sic

52 3217 326 3271 bonorum
368 3224 583 3270 actuum
624 3216 871 3287 exemplo
921 3217 1424 3272 conﬁrmavissetis.
1476 3217 1642 3274 Multa

52 3309 118 3361 de
149 3308 384 3362 caritate
423 3307 499 3361 tui
543 3310 810 3364 sermonis
857 3306 1083 3363 exordio
1128 3307 1391 3374 habuisti,
1432 3309 1528 3366 sed
1575 3311 1642 3366 de

50 3413 163 3468 quo
188 3398 342 3452 fonte
368 3400 731 3465 manaverint,
759 3401 1042 3454 verborum
1077 3409 1287 3454 tuorttm
1314 3400 1435 3456 ﬁnis
1456 3409 1642 3471 aperte

54 3488 400 3542 denudavit:
435 3489 480 3543 si
536 3491 679 3543 enim
731 3503 800 3543 ex
855 3488 1084 3545 caritate
1127 3489 1530 3555 inchoavisscs,
1588 3491 1664 3544 iu‘

51 3580 309 3647 caritate,
344 3597 465 3652 qua:
497 3579 636 3636 Deus
684 3591 786 3646 est,
817 3581 1106 3637 ﬁuivisses.
1146 3580 1300 3636 Unde
1337 3582 1389 3635 in
1417 3593 1637 3636 ventum

53 3670 272 3736 tendis,
309 3685 435 3725 cum
489 3671 735 3726 invento
779 3670 1046 3743 superbia:
1085 3672 1351 3741 graderis.
1400 3671 1590 3726 Dixisti
1623 3692 1637 3728 :

55 3783 74 3812 ι
113 3758 220 3826 Qui
247 3758 675 3814 misericordiam
708 3760 785 3814 ira
827 3769 1063 3826 exercet,
1097 3760 1340 3816 funditus
1370 3760 1641 3830 justitiam

48 3851 400 3908 obliviscitur
423 3851 514 3920 σιτ,
535 3851 648 3922 jam
682 3869 788 3910 non
817 3854 1113 3910 secundum
1139 3856 1423 3911 caritatem
1453 3857 1672 3912 ambuo‘

51 3944 152 3997 lat.
193 3962 212 3995 ι
245 3943 448 3999 Verum
476 3952 586 4008 est;
617 3944 711 3999 sed
750 3945 840 4014 qui
871 3945 972 4000 hoc
1009 3943 1160 4009 facit,
1194 3954 1249 3999 et
1286 3945 1468 4001 taliter
1492 3944 1640 4000 circa

50 4039 376 4103 peccatores
422 4048 481 4089 se
538 4034 722 4100 habet,
777 4034 952 4090 ﬁdelis
1003 4050 1109 4091 non
1162 4045 1266 4102 est,
1308 4051 1406 4092 nec
1448 4036 1642 4106 dignus

47 4127 401 4181 Christianus
424 4118 628 4182 vocari.
661 4125 865 4181 Tamen
904 4128 1172 4196 prospice,
1199 4127 1345 4198 quod
1384 4127 1640 4184 Dominus

48 4219 126 4270 ait
155 4233 168 4268 :
207 4235 226 4267 ‹
262 4211 707 4272 Μὶεθιδίοοιύὶιιιιι
737 4218 880 4282 volo,
926 4232 1031 4273 non
1062 4218 1390 4273 sacriﬁcium
1420 4217 1636 4290 (Matth.

46 4323 130 4372 lx,
166 4306 291 4377 15);
329 4327 347 4359 ι
379 4316 436 4362 et
461 4307 658 4363 iterum
685 4321 704 4363 ‘:
736 4317 762 4360 ἰ
799 4308 1095 4365 Miserebor
1115 4311 1201 4366 cui
1232 4311 1489 4366 misertus
1522 4327 1636 4380 ero,

1747 1825 2070 1896 stringitur,
2124 1829 2357 1899 amplius
2406 1831 2628 1888 inlicitis
2685 1839 3158 1898 accenditurn'el
3208 1844 3329 1911 tibi,

1746 1919 1891 1987 quod
1913 1918 2041 1974 olim
2066 1921 2217 1977 fuisti
2242 1924 2324 1979 vel
2347 1940 2470 1982 cras
2491 1942 2610 1983 esse
2631 1931 2856 1999 poteris,
2878 1935 3058 1991 crede.
3085 1937 3331 1996 Vetando

1747 2023 1911 2062 unam
1964 2021 2018 2065 et
2049 2013 2325 2082 propriam
2376 2032 2639 2086 uxorem,
2684 2029 2901 2078 centum
2951 2024 3330 2086 fornicatriccs

1747 2115 1811 2154 ac
1844 2100 2107 2161 adulteria
2137 2106 2303 2160 tnulta
2344 2110 2618 2164 concedis.
2646 2110 2916 2171 Praeterea
2942 2117 3138 2175 vitium
3180 2122 3333 2177 dete-

1748 2191 1972 2257 stabile,
2023 2195 2091 2249 ob
2133 2198 2276 2265 quod
2315 2199 2536 2268 quidam
2580 2216 2646 2257 ex
2697 2205 2802 2261 tuis
2843 2208 3161 2268 simulantes
3209 2228 3332 2269 sese

1748 2295 1896 2339 easte
1926 2286 2128 2352 vivere,
2161 2292 2421 2348 uxoribus’
2444 2293 2577 2349 falsa
2613 2297 2874 2369 religione
2904 2302 3163 2372 dimissis,
3197 2309 3332 2362 vitio

1749 2376 1936 2432 imbuti
1997 2381 2342 2450 detestabili,
2399 2387 2455 2440 in
2510 2389 2723 2445 theatro
2776 2394 3004 2464 turpiter
3057 2399 3216 2454 tracti
3276 2411 3334 2456 et

1748 2467 1803 2521 in
1854 2469 2030 2526 fronte
2082 2473 2151 2504 ⁶²⁰
2187 2475 2395 2530 decocti
2458 2489 2604 2544 sunt,
2646 2488 2698 2534 te
2723 2484 2895 2538 amice
2945 2492 3213 2556 tangendo
3238 2483 3358 2547 de?

1749 2567 1973 2616 terreat.
1995 2561 2127 2618 Item
2166 2566 2398 2623 intulisti
2423 2569 2620 2624 domno
2645 2570 2902 2632 Guiberto
2931 2595 2944 2631 :
2978 2597 2995 2629 ι
3027 2578 3247 2638 Solutus
3271 2600 3330 2638 es

1750 2653 1819 2707 ab
1857 2670 2047 2723 uxore,
2077 2658 2184 2713 noli
2211 2675 2457 2730 quarrere
2487 2680 2762 2730 uxorem,»
2792 2670 2884 2724 sed
2915 2671 3045 2727 illud
3073 2677 3215 2744 quod
3239 2693 3325 2732 sc-

1748 2745 1952 2811 quitur,
1978 2763 2147 2817 quare
2186 2767 2292 2805 non
2342 2753 2562 2810 dixisti?
2595 2757 2704 2812 imo
2765 2762 3008 2830 apostolo
3065 2767 3278 2824 dicente
3313 2790 3323 2821 :

1756 2856 1772 2887 ι
1812 2837 1869 2892 Si
1917 2850 2096 2895 autem
2147 2847 2423 2915 acceperis
2454 2865 2701 2916 uxorem,
2755 2871 2859 2908 nou
2893 2861 3150 2926 peccasti,
3190 2873 3246 2918 et
3284 2867 3331 2920 si

1749 2933 1993 3003 nupserit
2024 2935 2192 3007 virgo,
2247 2954 2350 2993 non
2405 2944 2666 3009 peccavit.
2707 2964 2724 2996 ι
2774 2947 2966 3005 Dixisti
3021 2970 3090 3006 τι
3131 2953 3200 3010 Ut
3254 2959 3333 3014 ait

1749 3025 2060 3096 Apostolus,
2086 3030 2359 3087 debitores
2387 3049 2575 3088 sumus
2605 3054 2710 3091 non
2741 3041 2911 3095 carni.
2933 3062 2952 3096 ι
2981 3042 3056 3099 Ita
3083 3056 3193 3114 est;
3223 3065 3334 3104 non

1744 3120 1890 3174 enim
1920 3121 1996 3176 ita
2025 3123 2174 3178 carni
2209 3125 2494 3192 servimus,
2539 3137 2596 3184 ut
2619 3131 2810 3200 spiritu
2839 3145 2894 3189 et
2935 3152 3164 3208 corpore
3196 3149 3333 3196 tem-

1743 3227 1875 3283 pore
1895 3228 2137 3286 congruo
2166 3216 2274 3272 Deo
2301 3220 2636 3276 serviamus?
2661 3223 2741 3280 Ob
2768 3241 2929 3294 quam
2963 3244 3183 3289 causam
3206 3235 3334 3290 audi

1743 3307 1962 3364 beatum
1989 3310 2342 3369 Ambrosium
2375 3315 2558 3389 (19.6);
2585 3319 2658 3372 ait
2689 3321 2833 3376 enim
2858 3323 2910 3378 in
2935 3324 3072 3383 libro
3094 3328 3169 3386 De
3191 3330 3335 3388 bono

1743 3398 2016 3470 coniugali
2050 3401 2122 3469 (c.
2147 3404 2242 3475 25)
2281 3423 2292 3458 :
2343 3424 2361 3456 ι
2401 3405 2750 3465 Continentia
2785 3428 2888 3469 non
2916 3419 3183 3487 corporis,
3238 3425 3334 3477 sed

1745 3490 1912 3543 animi
1939 3491 2110 3546 virtus
2133 3503 2247 3560 est;
2285 3496 2460 3552 virtus
2494 3509 2677 3554 autem
2729 3504 2895 3559 animi
2951 3507 3245 3580 aliquando
3278 3515 3332 3569 in

1743 3595 1906 3675 opere
1946 3584 2329 3641 manifestatur
2355 3629 2368 3652 ,
2416 3589 2707 3661 aliquando
2756 3596 2809 3649 in
2847 3597 3032 3655 habitu
3063 3602 3212 3660 latet.
3247 3606 3329 3675 (C.

1742 3671 1856 3743 26.)
1882 3672 1944 3727 Et
1961 3672 2260 3744 justiﬁcata
2282 3688 2366 3733 est
2388 3681 2651 3750 sapientia
2677 3701 2706 3738 a
2729 3686 2854 3742 ﬁliis
2876 3690 3008 3756 suis,
3035 3693 3126 3763 qui
3149 3671 3334 3752 vident

1742 3764 2093 3821 continentiae
2121 3768 2381 3824 virtutem
2426 3771 2480 3826 in
2524 3773 2711 3830 habitu
2759 3778 2924 3833 animi
2957 3796 3174 3854 semper
3212 3801 3334 3844 esse

1743 3853 1970 3921 debere;
2005 3857 2059 3911 in
2091 3873 2257 3929 Opere
2307 3870 2489 3917 autem
2531 3879 2632 3934 pro
2677 3884 2861 3924 rerum
2910 3887 2976 3926 ac
3025 3853 3330 3946 temporum

1741 3949 2150 4018 Opportunitate
2186 3951 2544 4012 manil‘estari.
2583 3977 2600 4009 ι
2638 3956 2934 4018 Ditfamasti
2965 3979 3062 4020 nos
3094 3975 3151 4022 et
3191 3969 3333 4025 ordi-

1741 4053 1867 4092 nem
1902 4049 2147 4094 nostrum
2179 4041 2366 4100 Romae
2408 4055 2463 4101 et
2491 4048 2702 4107 civibus
2731 4054 2934 4109 nostris
2965 4056 3108 4114 male
3143 4058 3331 4117 dulco-

1744 4128 1973 4195 ratis,ut
2001 4138 2147 4185 tuam
2175 4133 2460 4191 scientiam
2485 4139 2566 4194 vel
2582 4139 2969 4212 loquacitatem
2984 4150 3329 4221 ostenderes,

1743 4221 1836 4276 sed
1867 4223 2009 4278 unde
2045 4222 2282 4281 fructum
2310 4227 2512 4286 bonum
2552 4231 2754 4291 habere
2790 4245 2846 4292 tu
2893 4239 3091 4309 credis,
3129 4242 3202 4300 ibi
3246 4261 3333 4303 se-

1743 4311 2038 4368 minarium
2071 4314 2336 4371 bonorum
2371 4318 2644 4378 fructuum
2689 4323 2892 4382 habere
2942 4345 3050 4386 non
3099 4331 3331 4403 poteris,

47 4409 101 4454 et
137 4399 381 4454 clemens
407 4415 503 4454 ero
532 4399 585 4454 in
627 4415 734 4470 quo
779 4401 910 4455 mihi
939 4400 1194 4472 placuero
1219 4401 1419 4474 (Exod.
1443 4419 1638 4469 χχχιιι,
1672 4419 1718 4473 ι)
1743 4406 1904 4464 beato
1951 4409 2242 4467 Ambrosio
2292 4428 2455 4484 super
2508 4417 2658 4473 Beati
2707 4419 3042 4480 lmmaculati
3094 4399 3333 4486 tractatu

49 4490 165 4561 19).
210 4509 230 4542 ι
268 4490 423 4557 Quod
456 4503 558 4546 nos
581 4506 701 4546 cum
727 4493 974 4557 caritate,
1001 4507 1123 4548 cum
1160 4492 1488 4562 humilitate,
1515 4511 1639 4550 cum

46 4583 341 4652 patientia,
368 4598 493 4638 cum
513 4583 864 4654 benignitate,
891 4599 1016 4638 eum
1037 4585 1386 4652 discretione,
1411 4601 1532 4658 qua:
1557 4595 1642 4642 est

45 4684 233 4730 mater
272 4675 570 4737 virtutum,
606 4673 802 4730 docere
851 4685 907 4730 et
957 4675 1250 4732 admonere
1300 4688 1353 4733 et
1411 4679 1640 4734 suadere

47 4769 227 4823 multa
252 4780 350 4838 per
373 4775 615 4836 tempora
639 4767 898 4834 debuisti,
923 4784 1067 4824 nunc
1085 4771 1240 4840 quasi
1265 4771 1640 4840 dampnativos

49 4875 113 4914 ac
142 4860 475 4916 criminosos
502 4857 674 4928 plagis
716 4859 1030 4914 saevissimis
1059 4860 1328 4930 simulque
1355 4877 1478 4916 cum
1533 4863 1639 4917 tuis

31 4949 349 5018 rathedris,
372 4949 554 5020 lingua
582 4959 763 5004 tamen
793 4950 1124 5020 inconperta,
1156 4951 1446 5006 criminose
1476 4953 1643 5006 casti-

46 5057 167 5111 gas.
195 5039 363 5106 Cujus
386 5040 629 5109 exemplo
661 5042 775 5094 hinc
803 5043 982 5095 o.nnia
1007 5043 1059 5096 in
1089 5043 1245 5098 nobis
1275 5055 1330 5100 et
1365 5045 1416 5099 in
1440 5045 1640 5116 populo

47 5131 205 5201 agis?
228 5130 386 5185 Enim
410 5139 464 5186 et
487 5147 583 5187 nos
606 5130 794 5185 multis
813 5146 934 5187 cum
963 5136 1294 5203 temporibus
1317 5147 1373 5192 et
1390 5137 1639 5192 ordinem

1745 4509 2058 4590 attestante,
2093 4503 2182 4574 qui
2214 4504 2289 4559 ait
2321 4505 2404 4576 (ιι,
2432 4507 2524 4580 25)
2560 4527 2573 4564 :
2614 4529 2630 4561 ι
2665 4511 2970 4571 Periculum
3002 4525 3087 4590 est
3109 4536 3218 4578 non
3245 4538 3334 4578 so-

1744 4588 1854 4644 lum
1883 4591 2066 4648 dicere
2089 4591 2250 4661 falsa,‘
2274 4597 2368 4652 sed
2393 4599 2556 4654 etiam
2587 4617 2735 4669 vera,
2768 4605 2812 4660 si
2841 4609 2965 4677 quis
3001 4588 3066 4666 ea
3092 4612 3335 4671 insinuet

1743 4681 1938 4751 quibus
1968 4699 2072 4739 non
2097 4697 2334 4756 oportet.
2353 4687 2504 4755 Quod
2521 4692 2711 4748 vitium
2742 4698 3197 4770 quadripartitum
3224 4716 3330 4770 est,

1744 4773 1828 4828 vel
1857 4774 2186 4832 adulationis
2210 4778 2296 4833 vel
2324 4780 2569 4837 avaritia:
2603 4783 2686 4837 vel
2710 4783 2990 4864 jactantiae
3019 4791 3105 4846 vel
3136 4793 3333 4866 loqua-

1745 4865 1925 4921 citatis
1956 4865 2208 4936 incautm,
2237 4871 2364 4940 quia
2395 4871 2522 4927 dum
2547 4876 2753 4933 adulari
2779 4880 2895 4934 vult
2916 4881 3113 4954 aliquis
3141 4865 3221 4952 ei,
3243 4890 3334 4945 cui

1746 4957 2007 5027 loquitur,
2038 4957 2268 5017 eﬂ‘undit
2299 4967 2640 5034 mysterium.
2668 4969 2921 5029 Nonnulli
2953 4976 3121 5030 etiam
3151 4981 3334 5037 studio

1747 5049 1927 5113 lucri,
1971 5053 2279 5108 mercedem
2320 5056 2644 5124 perditionis
2683 5075 2961 5130 secuntur,
2996 5074 3057 5120 ut
3100 5073 3334 5136 tegenda

1749 5141 1968 5197 silentio
2000 5141 2238 5200 vendant
2267 5145 2536 5215 loquendo
2566 5169 2579 5205 :
2612 5153 2723 5219 alii,
2754 5167 2812 5210 ut
2856 5157 3013 5226 plura
3057 5173 3220 5215 nosse
3252 5162 3332 5215 vi-

1359 5247 1595 5306 VARLE
1637 5252 2041 5312 LECTIONES.
