3960 5320
557 115 659 168 959

1573 114 1918 172 LANDULFI
1961 109 2512 170 MEDIOLANENSIS
2542 108 2808 166 CLEllICI

3720 111 3812 166 950

555 233 781 285 deantur
825 238 876 283 et
921 228 1198 284 scientiam
1229 242 1382 282 suam
1428 224 1657 296 iactent,
1689 229 1941 298 aperiunt
1987 228 2130 298 quod
2160 231 2207 290 Α
2234 235 2293 282 ut
2339 242 2438 282 nos
2469 242 2498 280 a
2531 225 2739 294 laqueis
2793 224 3004 289 mortis,
3031 223 3228 292 quibus
3257 224 3368 278 vita
3421 225 3524 279 ista
3568 240 3809 297 urgetur,

551 319 729 375 celare
777 317 1058 382 deberent,
1095 325 1150 371 et
1193 315 1260 348 ⁸²¹
1305 317 1430 371 dum
1470 316 1586 372 sine
1610 317 1814 388 iudicio
1863 317 2128 383 locuntur,

549 399 776 470 vcrbum
805 413 1060 467 emittunt
1089 411 1231 481 quod
1277 427 1534 467 revocare
1577 425 1684 467 non
1731 418 1973 480 possunt,
2012 429 2030 462 ι
2067 409 2134 465 de

550 506 749 577 quibus
790 503 1104 560 Dominus:
1153 519 1171 554 t
1202 501 1312 558 Vos
1369 502 1501 558 estis
1547 501 1638 572 qui
1681 501 1994 571 iustificatis
2037 515 2134 556 vos

549 599 702 668 ipsos
731 610 918 652 coram
957 593 1287 649 hominibus.
1343 594 1486 647 Deus
1531 601 1713 647 autem
1763 591 1913 646 novit
1969 590 2137 646 corda

548 692 730 742 vestra
762 682 915 756 (Luc.
957 698 1070 748 xw,
1099 681 1218 754 15);
1254 702 1272 735 ι
1307 681 1396 752 qui
1427 681 1572 736 enim
1605 678 1898 750 perdiderit
1927 673 2134 744 divina,

549 777 932 849 posteritatem
965 773 1161 849 anima:
1189 788 1299 829 suae
1331 773 1794 842 seminariumque
1817 769 2132 825 meritormn

549 856 755 924 habere
783 881 889 921 non
925 864 1150 935 .poterit.
1179 863 1228 920 Ο
1255 863 1427 919 amice
1453 904 1468 930 ,
1511 863 1556 918 si
1606 863 1702 917 tibi
1750 876 1779 915 a
1826 861 1936 916 Deo
1971 860 2135 915 fuerit

551 943 1002 1034 commissum,ut
1018 957 1202 1012 omnia
1227 956 1544 1028 perficeres,
1558 953 1798 1032 Veritate
1819 961 2132 1020 attestante,

552 1053 780 1109 deberes
831 1052 1012 1108 dicere
1061 1068 1078 1102 ι
1115 1050 1322 1105 Servus
1351 1047 1558 1103 inutilis
1600 1063 1717 1102 sum
1752 1063 1766 1099 :
1808 1065 1826 1098 ι
1863 1046 1908 1100 si
1951 1055 2132 1100 autent

550 1145 868 1215 Apustolum
909 1145 1161 1211 imitaris,
1187 1143 1412 1198 deberes
1465 1141 1666 1196 sentire
1696 1155 1818 1195 cum
1850 1153 1916 1194 eo
1949 1138 2136 1194 dicens

553 1237 732 1308 (Rom.
758 1254 848 1305 sv,
873 1238 926 1308 l)
952 1256 1004 1292 τι
1021 1238 1286 1292 Debemus
1308 1250 1405 1290 nos
1417 1231 2133 1291 firmioresimbecillitatem

550 1328 893 1384 inﬁrmorum
930 1329 1218 1390 sustinere,
1247 1334 1427 1380 etnon
1477 1324 1632 1380 nobis
1663 1325 1910 1395 placere.
1963 1323 2134 1379 Unus-

552 1420 780 1490 quisque
823 1427 1068 1474 nostrum
1097 1419 1343 1490 proximo
1365 1433 1464 1474 suo
1488 1417 1700 1494 placeat
1730 1417 1784 1471 itt
1815 1417 2018 1472 bonum
2065 1415 2133 1470 ad

552 1509 1013 1566 hediﬁcationent.
1045 1528 1064 1561 ›
1123 1508 1391 1563 Praeterea
1439 1508 1700 1578 intellige,
1730 1507 1858 1577 quid
1913 1514 2134 1560 sanctus

2235 315 2450 371 liberati
2484 330 2751 380 essemus,
2778 313 3105 370 incurrimus
3131 314 3379 380 minima,
3412 325 3471 369 ut
3496 314 3705 386 majora
3728 320 3812 374 de-

2235 407 2553 464 vitaretnus.
2586 407 2783 463 Multos
2805 407 2950 462 enim
2980 406 3221 478 laqueos,
3247 417 3308 464 ut
3337 411 3417 463 ait
3440 410 3747 480 psalmista,
3769 414 3813 467 in

2233 498 2320 551 via
2374 499 2478 553 hac
2537 498 2753 568 superbi
2810 498 3218 553 absconderunt
3266 497 3446 570 (Psal.
3484 515 3714 567 cxxxtx,
3746 503 3816 572 6).

2236 591 2304 645 Et
2343 591 2436 660 qui
2484 601 2608 646 sunt
2640 591 2728 645 isti
2760 590 2973 660 laquei?
3011 591 3138 645 audi
3171 599 3426 647 sanctum
3475 593 3815 649 Ambrosium

2235 694 2398 749 super
2425 679 2628 734 Lucam
2657 697 2672 736 :
2702 699 2718 732 t
2754 679 2957 736 Oculus
2978 680 3127 734 enim
3163 681 3471 736 meretricis
3500 691 3587 738 est
3607 682 3820 752 laqueus

2233 773 2556 842 peccatoris,
2586 771 2811 840 laqueus
2843 773 2897 826 in
2921 772 3175 842 pecunia,
3201 772 3433 843 laqueus
3455 774 3511 828 in
3543 775 3819 845 religione,

2235 865 2460 935 laqueus
2495 866 2548 918 in
2581 865 2761 920 studio
2781 864 3072 920 castitatis.
3112 884 3128 915 ι
3161 864 3446 934 Separasti
3472 881 3575 921 nos
3599 867 3670 922 ab
3699 883 3815 921 uxo-

2236 956 2387 1012 ribus
2421 957 2645 1021 nostris,
2686 967 2740 1011 tu
2770 958 2863 1026 qui
2908 973 2968 1013 es
3011 958 3269 1028 Apostolo
3313 959 3550 1028 iustior,
3594 964 3818 1017 sanctior
3912 959 3913 1028 ξ

2234 1050 2535 1120 prephetis,
2583 1050 2834 1106 mundior
2878 1053 3241 1122 patriarchis,
3273 1069 3386 1108 non
3429 1052 3671 1122 iustitia,
3721 1070 3817 1109 non

2235 1143 2484 1205 cari-tate,
2523 1143 2630 1197 imo
2663 1143 2863 1199 lanceis
2887 1155 2942 1200 et
2981 1146 3202 1200 ensibus
3232 1146 3664 1216 durissimisque
3689 1147 3814 1214 iaia-
3912 1143 3913 1198 ἶ

2233 1237 2350 1299 riis,
2385 1253 2519 1307 quas
2566 1236 2814 1308 legaliter
2860 1237 2928 1293 ab
2977 1237 3133 1292 initio
3183 1238 3619 1294 christianitatis
3663 1242 3818 1294 nosti
3912 1307 3913 1312 η

2235 1337 2631 1395 antecessores,
2660 1328 2762 1382 sibi
2787 1336 2841 1382 et
2880 1327 3036 1383 nobis
3059 1328 3164 1382 vim
3197 1339 3426 1399 propter
3459 1331 3654 1384 vitium
3681 1341 3820 1382 nstri—

2236 1437 2309 1492 ra:
2335 1409 2618 1487 facientes,
2645 1420 3006 1476 tradiderunt.
3033 1419 3186 1474 Unde
3213 1422 3258 1476 si
3289 1422 3391 1476 tibi
3412 1433 3474 1477 et
3498 1423 3610 1477 tuis
3639 1422 3816 1492 placet,
3912 1443 3913 1448 η

2236 1513 2359 1567 audi
2386 1512 2513 1582 quid
2532 1521 2754 1567 sanctus
2775 1511 3094 1566 Ambrosius
3121 1529 3284 1583 super
3299 1514 3517 1568 Lucam
3541 1514 3675 1568 dicit
3695 1517 3813 1584 (nu,

553 1600 698 1655 dicat
740 1598 1031 1680 Gregorius
1062 1597 1283 1667 (Homil.
1322 1599 1379 1652 in
1409 1597 1610 1668 Evang.
1643 1613 1742 1663 vn,
1771 1597 1826 1669 4)
1860 1614 1872 1651 :
1907 1615 1924 1648 ι
1959 1597 2130 1665 Supe-
2167 1597 2208 1654 Β
2237 1602 2290 1672 4)
2325 1620 2339 1656 :
2375 1620 2392 1654 ι
2430 1602 2602 1669 Quam
2633 1601 2994 1671 periculosum
3017 1612 3122 1668 est,
3151 1604 3196 1657 si
3223 1603 3486 1674 fragilem
3513 1604 3813 1658 adolescen-

553 1690 731 1745 riores
760 1690 1013 1756 invicem,
1044 1691 1277 1745 maxime
1323 1704 1436 1756 eos,
1474 1688 1566 1759 qui
1595 1688 1752 1744 nobis
1797 1688 2036 1744 contenti
2064 1687 2131 1718 ⁶’²

552 1796 661 1837 non
687 1788 835 1846 sunt,
869 1769 1145 1852 proximos
1180 1790 1393 1836 vestros
1427 1780 1710 1845 attendite,
1744 1779 1868 1849 quia
1916 1787 1970 1834 et
1997 1792 2133 1849 quos

554 1887 717 1944 agere
756 1873 934 1940 aliqua
971 1889 1138 1944 prava
1191 1870 1522 1941 conspicitis,
1554 1885 1672 1939 qute
1715 1870 1769 1924 in
1805 1870 1884 1926 eis
1929 1868 2134 1923 lateant

552 1963 694 2019 bona
727 1963 979 2030 nescitis;
1024 1976 1253 2034 magnus
1293 1976 1424 2030 ergo
1475 1961 1846 2031 unusquisque
1875 1974 1998 2014 esse
2024 1969 2134 2014 stu-

554 2059 696 2124 deat,
727 2053 820 2112 sed
849 2065 1028 2112 tamen
1058 2055 1239 2124 aliquo
1269 2054 1427 2108 modo
1456 2066 1515 2107 se
1552 2052 1621 2083 ⁶²³
1647 2066 1772 2107 esse
1805 2053 2036 2118 nesciat,
2065 2066 2132 2106 ne

553 2149 679 2202 dum
711 2147 811 2203 sibi
839 2147 1265 2218 magnitudinem
1295 2153 1616 2215 arroganter
1645 2144 1855 2209 tribuit,
1894 2144 2128 2198 amittat.

556 2240 694 2297 Hinc
730 2242 874 2297 enim
913 2235 979 2297 de
1009 2239 1171 2296 Saule
1194 2237 1539 2309 superbiente
1577 2251 1673 2308 per
1702 2238 2018 2307 prophetam
2047 2236 2132 2291 di-

553 2334 735 2391 citur:
769 2334 903 2390 Cum
936 2341 992 2388 ttt
1023 2342 1074 2388 te
1102 2331 1388 2403 parvulum
1411 2329 1783 2400 conspiceres,
1813 2345 1913 2400 ego
1942 2338 1994 2385 te
2022 2344 2134 2400 prae

555 2428 766 2485 caeteris
797 2443 1049 2500 magnum
1081 2425 1184 2482 feci
1229 2423 1329 2491 "";
1383 2423 1509 2494 quia
1546 2438 1674 2478 vero
1705 2431 1760 2476 tu
1794 2431 1847 2478 te
1873 2437 2129 2493 magnum

554 2519 850 2591 conspicis,
883 2533 914 2574 a
937 2533 1024 2574 me
1058 2515 1315 2588 parvulus
1338 2513 1644 2570 aestimaris.
1689 2532 1709 2566 ι
1761 2513 1820 2567 Si
1853 2511 1998 2568 enim
2037 2527 2135 2582 per

554 2610 907 2683 fragilitatem
943 2613 1147 2677 carnis,
1179 2619 1241 2666 ut
1269 2609 1366 2664 tibi
1405 2609 1644 2676 videtur,
1673 2622 1990 2679 peccamus,
2036 2605 2136 2661 ba-

554 2704 746 2756 hentus
773 2701 918 2757 beati
967 2701 1239 2757 Ambrosii
1287 2700 1746 2768 consolationem;
1801 2700 1880 2755 ait
1905 2699 2048 2755 enim
2078 2700 2133 2754 in

555 2791 695 2848 libro
728 2792 804 2848 De
851 2792 1028 2848 saeculi
1075 2793 1196 2862 fuga
1227 2792 1298 2864 (c.
1332 2791 1420 2863 ll)
1461 2809 1473 2846 :
1508 2810 1526 2843 t
1562 2789 1618 2847 Si
1665 2807 1762 2862 per
1786 2790 2133 2863 fragilitatem

555 2885 738 2940 carnis
761 2894 815 2940 et
839 2885 1026 2939 mundi
1055 2879 1342 2940 illecebras
1371 2883 1445 2938 ita
1475 2891 1711 2938 mentem
1752 2891 1994 2937 nostram
2021 2880 2136 2937 for-

553 2991 706 3031 mare
734 2992 842 3031 non
882 2991 1192 3046 possumus,
1227 2975 1533 3030 reverentia
1575 2982 1816 3045 paternae
1865 2973 1936 3006 ⁵³⁵
1965 2973 2136 3043 prolis
2165 2963 2208 3024 C

553 3077 839 3136 peccatum
869 3067 1130 3122 levemus.
1165 3065 1376 3122 Caritas
1404 3066 1548 3121 enim
1579 3064 1981 3120 multitudinem
2011 3080 2136 3136 pec-

555 3167 800 3213 catorum
831 3159 1028 3229 operit.
1058 3157 1159 3225 Qui
1191 3158 1334 3213 enim
1361 3157 1431 3189 ⁶¹⁶
1465 3157 1532 3212 ad
1563 3157 1854 3229 imaginem
1885 3158 1980 3213 Dei
2015 3173 2136 3214 esse

559 3265 664 3305 non
697 3250 895 3320 potuit,
925 3250 994 3304 sit
1022 3249 1087 3304 ad
1113 3249 1500 3320 plenitudinem
1528 3249 1792 3305 caritatis.
1826 3268 1846 3303 ›
1879 3249 1970 3304 Ait
1990 3249 2134 3304 enim

557 3343 611 3396 ie
647 3341 784 3397 libro
807 3341 882 3397 De
906 3341 1265 3412 poenitentia:
1303 3358 1322 3392 ι
1359 3341 1569 3412 Regnat
1595 3338 1650 3396 in
1674 3341 1830 3396 nobis
1857 3340 1943 3396 lex
1978 3339 2137 3409 huius

557 3434 736 3490 carnis
765 3435 1038 3490 contraria
1073 3430 1177 3506 legi
1205 3433 1402 3490 mentis
1431 3443 1652 3502 nostrae,
1680 3441 1736 3490 et
1766 3435 2012 3506 captivos
2039 3451 2138 3491 nos

559 3523 610 3577 itt
647 3533 926 3593 peccatum
974 3525 1158 3592 trahit,
1192 3532 1248 3578 ut
1281 3523 1544 3580 faciamus
1603 3525 1745 3594 quod
1800 3525 2070 3581 nolumus.
2112 3545 2130 3578 ι

554 3616 686 3671 Item
719 3631 882 3687 super
905 3616 1106 3672 Lucam
1132 3616 1210 3689 (1,
1237 3617 1327 3690 50)
1361 3635 1374 3672 :
1423 3635 1442 3670 ι
1488 3615 1605 3673 Non
1639 3618 1812 3673 otiose
1859 3619 2044 3674 statim
2068 3611 2136 3650 ⁸³⁷

555 3709 609 3762 ἱιι
644 3709 910 3778 principio
936 3707 1161 3764 Genesis
1182 3709 1277 3764 Dei
1300 3708 1513 3779 iussum
1542 3706 1611 3741 ⁶²⁸
1635 3703 1940 3780 coniugium
1968 3725 2135 3779 copu-

555 3796 725 3866 latur,
757 3800 862 3856 nisi
913 3809 974 3854 ut
1013 3801 1237 3857 haeresis
1282 3796 1614 3857 destruatur.
1664 3801 1758 3858 Sic
1805 3804 1950 3858 enim
1997 3805 2138 3859 Deus

554 3890 868 3963 coniugium
899 3891 1169 3961 probavit,
1197 3900 1256 3946 ut
1279 3892 1533 3964 iungeret
1565 3909 1579 3960 ;
1619 3912 1639 3946 ι
1677 3894 1730 3948 ἱη
1762 3893 1949 3948 multis
1991 3895 2136 3948 enim

556 3987 752 4035 natura
779 3989 967 4036 nostra
1013 3980 1215 4038 cotidie
1241 3979 1535 4038 febricitat.
1579 3975 1732 4038 Unde
1762 3992 1984 4038 sanctus
2006 3984 2138 4039 Am-
2164 3971 2166 3973 ’

555 4073 770 4130 brosius
791 4089 954 4145 super
973 4074 1172 4131 Lucam
1203 4093 1216 4130 :
1254 4093 1272 4127 ι
1299 4075 1491 4132 Febris
1520 4076 1666 4131 enim
1695 4085 1879 4132 nostra
1902 4079 2135 4132 avaritia

556 4177 659 4235 est,
686 4169 852 4226 febris
871 4177 1057 4225 nostra
1080 4169 1243 4224 libido
1257 4178 1362 4236 est,
1385 4185 1450 4226 eo
1472 4169 1613 4239 quod
1639 4164 1820 4240 ignitae
1841 4181 1968 4226 sunt
1993 4173 2139 4242 cupi"

559 4259 782 4326 ditates;
806 4277 826 4312 ›
843 4258 988 4314 unde
999 4259 1398 4330 aitApostolus:
1420 4278 1438 4312 t
1458 4259 1517 4316 Si
1530 4275 1587 4316 se
1601 4276 1707 4316 non
1721 4263 2021 4328 continent,
2039 4279 2137 4317 nu-

558 4351 688 4406 bant
704 4367 720 4418 ;
738 4351 928 4406 melius
940 4360 1020 4407 est
1031 4352 1173 4407 enim
1191 4352 1589 4424 nubere,quam
1604 4353 1684 4408 uri
1701 4351 1754 4426 (1
1775 4353 1996 4418 Conv".
2012 4355 2086 4424 9).
2113 4376 2130 4407 ι

560 4441 711 4497 Multi
741 4449 866 4497 ante
911 4442 1160 4498 homines
1207 4444 1342 4498 casti
1372 4453 1426 4499 et
1479 4444 1664 4500 mundi
1709 4459 1830 4501 esse
1855 4447 2132 4509 videntur,

560 4534 655 4589 sed
672 4543 796 4589 ante
818 4534 986 4590 Deum
1004 4533 1443 4607 flagitiosissimis
1458 4535 1605 4592 vitiis
1628 4537 1828 4593 irretiti
1851 4547 2133 4609 apparent.

562 4625 716 4681 Unde
777 4625 918 4680 idem
970 4642 1131 4696 super
1179 4626 1376 4680 Lucam
1415 4631 1478 4698 (ι,
1529 4627 1660 4697 -l8):
1700 4646 1718 4680 ι
1761 4627 1877 4683 Non
1924 4642 2138 4699 semper

561 4716 631 4748 ⁸⁸⁸
659 4715 802 4771 enim
831 4717 1027 4783 omnis,
1055 4718 1144 4786 qui
1179 4717 1359 4785 justus
1389 4726 1471 4772 est
1499 4727 1627 4773 ante
1660 4718 1932 4782 homines,
1956 4715 2138 4785 justus

558 4815 639 4862 est
667 4816 792 4860 ante
816 4807 1002 4862 Deum.
1035 4806 1202 4860 Aliter
1223 4807 1400 4861 vident
1428 4805 1676 4861 homines
1702 4817 1757 4862 et
1783 4807 1942 4862 aliter
1965 4806 2132 4868 Deus;

559 4898 722 4955 homo
747 4897 891 4955 videt
919 4899 972 4952 in
1000 4898 1164 4967 facie,
1209 4899 1349 4953 Deus
1379 4907 1558 4954 autem
1601 4899 1653 4953 itt
1695 4895 1881 4954 corde.
1923 4917 1942 4950 ι
1981 4897 2136 4952 Enim

2241 1694 2364 1750 tulm
2393 1695 2478 1750 vel
2528 1693 2887 1749 adolescentis
2933 1694 3002 1726 ⁶³⁰
3057 1703 3274 1750 aetatem
3325 1697 3514 1749 errori
3577 1696 3812 1765 peccandi

2235 1789 2528 1846 criminose
2555 1790 2781 1846 offeras!
2814 1791 2952 1844 Audi
2978 1790 3146 1862 legem
3175 1789 3414 1857 Domini,
3444 1791 3540 1845 cui
3575 1791 3813 1846 obsecun-

2237 1890 2324 1936 tur
2352 1883 2516 1936 etiam
2547 1883 2636 1952 qtti
2662 1882 2807 1954 leges
2833 1881 3013 1937 ferunt
3049 1882 3122 1951 (c.
3163 1881 3218 1952 5)
3254 1898 3269 1935 :
3309 1881 3467 1947 Quos
3505 1881 3654 1936 Deus
3700 1898 3812 1934 coa-

2228 1971 2431 2042 innxit,
2471 1973 2632 2028 homo
2656 1989 2764 2027 non
2787 1981 3022 2042 separet.
3065 1973 3145 2027 Ab
3173 1972 3330 2026 initio
3380 1980 3578 2026 autem
3627 1972 3714 2027 Dei
3739 1973 3809 2024 lu

2235 2077 2338 2122 est.
2364 2066 2493 2133 Qua:
2519 2053 2584 2096 δ³¹
2608 2065 2784 2120 estlex
2809 2065 2903 2120 Dei
2932 2064 3003 2137 (c.
3029 2065 3120 2137 7)?
3137 2085 3153 2116 ι
3171 2050 3407 2134 Propter
3429 2060 3544 2118 hoc
3575 2064 3815 2133 relinquet

2236 2160 2399 2214 homo
2427 2169 2636 2229 patrem
2660 2158 2712 2213 et
2739 2169 2991 2225 matrem,
3025 2169 3079 2212 et
3102 2159 3401 2216 adhaerebit
3427 2146 3595 2212 uxori
3627 2166 3746 2216 sua.
3769 2170 3814 2210 rt

2236 2258 2393 2304 erunt
2414 2249 2520 2304 duo
2550 2249 2603 2304 in
2625 2265 2788 2305 carne
2809 2265 2916 2304 una
2945 2248 3150 2318 (ϐείω,
3173 2250 3292 2320 24);
3316 2267 3334 2300 ι
3367 2266 3507 2318 ergo
3527 2251 3623 2319 qui
3652 2250 3810 2305 divi-dit

2238 2340 2304 2371 ⁶³²
2328 2355 2572 2405 uxorem,
2598 2354 2815 2394 carnem
2842 2355 2995 2395 suam
3024 2339 3244 2403 scindit,
3278 2339 3456 2409 legem
3490 2339 3709 2401 dividit,
3737 2354 3810 2393 se-

2237 2432 2703 2502 parateorpus‘”,
2726 2441 2781 2487 et
2804 2430 2933 2486 facit
2956 2447 3048 2487 eos
3068 2432 3352 2486 matchari.
3379 2452 3397 2482 ι
3429 2431 3744 2501 Virginitas,
3765 2443 3813 2483 ut

2237 2527 2312 2580 ait
2342 2525 2533 2580 beatus
2556 2524 2906 2592 Ambrosius,
2940 2524 3156 2579 suaderi
3203 2535 3408 2594 potest,
3438 2525 3702 2594 imperari
3725 2540 3812 2578 non

2236 2626 2432 2687 potest.
2455 2636 2473 2668 ›
2491 2616 2882 2685 Quidigiturde
2905 2615 3010 2669 illis
3031 2615 3520 2683 respottdcbis,qui
3538 2615 3655 2684 iam
3670 2630 3813 2684 seper

2238 2708 2542 2779 quindecim
2574 2717 2667 2762 aut
2689 2708 2877 2779 viginti
2907 2719 3079 2761 annos
3108 2700 3382 2777 coniugali
3411 2707 3580 2761 thoro
3613 2708 3813 2776 copula-

2239 2801 2465 2856 verunt?
2491 2801 2679 2856 Dixisti
2713 2819 2727 2854 ε
2765 2818 2783 2851 ι
2812 2798 3193 2854 Fornieatores
3220 2807 3274 2851 et
3301 2796 3593 2851 adulteros
3617 2797 3813 2864 iudica-

2240 2893 2319 2947 bit
2353 2893 2518 2947 Deus!
2563 2911 2581 2944 ι
2616 2893 2816 2963 Aperte
2839 2905 3024 2944 verum
3052 2899 3166 2952 est;
3201 2889 3298 2944 sed
3329 2889 3397 2944 de
3435 2889 3705 2943 fratribus
3730 2891 3816 2942 tuis

2240 3000 2374 3055 quos
2401 2993 2454 3039 ttt
2484 2985 2635 3040 vides
2667 2994 2854 3050 tecum
2890 2984 3112 3038 credere
3140 2998 3307 3036 unum
3356 2992 3580 3050 patrem
3613 2982 3814 3038 habere.

2240 3091 2402 3130 unam
2453 3076 2612 3130 ﬁdem
2667 3073 2988 3129 catholicam
3021 3083 3226 3137 tenere,
3267 3088 3436 3126 uuam
3468 3084 3530 3127 et
3559 3074 3815 3143 propriam

2240 3179 2462 3219 uxorem
2496 3163 2781 3220 vettialiter
2823 3165 2901 3218 uti
2944 3165 3151 3229 dicens,
3182 3165 3424 3233 peccasti
3460 3183 3473 3217 :
3531 3174 3646 3218 stat
3693 3165 3819 3217 enim

2241 3267 2461 3313 sanctus
2508 3256 2831 3312 Ambrosius
2860 3257 2912 3310 itt
2945 3245 3271 3311 Vercellensi
3301 3255 3539 3326 epistola
3569 3257 3643 3326 (c.
3679 3257 3762 3320 ll}
3802 3271 3810 3302 ι

2247 3369 2262 3402 ι
2291 3349 2534 3404 Dicimus
2560 3349 2702 3420 quod
2734 3349 2825 3418 qui
2856 3347 3022 3402 fuerit
3045 3349 3098 3403 in
3127 3347 3348 3402 Christo
3379 3349 3716 3415 baptizatus,
3743 3349 3818 3399 ha-

2239 3440 2354 3495 beri
2392 3441 2502 3508 iatn
2534 3455 2641 3494 non
2681 3439 2875 3494 debeat
2906 3438 3256 3494 fornicarius.
3296 3457 3316 3490 ι
3353 3437 3621 3492 Forsitan
3655 3437 3814 3491 adhuc

2241 3529 2330 3583 illa
2357 3529 2625 3584 sententia
2655 3528 2951 3600 implicitus
2978 3543 3058 3593 es,
3089 3544 3192 3598 qua
3221 3527 3355 3582 olim
3407 3528 3487 3582 illi
3535 3528 3602 3583 de
3630 3527 3820 3582 Monte-

2239 3617 2366 3696 forti
2394 3627 2444 3672 te
2471 3617 2797 3683 imbuerant,
2832 3617 2924 3687 qui
2953 3623 3166 3672 omnem
3197 3616 3672 3671 christianitatem
3712 3633 3814 3670 ma-

2238 3709 2425 3766 lierem
2456 3725 2564 3765 non
2595 3719 2815 3781 tangere
2842 3719 2896 3765 et
2919 3725 3088 3781 genus
3129 3709 3435 3763 humanum
3469 3710 3592 3764 sine
3625 3710 3816 3764 semine

2242 3803 2384 3858 virili
2435 3818 2597 3872 apum
2655 3819 2807 3858 more
2859 3803 3012 3858 nasci
3043 3803 3303 3863 dicentes,
3338 3799 3500 3857 falsis
3553 3799 3817 3857 sententiis

2238 3892 2608 3948 atlirmabant?
2638 3893 2769 3948 Volo
2798 3902 2980 3948 autem
3009 3901 3064 3948 et
3092 3907 3192 3963 ego
3221 3901 3388 3960 atque
3428 3893 3688 3947 desidero
3713 3905 3816 3944 om-

2239 3984 2616 4056 nemiordinem
2629 3985 3055 4040 ecclesiasticum
3070 3969 3354 4049 mundum,
3366 3983 3626 4046 nitidum,
3640 3995 3818 4052 purum

2239 4063 2289 4131 et
2315 4078 2706 4141 sanctum;sed
2735 4075 2868 4131 dicit
2895 4075 3169 4144 apostolus
3199 4091 3215 4129 :
3248 4092 3268 4125 ι
3297 4074 3480 4130 Nemo
3503 4084 3683 4144 petest

2241 4168 2468 4222 mundus
2503 4182 2533 4221 a
2560 4176 2786 4236 peccato
2811 4176 2866 4224 et
2888 4175 3129 4222 sanctus.
3161 4185 3182 4219 ι
3215 4164 3320 4244 Job
3366 4167 3570 4222 videns
3614 4165 3816 4220 humari

2239 4258 2453 4329 generis
2478 4257 2844 4328 fragilitatem,
2872 4258 3045 4313 dicit:
3081 4277 3098 4310 ι
3132 4256 3411 4327 Numquid
3436 4257 3704 4311 fortitudo
3745 4254 3814 4306 la-

2241 4351 2422 4420 pidum
2449 4335 2712 4407 fdrtitudo
2760 4366 2903 4416 mea,
2933 4360 3026 4405 aut
3053 4365 3180 4405 caro
3223 4364 3342 4404 mea
3385 4365 3542 4404 a-nea
3570 4345 3813 4412 θερμά

2235 4457 2308 4507 vr,
2340 4441 2450 4514 12.)
2490 4460 2510 4494 ι
2542 4441 2811 4497 Praeterea
2840 4455 2964 4496 cum
2997 4449 3052 4495 tu
3077 4455 3178 4495 nos
3213 4441 3264 4493 in
3291 4440 3485 4494 multis
3518 4435 3813 4492 diﬂ‘amasti.

2241 4542 2295 4588 ct
2319 4533 2506 4588 (licens
2531 4531 2800 4596 clamasti,
2831 4531 3170 4586 sacerdotem
3203 4529 3386 4599 aliqua
3413 4530 3543 4584 tabe
3570 4537 3813 4582 attactum

2242 4625 2567 4680 sacrificium
2609 4625 2717 4678 Deo
2744 4621 2939 4678 offerre
2965 4637 3071 4676 non
3103 4636 3286 4692 posse,
3319 4621 3613 4676 debuisses
3638 4631 3814 4688 cogno-

2238 4731 2430 4782 scere,
2471 4717 2616 4786 quod
2655 4715 2914 4770 Dominus
2965 4714 3020 4768 in
3064 4712 3390 4783 Apocalypsi
3433 4712 3572 4766 dicit
3610 4728 3628 4764 :
3661 4729 3681 4760 ι
3721 4707 3814 4773 Ego

2241 4823 2360 4862 sum
2387 4807 2564 4877 Alpha
2605 4816 2661 4861 et
2691 4806 2913 4877 Otnega,
2946 4806 3156 4874 primus
3181 4812 3238 4860 et
3268 4803 3614 4859 novissimus
3646 4821 3660 4855 :
3688 4799 3810 4853 beati

2243 4897 2336 4967 qui
2368 4896 2554 4951 lavant
2597 4896 2764 4952 stolas
2788 4911 2916 4954 suas
2940 4895 3032 4964 ⁸⁸⁸,
3066 4904 3126 4950 ut
3153 4895 3226 4951 sit
3249 4903 3499 4964 potestas
3527 4909 3720 4949 eorum
3768 4891 3812 4941 in

1883 5115 2114 5173 vanae
2160 5073 2579 5175 ’LECTIONES.

1537 5311 1558 5320 .-
1594 5293 1862 5320 .ιιι-...ηιξκηὲ
1892 5308 1924 5320 αι
1987 5291 2107 5320 ...Λι-

2225 5291 2294 5320 en
2336 5277 2474 5320 λη..)
2502 5291 2542 5320 n
2644 5292 2715 5320 uti
