3960 5320
59 297 186 353 9H

1037 299 1348 363 HISTORIA
1394 305 1958 362 MEDIOLANENSIS.
2004 337 2072 348 --
2101 308 2226 362 ιω.
2268 310 2352 364 ιιι.

3244 307 3348 368 οιξ

66 418 249 484 ligno
282 416 432 481 vita},
459 425 514 472 ct
559 429 744 486 portas
791 420 1026 474 civitatis
1075 421 1278 476 intrent
1327 423 1511 490 (Apoc.
1539 438 1670 485 ml,
1703 428 1746 481 Α
1775 436 2015 476 neamus.
2047 423 2185 489 Quin
2225 425 2388 504 etiam
2433 427 2561 494 quid
2606 438 2825 482 sanctus
2876 445 3011 499 papa
3053 430 3350 499 Gtegorius

66 507 203 570 15).
251 526 274 559 ι
314 507 453 562 Sunt
495 511 638 562 enim
695 509 939 573 tttaculm,
995 525 1115 580 qua:
1171 512 1286 567 sola
1339 512 1678 568 confessione

65 593 402 661 lavantur,
443 612 603 664 quam
667 597 988 652 lavationem
1056 601 1360 670 supradicta
1410 601 1678 656 sententia

61 685 368 740 Johannis
399 685 682 755 signiﬁcat.
725 687 863 754 Quin
905 689 1066 742 etiam
1113 690 1339 745 Domino
1387 699 1678 745 attestante

65 778 219 830 audi
255 793 384 846 qua:
425 777 777 848 coinquinant
821 779 1118 835 hominem.
1148 780 1234 834 Ait
1266 798 1279 834 :
1318 799 1336 832 ι
1374 781 1488 836 Non
1529 785 1675 838 enim

64 884 212 938 quae
271 869 480 924 intrant
534 871 586 924 in
646 870 916 926 hominctn
955 874 1353 943 coinquinant,
1410 877 1502 930 sed
1559 893 1678 946 qua:

67 971 305 1016 exeunt
341 963 407 1017 de
452 963 669 1016 homine
692 963 905 1032 (.ilattlt.
935 981 1026 1029 xv,
1060 967 1166 1036 ll).
1201 985 1220 1018 ι
1250 967 1550 1033 Adulteria,
1582 965 1677 1023 Ιιυο

70 1052 344 1116 micidia,
382 1054 615 1123 perjuria
656 1065 781 1108 sunt
815 1071 934 1125 quae
973 1058 1325 1126 coinquinant
1357 1059 1627 1114 hominem
1657 1077 1671 1126 ;

69 1143 199 1196 scis
235 1143 410 1208 enim,
441 1153 495 1197 ct
541 1144 694 1207 satis,
732 1147 868 1199 ordo
900 1141 1167 1202 clericalis
1197 1149 1248 1202 in
1306 1150 1434 1216 quid
1475 1165 1676 1218 pronus

73 1235 160 1286 sit
210 1234 287 1287 ad
355 1236 684 1303 peccandum
733 1247 952 1306 propter
1002 1238 1467 1292 incontinentiam.
1525 1239 1676 1294 Unde

72 1334 324 1379 sanctus
353 1324 642 1396 Gregorius
672 1326 725 1379 in
756 1326 1046 1382 Moralibns
1077 1330 1317 1397 Apostoli
1350 1331 1676 1384 sententiam

74 1411 335 1469 aﬂinnat
353 1416 850 1486 dicens(xxxtt,59)
872 1437 886 1472 :
908 1436 927 1470 ι
955 1419 1020 1473 Et
1040 1419 1235 1474 Paulus
1261 1438 1382 1476 cum
1414 1423 1674 1492 quosdam

75 1506 136 1558 in
157 1507 398 1560 ecclesia
423 1508 814 1564 incontinentes
834 1511 1120 1579 aspiceret,
1138 1514 1404 1566 concessit
1429 1513 1672 1578 minima,

77 1607 142 1649 ut
172 1597 389 1667 majora
415 1599 794 1667 devitarct‘",
817 1600 1040 1658 dicens:
1063 1622 1080 1653 ι
1119 1605 1340 1674 l’roptcr
1364 1605 1674 1661 fornicatio-

75 1687 171 1741 nis
195 1701 422 1742 causam
450 1691 815 1762 unusquisque
840 1707 992 1747 suam
1016 1709 1235 1749 uxorem
1260 1696 1452 1750 habeat
1476 1695 1525 1766 (1
1547 1696 1669 1751 Cor.

1779 509 2034 569 Teostita:
2081 517 2406 584 patriarcha:
2456 519 2523 550 ⁸³⁷
2576 520 2626 574 in
2668 520 3113 588 CanobiisdiCat,
3169 523 3353 577 audite

1780 602 1883 673 (ep.
1916 618 1992 667 xi,
2043 605 2135 674 45)
2170 622 2183 658 :
2219 623 2238 657 ι
2277 607 2414 662 Sunt
2456 609 2672 678 quidam
2711 611 2800 678 qui
2850 611 3035 665 dicunt
3077 609 3353 682 religionis

1779 709 1944 749 causa
1987 695 2231 766 conjugia
2276 698 2473 755 debere
2501 700 2659 755 solvi.
2689 701 2887 756 Verum
2936 702 3213 757 sciendum
3246 715 3350 768 est,

1777 785 1903 854 quia
1955 795 2012 842 et
2067 787 2112 843 si
2159 787 2259 842 hoc
2312 788 2397 844 lex
2463 792 2643 846 divina
2707 793 3033 862 prohibuit,
3099 795 3182 849 lex
3248 795 3352 849 hu-

1779 889 1936 930 mana
1991 879 2259 933 concessit
2303 879 2389 933 ⁸³³.
2431 880 2534 936 Per
2580 897 2640 936 se
2692 883 2836 938 enim
2900 882 3115 940 Veritas
3165 887 3349 941 dicit:

1778 959 1929 1028 Quod
1972 965 2113 1020 Deus
2157 967 2485 1037 conjunxit,
2542 971 2704 1024 homo
2756 986 2864 1026 non
2919 982 3154 1042 separet.
3208 975 3351 1041 Quin

1778 1053 1940 1106 etiam
1965 1056 2042 1108 ait
2075 1069 2088 1108 :
2129 1055 2256 1110 Viro
2279 1071 2385 1113 non
2410 1059 2532 1115 licet
2561 1060 2833 1115 dimittere
2861 1076 3104 1128 uxorem,
3127 1077 3354 1133 excepta

1777 1138 2149 1198 fornicationis
2173 1160 2355 1200 causa.
2399 1148 2532 1215 Quis
2559 1163 2688 1221 ergo
2736 1151 2862 1206 huic
2891 1153 3099 1209 caelesti
3131 1154 3354 1226 legisla-

1780 1233 1882 1286 tori
1926 1236 2297 1291 contradicat?
2322 1239 2537 1295 Scimus
2585 1242 2728 1295 enitn
2757 1244 2882 1310 quia
2933 1245 3195 1314 scriptum
3223 1258 3306 1301 est
3333 1266 3348 1300 :

1776 1320 1952 1376 Erunt
1983 1324 2089 1380 duo
2138 1326 2190 1380 in
2225 1343 2390 1382 carne
2443 1345 2569 1382 una.
2597 1329 2654 1384 Si
2679 1329 2842 1399 igitur
2871 1333 2951 1386 vir
2977 1344 3033 1388 et
3082 1350 3217 1389 uxor
3245 1323 3353 1390 una

1777 1429 1905 1470 caro
1939 1427 2085 1483 sunt,
2117 1431 2171 1473 et
2202 1420 2475 1490 religionis
2517 1436 2680 1477 causa
2708 1424 2790 1477 vir
2834 1425 3073 1481 dimittat
3123 1443 3351 1482 uxorem

1777 1506 1860 1561 vel
1885 1509 2080 1563 mulier
2105 1511 2278 1565 virum
2340 1514 2393 1566 in
2442 1514 2546 1569 hoc
2612 1515 2813 1569 mundo
2866 1529 3232 1574 remanentem
3262 1521 3352 1574 vel

1777 1597 2006 1655 fortasse
2043 1601 2111 1656 ad
2140 1602 2324 1657 illicita
2355 1605 2694 1674 migrantem,
2727 1622 2848 1676 qua:
2876 1617 2960 1662 est
2985 1608 3087 1664 ista
3117 1625 3347 1664 convcr-

1776 1690 1935 1756 satio,
1965 1692 2017 1745 in
2043 1707 2146 1761 qua
2178 1709 2282 1748 una
2312 1696 2606 1766 eademque
2635 1712 2764 1752 caro
2789 1712 2855 1751 ex
2882 1708 3039 1768 parte
3077 1703 3268 1756 transit
3293 1702 3349 1755 in

72 1793 184 1841 ut,
214 1777 297 1848 2).
340 1799 358 1830 ι
397 1779 527 1835 item
558 1781 610 1835 in
635 1781 887 1852 Registro
915 1787 1151 1839 secundo
1180 1786 1367 1841 dicens
1410 1789 1477 1842 ad
1511 1788 1665 1843 Sabi-

1773 1779 2184 1848 continentiam,
2213 1798 2276 1838 ex
2307 1793 2458 1853 parte
2492 1796 2738 1841 remanet
2766 1788 2818 1841 in
2846 1789 3178 1858 pollutione?
3207 1811 3227 1845 ι

75 1886 216 1924 num
244 1871 577 1942 episcopum,
605 1873 748 1929 inter
775 1875 970 1930 multos
993 1879 1277 1932 verborum
1308 1879 1497 1946 nodos,
1527 1896 1672 1949 quie-

77 1967 214 2020 dam
263 1967 340 1998 “‘
396 1969 672 2040 sacrilegis
729 1970 982 2026 universo
1032 1972 1177 2028 clero
1231 1973 1477 2028 scribens
1531 1973 1670 2028 dixit

76 2057 262 2126 (127).
311 2075 331 2109 t
374 2057 576 2114 Prwter
621 2060 708 2115 illa
749 2078 868 2131 qua:
914 2064 1162 2134 superius
1199 2064 1331 2128 dixi,
1369 2081 1515 2120 cura:
1566 2075 1671 2120 tum

78 2149 157 2200 sit
205 2150 430 2204 eosdem
483 2151 684 2206 fratres
731 2161 948 2208 nostros
986 2155 1267 2224 episcopos
1319 2156 1582 2222 adortari,
1609 2166 1668 2212 ut

79 2245 322 2312 subjecti
356 2247 409 2300 in
437 2248 606 2303 sacris
627 2248 875 2304 videlicet
892 2249 1173 2304 ordinibus
1195 2251 1498 2316 constituti,
1523 2252 1668 2321 quod

82 2338 191 2406 ipsi
217 2348 439 2392 servant
458 2341 524 2394 ad
541 2339 946 2395 similitudinem
979 2341 1150 2396 modis
1171 2341 1422 2397 onmibus
1447 2357 1668 2399 scrvare

77 2438 493 2485 commoneant.
523 2429 637 2486 Hoc
677 2441 851 2486 tamen
879 2433 1034 2487 modo
1056 2433 1287 2500 adjecto,
1316 2443 1373 2488 ut
1405 2434 1500 2500 hii,
1529 2424 1669 2489 sicut

83 2523 359 2577 canonica
406 2524 645 2580 decrevit
692 2525 1009 2587 auctoritas,
1040 2539 1237 2580 uxores
1282 2542 1416 2596 quas
1445 2526 1662 2592 habent,

85 2612 641 2682 irreprehensibiliter
669 2624 873 2685 regant.
913 2635 932 2667 ι
968 2615 1108 2668 Dicis
1139 2631 1150 2667 :
1189 2634 1207 2666 ς
1247 2615 1379 2669 Ctnn
1410 2615 1665 2673 uxoribus

84 2701 202 2756 Deo
231 2704 435 2758 servire
463 2721 564 2760 non
603 2707 847 2775 potestis.
881 2724 902 2758 ι
957 2706 1154 2761 Verum
1181 2715 1285 2771 est,
1319 2706 1362 2760 si
1393 2706 1510 2776 plus
1554 2708 1664 2764 Dco

89 2792 242 2846 illam
293 2808 616 2850 amaremus.
648 2795 801 2852 Unde
845 2797 959 2866 ipsa
1013 2796 1224 2851 Veritas
1257 2815 1270 2850 :
1306 2817 1322 2848 ι
1363 2798 1465 2864 Qui
1517 2809 1664 2854 amat

87 2895 303 2954 patrem
328 2894 421 2939 aut
443 2887 982 2942 matrcaiautfratrcs
997 2897 1090 2942 aut
1115 2903 1331 2952 uxores,
1349 2906 1452 2942 non
1478 2901 1560 2944 est
1579 2907 1662 2946 me

86 2975 518 3047 dignusUIatt/z.
552 2993 607 3043 x,
638 2979 794 3047 57);»
826 2978 968 3047 quod
998 2977 1141 3034 enim
1169 2978 1341 3032 sancti
1371 2977 1562 3035 Patres
1597 2981 1664 3035 de

87 3069 361 3138 episcopis
389 3069 592 3134 dicunt,
620 3079 674 3124 tu
701 3070 1003 3124 inordinate
1047 3071 1348 3140 intorques.
1375 3070 1490 3127 Non
1515 3072 1658 3127 enim

91 3160 857 3228 sumus,quoddebemus;sed
872 3160 1012 3215 enim
1039 3159 1172 3215 tales
1197 3175 1295 3216 nos
1324 3161 1464 3216 Deus
1490 3171 1658 3229 amat,

91 3249 281 3318 quales
293 3250 456 3305 futuri
478 3267 682 3317 sumus,
699 3268 804 3306 non
820 3252 1006 3323 quales
1030 3266 1238 3318 sumus,
1253 3252 1395 3308 sicut
1427 3254 1661 3324 ipseAu-

95 3342 344 3410 gustinus
373 3343 428 3397 in
459 3343 595 3400 libro
641 3345 708 3399 de
735 3343 998 3401 Trinitate
1026 3345 1159 3402 dicit
1185 3363 1198 3400 :
1234 3363 1253 3398 ι
1291 3345 1484 3414 Quales
1513 3349 1659 3404 enim

95 3443 240 3488 amat
265 3433 428 3501 Deus,
459 3435 513 3490 in
555 3446 814 3492 aeternum
846 3446 1151 3493 conservat.
1192 3455 1210 3489 ι
1247 3437 1378 3492 item
1413 3439 1524 3508 ipse
1552 3440 1660 3492 Au-

93 3525 341 3594 gustinus
371 3544 385 3580 :
420 3546 439 3578 ‹
476 3527 543 3582 Et
588 3528 634 3583 si
681 3528 920 3584 exterius
965 3528 1243 3585 offerenda
1287 3545 1509 3584 munera
1552 3546 1657 3584 non

95 3615 291 3682 habeo,
316 3617 454 3672 intra
481 3620 854 3689 memetipsum
878 3630 1056 3676 tamen
1075 3621 1288 3676 invenio
1311 3621 1452 3690 quod
1478 3621 1531 3676 in
1563 3638 1658 3676 ara

96 3722 201 3766 tua:
225 3711 398 3766 laudis
426 3713 662 3783 impono.
689 3720 823 3781 Quia
848 3715 939 3785 qui
981 3723 1167 3770 nostra
1191 3715 1407 3770 (latione
1429 3730 1533 3769 non
1567 3732 1659 3785 pa-

94 3805 284 3868 sceris,
311 3803 581 3860 oblatione
625 3807 807 3861 cordis
862 3806 1053 3861 melius
1108 3805 1361 3875 placaris.
1398 3825 1417 3858 ι
1479 3805 1657 3860 Nichil

92 3899 288 3966 quippe
310 3897 420 3952 Deo
447 3898 612 3953 ditius
646 3899 916 3954 voluntate
955 3900 1116 3955 bona.
1164 3899 1295 3954 item
1325 3899 1657 3969 Augustinus

92 3997 275 4042 contra
330 3985 598 4042 lulianum
652 3989 705 4044 itt
756 3989 894 4045 libro
938 3989 1134 4043 tertio:
1166 4005 1186 4040 ‹
1226 3989 1281 4042 1η
1310 4003 1409 4043 suo
1460 3989 1657 4058 quippe

1841 1869 1931 1924 27.
1957 1870 2071 1942 (26)
2093 1872 2226 1927 tium
2254 1873 2321 1906 “’
2349 1883 2528 1930 autem
2557 1879 2840 1934 orantibus
2860 1881 3033 1949 partis
3064 1885 3351 1952 utriusque

1770 1962 1916 2018 fandi
1932 1964 2192 2019 terminus
2205 1965 2598 2036 imponebatur,
2613 1985 2740 2026 ecce
2753 1973 2904 2040 quasi
2927 1987 2993 2029 ex
3006 1973 3085 2028 ira
3101 1975 3193 2030 Dei
3211 1975 3320 2030 Lan
3333 2007 3351 2021 -

1772 2052 1953 2108 dulfus
1982 2055 2248 2124 majorum
2275 2071 2477 2112 corona
2512 2059 2778 2116 furialiter
2804 2077 3159 2136 consurgens,
3195 2067 3348 2122 vultu

1768 2145 1970 2214 pallido
1993 2161 2058 2202 ac
2084 2146 2268 2218 lingua
2301 2149 2577 2219 stridenti,
2596 2151 2780 2208 clerici
2794 2154 3074 2225 cujusdam
3102 2156 3348 2226 objurga~

1772 2237 2008 2294 tionibus
2028 2250 2356 2309 commotus,
2381 2259 2504 2299 cum
2529 2260 2636 2315 quo
2663 2255 2937 2318 tamquam
2965 2250 3117 2306 canis
3147 2255 3343 2306 denta-

1769 2327 1896 2383 liter
1923 2330 2133 2388 rixatus
2161 2331 2361 2400 fuerat,
2385 2336 2689 2391 orationem
2713 2336 2939 2394 fundere
2962 2342 3208 2409 cupiens,
3232 2357 3346 2394 ou.-

1767 2420 1927 2476 nibus
1957 2423 2122 2478 nimia
2159 2425 2276 2496 ejus
2315 2429 2679 2485 commotione
2707 2432 3032 2498 vetantibus,
3067 2433 3339 2502 prosiluit.

1767 2507 1953 2578 Itaque
1979 2510 2354 2581 indignatione
2388 2516 2556 2570 nimia
2585 2533 2648 2573 ac
2678 2518 2756 2572 ira
2785 2535 2996 2589 magna,
3031 2523 3184 2590 quasi
3217 2539 3342 2579 ursa

1765 2601 1936 2669 raptis
1958 2604 2151 2658 catulis
2175 2617 2496 2672 connuotus,
2527 2609 2768 2666 clamans
2792 2627 2850 2666 se
2871 2613 3194 2670 clericorum
3228 2617 3344 2671 cui-

1767 2691 1890 2746 tello
1923 2693 2056 2748 velle
2085 2693 2323 2751 interimi
2355 2698 2526 2769 (128),
2555 2700 2817 2755 furialiter
2841 2719 2908 2757 ex
2955 2708 3254 2762 secretario
3287 2710 3344 2764 in

1768 2786 2042 2842 theatrum
2098 2788 2404 2858 prosiliens,
2435 2791 2685 2847 omnibus
2737 2796 3047 2850 convocatis
3080 2798 3339 2866 plcbeicis

1763 2879 2064 2935 orationem
2093 2882 2426 2938 incitativam
2450 2885 2772 2954 permultum
2787 2905 2948 2956 super
2971 2891 3192 2946 ordines
3216 2894 3340 2946 uni-

1764 2987 1971 3040 versos,
2007 2984 2220 3030 astante
2272 2987 2450 3031 tamen
2498 2977 2896 3046 llcrletnbaldu,
2928 2981 3342 3038 lacrimabilitcr

1767 3065 1959 3120 edidit.
1998 3067 2116 3134 Quo
2149 3069 2352 3135 audito,
2379 3071 2755 3128 llcrlembaldo
2784 3074 3070 3132 adortaute
3115 3086 3172 3133 et
3203 3086 3342 3132 tant-

1763 3174 1924 3228 quam
1950 3174 2045 3212 rex
2069 3159 2391 3228 imperante,
2410 3162 2462 3216 in
2489 3164 2737 3220 manibus
2763 3166 2944 3235 populi
2971 3182 3133 3237 super
3158 3185 3344 3224 saccr~

1763 3247 1916 3302 dotes
1944 3246 2088 3302 illico
2116 3248 2173 3304 fit
2199 3266 2521 3308 concursus.
2559 3252 2712 3320 Quod
2742 3255 2788 3310 si
2826 3255 2973 3325 ipsos
3009 3257 3062 3312 in
3097 3271 3338 3314 secreta-

1763 3339 1844 3394 rio
1883 3350 1978 3395 aut
2002 3341 2072 3372 ⁸³⁸
2101 3341 2154 3395 in
2184 3343 2433 3409 ecclesia,
2471 3344 2522 3398 in
2553 3345 2749 3414 quibus
2797 3346 3001 3402 nullam
3045 3349 3340 3406 exibebant

1763 3432 2143 3500 reverentiam,
2174 3437 2586 3506 comperissent,
2614 3437 2858 3508 profecto
2883 3439 3002 3509 ipso
3030 3440 3118 3496 die
3145 3441 3340 3513 gladiis

1761 3534 1818 3578 ct
1845 3523 2076 3580 fustibus
2105 3527 2390 3584 universos
2419 3529 2488 3561 ‘“
2519 3530 2944 3589 interemissent.

1831 3614 1921 3670 28.
1947 3616 2060 3687 (27)
2088 3618 2180 3672 Dei
2194 3618 2261 3651 “'
2283 3621 2670 3691 omnipotentis
2700 3623 2880 3680 Patris
2910 3637 2966 3682 et
2997 3627 3116 3682 Filii
3138 3640 3194 3685 ct
3217 3631 3341 3700 Spi-

1762 3709 1898 3762 ritus
1917 3708 2092 3763 sancti
2123 3722 2381 3780 regnante
2401 3712 2708 3779 clemcntia,
2731 3714 2955 3785 ejusque
2975 3718 3199 3775 dextera
3224 3725 3337 3776 vir-

1765 3799 1965 3855 tutibus
2007 3810 2063 3854 et
2093 3801 2370 3859 miraculis
2411 3805 2596 3861 sedule
2629 3816 2685 3860 ct
2721 3809 3149 3866 misericorditer
3176 3828 3338 3868 coru-

1760 3898 1946 3945 scante
1992 3905 2157 3961 super
2191 3893 2440 3950 homines
2481 3895 2904 3964 irrationabiles,
2931 3909 2987 3954 et
3029 3916 3193 3971 super
3238 3903 3338 3958 Dci

1760 3983 2070 4039 sacerdotes
2133 3985 2202 4040 ab
2252 3986 2402 4041 omni
2461 3987 2702 4044 humano
2727 3990 2949 4054 auxilio,
3004 3991 3100 4048 Dei
3152 4005 3332 4050 tamen

91 4094 286 4150 genere
327 4082 623 4137 curandum
666 4091 768 4147 est,
798 4082 944 4152 quod
988 4083 1055 4136 ad
1109 4081 1300 4136 melius
1336 4095 1442 4136 non
1479 4089 1657 4151 potest
1694 4109 1709 4154 Ir
1757 4074 1928 4132 fretos
1969 4078 2190 4144 auxilio,
2223 4080 2530 4146 destitutos,
2557 4082 2818 4138 miracula
2866 4084 3040 4140 invisa
3090 4095 3144 4141 et
3177 4086 3335 4142 inau-

89 4172 248 4242 crigi.
282 4191 302 4225 ι
353 4172 590 4228 Dixisti:
643 4193 663 4226 ι
699 4175 965 4230 Sacerdos
1009 4173 1101 4244 qui
1147 4173 1360 4228 duxerit
1406 4187 1652 4238 uxorem,

95 4265 388 4289 Annum-nu-
448 4287 457 4289 _
499 4268 634 4289 n_-,-
680 4268 808 4289 -ιε-ε-
868 4278 909 4289 Α-.
945 4284 1032 4289 -_._
1070 4267 1179 4289 ΔΞ--
1230 4267 1272 4289 -2
1328 4275 1446 4289 ---ο
1501 4282 1624 4289 ---Α

1772 4165 1872 4220 lita
1912 4178 2296 4236 apparuerunt.
2325 4169 2569 4237 Quadam
2614 4172 2760 4226 enim
2792 4173 2879 4228 die
2924 4191 3046 4230 cum
3076 4178 3333 4233 sacerdos

1772 4257 2060 4289 [:nnnnt'no
2119 4259 2207 4289 nn:
2239 4260 2546 4289 I.A....:..:I...-
2570 4261 2752 4289 ..I....:.:
2788 4263 2827 4289 n
2849 4264 2878 4289 ,ε
2907 4265 3040 4289 -..-ι-
3071 4269 3248 4289 ---ώεη
3296 4271 3333 4289 ,ε

91 4265 407 4333 deponatur.
443 4287 462 4319 ι
495 4268 638 4323 Bene
674 4268 833 4332 dicis,
861 4278 916 4322 et
938 4284 1037 4338 ego
1065 4267 1204 4331 dico,
1229 4267 1274 4320 si
1326 4275 1450 4337 post
1499 4282 1655 4323 accc.-
1674 4256 1689 4328 ξ,
1757 4256 2085 4326 Liprandus,
2118 4259 2212 4329 qui
2237 4260 2548 4317 hominibus
2570 4261 2755 4332 placiti
2784 4263 2878 4320 Dei
2907 4265 3044 4322 male
3069 4269 3336 4322 nominati

89 4366 237 4424 ptum
269 4359 630 4414 sacerdotium
659 4361 872 4416 duxerit
902 4375 1148 4422 uxorem,
1179 4359 1260 4414 sui
1284 4360 1490 4416 ordinis
1515 4361 1654 4431 peri-
1757 4348 2086 4418 suspieiosus
2117 4358 2254 4415 erat.
2279 4360 2408 4406 ante
2442 4353 2626 4408 οουιυε
2651 4358 3012 4424 quorumdam
3065 4373 3334 4428 θρρποηδ

91 4391 237 4424 γιυιιι
269 4391 412 4412 θαυυι
427 4391 630 4414 υυιιυιιι
659 4391 872 4416 υιιλῦιιι
903 4391 1148 4422 υλυισιιι,
1179 4391 1260 4414 θυι
1284 4391 1490 4416 υιιιιιιιθ
1516 4391 1654 4431 γυιι·

91 4449 212 4504 culo
240 4449 533 4518 subjaceat,
560 4455 642 4508 sin
674 4461 854 4508 autem
875 4453 926 4507 in
954 4453 1258 4508 sacerdotio
1285 4453 1444 4508 unius
1466 4455 1651 4510 uxoris

1772 4391 2086 4418 ...υιηνηηηυ
2118 4391 2254 4415 νη...
2279 4391 2408 4406 ...ην
2442 4391 2626 4408 eam...
2651 4391 3012 4424 ιιυυιυιιιυαιιρ
3065 4391 3330 4428 αγρειυιιδ

1772 4439 1824 4494 ιι]
1857 4441 2030 4496 sancti
2061 4439 2274 4497 Nazarii
2318 4443 2602 4499 ecclesiam
2632 4447 2896 4502 orationis
2923 4463 3090 4504 causa
3133 4449 3330 4514 abiret,

91 4541 260 4593 virum
294 4541 581 4608 inveneris,
623 4545 750 4613 quid
796 4559 1019 4614 scparas
1042 4543 1185 4614 quod
1215 4555 1318 4598 non
1345 4542 1510 4598 licet?
1538 4543 1648 4598 Cur

91 4632 231 4683 cnitn
261 4631 454 4686 dividis
498 4638 723 4705 corpus?
752 4635 824 4688 Da
867 4634 996 4688 mihi
1024 4634 1369 4690 Ambrosrum
1401 4642 1650 4688 sanctum

90 4721 357 4776 doctorem
384 4734 644 4790 nostrum,
661 4726 752 4796 qui
777 4725 980 4780 dividat
1005 4740 1229 4780 uxorem
1245 4725 1453 4780 ordinis
1477 4725 1652 4780 nosui

91 4829 119 4864 a
151 4813 281 4877 viro,
309 4813 482 4869 altero
508 4816 749 4884 nolente;
782 4827 837 4874 ct
885 4818 1170 4874 credamus
1199 4832 1521 4888 semperque
1571 4827 1650 4871 te-

1757 4531 1936 4586 verbis
1950 4530 2695 4606 nefandissimisobjurgatus,
2717 4538 3051 4608 fustibusque
3066 4549 3188 4609 post
3208 4557 3334 4594 eum

1757 4628 1985 4682 summis
2010 4643 2134 4682 cum
2158 4629 2446 4684 latratibus
2473 4631 2749 4701 projectis,
2779 4633 2832 4686 in
2877 4648 3120 4688 concavo
3149 4633 3336 4687 altaris

1761 4721 1942 4776 sancti
1973 4720 2190 4777 Nazarii
2221 4737 2382 4791 supra
2411 4723 2528 4792 ejus
2553 4739 2750 4792 corpus
2777 4725 2941 4778 nimia
2973 4725 3137 4778 animi
3171 4742 3339 4795 angu-

1756 4813 1861 4867 stia
1893 4812 2046 4883 fugit.
2076 4812 2231 4870 Unde
2269 4829 2392 4870 cum
2420 4815 2639 4885 quidam
2684 4814 3127 4880 nefandissimus,
3156 4815 3335 4885 impu-

1355 4987 1589 5048 VARIAS
1625 4985 2028 5044 LECTIONES.
2055 5000 2062 5004 ‘

158 5146 224 5180 ⁸³⁵
248 5124 568 5194 declinarent
597 5149 738 5194 mila-
829 5148 898 5180 ⁸³⁸
923 5165 1042 5194 alim
1069 5148 1134 5194 de.
1161 5146 1237 5194 BI.

1323 5149 1390 5183 υτ
1415 5146 1521 5194 imo
1544 5141 1871 5194 Tlteoctistre
1892 5141 2156 5194 natricim.

2235 5142 2305 5172 ‘“
2335 5143 2437 5192 hac
2459 5143 2494 5192 l-
2517 5144 2747 5192 humana
2779 5144 3069 5192 concessit-
3096 5145 3130 5190 l-
3162 5147 3215 5190 tl.
3252 5156 3336 5190 In.
