3960 5320
576 284 683 341 943
1588 279 1929 338 LANDULFI
1957 280 2507 341 MEDIOLANENSlS
2553 282 2820 360 CLEBICI
3728 290 3827 347 9“

574 396 789 450 tlentior
838 395 1056 458 ceteris,
1100 390 1427 462 turpissimis
1474 391 1654 447 verbis
1701 391 2147 463 gravissimisque
2177 403 2220 460 Α
2253 395 2540 450 multitudo
2590 404 2698 451 tam
2747 411 2966 452 suorum
3011 410 3174 468 quam
3220 397 3679 469 adversariorum,
3714 419 3828 474 qam

550 483 987 555 iimpulsionibus
1032 484 1208 554 ipsum
1244 481 1581 553 alapizando,
1612 489 1672 535 ut
1706 480 1798 537 ‘sui
1831 489 1887 537 et
1928 495 2149 539 suorum
2254 487 2468 544 noviter
2519 485 2832 543 ﬁdelitatem
2886 486 3198 559 imperatori
3242 488 3545 560 juraverat,
3602 498 3828 563 sumpta

543 573 935 631 '-consimilium
986 573 1197 628 animos
1256 570 1520 626 mulceret
1586 579 1862 642 tamquam
1923 586 2154 629 vesanos
2253 579 2420 635 armis
2470 594 2772 652 magnoque
2800 578 2985 652 przelio
3029 580 3297 637 Antoncm
3332 582 3549 638 noviter
3600 585 3828 642 electum

567 666 819 737 gentiles,
836 665 1166 731 extraheret,
1189 663 1286 721 Dei
1307 663 1507 719 virtute
1531 672 1809 734 operante,
1834 663 1887 718 in
1905 665 2133 734 proximt

2251 672 2436 727 multis
2464 686 2586 727 cum
2615 670 2790 745 plagis
2830 680 2887 727 et
2913 672 3271 751 sacramentis
3298 674 3827 746 archiepiscopatum

566 756 819 812 omnibus
859 755 1117 810 membris
1144 753 1435 809 contractis
1483 752 1679 808 misere
1715 753 1947 809 exaruit.
1998 753 2152 812 Alius
2253 763 2676 819 inmttteabititcr
2692 762 2929 818 refutare
2949 763 3096 819 fecit.
3124 763 3243 819 Alia
3260 780 3391 821 vero
3420 767 3509 821 die
3523 783 3829 839 ωειιοςεης

567 868 691 919 cum
741 851 796 907 in
851 849 1080 911 ecclesia
1132 850 1319 905 eadem
1379 857 1626 904 sanctam
1680 848 2079 908 Eucharistiam
2116 866 2149 909 a
2249 851 2680 918 Hcrlembaldus,
2701 854 2977 925 inepiuate
2999 869 3059 910 se
3078 864 3131 908 et
3151 854 3450 924 improvide
3471 857 3722 914 delusum
3742 858 3825 923 ⁸⁸³,

567 942 849 999 sacerdote
911 940 1144 1010 quodam
1210 939 1266 994 in
1329 938 1617 995 nativitate
1669 938 1886 995 Domini
1950 941 2148 998 timore

565 1033 830 1103 ejusdem,
861 1049 969 1090 non
1012 1032 1107 1091 Dei
1135 1046 1324 1088 amore
1351 1032 1645 1101 acciperet,
1677 1032 1809 1090 foris
1859 1032 1912 1088 in
1962 1050 2142 1099 muro,

566 1138 714 1187 secta
763 1130 1055 1187 subversas
1108 1127 1386 1194 hasretica,
1415 1128 1637 1184 vidente
1673 1139 1853 1184 tamen
1911 1129 2143 1199 quodam

566 1220 724 1276 ﬁdele
754 1235 819 1275 ac
847 1217 1117 1275 sacerdoti
1145 1216 1199 1275 id
1227 1218 1402 1289 ipsum
1432 1218 1734 1284 nuntiante,
1764 1218 2009 1275 immisit.
2034 1218 2146 1274 lloc

566 1312 793 1368 audiens
827 1311 921 1367 Dei
965 1310 1221 1365 sacerdos
1246 1325 1458 1367 summa
1486 1325 1608 1367 cum
1662 1312 1965 1367 reverentia
2011 1327 2143 1369 san-

564 1412 712 1457 ctttm
738 1400 953 1457 Domini
984 1414 1182 1470 corpus
1209 1399 1470 1471 colligens
1497 1402 1822 1471 recondidit;
1852 1403 1948 1458 sed
1969 1402 2144 1459 miser

563 1493 677 1560 ille,
708 1493 803 1564 qui
843 1492 1019 1549 sancti
1058 1493 1304 1563 corporis
1332 1493 1588 1564 indignus
1612 1493 1831 1562 Aberat,
1866 1511 2039 1567 usque
2086 1496 2139 1550 in

565 1589 728 1642 ﬁnem
763 1585 887 1640 vita:
909 1599 1035 1641 suae
1071 1585 1140 1640 ab
1182 1585 1328 1640 omni
1371 1585 1494 1641 cibo
1524 1587 1847 1645 insatiabilis
1875 1604 1939 1645 ac
1965 1589 2141 1644 omni-

560 1681 668 1736 bus
688 1678 952 1750 angustiis
980 1677 1277 1743 cruciatus,
1310 1677 1549 1735 moriens
1578 1695 1685 1734 non
1715 1680 1909 1736 meruit
1939 1681 2139 1737 habere

562 1746 787 1843 corpus
804 1769 1025 1826 Christi.
1057 1768 1160 1823 Alii
1190 1783 1320 1824 vero
1353 1769 1595 1840 quinque
1640 1785 1762 1825 cum
1795 1771 2137 1826 sacerdotem
2171 1746 2212 1803 Β

562 1863 854 1934 quemdam
882 1860 953 1916 ob
993 1859 1239 1915 mulieris
1280 1859 1894 1931 occasionemtturpiter
1937 1861 2139 1917 distra-

560 1956 743 2012 bendo
772 1955 1240 2018 dehonestassent,
1264 1950 1380 2023 ipso
1399 1966 1546 2007 anno
1570 1951 1726 2022 quasi
1743 1966 1907 2007 canes
1938 1951 2139 2007 mortui

561 2054 710 2103 sunt.
737 2045 879 2114 Quin
929 2044 1093 2100 etiam
1124 2042 1264 2097 alius
1317 2050 1463 2099 secta
1512 2040 1816 2098 detestabili
1871 2040 2136 2107 irretitus,

561 2155 683 2197 cum
712 2146 959 2195 sanctum
994 2138 1302 2201 incensum,
1331 2134 1476 2204 quod
1522 2133 1780 2191 sacerdos
1820 2134 1877 2190 in
1922 2134 2133 2191 Domini

557 2232 737 2288 natale
777 2246 874 2303 per
903 2229 1147 2300 singulas
1191 2228 1370 2286 defert
1396 2228 1606 2297 domos,
1634 2227 1814 2284 hostio
1854 2226 2039 2284 clauso
2074 2242 2139 2283 ac

557 2325 782 2381 introitu
830 2321 1004 2379 eidem
1034 2323 1269 2377 vetando
1314 2321 1600 2387 refutaret,
1645 2328 1807 2377 nocte
1832 2321 2021 2377 eadem
2048 2336 2137 2376 ve-

563 2418 748 2472 niente
793 2413 1040 2485 proxima
1069 2412 1333 2479 diabolus,
1366 2413 1421 2469 in
1460 2413 1733 2469 'scismate
1789 2412 2136 2468 ﬁdelissimus

557 2507 956 2570 laborantibus,
980 2503 1148 2559 ﬁlium
1176 2503 1291 2574 ejus
1324 2518 1355 2560 e
1384 2505 1574 2560 matris
1602 2502 1853 2560 manibus
1872 2502 2137 2574 diripiens

548 2599 863 2671 vagientem
911 2609 974 2652 ac
1031 2595 1086 2651 in
1134 2609 1242 2650 aera
1299 2594 1612 2662 verberans,
1669 2593 1844 2665 ipsum
1905 2606 2133 2663 puerum

555 2699 859 2746 emortuum
893 2688 1110 2744 demum
1132 2700 1463 2743 evanescens
1514 2687 1754 2742 cadendo
1782 2684 2008 2740 dimisit.

628 2782 722 2838 29.
750 2780 862 2855 (28)
902 2780 978 2836 Ea
1006 2779 1077 2812 m
1105 2787 1425 2849 tempestate
1459 2780 1570 2851 (an.
1620 2777 1780 2845 1071,
1825 2776 2013 2849 Mart.)
2041 2792 2136 2831 au-

558 2876 713 2931 diens
743 2867 1180 2938 llerlcmbaldus,
1207 2869 1587 2928 Gottoiredum
1621 2884 1783 2939 quem
1820 2883 1984 2940 supra
2023 2882 2135 2924 me-

554 2965 785 3032 moravi,
814 2964 881 3019 de
931 2963 1182 3019 omnibus
1235 2960 1629 3032 episcopalibus
1656 2959 2028 3031 negotiistam
2079 2958 2131 3013 in

559 3058 706 3114 clero
734 3070 897 3127 quam
919 3054 975 3112 in
1004 3053 1202 3125 populo
1227 3061 1416 3110 contra
1436 3050 1528 3121 jus
1549 3066 1705 3107 suum
1730 3058 1784 3105 et
1804 3048 1941 3106 velle
1969 3050 2133 3105 intro-
2161 3093 2203 3149 Ο
2236 3052 2542 3118 comedere,
2595 3051 2863 3108 ﬁrmabat.
2902 3053 3109 3121 Quibus
3144 3070 3241 3124 pc:
3284 3056 3572 3113 civitatem
3625 3061 3817 3114 auditis

559 3152 887 3216 mittentem,
916 3148 1161 3204 exercitu
1214 3153 1406 3216 parato
1461 3144 1708 3199 inmenso
1759 3148 1815 3197 et
1869 3141 2128 3197 nobilium
2237 3151 2401 3212 atque
2423 3142 2583 3197 dictis
2607 3141 2826 3198 letauiis
2852 3144 3193 3215 interruptis,
3220 3145 3480 3216 pradiqu
3505 3163 3817 3221 magnum:

2237 3179 2401 3212 III\III\I
2423 3179 2583 3197 υιυιιῦ
2607 3179 2826 3198 ιυιαιιυῦ
2852 3179 2982 3198 Ill‘bl
2999 3179 3193 3213 ιιιγιιδ,
3221 3179 3275 3213 μ’

556 3152 887 3216 mittentem,
916 3148 1161 3204 exercitu
1214 3153 1406 3216 parato
1461 3144 1708 3199 inmenso
1759 3148 1815 3197 et
1869 3141 2128 3197 nobilium

553 3250 711 3313 parte
739 3238 1281 3303 circaCastiliouem
1329 3235 1587 3293 metando
1632 3231 1793 3287 velud
1839 3232 2135 3302 imperator

556 3330 878 3400 composuit.
916 3327 1019 3383 Ubi
1046 3342 1169 3382 cum
1195 3341 1290 3397 per
1310 3324 1511 3380 multos
1534 3322 1803 3379 machinis
1841 3331 1896 3378 et
1924 3322 2132 3378 balistis

554 3422 867 3493 puellisque
896 3418 1125 3489 diversis
1164 3417 1364 3475 frustra
1389 3416 1689 3473 laborasset
1723 3415 1857 3480 dies,
1884 3414 2070 3470 multis
2100 3430 2130 3469 c

555 3513 754 3587 populo
779 3512 976 3568 misere
1003 3509 1219 3565 amissis
1244 3523 1309 3566 ac
1348 3507 1442 3563 Dei
1472 3508 1550 3563 ira
1582 3506 1801 3563 civitate
1844 3505 2129 3564 Mediolani

554 3606 797 3662 funditus
826 3613 934 3661 tam
966 3602 1021 3659 in
1052 3602 1299 3658 domibus
1321 3616 1482 3672 quam
1534 3601 1589 3656 in
1619 3599 1884 3666 ecclesiis,
1916 3606 2025 3654 tam
2075 3599 2128 3653 in

556 3698 918 3753 marmoribus
944 3710 1102 3765 quam
1131 3696 1182 3748 in
1212 3695 1454 3749 trabibus
1476 3694 1724 3754 ardente.
1753 3692 1897 3762 quod
1933 3691 2129 3747 castris

553 3791 775 3845 minime
790 3788 1052 3855 latuit,ab
1079 3786 1225 3842 omni
1248 3800 1343 3856 spe
1362 3784 1655 3841 frustratus
1677 3783 1848 3838 tristis
1879 3782 2127 3838 recessit.

551 3882 691 3935 Dum
717 3881 835 3935 haec
864 3877 1091 3933 fuissent
1142 3886 1282 3941 aeta,
1312 3889 1481 3945 parvo
1534 3882 1807 3928 transacto
1863 3880 2127 3942 tempore,

551 3969 978 4032 llcrlembaldus~
1014 3966 1241 4024 consilio
1289 3964 1613 4035 Oldepraudi
1673 3963 1763 4033 qui
1824 3970 1880 4016 et
1924 3960 2130 4033 Grego-

550 4061 668 4117 rius
695 4061 787 4115 νη
817 4068 904 4115 est
925 4067 1152 4121 vocatus
1175 4059 1418 4120 edoctus,
1448 4055 1540 4126 qui
1564 4053 1724 4124 hujus
1752 4052 1938 4125 placiti
1967 4062 2130 4124 caput

551 4169 607 4212 et
632 4153 982 4212 seminarium
1024 4163 1165 4219 erat,
1192 4151 1305 4207 suis
1335 4164 1459 4207 cum
1515 4147 1775 4213 citateris,
1807 4146 1900 4216 qui
1946 4145 2127 4201 omnia

551 4247 715 4304 etiam
748 4243 949 4315 regalia
979 4242 1193 4313 negotia
1224 4239 1498 4310 multoque
1560 4247 1803 4309 tempore
1836 4235 2125 4307 tranquilla

552 4335 973 4402 conturbabant,
997 4334 1116 4390 sine
1136 4333 1285 4404 virga
1315 4341 1367 4386 et
1394 4328 1555 4385 anulo
1577 4344 1642 4384 ac
1671 4328 1811 4399 regis
1834 4341 2126 4394 consensu,

549 4430 638 4486 cui
702 4428 997 4497 Gregorius
1055 4426 1307 4481 erunibus
1376 4423 1653 4478 exercitiis
1716 4421 2120 4487 insidiabatur,

2253 943 2462 1014 sparsis
2491 944 2763 1016 argenteis
2816 953 2983 1000 totam
3010 946 3286 1001 civitatem
3323 957 3577 1005 armatus
3604 950 3830 1007 obtinuit

2248 1033 2419 1101 (l29).
2449 1032 2657 1089 interea
2713 1049 2835 1089 cum
2889 1033 3303 1092 l‘lerlembaldus
3356 1039 3517 1107 quasi
3560 1055 3709 1110 papa
3766 1043 3829 1098 ad

2240 1122 2592 1195 judicandum
2635 1123 2967 1189 sacerdotes,
2997 1134 3089 1179 rex
3133 1126 3199 1180 ad
3215 1128 3602 1183 'conterendas
3628 1138 3828 1202 gentes,

2247 1218 2433 1273 urbem
2475 1215 2587 1287 jam
2625 1215 2846 1287 jamque
2890 1216 3035 1275 ferro
3062 1218 3130 1250 ⁸⁵⁸
3155 1227 3211 1274 et
3241 1236 3376 1276 auro
3406 1228 3464 1275 et
3506 1219 3828 1289 iuramentis

2245 1307 2427 1363 multis
2472 1315 2529 1363 et
2572 1308 2804 1363 diversis
2856 1320 3191 1380 superasset,
3221 1312 3311 1366 cui
3361 1312 3635 1368 nobilium
3681 1330 3827 1370 nemo

2244 1398 2499 1452 resistere
2546 1404 2804 1467 poterat,
2862 1397 2956 1453 Dei
3017 1400 3095 1453 ira
3154 1395 3341 1470 quam'
3360 1402 3477 1472 jam
3535 1416 3666 1458 cum
3724 1406 3827 1461 suis

2242 1488 2552 1544 merebat...
2583 1488 2652 1521 “'
2692 1490 2906 1546 detorta
2948 1491 3049 1547 sibi
3097 1492 3244 1548 velut
3287 1494 3507 1565 gladius
3552 1495 3825 1553 bisacutus

2240 1576 2459 1633 obiuata
2488 1577 2554 1610 “7
2591 1587 2693 1634 est.
2732 1579 2865 1634 Nam
2911 1580 3208 1638 Landulfus
3250 1598 3377 1638 cum
3412 1599 3475 1639 se
3501 1586 3623 1655 jam
3671 1602 3702 1640 a
3740 1603 3825 1656 spe

2241 1673 2763 1744 archiepiscopatus,
2795 1658 2909 1745 qua
2935 1684 3092 1732 antea
3143 1689 3490 1748 speraverat,
3540 1678 3825 1737 frustrata

2242 1766 2619 1836 comperisset,
2633 1767 2750 1821 auri
2768 1776 2824 1823 ct
2842 1767 3064 1824 honoris
3079 1769 3218 1824 ultra
3236 1770 3641 1841 modumpmbi
3650 1772 3687 1827 ti
3702 1788 3825 1839 istis,

2241 1857 2389 1929 gravi
2422 1856 2611 1913 incidit
2640 1858 2993 1915 contristatus
3038 1859 3371 1915 iulirmitate.
3414 1859 3523 1927 Qui
3573 1863 3820 1930 moriens,

2240 1948 2476 2018 linguam
2547 1949 2704 2020 quasi
2755 1949 3005 2005 bovinam
3059 1950 3335 2007 orribilem
3367 1992 3386 2019 ,
3441 1967 3558 2022 qua
3603 1954 3816 2009 multum

2238 2038 2557 2107 offenderat,
2589 2057 2707 2112 qua:
2732 2043 3129 2112 coepertorium
3157 2059 3261 2099 non
3293 2045 3567 2113 habebat,
3593 2046 3684 2103 cui
3729 2056 3821 2102 tor-

2237 2139 2420 2189 menta
2475 2140 2663 2202 aperte
2725 2134 3097 2204 parabantur,
3175 2135 3383 2190 emisit.
3456 2137 3697 2193 Domum
3760 2139 3819 2192 ad

2239 2224 2544 2295 sepulcrum
2593 2224 2784 2279 ductus
2820 2265 2838 2292 ,
2883 2225 3055 2281 donec
3099 2225 3215 2294 ejus
3269 2242 3439 2282 crura
3492 2230 3652 2285 velut
3702 2229 3816 2285 oliui

2226 2316 2509 2373 latronum
2541 2317 2712 2373 fracta
2739 2328 2887 2386 sunt,
2919 2319 3165 2374 concludi
3192 2320 3420 2376 minime
3445 2323 3635 2391 potuit
3663 2323 3815 2395 (circa

2239 2424 2330 2463 an.
2372 2408 2556 2480 106i).
3291 2450 3297 2456 .

2304 2500 2396 2557 30.
2430 2502 2541 2573 (29)
2562 2501 2632 2557 At
2653 2502 2722 2535 ⁸⁸⁸
2752 2502 3020 2569 Arialdus,
3053 2519 3174 2558 cum
3219 2505 3364 2560 inter
3402 2492 3698 2577 paschalia
3730 2523 3812 2564 so-

2237 2592 2602 2665 lempnia(an.
2645 2594 2803 2659 1066,
2842 2594 2974 2649 Mai.
3014 2595 3287 2653 ﬂii—Jun.
3336 2597 3388 2660 1)
3434 2598 3681 2654 ecclesia
3714 2599 3817 2654 lc.

2237 2687 2628 2742 diolanensium
2660 2686 2890 2743 letauias
2913 2689 3100 2744 devote
3121 2688 3452 2756 celebraret,
3481 2692 3819 2762 praedicanda

2236 2792 2299 2832 ae
2330 2792 2452 2831 eum
2489 2775 2704 2833 clericis
2737 2778 2987 2845 rixando,
3048 2778 3254 2833 nullum
3280 2778 3561 2850 jejunium
3611 2783 3668 2837 in
3710 2784 3818 2838 istis

2237 2869 2426 2925 diebus
2447 2879 2636 2926 sancto
2693 2880 2972 2927 asserente
3020 2871 3309 2927 Ambrosio
3361 2872 3487 2928 ﬁeri
3516 2874 3815 2940 debere,“

2236 2977 2455 3016 carnem
2478 2970 2534 3016 et
2562 2962 2747 3017 viumn
2777 2963 3021 3031 legalitcr
3042 2963 3128 3018 his
3178 2964 3355 3019 tribus
3406 2965 3610 3022 diebus
3666 2982 3819 3039 posse

2236 3052 2542 3118 comedere,
2595 3051 2863 3108 ﬁrmabat.
2902 3053 3109 3121 Quibus
3144 3070 3241 3124 pc:
3284 3056 3572 3113 civitatem
3625 3061 3819 3114 auditis

2237 3231 2482 3300 partibus
2511 3231 2754 3303 utrisque
2783 3235 3035 3289 adorsum
3076 3244 3183 3290 est.
3219 3234 3317 3291 llis
3349 3237 3540 3308 itaque
3568 3239 3817 3309 przlian-

2236 3325 2381 3380 tibus
2404 3323 2690 3395 multisque
2716 3324 2906 3397 gladiis
2927 3341 2990 3382 ac
3012 3326 3275 3398 lapidibus
3291 3327 3630 3396 vulneratis,
3649 3347 3746 3387 se:
3768 3334 3815 3385 in

2236 3416 2376 3471 bello
2406 3416 2507 3471 viri
2522 3417 2777 3473 cadentes
2802 3418 2999 3472 mortui
3026 3428 3172 3475 sunt.
3205 3419 3263 3475 ln
3288 3421 3378 3476 his
3398 3423 3612 3494 itaque,
3634 3423 3817 3489 lector,

2235 3508 2388 3579 cujus
2426 3508 2769 3564 discretionis
2789 3509 3050 3580 cujusque
3074 3511 3319 3567 scientia:
3342 3513 3628 3583 cujusque
3648 3517 3819 3571 conti-

2234 3602 2432 3657 nentia:
2462 3600 2647 3669 fuerit,
2673 3602 2983 3657 certissime
2997 3604 3369 3675 comperirect
3386 3606 3726 3681 investigare
3741 3626 3821 3663 va.

2233 3694 2388 3751 lebis.
2419 3694 2636 3751 Scimus
2672 3695 2815 3751 enim
2849 3707 2905 3752 et
2930 3711 3055 3752 vere
3083 3697 3309 3765 scimus,
3332 3699 3595 3767 Arialde,
3619 3703 3747 3773 quia
3770 3705 3816 3756 in

2234 3784 2317 3840 his
2329 3785 2717 3856 quinquaginta
2740 3786 2928 3844 diebus
2940 3787 3145 3843 nullum
3164 3787 3437 3859 jejunium
3453 3795 3639 3849 nescit
3651 3794 3817 3850 eccle-

2232 3877 2310 3933 sia
2338 3878 2632 3948 imperare,
2676 3887 2863 3934 sancto
2922 3880 3213 3937 Ambrosio
3255 3882 3409 3954 (130)
3455 3901 3586 3940 cum
3642 3888 3819 3941 multis

2234 3968 2436 4023 sanctis
2461 3976 2775 4024 attestante.
2806 3970 2888 4024 An
2914 3972 3153 4043 ignoras,
3177 3974 3307 4042 quid
3336 3973 3559 4031 Veritas
3582 3979 3819 4034 veritatis

2231 4056 2430 4113 clamat
2463 4075 2476 4111 :
2512 4077 2530 4110 ‹
2551 4057 2668 4114 Non
2721 4071 2947 4130 possunt
2976 4061 3070 4118 ﬁlii
3107 4063 3291 4134 sponsi
3320 4064 3585 4135 jejunare
3638 4085 3821 4140 quam-

2233 4147 2323 4201 diu
2350 4158 2579 4204 estcum
2610 4149 2719 4206 illis
2766 4165 3033 4221 sponsus;
3079 4154 3172 4208 sed
3210 4169 3336 4210 eum
3390 4156 3617 4214 ablatus
3664 4159 3817 4216 fuerit

2230 4253 2462 4311 Sponsus
2487 4241 2554 4296 ab
2581 4241 2681 4310 eis,
2719 4253 2847 4298 tunc
2865 4241 3185 4314 jejunabunt
3216 4245 3271 4301 in
3297 4247 3410 4304 illis
3445 4249 3648 4308 diebus
3671 4250 3815 4323 (1.5:.

2228 4346 2283 4399 v,
2313 4330 2426 4403 54).
2459 4330 2744 4388 Credimus
2763 4334 2932 4400 enim,
2962 4336 3236 4405 apostolos
3265 4347 3391 4407 post
3424 4338 3650 4397 Domini
3679 4342 3817 4395 abta-

2232 4425 2458 4492 tionem,
2478 4440 2601 4481 cum
2628 4425 2801 4482 ccelos
2824 4428 3093 4494 ascendit,
3119 4443 3291 4499 usque
3326 4432 3395 4485 ad
3423 4433 3608 4488 sancti
3657 4433 3818 4503 Spiri-

548 4494 1016 4590 archiepiscopum
1060 4517 1263 4575 habere
1321 4516 1526 4571 statuit.
1559 4515 1662 4583 Qui
1716 4512 2125 4570 llerlembaldus
2155 4494 2206 4554 Ῑ)
2235 4526 2320 4572 tus
2346 4515 2636 4571 adventum
2683 4517 2738 4572 in
2768 4517 3103 4575 Hierusalem
3135 4494 3358 4577 orantes
3373 4494 3814 4592 jejunassegsel

548 4614 853 4683 produccus
866 4609 1132 4680 quendam
1148 4609 1412 4663 Antonem
1438 4607 1648 4678 sibique
1670 4608 2123 4672 consentientem,

551 4718 735 4758 coram
770 4702 915 4758 omni
952 4700 1292 4756 multitudine
1342 4715 1436 4755 ore
1485 4715 1583 4754 suo
1612 4708 1667 4754 et
1719 4700 1926 4755 inlicito
1960 4698 2125 4768 elegit

551 4790 663 4864 (an.
702 4791 859 4861 1072,
882 4790 1011 4847 Jan.
1042 4791 1118 4863 6).
1143 4791 1256 4846 lloe
1277 4791 1467 4872 videns.
1484 4790 1747 4862 majorum
1780 4801 1833 4847 et
1859 4792 2126 4847 minorum

614 5012 690 5048 ἰιι
720 5023 924 5048 m:.-_r:--
956 5042 968 5048 -
999 5026 1072 5048 ἢ..
1103 5023 1390 5048 [κηρυκι-
1426 5023 1478 5048 ε..
1517 5025 1844 5048 -..-L:-...---

1834 4930 2062 5011 ganea:
2101 4929 2496 4987 LECTIONES.

2235 4608 2442 4679 utinam
2465 4609 2794 4674 orationem,
2826 4624 2946 4680 qua!
2976 4610 3031 4665 iu
3052 4613 3228 4681 portis
3259 4622 3464 4669 nostra:
3523 4616 3721 4689 legitur
3740 4618 3812 4671 ei-

2234 4699 2421 4753 vitatis
2447 4700 2589 4753 omni
2614 4715 2796 4754 coram
2820 4701 3018 4772 populo
3044 4703 3217 4774 (151),
3235 4722 3265 4757 a
3293 4714 3489 4762 sancto
3515 4709 3814 4764 ordinatam

2235 4789 2522 4845 Ambrosio
2546 4798 2601 4845 ct
2622 4791 2901 4862 scriptam,
2932 4792 3175 4851 ecclesia:
3212 4797 3378 4854 totius
3409 4799 3813 4858 ﬁrmamenta-

2529 5043 2550 5048 -
2587 5027 2643 5048 nr
2710 5028 2843 5048 I'l--.
2888 5045 2915 5047 η
3268 5031 3292 5048 ι·
3359 5042 3371 5048 -
3506 5032 3551 5048 σι
3611 5033 3639 5048 ο
3703 5043 3716 5048 -
