3960 5320
46 337 183 438 949‘

1025 381 1344 440 HISTORIA
1380 382 1949 439 MEDIOLANENSIS.
1993 412 2061 422 ——
2089 382 2214 436 LIB.
2251 381 2336 437 III.

3227 384 3332 439 950

48 512 188 551 eum
229 493 416 563 paucis
451 491 616 546 vitam
666 492 852 546 ﬁuiere
898 492 1188 548 humanam
1237 496 1574 560 terminalis,
1625 511 1655 549 a
1684 500 1728 557 Α
1761 495 1922 549 totius
1945 505 2100 550 teme
2123 498 2511 552 thetrarcatum
2537 497 2627 563 σθ’,
2656 498 2723 552 ab
2747 497 3072 567 imperatore
3101 497 3333 556 Henrico

49 600 172 654 quo
224 583 372 638 fonte
415 583 529 637 haec
572 582 824 636 universa
868 582 1108 652 epistolis
1156 584 1337 639 multis
1387 585 1654 640 intercur-

53 675 321 730 rentibus
373 683 728 729 manaverunt
759 714 774 740 ,
832 675 1064 744 posteris
1115 674 1358 730 ﬁdelibus
1408 686 1464 730 et
1513 676 1653 731 hanc

50 765 360 820 ecclesiam
385 765 726 836 diligentibus
757 775 813 820 ut
842 766 1056 821 sibimet
1084 766 1435 838 prmvideant,
1469 775 1649 820 cetera

52 855 308 912 ﬁdeliter
334 856 621 912 enucleare
654 857 875 912 curabo.
917 857 1085 925 Igitur
1112 858 1387 911 comitissa
1426 855 1655 911 Matildis

53 948 130 980 “'
161 963 294 1003 cum
330 948 442 1019 jam
475 949 683 1004 duobus
718 947 977 1003 fratribus
1009 941 1301 1011 emortuis,
1345 962 1480 1014 quos
1513 947 1655 1002 llen-

53 1042 163 1095 riei
196 1041 270 1096 IV
301 1041 646 1111 imperatoris
675 1040 966 1095 calliditate
992 1041 1201 1094 occisus
1232 1038 1344 1093 fore
1376 1038 1652 1105 crrdebat,

53 1146 185 1185 sese
226 1130 402 1185 solam
442 1130 787 1200 superstitem
827 1130 1015 1185 videns
1046 1170 1061 1196 ,
1101 1138 1350 1200 serpente
1391 1130 1480 1199 qui
1527 1128 1654 1182 olim

55 1220 478 1289 protoplaustos
535 1219 589 1274 in
650 1219 900 1288 paradiso
954 1218 1049 1273 Dei
1102 1217 1316 1287 decepit
1374 1217 1652 1282 callidior,

57 1313 246 1380 ipsum
280 1327 532 1381 quarens
563 1312 943 1382 imperatorem
979 1329 1009 1366 a
1047 1325 1213 1381 regno
1247 1309 1487 1380 privare,
1517 1309 1655 1364 dolis

57 1403 409 1458 acutissimis
433 1419 539 1457 non
568 1404 737 1457 armis
769 1403 1040 1468 laborans,
1075 1404 1303 1474 septimo
1333 1403 1406 1434 ⁸⁸⁵³
1429 1403 1657 1457 adhmsit

57 1493 353 1562 Gregorio.
389 1493 519 1560 Quae.
549 1509 671 1547 cum
706 1501 864 1547 antea
904 1492 975 1525 ⁸⁸⁸
1006 1495 1157 1563 virgo
1189 1493 1448 1560 Gigonent
1481 1493 1655 1546 virum

59 1584 551 1654 prudentissimum
588 1584 934 1640 Nurmandia:
962 1585 1164 1640 duccm-
1194 1586 1447 1640 maritum
1480 1585 1660 1640 duxis-

60 1684 163 1740 set,
201 1690 301 1744 per
331 1689 530 1745 paucos
556 1681 729 1729 annos
759 1684 968 1730 morata
990 1675 1082 1741 “",
1106 1689 1223 1730 sese
1247 1673 1356 1744 jam
1388 1675 1658 1744 pmnitens

60 1766 302 1819 dominii-
338 1765 618 1820 dominum
650 1765 881 1832 habere,
911 1781 1036 1821 eum
1079 1765 1300 1820 vernula
1345 1765 1657 1820 consciliata

1758 587 2011 642 ﬁdelitate
2038 588 2118 642 sui
2151 590 2359 659 imperii
2394 605 2458 645 ac
2489 591 2655 645 totius
2685 592 2767 646 sui
2803 591 3026 646 honoris
3052 603 3332 662 acceptam

1755 695 1927 749 usque
1962 680 2027 736 ad
2060 681 2162 735 hoc
2212 691 2423 752 tempus
2454 682 2731 737 humiliter
2758 697 2823 738 ac
2854 683 3045 739 devote
3093 685 3330 740 tenebat.

1754 768 1896 829 Cum.
1920 769 2035 823 haec
2060 769 2240 823 omnia
2273 770 2338 823 ad
2379 770 2721 840 imperatoris
2755 787 2912 828 aures
2941 771 3182 828 seriatim
3211 788 3336 843 per-

1755 861 2063 923 venissent,
2115 860 2488 915 inmanissima
2535 862 2611 916 ira
2661 878 2725 918 ac
2763 861 2946 918 dolore
2990 870 3328 923 commotus.

1757 950 1898 1004 hanc
1932 948 2322 1002 clandestinam
2350 959 2554 1019 pestem
2586 950 2860 1021 inopinate
2883 966 3044 1022 super
3067 965 3125 1007 se
3153 951 3335 1006 insur-

1756 1050 1970 1111 gentem
1995 1041 2200 1106 videns,
2232 1041 2491 1097 adversus
2514 1042 2800 1098 Redull‘um
2825 1045 2924 1099 sibi
2947 1052 3001 1099 et
3032 1059 3196 1116 regno
3225 1045 3336 1100 fere

1748 1133 1862 1203 jam
1893 1133 2261 1188 imminentem
2285 1134 2493 1205 sibique
2518 1135 2836 1206 perjuriunt,
2861 1139 2952 1207 qui
2977 1139 3141 1193 etiam
3169 1146 3335 1194 totam

1756 1225 2053 1280 Saxaniam
2095 1224 2356 1280 adversus
2386 1240 2508 1280 eum
2542 1237 2886 1294 armaverat,
2919 1244 3042 1284 cum
3070 1229 3184 1285 suis
3220 1244 3338 1282 om-

1759 1318 1917 1372 nibus
1938 1332 2073 1388 quos
2089 1316 2291 1371 habere
2313 1318 2504 1388 potuit,
2526 1334 2675 1372 arma
2699 1319 2952 1389 suscepit.
2977 1319 3336 1386 Quamobrem

1759 1418 1919 1480 gente
1957 1419 2306 1478 utrarumque
2337 1409 2570 1480 partiuut
2613 1410 2957 1465 inenarrabili
2996 1411 3295 1466 coadunata
3320 1452 3335 1474 ,

1756 1503 2000 1574 prmlium
2027 1513 2109 1558 cst
2135 1501 2242 1556 tale
2269 1503 2614 1557 commissum
2646 1512 2810 1573 atque
2836 1504 3156 1573 perfectum,
3181 1504 3342 1574 quaIe'

1758 1608 1856 1647 nec
1883 1592 2053 1646 literis
2073 1591 2296 1661 cognovi
2324 1607 2423 1648 nec
2445 1591 2618 1647 oculis
2643 1593 2748 1647 viii
2775 1607 2874 1648 nec
2894 1593 3113 1649 auribus
3136 1595 3338 1659 audivi,

1759 1702 1862 1741 nec
1903 1686 2099 1755 aliquis
2139 1686 2240 1740 nisi
2291 1686 2379 1756 qui
2424 1678 2939 1742 intcrfuitlcredere
2982 1689 3178 1758 potuit.
3221 1687 3342 1756 Quo

1761 1777 1905 1831 enim
1937 1775 2078 1830 bello
2106 1791 2227 1830 cum
2258 1783 2414 1830 antea
2453 1777 2674 1831 biduum
2705 1777 2817 1832 suis
2846 1793 2967 1840 cum
3009 1778 3261 1838 omnibus
3289 1778 3342 1834 in

63 1861 422 1927 fidelissima.
459 1863 631 1932 ipsum
670 1863 736 1916 ad
778 1861 1018 1917 cloacam
1052 1877 1214 1933 super
1254 1862 1429 1916 lacum
1463 1863 1659 1917 scden-
1691 1852 1735 1910 Β
1765 1868 2011 1939 ingressu
2065 1865 2314 1921 Saxonia:
2368 1867 2562 1921 castris
2611 1866 3028 1930 consedentibus
3076 1853 3343 1925 universis

63 1963 175 2008 tem
226 1968 331 2024 per
375 1951 622 2024 podicem
675 1952 912 2007 interimi
961 1967 1090 2006 ense
1147 1953 1458 2007 cautissime
1512 1953 1656 2007 fecit.

66 2042 194 2098 Rrec
222 2044 373 2098 enim
405 2058 526 2098 cum
558 2043 722 2098 totius
757 2044 864 2098 fere
904 2042 1112 2099 Tuscia:
1147 2054 1201 2100 et
1233 2061 1401 2115 usque
1433 2041 1659 2099 Romam

68 2134 373 2189 comitatus
411 2135 493 2188 sui
523 2143 846 2203 potestatem
879 2134 992 2190 sola
1029 2144 1344 2200 exerceret,
1395 2145 1552 2206 pacto
1578 2151 1662 2191 se-

68 2228 387 2283 cretissimo
409 2243 528 2282 cum
554 2228 914 2298 Oldeprando,
942 2227 1034 2300 qui
1064 2239 1192 2284 tunc
1216 2228 1425 2283 diaconi
1452 2228 1660 2303 apicem

70 2320 336 2373 Romana:
366 2319 622 2374 Ecclesiae
658 2319 898 2389 regebat,
936 2334 1158 2374 necnon.
1197 2318 1290 2389 qui
1321 2319 1391 2350 ‘6‘
1420 2318 1664 2390 plurimis

69 2409 339 2464 Romanis
386 2411 602 2466 ossibus
655 2409 834 2464 Albini
885 2418 940 2464 et
988 2408 1172 2464 Ruﬁni
1216 2409 1421 2480 sparsis
1471 2409 1618 2480 (N3)
1647 2449 1662 2476 ,

71 2511 347 2573 quatenus
395 2503 511 2558 sine
546 2518 814 2558 consensu
861 2502 1205 2574 imperatoris
1248 2503 1302 2556 in
1349 2501 1668 2572 pontiﬁcatu

75 2597 330 2650 Romano
360 2595 657 2665 eligeretur
694 2603 749 2648 et
783 2606 1221 2660 consecraretur,
1252 2609 1474 2664 operam
1519 2593 1668 2648 dedit

74 2690 185 2757 (an.
233 2685 394 2740 l076.
444 2683 620 2754 Feb.).
651 2685 839 2756 Itaque
867 2685 1039 2740 electo
1066 2685 1410 2756 Oldeprando
1440 2695 1494 2740 et
1523 2685 1665 2741 idem

75 2784 404 2831 mnsecrato
457 2775 720 2846 Gregorio
749 2815 764 2841 ,
816 2791 984 2845 parvo
1031 2785 1273 2830 moratus
1325 2784 1564 2845 tempore
1613 2776 1668 2830 in

76 2869 289 2939 synodo
344 2867 522 2937 prima
577 2877 634 2923 et
683 2869 895 2923 domum
951 2867 1192 2923 Matildis
1243 2867 1502 2923 conscilio
1553 2867 1670 2923 sine

77 2958 441 3013 advocatione
481 2957 586 3012 ulla
632 2957 924 3013 IIenricum
968 2955 1458 3014 exeommuuicavit
1495 2957 1667 3028 impe-

77 3059 348 3113 ratorem,
372 3048 710 3120 parvissimis
741 3049 882 3104 datis
903 3048 1157 3113 induciis,
1193 3047 1294 3102 nisi
1321 3046 1669 3101 investituras

77 3142 494 3210 episcopatuum
519 3141 868 3210 omniumque
883 3140 1222 3194 abbatiarum
1246 3138 1360 3208 ipse
1383 3137 1665 3192 refutaret.

1763 1961 2062 2028 imperator
2088 1957 2332 2023 sederet,
2366 1958 2469 2012 hoc
2498 1957 2602 2021 tale
2631 1957 2777 2012 dedit
2805 1966 3158 2028 prmceptum,
3195 1968 3255 2014 ut
3291 1958 3344 2012 iu

1763 2053 1936 2122 primo
1967 2051 2052 2104 die
2082 2049 2229 2115 belli,
2263 2049 2522 2129 quicquid
2553 2050 2668 2106 sive
2696 2051 2970 2120 prosperi,
2993 2051 3107 2105 sive
3134 2051 3344 2108 advers:

1763 2142 1828 2194 ad
1839 2158 1855 2190 κ
1869 2141 1952 2196 eui
1963 2151 2062 2208 ret,
2076 2151 2233 2210 nocte
2248 2140 2602 2210 superveniet)
2613 2151 2660 2204 te
2675 2141 2859 2196 eadem
2876 2141 3024 2212 ignes
3040 2149 3148 2195 tres
3163 2154 3349 2194 accen-

1765 2231 2045 2293 derentur,
2085 2249 2102 2281 ι
2134 2238 2401 2301 quatenus
2430 2247 2620 2286 omnes
2651 2230 2740 2300 qui
2775 2230 3003 2300 dispersi
3047 2229 3251 2284 fuerint
3285 2245 3349 2284 ac

1764 2322 1932 2376 variis
1969 2323 2279 2389 eventibus,
2321 2331 2377 2377 ut
2421 2321 2474 2377 in
2511 2322 2653 2377 bello
2690 2321 2858 2388 solet,
2907 2321 3064 2377 divisi
3106 2321 3346 2384 fuerint,

1765 2413 2110 2478 Conveniant,
2143 2427 2207 2466 ac
2234 2413 2450 2466 demum
2477 2413 2542 2466 ad
2578 2412 2754 2483 ignem
2785 2409 3045 2480 majorem
3071 2410 3140 2466 ad
3177 2426 3264 2466 me
3295 2410 3349 2464 iu

1767 2517 1931 2555 unum
1976 2501 2299 2556 conveniant
2328 2541 2343 2566 ,
2371 2513 2596 2570 seseque
2625 2500 2919 2572 colligant,
2951 2501 3066 2556 sive
3109 2500 3176 2556 ad
3205 2500 3351 2556 inse-

1767 2593 2009 2663 quendos
2042 2591 2246 2655 hostes,
2291 2591 2404 2647 sive
2447 2592 2512 2646 ad
2555 2590 2796 2661 praelium
2847 2591 3282 2646 restaurandum.
3323 2608 3343 2640 ι

1772 2686 1871 2741 υὺί
1901 2701 2025 2739 eum
2069 2685 2120 2738 in
2163 2684 2338 2754 primo
2373 2682 2637 2738 bellorum
2675 2698 2942 2738 concursu
2974 2682 3161 2754 viginti
3203 2679 3356 2746 milia

1770 2777 2004 2833 militum
2038 2776 2330 2834 electorum
2372 2776 2425 2830 in
2463 2786 2614 2852 petra
2664 2774 2967 2829 ordinando
3011 2789 3073 2828 ac
3116 2775 3352 2844 prmmit-

1771 2869 1932 2924 tendo
1963 2867 2267 2932 amisisset,
2304 2874 2356 2922 et
2391 2867 2460 2920 ab
2488 2866 2732 2922 hostibus
2763 2864 2907 2920 velut
2949 2864 3076 2918 olim
3109 2863 3273 2919 Jonas
3300 2866 3355 2928 in

1771 2975 1922 3015 mare
1949 2975 1978 3013 a
2003 2968 2124 3014 ceto
2146 2958 2348 3014 absorti
2376 2958 2626 3022 fuissent,
2653 2957 2764 3012 suis
2788 2973 2910 3011 cmn
2935 2955 3186 3011 omnibus
3214 2955 3356 3010 mili-

1773 3056 1917 3109 tibus
1943 3061 2138 3122 przeter
2168 3051 2316 3116 illos,
2351 3051 2544 3120 quibus
2573 3049 2792 3115 lancea,
2823 3049 2874 3102 in
2908 3063 3012 3118 qua
3043 3047 3138 3103 Dei
3162 3046 3348 3103 clavus

1771 3155 1889 3201 erat
1944 3144 2183 3199 inclusus
2239 3142 2466 3198 Romani
2525 3142 2733 3212 imperii
2795 3141 3221 3196 stabilimentum
3284 3141 3354 3195 ab

78 3235 292 3291 Exinde
346 3250 472 3290 cum
522 3233 638 3288 iure
683 3233 865 3288 omnia
914 3232 1015 3288 sibi
1067 3231 1250 3287 {avere
1298 3230 1566 3296 Vidissel.
1620 3227 1745 3290 83C
1778 3238 2023 3293 hostibus
2063 3235 2392 3300 durissimis,
2423 3235 2736 3301 curabatur,
2773 3234 3036 3289 citissime
3079 3234 3358 3299 occurrit,

80 3331 325 3386 maxime
371 3331 498 3401 quia
551 3329 910 3386 Mediolanum
950 3327 1358 3384 llerlembaldus
1397 3343 1519 3383 cum
1561 3328 1672 3384 suis

81 3422 336 3478 ontnibus
373 3422 646 3477 cathedris
680 3422 748 3454 “'
784 3421 884 3476 sibi
922 3421 1073 3491 quasi
1106 3420 1414 3491 Apostolico
1447 3421 1673 3476 summis

82 3533 208 3570 eum
241 3516 454 3586 gaudiis
485 3515 538 3569 in
567 3515 820 3570 omnibus
854 3514 1179 3579 deserviret,
1208 3513 1392 3568 multis
1423 3513 1676 3583 epistola-

84 3627 207 3664 rum
243 3609 725 3667 ammonitionibus
751 3608 1103 3669 ammonitus.
1146 3622 1352 3661 necnon
1385 3606 1676 3662 comitissa:

88 3705 332 3759 Ilatildis
354 3701 769 3773 quamplurimis
792 3699 1190 3756 adulationibus
1211 3713 1493 3764 accensus,
1516 3712 1677 3767 super

88 3795 399 3866 huiusmodi
447 3795 719 3865 negotium
764 3791 949 3847 sedule
996 3791 1250 3845 insistens
1278 3829 1294 3854 ,
1345 3803 1582 3844 canones
1625 3794 1680 3843 et.

89 3888 382 3958 rvgislrum
405 3927 419 3950 ,
455 3894 514 3940 ut
541 3883 721 3939 clerici
762 3883 854 3953 qui
905 3882 1255 3937 iuvestituras
1286 3880 1351 3935 de
1391 3894 1548 3933 manu
1579 3879 1680 3933 im-

90 3976 367 4048 peratoris
397 3976 744 4045 acciperent,
780 3973 849 4028 ab
877 3972 1069 4028 otliciis
1107 3972 1531 4041 deponerentur,
1572 3970 1685 4040 pri-

92 4086 216 4124 mus
256 4067 510 4136 sataguit.
539 4067 766 4121 Demum
809 4063 1164 4120 ecclesiarum
1209 4063 1589 4118 universarum
1620 4076 1684 4116 ac

91 4160 278 4216 seculi
312 4161 479 4215 totius
506 4174 639 4228 pace
669 4166 722 4213 et
747 4155 1037 4213 concordia
1068 4164 1270 4228 spreta,
1306 4155 1684 4210 illecebrarum

93 4251 312 4306 facetiis
339 4265 403 4306 ac
434 4249 713 4319 diligentia
745 4247 1000 4313 lllatildis,
1035 4263 1158 4302 cum
1185 4261 1289 4316 qua
1317 4252 1374 4299 et
1405 4245 1519 4320 ipse
1547 4243 1686 4298 ride-

95 4346 209 4407 bat,
248 4357 506 4396 coronam
544 4339 916 4394 admirabilem
947 4337 1214 4408 lapidibus
1237 4336 1492 4406 pretiosis
1522 4336 1687 4390 intes-

98 4447 210 4488 tam
240 4431 498 4487 Samnite
527 4431 649 4486 duci
698 4429 948 4493 Redulfo,
981 4439 1250 4500 quatenus
1279 4443 1336 4483 se
1364 4427 1430 4482 de
1460 4426 1688 4497 imperio

98 4526 349 4577 Romano
370 4529 560 4578 contra
582 4521 651 4553 ⁸⁸⁸
674 4520 966 4576 Henricum
989 4518 1054 4574 IV
1073 4534 1252 4598 regem
1282 4518 1686 4584 intromitteret,

1777 3338 1831 3384 et
1860 3325 2433 3384 occurrendomultos
2464 3325 2712 3381 liberavit
2755 3325 2973 3380 virtute.
3012 3325 3197 3395 Itaque
3237 3340 3361 3380 cum

1779 3436 1933 3492 reges
1957 3420 2174 3488 utrique
2201 3417 2346 3472 velut
2375 3418 2556 3473 leones
2599 3416 2922 3472 ferocissimi
2962 3415 3203 3471 feraliter
3226 3430 3364 3486 pra:-

1778 3513 1979 3568 liantes
2005 3511 2216 3568 eminus
2257 3509 2660 3572 convenissent,
2707 3516 2818 3561 tota
2860 3506 2947 3562 die
2987 3515 3176 3562 neutra
3213 3514 3364 3577 parte

1781 3603 2066 3659 victoriam
2101 3601 2291 3670 adepta
2319 3640 2332 3663 ,
2380 3598 2574 3670 gladiis
2617 3597 2970 3655 ferocissimis
3000 3595 3234 3651 invicem
3265 3609 3369 3649 sa:-

1783 3695 1992 3749 vieutes
2021 3708 2085 3748 ac
2126 3703 2480 3759 utrarumque
2525 3689 2759 3760 partium
2791 3697 2974 3758 strage
3014 3685 3157 3741 facta
3205 3685 3366 3740 innu-

1784 3784 2071 3849 merabili,
2129 3783 2242 3837 dies
2305 3782 2551 3857 pervenit
2607 3781 2673 3834 ad
2727 3789 2960 3834 noctem.
3014 3777 3182 3848 Igitur
3232 3777 3366 3832 focis

1785 3877 2034 3932 accensis
2082 3874 2281 3939 tribus,
2327 3887 2390 3927 ac
2435 3871 2686 3928 omnibus
2734 3869 2826 3940 qui
2875 3867 3104 3936 dispersi
3149 3866 3368 3922 fuerant

1787 3970 2054 4026 militibus
2079 3966 2441 4038 congregatis,
2486 3966 2781 4035 imperator
2815 3961 3213 4016 multitudinem
3238 3961 3365 4014 uni-

1754 4096 1759 4101 -
1787 4075 2000 4115 versam
2033 4073 2193 4129 quam
2226 4056 2481 4127 colligere
2509 4053 2769 4126 gregatim
2799 4051 2994 4121 potuit,
3032 4048 3217 4104 multis
3243 4064 3366 4103 cum

1789 4150 2045 4223 Iacrymis
2071 4147 2346 4204 cohortari
2370 4145 2437 4201 ad
2464 4144 2705 4216 praelium
2725 4184 2739 4209 ,
2765 4141 3158 4196 ﬁammivomos
3187 4138 3371 4195 oculos

1791 4243 1957 4298 nimia
2008 4242 2089 4296 ira
2141 4240 2383 4306 habens,
2430 4236 2690 4292 vilissime
2739 4242 3023 4298 cwnatus,
3068 4229 3270 4300 coepit;
3318 4237 3374 4282 et

1791 4333 1987 4388 exinde
2031 4329 2263 4402 qualiter
2301 4329 2519 4401 pr0pria
2559 4329 2780 4384 dextera
2818 4331 3146 4396 pugnasset,
3195 4319 3374 4377 nervis

1791 4426 2030 4494 ejusdem
2094 4438 2124 4477 a
2169 4422 2366 4491 capulo
2413 4421 2560 4476 ensis
2612 4433 2823 4473 summa
2865 4416 3075 4469 'virtute
3133 4411 3377 4467 Saxones

1796 4513 2094 4571 truncando
2129 4512 2290 4566 nudis
2332 4509 2718 4583 apparentibus
2754 4505 3079 4567 ostendens,
3125 4498 3378 4571 regaliter

98 4615 291 4679 misit;
359 4626 611 4668 asserens
677 4625 737 4667 se
795 4610 982 4666 multis
1040 4595 1691 4666 echmmunicationibus
1724 4597 1768 4651 Ῑ)
1796 4609 2103 4663 universam
2142 4605 2435 4660 cohortans
2483 4600 2915 4661 multitudinem,
2961 4599 3101 4652 dona
3143 4592 3282 4646 vivis
3325 4599 3380 4644 et

97 4705 696 4762 exeommunicaturum
721 4745 735 4770 ,
765 4710 822 4760 et.
848 4702 964 4773 ejus
994 4702 1162 4758 armis
1191 4699 1602 4756 admirabilibus
1627 4715 1692 4756 ac

99 4801 381 4853 Saxonum
438 4796 581 4852 illius
637 4796 830 4868 gladiis
875 4795 1105 4850 viriliter
1157 4802 1541 4865 pugnaturum.
1593 4792 1694 4847 llic

101 4893 248 4947 enim
279 4888 546 4946 Redulfus
575 4887 829 4945 Saxoniae
861 4889 1036 4959 ipsum
1061 4887 1346 4954 ducatum,
1381 4887 1550 4956 ipsius
1578 4885 1693 4940 fere

1795 4710 2133 4755 mortuorum
2174 4697 2299 4752 ﬁliis
2346 4710 2410 4750 ac
2448 4693 2660 4748 ﬁliabus
2698 4691 2900 4761 regalia
2934 4685 3211 4759 promisit,
3249 4683 3379 4738 mal-

1795 4793 1910 4847 leus
1945 4790 2082 4844 mori
2116 4804 2275 4858 quam
2312 4802 2340 4840 a
2371 4801 2469 4840 suo
2497 4785 2717 4854 perjuro
2757 4781 2922 4845 vinci,
2954 4777 3184 4833 malleus
3215 4774 3297 4830 sui
3325 4781 3381 4826 et.

1796 4898 2015 4940 suorum
2047 4880 2278 4934 militum
2306 4891 2532 4949 corpora
2561 4875 2790 4930 viriliter
2823 4871 3066 4928 truncari
3091 4884 3120 4924 e
3152 4867 3338 4937 praelio
3361 4905 3375 4931 ,

1340 5037 1358 5045 --
1380 4999 1615 5058 VNIle
1659 4993 2067 5054 LECTIONES.

172 5103 241 5134 ⁶⁶¹
274 5098 520 5154 maltidis
545 5099 606 5155 Β.
646 5108 814 5155 canat.
844 5081 1260 5166 cum—operam
1291 5095 1438 5150 dedit
1463 5099 1526 5146 ea:
1555 5105 1732 5148 nostra
1756 5091 2055 5166 exscripsit
2084 5097 2268 5166 ductor
2293 5085 2410 5166 ιίξςῳ
2439 5081 2607 5136 Mam.
2638 5083 2691 5164 in
2721 5079 2909 5166 Leibon.
2932 5073 3381 5166 δξο-Ιηίξπςξηξξζῖ

103 5172 153 5224 1.
180 5190 232 5224 υ.
629 5139 1261 5224 iidiilctiinyiiiiitatifi"‘35
1534 5139 1724 5224 quinto
1755 5163 1816 5222 Il.
1848 5139 1952 5217 sed,
1974 5159 2268 5213 rubricator
2306 5155 2417 5211 Vll°
2446 5155 2712 5216 correxit;
2765 5151 2950 5216 quinto
2989 5146 3072 5199 vel
3107 5153 3271 5214 sexto
3305 5139 3387 5212 vel
