3960 5320
586 157 689 229 est

1365 154 1708 217 LANDULF.
1751 156 2024 215 MEDIOI..
2067 157 2266 215 CLER.
2307 157 2482 244 BlST.
2520 154 2796 213 MEDIOL.
2820 185 2890 198 —-
2915 152 3043 211 LIB.
3074 154 3159 209 lll.

3747 156 3846 212 953

590 280 682 326 aut
704 282 897 341 eampo
924 268 1174 349 miscere,
1201 268 1334 335 Cum
1361 271 1531 329 altera
1557 281 1738 329 autem
1764 273 1880 329 dies
1904 273 2165 341 venisset,
2194 277 2241 337 Α
2270 281 2442 329 mates
2470 270 2809 329 consulerent
2843 270 3088 326 Romano
3106 311 3119 332 .
3151 278 3206 324 et
3249 268 3511 324 domuum
3549 267 3845 326 Thcaldth

506 406 507 409 η
584 358 888 431 imperator
926 357 1196 416 Henricus
1229 374 1441 417 summo
1464 362 1568 431 ,die
1600 361 1918 433 crepusculo
1946 379 2169 419 suorum

508 516 515 523 ,
589 450 823 529 militum
848 448 1226 507 universorum
1264 452 1469 507 viribus
1512 453 1753 509 collectis
1787 460 1844 509 et
1881 453 2166 520 animatis,

554 563 558 566 ‘
587 540 644 600 et
671 540 1093 599 domno'l‘ealdo
1121 554 1324 599 sanctae
1353 543 1774 600 Mediolanensis
1799 543 2044 601 ecclesiae
2073 559 2170 600 no-

588 632 734 691 tario
773 635 923 719 (114)
964 633 1213 690 lanceam
1252 635 1367 706 ipse
1403 635 1774 702 custodiente,
1813 651 1938 690 cum
1977 635 2168 707 viginti

587 727 734 783 mille
770 725 1029 783 militibus
1058 727 1161 784 hoc
1201 728 1254 784 in
1289 728 1473 800 prtelio
1514 727 1679 785 nimia
1717 727 2009 798 cupiditate
2041 742 2168 783 ane-

585 819 853 887 lantibus,
879 828 1210 884 armatorum
1238 820 1436 885 virtute
1463 828 1518 874 et
1543 821 1847 876 animorum
1873 822 2168 891 sagacitate

585 911 773 971 hostes
806 913 1138 969 unanimiter
1174 914 1429 971 continuo
1466 915 1769 972 invadenda
1792 956 1808 983 ,
1848 914 2169 986 fortiterque

585 1003 791 1071 lanceis
831 1012 888 1061 et
925 1006 1145 1063 ensibus
1179 1015 1346 1078 atque
1378 1007 1590 1080 sagittis
1617 1006 1861 1064 feriendo
1900 1007 1954 1063 in
1984 1007 2166 1080 fugam

586 1086 876 1174 convertit.
904 1084 1143 1173 ‘Demum
1189 1106 1542 1172 utrarumque
1583 1099 1816 1171 partium
1855 1107 2036 1170 strage
2070 1113 2168 1169 per

583 1183 723 1242 duos
751 1178 867 1255 dies
899 1186 1040 1245 facta
1083 1189 1361 1247 hominum
1402 1188 1873 1246 innumerabilium
1899 1230 1915 1256 ,
1948 1205 2012 1245 ac
2040 1204 2168 1261 rege

581 1273 803 1347 pcrjuro
847 1276 1078 1333 Redulfo
1111 1287 1356 1339 emortuo
1391 1294 1419 1333 a
1453 1278 1622 1335 milite
1661 1278 2005 1349 imperatoris
2027 1320 2042 1346 ,
2074 1278 2166 1351 qui

582 1379 640 1423 et
667 1369 782 1440 ipse
818 1370 873 1425 in
903 1384 1092 1438 campo
1119 1369 1260 1426 inter
1294 1379 1539 1427 mortuos
1569 1371 1815 1442 jacehat,
1857 1371 2075 1427 elevans
2108 1387 2167 1428 se

582 1461 823 1530 graviter
849 1459 1184 1541 vulneratus.
1229 1470 1243 1516 .'
1275 1462 1466 1535 ipsius,
1493 1471 1566 1520 et.
1606 1463 1697 1519 ."°
1728 1473 1836 1519 tota
1867 1476 1997 1520 ense
2025 1463 2165 1520 Teu-

584 1554 770 1610 tonico
796 1553 1095 1622 truncavit,
1129 1570 1337 1631 necnon
1364 1557 1644 1627 sexaginta
1675 1557 1935 1614 militibus
1964 1556 2163 1614 electo-

2273 365 2344 397 ⁸⁷⁸
2390 365 2447 421 id
2496 366 2670 434 ipsum
2725 371 3064 419 recusantem
3124 362 3327 433 eligere
3377 362 3620 417 universi
3677 361 3848 432 ἀίει»

2269 458 2532 523 suissent,
2584 454 2905 512 Guibertum
2954 455 3429 510 Ravennatensem
3485 454 3848 525 archiepisco-

2267 564 2395 619 pum
2445 546 2711 618 simulque
2758 545 3088 603 cardinalem
3141 545 3457 617 elegerunt,
3504 561 3573 601 ac
3618 548 3849 605 electum

2267 655 2479 696 summa
2524 655 2648 697 cum
2692 639 2968 710 diligentia
3012 648 3069 693 ct
3111 650 3433 694 cunctorum
3481 638 3646 696 laude
3678 640 3847 711 ipsam

2268 734 2581 790 demeritum
2631 732 2701 797 9⁷⁸
2750 731 2954 789 Grmeis
3009 730 3223 787 facetiis
3268 729 3590 787 allluentem
3640 746 3848 788 summa

2267 838 2389 879 cum
2433 824 2721 880 devotione
2768 829 3159 880 consecrarunt
3187 820 3336 895 (M5)
3375 820 3494 895 [απ.
3524 821 3713 894 1681).
3744 822 3847 879 line

2267 912 2412 969 facto
2456 913 2755 985 imperator
2785 928 2909 970 cum
2950 911 3202 968 universa
3233 911 3591 968 multitudine
3619 920 3676 968 et
3712 911 3849 968 Pado

2233 1006 2438 1062 ‘nimio
2494 1005 2618 1079 gelu
2670 1006 2881 1080 rigidus
2919 1005 3096 1076 ipsum
3140 1013 3196 1061 et
3241 1005 3500 1060 militiam
3546 1004 3848 1058 universam

2268 1109 2544 1170 tamquam
2568 1100 2811 1155 serviens
2835 1099 3158 1165 sustinente,
3190 1112 3255 1163 ac
3285 1097 3491 1152 domno
3521 1094 3766 1150 Tbealdo
3784 1094 3849 1125 ⁸⁷⁸

2265 1191 2521 1248 omnibus
2563 1205 2687 1247 cum
2737 1188 3115 1262 sullraganeis,
3160 1197 3361 1259 praeter
3404 1186 3534 1243 illos
3562 1201 3704 1257 quos
3743 1185 3849 1256 ipse

2265 1282 2557 1353 Gregorius
2585 1280 2790 1338 inlicite
2816 1296 2963 1337 sarva
2996 1278 3360 1349 inter-iocante
3388 1276 3640 1348 pathalia
3658 1316 3677 1343 ,
3697 1292 3847 1347 quam

2265 1374 2381 1445 ipse
2432 1374 2769 1440 incitaverat,
2816 1388 2846 1429 a
2884 1372 3031 1428 beati
3080 1371 3351 1428 Ambrosii
3402 1369 3648 1426 ecclesia
3697 1370 3846 1424 abra-

2265 1474 2413 1523 scrat
2433 1465 2606 1537 (146),
2630 1480 2791 1537 quam
2817 1465 2888 1522 ob
2910 1464 3214 1520 misteriutn
3234 1463 3693 1527 Ambrosianum,
3716 1463 3845 1532 quod

2264 1557 2406 1614 ultra
2436 1557 2519 1615 fas
2543 1567 2599 1614 ct
2619 1557 2773 1614 nefas
2796 1557 3011 1623 oderat,
3033 1564 3088 1614 et
3116 1554 3383 1613 militibus
3409 1555 3566 1610 mille
3596 1564 3655 1609 et
3679 1555 3849 1609 electis

581 1658 705 1699 rum
748 1643 1011 1701 nobilium
1051 1645 1290 1700 virorum
1317 1687 1332 1713 ,
1373 1647 1464 1718 qui
1505 1649 1648 1704 inter
1688 1657 1892 1703 tantam
1928 1656 2166 1720 stragem
2198 1640 2243 1701 B
2271 1663 2408 1717 quos
2444 1647 2559 1719 ipse
2593 1649 2819 1704 summis
2841 1656 2985 1703 etcx
3017 1647 3253 1717 propriis
3282 1646 3596 1715 dispendiis
3620 1646 3848 1699 mit-endo

576 1736 731 1806 jussu
763 1737 1107 1808 imperatoris
1132 1738 1346 1799 collecti
1376 1740 1629 1812 cognosci
1658 1748 1989 1812 potuerunt,
2021 1755 2169 1797 acer-

580 1827 749 1883 vatim
774 1827 1093 1896 combustis,
1119 1829 1416 1900 imperator
1440 1846 1538 1902 per
1561 1840 1793 1901 quatuor
1819 1831 1934 1886 dies
1957 1830 2168 1886 intrans

581 1936 707 1977 cum
742 1921 929 1980 furore
960 1921 1286 1991 Saxoniam,
1322 1938 1512 1980 omnes
1548 1939 1687 1995 quos
1714 1924 1914 1981 habere
1945 1924 2164 1994 potuit,

583 2022 693 2064 tam
725 2026 905 2071 mares
935 2029 1097 2086 quam
1126 2012 1392 2082 feminas,
1423 2015 1725 2070 mutilando
1765 2014 2128 2070 detruncavit.

651 2100 744 2157 52.
782 2101 850 2134 "‘
891 2102 1005 2175 (ιν,
1033 2102 1113 2175 2.)
1152 2102 1280 2161 Post
1300 2118 1502 2175 paucos
1526 2104 1732 2159 interea
1753 2103 1870 2160 dies
1904 2102 2086 2160 clerici
2114 2113 2169 2160 et

579 2196 708 2251 laici
773 2193 1253 2252 Mediolanensium
1315 2198 1717 2253 communicato
1768 2212 1837 2252 ex
1889 2198 2165 2253 communi

580 2285 863 2353 conscilio,
891 2286 1187 2344 eorundem
1210 2286 1410 2345 civium
1436 2288 1505 2321 ⁶⁷¹
1529 2287 1815 2354 malorum,
1846 2289 2166 2345 callidorum

579 2387 635 2431 et
662 2377 1063 2444 simulatorem,
1094 2379 1184 2449 qui
1215 2387 1510 2453 provocant
1549 2380 1687 2442 iram
1731 2380 1826 2436 Dei
1847 2420 1863 2448 ,
1908 2379 2039 2437 fmce
2065 2381 2160 2436 eli.

577 2470 813 2535 minata,
857 2479 1241 2542 sectarumque
1294 2471 1753 2542 nequissimarum
1801 2487 1989 2528 errore
2033 2488 2166 2543 pur-

577 2569 725 2631 gato,
752 2561 1186 2633 clericorumque
1208 2560 1501 2618 multorum
1522 2563 1786 2620 ziuzaniis
1809 2562 2029 2632 fugatis,
2055 2574 2166 2619 tres

577 2651 729 2707 viros
782 2653 1039 2715 diaconos
1094 2661 1150 2708 ct
1200 2655 1471 2709 uotarittm
1526 2654 1596 2708 ad
1645 2654 2055 2725 imperatorem,
2109 2662 2167 2709 ut

578 2758 976 2817 quemcumque
1013 2746 1177 2801 anulo
1221 2754 1277 2800 et
1322 2746 1471 2818 virga
1501 2745 1773 2802 laudando
1812 2747 2164 2813 consentiret,

581 2836 1051 2908 archiepiscopum
1090 2846 1394 2905 tenerent,
1453 2838 1782 2892 unanimiter
1827 2838 2162 2893 direxerant.

582 2924 735 2994 Quod
763 2926 886 2983 ideo
918 2927 1162 2983 Romano
1185 2928 1499 2999 imperatori
1525 2929 1592 2984 ab
1613 2926 1926 2999 Apostolico
1955 2930 2165 2983 multis-

2272 1742 2473 1819 alelmt,
2522 1740 2574 1796 in
2603 1755 2789 1797 mense
2821 1740 3136 1797 Decembris
3165 1738 3351 1808 (i083)
3387 1737 3635 1795 Romam
3674 1739 3847 1792 rasilis

2270 1832 2535 1888 ordinatis
2564 1830 2834 1887 universis
2880 1830 3142 1899 consedit.
3173 1828 3278 1886 Ubi
3318 1844 3450 1885 cum
3499 1843 3605 1899 per
3650 1842 3845 1884 menses

2270 1935 2478 1997 septem
2525 1926 2824 1997 imperator
2866 1924 3069 1980 frustra
3111 1922 3282 1979 armis
3307 1931 3366 1977 et
3403 1920 3684 1978 machinis
3718 1920 3846 1974 labo-

2269 2025 2466 2082 rassrt,
2495 2017 2581 2072 die
2608 2017 2843 2087 quadam
2869 2017 3274 2087 incompensate
3293 2013 3535 2080 accedit,
3561 2014 3695 2069 dum
3721 2011 3846 2068 Ten.

2273 2110 2436 2166 tonici
2486 2109 2725 2165 universi
2768 2117 3064 2180 gentesque
3120 2107 3353 2162 diversa:
3402 2120 3437 2160 a
3476 2103 3633 2160 bello
3675 2103 3847 2158 laxat:

2269 2201 2615 2277 quiescerent
2642 2198 2694 2255 in
2725 2199 2946 2265 castris,
2990 2198 3097 2254 duo
3122 2196 3226 2251 viri
3256 2194 3646 2260 audacissimi,
3682 2191 3846 2249 deum

2269 2290 2494 2346 Thcaldi
2520 2299 2573 2346 et
2596 2290 2769 2347 sancti
2796 2287 3063 2345 Ambrosii
3094 2287 3162 2344 de
3182 2284 3411 2352 familia,
3434 2284 3619 2356 pistor
3648 2283 3845 2339 nomine

2267 2382 2482 2448 Amizo,
2512 2391 2570 2439 et
2597 2381 2977 2453 camerlengns
3004 2379 3241 2436 hostium
3272 2392 3512 2434 camerae
3548 2378 3644 2432 diu
3676 2384 3846 2431 noctu-

2269 2494 2375 2550 que
2405 2476 2721 2535 eustodiens
2742 2476 2859 2548 Ugo
2897 2474 3147 2539 nomine,
3178 2472 3370 2544 praelio
3395 2479 3455 2526 et
3484 2471 3676 2534 causis
3699 2470 3848 2524 auda-

2268 2570 2503 2626 cissimis
2528 2566 2841 2634 assuefacti,
2866 2567 3033 2623 armis
3054 2574 3110 2620 et
3134 2563 3328 2636 gladiis
3349 2562 3589 2617 viriliter
3611 2561 3847 2625 accincti,

2268 2661 2515 2717 clanculo
2563 2660 2798 2719 civitatis
2850 2657 3179 2714 munitiones
3230 2671 3450 2714 necnon
3496 2664 3559 2711 et
3611 2653 3846 2709 custodes

2270 2752 2505 2808 turrium
2532 2760 2589 2809 et
2623 2765 2906 2808 murorum
2943 2747 3234 2819 qualitates
3267 2744 3615 2816 perscrutari
3649 2742 3846 2813 cupien-

2268 2854 2373 2910 tes,
2406 2852 2595 2901 mutuo
2635 2843 2858 2900 animati
2887 2841 3148 2913 paulatim
3188 2855 3252 2895 ac
3282 2837 3625 2910 pedetentim
3651 2848 3846 2892 murum

2269 2935 2537 2991 machinis
2559 2950 2628 2990 ex
2654 2943 2812 3007 parte
2829 2934 3175 2988 cruderatum
3190 2929 3561 2985 ascenderunt
3576 2925 3846 2999 tandm.

582 3031 689 3084 que
721 3016 991 3088 episcOpis
1030 3017 1158 3073 olim
1203 3034 1520 3076 concessum
1563 3027 1679 3086 est,
1732 3030 2000 3090 quatenus
2041 3037 2164 3076 cum
2194 3000 2235 3055 (ἶ
2267 3026 2445 3095 Jun.).
2499 3025 2603 3094 Qui
2641 3000 2890 3081 videntes
2935 3022 3170 3079 civitatis
3210 3020 3470 3077 custodes
3518 3018 3758 3075 dormire
3791 3032 3846 3069 ac

581 3121 919 3179 unaquaeque
948 3109 1143 3165 civitas
1174 3111 1335 3166 unius
1380 3111 1682 3167 sacerdotis
1721 3112 1804 3166 vel
1846 3111 2023 3168 levita:
2061 3112 2168 3168 ele-

584 3197 1112 3259 ctionemcanonice
1140 3198 1321 3256 facere
1346 3199 1569 3256 deberet
1597 3200 1699 3266 ⁸⁷³,
1727 3192 1784 3255 ut
1812 3200 1997 3257 Romae
2030 3203 2169 3260 trul—

587 3292 766 3360 tisque
811 3290 934 3347 aliis
980 3292 1289 3349 civitatibus
1322 3296 1572 3350 evenisse
1609 3297 1995 3366 cognovimus,
2035 3299 2170 3354 duas

588 3382 761 3438 multo
807 3397 931 3447 cum
978 3383 1242 3456 sanguine
1290 3384 1586 3442 electiones
1636 3386 1819 3443 facere
1868 3389 2163 3462 satagebat.

587 3474 795 3542 Quibus
822 3475 989 3532 curim
1015 3476 1181 3549 regali
1219 3479 1610 3549 representatis
1631 3519 1646 3544 ,
1681 3479 1975 3549 imperator
2006 3481 2169 3536 tacite

587 3565 716 3635 quid
749 3566 841 3623 isti
869 3576 964 3623 aut
995 3567 1288 3635 Thealdus,
1317 3584 1475 3640 quem
1511 3569 1601 3625 diu
1641 3569 1807 3625 animi
1835 3579 1890 3627 et
1925 3572 2169 3642 corporis

587 3656 820 3714 scientia
866 3659 1271 3731 prtepollentem
1299 3671 1657 3733 cognoverat,
1690 3661 1936 3718 valerent
1961 3663 2170 3734 recogi-

589 3761 735 3820 tans,
769 3752 985 3809 tandem
1013 3753 1269 3810 domuum
1314 3754 1614 3812 Thealdum
1659 3755 1836 3811 virum
1868 3755 2170 3812 valentissi-

588 3834 763 3914 mum,
787 3862 855 3905 ex
876 3845 1022 3918 regia
1049 3862 1268 3903 camera
1290 3847 1591 3905 honoriﬁce
1609 3858 1886 3915 ornatum,
1913 3864 1978 3904 ac
2008 3849 2170 3904 anulo

585 3947 643 3993 et
674 3939 823 4010 virga
854 3939 1224 4006 sublimatum,
1259 3951 1579 3997 cunctorum
1615 3942 1911 3998 astantiqu
1950 3941 2171 3997 vocibus

585 4027 887 4096 laudatum,
933 4030 1292 4099 praesentibus
1334 4032 1543 4089 civibus
1587 4040 1643 4088 ct
1690 4031 2003 4089 absentibus
2053 4032 2170 4088 uni-

584 4121 760 4177 versis
785 4122 964 4190 dedit,
993 4132 1158 4193 atque
1187 4132 1248 4178 ut
1292 4113 1593 4181 honorifice
1636 4125 1996 4184 Mediolanum
2035 4125 2171 4181 reci-

586 4224 810 4287 peretur
840 4230 904 4269 ac
952 4216 1243 4273 haberetur
1287 4216 1647 4273 amieabiliter
1692 4219 2002 4289 imperavit.
2044 4218 2173 4275 Post

589 4320 797 4374 paucos
824 4315 1003 4362 autem
1022 4322 1192 4363 annos
1220 4308 1518 4378 imperator
1547 4309 1789 4364 omnium
1818 4326 2040 4367 suorum
2066 4327 2172 4365 ma-

590 4395 767 4450 lorum
812 4406 974 4467 caput
1011 4407 1172 4469 atque
1224 4398 1522 4456 fomentum
1568 4400 1754 4457 Romae
1795 4400 1912 4458 fore
1957 4403 2171 4474 conspi-

591 4487 765 4553 ciens,
795 4495 857 4542 ut
880 4486 1051 4559 ipsam
1084 4489 1357 4547 civitatem
1387 4500 1549 4564 atque
1586 4493 1906 4566 Gregorium
1937 4496 2038 4552 sibi
2073 4495 2167 4553 ad-

588 4588 896 4637 versantem
933 4579 1143 4652 sibique
1176 4582 1426 4641 omnibus
1454 4586 1626 4641 modis
1656 4585 1997 4642 insidiantem
2027 4588 2173 4644 obsi-

592 4673 764 4753 deret,
798 4675 1146 4732 inenarrabili
1179 4676 1406 4732 militum
1440 4679 1783 4736 multitudine
1822 4697 2030 4737 necnon
2055 4683 2171 4753 epi-

591 4779 875 4835 scopomm
900 4767 1191 4824 multorum
1217 4784 1417 4825 corona
1442 4771 1674 4826 vallatus
1700 4773 1912 4826 venitin
1938 4772 2171 4828 Italiam.

595 4856 694 4912 tibi
726 4872 847 4913 cum
878 4858 1240 4929 pervenisset,
1282 4870 1334 4915 et
1379 4860 1443 4914 de
1485 4862 1733 4932 eligendo
1760 4860 2014 4931 pontiﬁce
2059 4861 2171 4930 pri-

2204 4350 2251 4408 D

2270 3117 2521 3187 universa
2559 3116 2834 3172 silentium
2876 3123 3099 3179 tenere,
3135 3112 3328 3184 gladiis
3374 3110 3527 3167 illico
3565 3108 3847 3182 evaginatis

2270 3208 2529 3281 audacter
2561 3208 2700 3265 alios
2724 3206 3048 3264 truncabant
3080 3204 3445 3269 dormientes,
3471 3202 3613 3258 alios
3637 3219 3669 3259 e
3698 3200 3847 3257 turri-

2268 3301 2372 3356 bus
2401 3298 2758 3372 projiciebant
2785 3298 3043 3356 inermes.
3074 3297 3189 3354 Hoc
3221 3295 3391 3360 facto,
3415 3296 3799 3366 protinusscse
3819 3305 3849 3344 e

2273 3390 2513 3446 turribus
2534 3389 2915 3454 ostendentes,
2945 3388 3163 3459 signum
3194 3386 3369 3442 scutis
3406 3384 3773 3440 secretissime
3796 3389 3847 3434 ut

2270 3478 2372 3537 sibi
2404 3480 2703 3551 imperator
2731 3478 2993 3534 citissime
3022 3485 3339 3534 occurreret
3365 3476 3671 3532 faciebant.
3699 3473 3845 3528 Dom-

2270 3585 2374 3627 nus
2403 3562 2609 3626 interea
2658 3570 2762 3625 hoc
2807 3554 2996 3625 videns
3041 3566 3342 3631 Thcaldus,
3389 3579 3598 3637 pavore
3644 3576 3845 3618 suorum

2272 3669 2508 3719 attactus
2539 3648 2802 3725 virorum,
2830 3671 2892 3717 ut
2924 3661 3221 3732 imperator
3240 3658 3515 3715 citissime
3543 3657 3650 3712 sibi
3670 3664 3726 3710 et
3745 3653 3846 3708 suis

2271 3760 2586 3811 occurreret
2612 3753 2894 3808 adortatus
2919 3759 3023 3808 est.
3051 3750 3238 3821 Itaque
3272 3749 3580 3818 imperator
3618 3745 3846 3816 indigna-

2273 3845 2343 3905 tis
2382 3843 2727 3911 Teutonicis,
2766 3858 2901 3915 gens
2935 3843 3121 3899 invida
3166 3840 3567 3912 Longobardis,
3614 3838 3847 3893 omnibus

2273 3936 2399 3992 ilico
2427 3935 2656 3992 armatis
2676 3935 2939 3993 militibus
2961 3935 3153 3990 urbem
3174 3931 3365 4002 paucis
3396 3928 3665 3985 truncatis
3687 3925 3842 3995 cepit;

2273 4026 2403 4097 quin
2436 4026 2605 4082 etiam
2634 4025 2813 4095 ipsum
2848 4024 3171 4098 Gregorium
3206 4016 3591 4093 insequentes,
3631 4020 3686 4075 in
3726 4017 3847 4071 lueis

2277 4121 2562 4178 tutissimis
2609 4129 2668 4177 et
2712 4120 2924 4176 turritis
2964 4119 3017 4177 in
3058 4116 3233 4175 veteri
3278 4115 3455 4171 Roma
3510 4112 3844 4181 semetipsum

2274 4214 2615 4284 colligentem
2657 4212 2993 4268 obsiderunt.
3043 4210 3139 4267 liis
3188 4209 3263 4264 ita
3317 4205 3513 4279 gestis,
3565 4205 3845 4275 imperator

2277 4308 2458 4363 domui
2489 4305 2716 4362 Thcaldi
2743 4307 2798 4362 5.
2842 4304 3114 4362 Kalendas
3148 4300 3276 4359 Julii
3314 4298 3609 4373 magnifice
3640 4296 3693 4351 in
3723 4306 3843 4348 auro

2280 4409 2336 4456 ct
2361 4408 2587 4472 argento
2619 4397 2774 4454 novis
2795 4395 3079 4454 honoratis
3107 4392 3401 4459 militibus,
3434 4401 3669 4459 quorum
3692 4383 3843 4472 anda-

2278 4492 2359 4546 cia
2406 4471 2573 4562 atque
2613 4488 2887 4546 exercitiis
2910 4486 3083 4541 Roma
3113 4491 3270 4556 capta
3313 4477 3634 4552 imperatori
3676 4471 3840 4539 ειιίἠεο

2276 4582 2411 4647 cuit,
2447 4597 2512 4637 ac
2539 4581 2733 4637 ceteris
2764 4577 3091 4650 primatibus
3114 4572 3342 4629 diversis
3370 4569 3633 4626 exalmtis
3669 4576 3841 4620 maneo

2279 4678 2450 4743 ribus,
2482 4676 2650 4733 variis
2679 4675 2828 4729 fuitis
2854 4671 3170 4735 honoribus,
3194 4668 3408 4724 cunctis
3432 4664 3669 4737 gratiam
3686 4658 3839 4717 dedit.

2277 4769 2420 4825 solos
2447 4782 2631 4826 secum
2663 4767 2989 4824 Teutonicos
3018 4764 3258 4820 retinens
3292 4762 3345 4816 in
3369 4759 3579 4851 palatio
3602 4756 3838 4812 sedile:-

2276 4876 2514 4919 sarrano.

1878 4975 2114 5030 VARIE
2152 4975 2447 5032 LECTIOLV
2458 4975 2555 5031 ES.

661 5068 731 5101 "’°
750 5079 865 5138 post
897 5069 1043 5123 vuln.
1068 5079 1115 5122 et
1142 5080 1253 5137 post
1284 5080 1336 5122 ct
1361 5070 1586 5140 spatium
1616 5068 1911 5137 relinquunt
1950 5068 2039 5123 A'.
2067 5067 2129 5132 Β.
2162 5069 2273 5122 Λ“”.

2356 5069 2423 5102 ⁶⁷¹
2460 5070 2534 5122 ita
2567 5069 2654 5124 A‘.
2690 5068 2765 5123 De
2792 5065 3056 5121 electione
3084 5063 3308 5119 Thcaldi
3347 5057 3832 5130 arChiepismpi._€_'

588 5125 871 5195 obsidione
909 5125 1169 5194 Romani:
1216 5125 1505 5209 urbis'pcr
1554 5125 1840 5193 lieurieuut
1892 5125 2168 5207 quartum.
2220 5138 2524 5193 adscribunt
2567 5139 2724 5194 codd.
2798 5138 2868 5170 ⁶⁷¹
2920 5136 3036 5192 cive
3081 5136 3190 5189 A”.
3266 5132 3338 5165 ⁸⁷⁸
3384 5125 3589 5187 debent
3630 5125 3712 5183 A“.
3756 5125 3831 5181 Bl-

590 5211 659 5244 m
700 5212 971 5267 tedaldtttn
1140 5211 1209 5245 ‘7‘
1249 5212 1319 5263 ita
1365 5208 1520 5263 cedd.
1598 5210 1665 5241 ⁸⁷⁸
1701 5210 1915 5262 chaltlo
1968 5208 2028 5262 Β·

2120 5299 2254 5320 ΆἺΛΨ
2284 5302 2325 5320 Π
