3960 5320
167 166 259 224 953
746 165 1040 220 AI‘PEND.
1078 164 1172 220 AD
1207 165 1653 223 LANDULFUM.
1676 198 1746 208 ——
1776 167 2116 227 (IATALOG.
2157 170 2364 227 EPISC.
2405 153 2684 245 MEDIOL:
3290 166 3396 224 954

231 285 312 340 53.
351 281 458 353 (IV,
490 283 567 354 5.)
608 283 812 338 Interea
854 283 922 316 "7
961 283 1257 354 Gregorius
1285 299 1404 339 sese
1446 284 1634 340 videns
1687 300 1718 339 a
1748 294 1794 350 Α
1827 287 2112 358 multisque
2141 289 2358 360 palatiis
2386 303 2566 358 regum
2594 278 2958 341 Bumanorum
2991 281 3195 337 adustis
3217 321 3232 352 ,
3263 271 3403 338 Cre-

172 377 362 435 civibus
382 383 443 430 'et
473 390 500 428 a
531 374 939 445 quampluribus
977 375 1339 431 cardinalibus
1379 375 1720 441 destitutum,
1821 379 2002 448 gorius
2029 380 2240 434 demum
2272 379 2396 435 filiis
2424 379 2562 434 male
2605 376 2876 434 crismatis
2908 375 3223 444 filiabusque
3250 370 3402 444 pejus

173 467 412 536 omnique
437 480 531 535 spe
559 466 675 520 auri
706 475 760 519 et
795 464 1000 533 argenti
1025 465 1244 531 amissa,
1269 480 1300 520 e
1322 466 1520 535 quibus
1547 466 1720 520 sancti
1824 470 2175 530 consecratis.
2197 469 2283 524 cui
2304 467 2412 537 iam
2442 484 2565 539 spes
2596 466 2698 521 ulla
2722 466 2932 538 vivendi
2966 465 3018 520 in
3046 463 3266 520 civitate
3289 477 3396 518 non

175 558 308 615 Petri
333 556 504 628 regias
533 565 586 611 et
622 555 886 611 cancellos
915 565 968 609 et
997 554 1187 610 altaria
1227 555 1584 609 dccrostando
1627 571 1724 608 nu-
1824 568 1960 620 erat,
1990 559 2056 614 ab
2089 557 2230 614 Urbe
2259 560 2482 615 exiliens
2510 574 2633 612 cum
2671 557 2910 612 Roberto
2934 555 3232 626 .Salernum
3276 568 3405 625 pro-

175 651 398 710 daverat,
439 663 541 716 qua
574 660 752 700 secum
790 645 1056 700 llomauos
1087 652 1333 699 tenuerat
1375 637 1720 708 bellicantes,
1827 645 1997 700 fectus
2024 658 2124 701 est.
2159 647 2259 701 Ubi
2291 663 2384 716 per
2403 663 2572 717 pauca
2600 645 2785 700 vivens
2818 654 3087 715 tempora,
3117 647 3400 710 'tamquam

175 740 331 812 magis
364 739 642 810 diligentes
680 754 870 792 aurum
913 753 1074 808 quam
1120 738 1422 806 apostolum
1463 738 1722 803 Paulum,

1837 736 2088 792 malorum
2107 753 2318 806 pinnam
2341 737 2598 791 etncritus
2621 734 2825 791 interiit
2842 737 2952 806 (an.
2973 733 3131 797 I085,
3150 732 3401 803 Μαὶἃῦ).

175 846 263 886 nec
294 845 396 884 non
439 828 615 883 locum
647 828 700 882 in
727 844 833 898 quo
881 826 1089 898 fugerat
1135 827 1247 897 ipse
1295 828 1460 883 nimia
1498 844 1562 882 ac
1605 829 1726 883 diu-
1899 826 1990 880 54.
2031 827 2142 898 (IV,
2171 826 2251 896 4.)
2291 827 2424 882 Cum
2450 827 2516 864 ’τ’
2550 829 2664 884 luce
2701 828 3005 898 agebantur
3035 825 3318 889 universa,
3350 832 3405 878 et

177 930 318 976 turna
364 917 1062 988 nocturnaque~obsidioue
1091 918 1239 972 exire
1271 934 1374 972 non
1419 933 1607 988 posse,
1657 919 1724 972 ad
1830 919 2148 974 clericorum
2177 920 2369 976 scisma
2411 919 2776 990 laicorumque
2804 918 3014 973 furialia
3045 917 3226 987 praelia
3256 917 3407 987 priu-

178 1007 454 1065 Eobertum
487 1007 676 1062 ducem
707 1006 910 1077 Apulia!
937 1007 1161 1078 legatos,
1191 1015 1249 1064 ut
1275 1009 1377 1064 sibi
1405 1009 1730 1078 quamcitins
1831 1015 2068 1084 cipatum
2108 1022 2379 1079 tenerent,
2415 1014 2632 1082 quidam
2682 1015 2936 1068 sacerdos
2976 1010 3261 1066 Anselmus
3313 1022 3408 1064 no-

176 1107 342 1170 posset
387 1107 548 1168 gente
590 1097 895 1152 coadunata
936 1090 1232 1162 im'mensa,
1273 1107 1329 1152 et
1371 1101 1543 1153 sancti
1585 1097 1727 1152 Petri

1843 1107 2000 1172 :nine,
2031 1122 2190 1177 quem
2218 1107 2444 1161 domnus
2470 1105 2738 1160 Tbealdus
2779 1106 2831 1160 in
2874 1104 3181 1160 sacerdotio
3215 1117 3407 1158 conse-

177 1188 423 1259 regalibus
450 1187 528 1242 illi
556 1187 823 1248 refutatis,
853 1185 1184 1250 subveniret,
1220 1186 1534 1242 cautissime
1561 1196 1619 1242 et
1646 1200 1732 1240 se-

1843 1205 2098 1262 cravcrat,
2126 1199 2358 1268 quadam
2386 1198 2471 1252 die
2497 1198 2548 1251 in
2573 1197 2746 1252 sancti
2772 1195 3003 1250 Mauritii
3029 1193 3249 1265 vigiliis,
3279 1193 3407 1248 dum

177 1280 459 1337 cretissime
516 1279 681 1334 misit.
729 1277 828 1333 Hic
869 1277 1012 1332 enim
1047 1277 1296 1348 Apuliam
1333 1287 1386 1333 et
1423 1277 1730 1334 Caravriam

1849 1289 2075 1344 )mninm
2103 1299 2411 1344 sanctorum
2439 1289 2744 1352 collectam,
2771 1296 2971 1341 sanctze
2991 1285 3170 1339 Maria:
3191 1297 3413 1354 vespero

178 1371 465 1441 multasque
503 1368 750 1425 civitates
787 1369 1055 1434 marinas,
1080 1370 1268 1424 exiens
1305 1367 1729 1435 Nurmandiam,

1845 1380 2007 1442 linito,
2031 1389 2155 1433 ante
2177 1378 2346 1433 altare
2370 1387 2570 1434 sancta:
2597 1375 2774 1431 Maria:
2797 1377 2864 1430 ad
2893 1373 3233 1430 Funticnlum
3259 1371 3409 1442 (M7)

178 1459 314 1530 ειιὲυε
352 1460 508 1516 miles
536 1475 740 1531 Paul)"
784 1475 905 1516 ειιηι
944 1460 1164 1529 ευίεψιθ
1195 1461 1356 1516 εοοίῖε
1387 1459 1596 1523 fuerat.
1640 1475 1734 1515 ηοο
1836 1487 2046 1527 summa
2089 1485 2210 1524 eum
2251 1471 2552 1526 reverentia
2593 1469 2829 1532 diceret,
2857 1465 3161 1520 videntibus
3197 1461 3414 1518 clericis

177 1555 304 1607 viter
331 1561 381 1608 et
419 1552 621 1623 injuste
661 1566 784 1608 cum
827 1552 940 1607 suis
981 1551 1166 1607 multis
1209 1552 1529 1609 criminibus
1581 1553 1732 1607 inva-
1770 1629 1778 1630 ί
1840 1571 2112 1630 tamquam
2142 1568 2418 1624 mortuus,
2458 1559 2606 1613 vultu
2639 1567 2815 1612 tamen
2845 1555 3117 1611 coloratus
3153 1551 3416 1624 pulsanti-

184 1651 331 1700 serat.
356 1642 525 1713 Igitur
551 1650 712 1713 gente
745 1643 1048 1697 coadunata
1084 1642 1328 1698 inmensa
1355 1653 1410 1698 et
1439 1643 1732 1699 Saracenis
1765 1629 1806 1687 Β
1837 1629 2044 1721 Imsqne
2085 1650 2254 1713 libris,
2294 1651 2492 1705 cadens
2533 1649 2749 1705 cecidit.
2785 1643 2902 1713 Quo
2934 1645 3115 1699 audito
3159 1640 3309 1696 multi
3351 1656 3418 1694 ex

181 1734 409 1787 omnibus
443 1748 582 1802 quos
617 1725 816 1789 habere
858 1735 1061 1803 pctuit,
1093 1733 1144 1788 in
1188 1735 1376 1803 paucis
1417 1735 1605 1790 diebus
1635 1735 1736 1790 Ro.

1856 1745 2057 1799 :ivltatc
2088 1745 2365 1812 utriusque
2398 1757 2562 1797 sexus
2586 1749 2866 1800 exeuntes,
2895 1738 3008 1789 visu
3034 1733 3290 1789 videbant
3319 1731 3420 1783 mi-

182 1841 308 1880 ῐηπιη
334 1835 571 1880 τειεΐεῐη
593 1866 608 1890 9
635 1826 894 1880 Romanis
921 1841 1038 1881 sese
1064 1841 1124 1881 ac
1155 1826 1294 1882 ﬁlios
1319 1842 1383 1882 ac
1414 1843 1610 1882 "XOI't'S
1635 1828 1734 1882 lni-
1844 1835 2012 1890 rabile
2041 1835 2397 1903 omnibusque
2419 1829 2677 1886 terribile.
2711 1828 2952 1896 Cumque
2989 1824 3276 1880 multorum
3306 1829 3421 1874 tur-

183 1916 310 1968 nimo
348 1915 656 1979 tuentibus,
689 1913 868 1968 Rufini
895 1924 950 1970 et
980 1915 1156 1969 Albini
1205 1915 1449 1985 reliquiis
1482 1916 1736 1971 deiicien-

1857 1941 1944 1980 τιεί)
1989 1925 2261 1980 turmatim
2303 1924 2368 1978 ad
2399 1924 2501 1978 hoc
2531 1921 2909 1978 convenissent
2946 1916 3243 1972 inauditum
3266 1955 3280 1980 ,
3329 1912 3421 1968 alii

183 2005 307 2061 tibus
345 2014 555 2059 armata
586 2020 746 2058 manu
779 2004 1048 2060 Robertns
1083 2006 1152 2037 ⁸⁷⁸
1183 2006 1405 2060 intravit
1432 2011 1542 2080 (an.
1575 2007 1732 2074 108-5,

1855 2020 2133 2075 :re’debant
2157 2020 2426 2080 fictilium,
2451 2017 2538 2072 alii
2577 2017 2740 2087 pedes
2769 2013 2957 2069 subula
2983 2012 3067 2067 vel
3099 2027 3195 2066 acu
3228 2023 3419 2066 secure

186 2093 323 2182 ναὶ).
350 2093 464 2163 Quo
496 2094 771 2167 ingresso,
807 2107 928 2164 post
971 2095 1178 2164 aliquot
1208 2095 1321 2151 dies
1353 2096 1734 2168 imperatorem
1843 2092 1999 2182 quasi
2028 2118 2237 2166 mortuo
2259 2111 2583 2182 pungebant.
2612 2107 2832 2162 Factum
2854 2115 2935 2161 cst
2964 2112 3141 2159 autem
3174 2102 3226 2156 in
3244 2100 3422 2155 altero

188 2181 362 2240 urbem
390 2185 592 2240 οῐῖῖεεθ
632 2185 856 2240 invenito
888 2185 1074 2256 ιιειίιιιο
1109 2202 1240 2257 30M
1277 2189 1488 2244 diversa
1533 2191 1600 2245 de
1627 2190 1738 2246 Deo
1843 2200 1929 2254 die
1954 2200 2096 2254 circa
2128 2181 2433 2262 meridiem,
2457 2197 2762 2251 videntibus
2793 2194 2974 2248 multis
3001 2209 3064 2247 ac
3085 2190 3420 2259 stupefactis,

188 2276 350 2346 ignara
373 2317 388 2342 ,
424 2277 725 2332 sceleribus
764 2294 827 2332 ac
871 2279 1174 2334 homicidiis
1195 2280 1385 2335 educta
1409 2322 1423 2344 ,
1455 2281 1738 2336 adulteriis
1844 2289 1999 2359 quasi
2032 2289 2101 2343 ab
2131 2287 2390 2359 angustiis
2423 2287 2717 2348 liberatus,
2755 2283 2994 2338 clamans
3022 2278 3419 2351 pcenitentiam,

187 2368 433 2436 vniisque
471 2367 929 2424 fornicationibus
972 2370 1306 2437 assuefacta,
1343 2373 1591 2428 omnibus
1635 2375 1740 2429 cri-
1845 2379 2038 2448 spiritu
2069 2387 2370 2432 restanrato
2397 2377 2498 2432 sibi
2534 2390 2652 2430 sese
2680 2374 3012 2430 velocissime
3054 2369 3224 2425 erexit
3276 2385 3288 2422 :
3331 2365 3424 2435 Qui

188 2456 422 2525 minibus,
450 2474 576 2530 quae
607 2459 751 2516 ferro
783 2470 837 2516 et
877 2459 994 2530 igne
1027 2463 1223 2517 talibus
1264 2465 1347 2534 agi
1401 2466 1536 2520 solet
1577 2482 1743 2537 nego-
1847 2470 2014 2525 multa
2063 2479 2324 2525 tormenta
2357 2467 2648 2523 incredulis
2681 2481 2744 2520 ae
2771 2463 3037 2518 usurariis
3070 2457 3420 2519 incredibilia,

190 2547 284 2613 tiis,
314 2565 426 2605 sese
453 2549 724 2606 furialiter
751 2553 1116 2619 immerserat;
1152 2555 1279 2622 quin
1307 2555 1469 2610 etiam
1505 2558 1741 2629 virgines
1847 2571 1901 2616 et
1928 2563 2156 2616 honores
2180 2570 2229 2615 et
2265 2560 2489 2628 gloriam
2525 2574 2644 2627 qua:
2669 2571 2828 2625 super
2854 2562 3068 2608 sanctos
3101 2551 3232 2605 vidit
3259 2551 3424 2612 viros,

189 2655 211 2694 s
243 2653 408 2697 cratas
438 2655 849 2714 corrumpentes
900 2646 1328 2715 miserorumque
1375 2647 1737 2703 Romanorum
1843 2659 2004 2719 prout
2025 2650 2218 2720 potuit,
2250 2647 2438 2718 angelo
2463 2646 2564 2702 sibi
2612 2647 2726 2703 haec
2754 2644 2931 2698 omnia
2962 2640 3307 2700 ostendente,
3330 2637 3422 2706 qui

189 2743 365 2786 uxores
388 2731 749 2796 incestantes,
789 2748 853 2788 ac
891 2733 1079 2787 anulos
1118 2733 1235 2803 ejus
1275 2750 1458 2790 earum
1507 2738 1741 2806 digitulis
1848 2743 2095 2811 spiritum
2141 2741 2258 2811 ejus
2287 2754 2383 2811 per
2419 2739 2626 2793 diversa
2663 2735 2928 2806 portavit,
2963 2731 3204 2786 lacrimis
3229 2725 3430 2800 .multis

193 2825 583 2886 detruncabant.
615 2827 753 2897 Quid
778 2829 979 2885 multa?
1007 2831 1178 2884 tribus
1214 2830 1452 2885 civitatis
1499 2829 1742 2900 partibus
1849 2832 2125 2905 patefecit.

1005 2942 1236 3014 Explica
1267 2941 1398 2998 liber
1427 2941 1787 2997 Historiarum
1815 2942 2065 3012 Landul/t
2095 2941 2504 3016 Itisloriographi
2543 2941 2632 2996 “3°.

1450 3076 1678 3132 VARI/ﬁ
1722 3078 2126 3136 LECTiONES.

254 3193 314 3226 ⁸⁷⁷
352 3192 559 3266 Titulus
595 3195 652 3248 in
703 3196 856 3249 codd.
904 3197 977 3249 De
1021 3202 1196 3266 morte
1243 3191 1594 3266 Oldeprandi,
1636 3195 1725 3266 qui
1775 3194 2068 3265 Gregorius
2100 3193 2206 3249 VII.
2260 3194 2436 3249 dictus
2493 3201 2575 3246 est
2613 3189 2789 3266 (φῦτ
2840 3196 3062 3266 vocatus
3098 3189 3205 3266 est.
3245 3194 3294 3234 c.

193 3261 312 3330 A'.).
385 3267 455 3305 οτι
490 3265 765 3320 “uberius
800 3267 857 3320 8.
889 3267 973 3319 hic
1007 3275 1054 3318 et
1081 3265 1245 3332 infra.
1322 3251 1395 3295 "5
1441 3251 1736 3318 Tituliunn
1777 3251 1912 3318 Α”.υ
1934 3266 1972 3318 Β
2006 3285 2018 3319 :
2053 3266 2126 3319 De
2175 3267 2404 3319 transitu
2438 3251 2738 3318 sacer-licitis
2764 3259 3032 3332 Anselmi,
3065 3251 3428 3332 et_quo:uudu

215 3326 449 3406 quoniam
481 3335 594 3390 A".
635 3335 746 3406 BI.)
790 3336 1075 3390 incolumis
1109 3326 1355 3406 sequenti
1389 3334 1476 3389 dic
1502 3337 1773 3406 apparuit.
1824 3337 1894 3388 De
1927 3351 1976 3406 β.
2011 3337 2071 3406 Α.
2107 3347 2146 3388 t.
2199 3337 2433 3406 qualizer
2471 3335 2692 3406 spiritus
2726 3329 2860 3406 ejus
2891 3326 3175 3406 incolumis
3207 3332 3334 3376 ante
3379 3335 3429 3375 ε.

239 3397 356 3461 ariae
381 3407 555 3462 altare
584 3420 682 3476 per
713 3397 962 3477 angelum
1000 3405 1093 3460 Dei
1127 3397 1394 3458 transivit.
1426 3406 1514 3459 A'.
1538 3397 1553 3405 ’
1575 3397 1658 3436 ’⁶⁸⁰
1696 3406 1768 3458 ita
1798 3408 1885 3458 A‘.
1923 3404 1983 3459 Β.
2017 3405 2166 3461 Finis
2196 3397 2440 3461 Landulli
2468 3397 2696 3458 senioris
2725 3400 2978 3456 historia}.
3005 3397 3115 3451 A".

1724 3542 1958 3602 NOTAE.

256 3635 396 3709 (M7)
433 3637 512 3696 De
539 3653 603 3694 ea
626 3653 676 3694 v.
712 3638 914 3696 Giuliui
935 3637 1002 3708 ν,
1030 3639 1155 3695 575.

205 3797 3426 3844 Μ’...-

705 3984 1500 4114 ΑΡΡΕΝΒΙΧ
1588 3979 1798 4110 ΑΙ)
1882 3974 2607 4106 LANDULF
2627 3972 2896 4100 UM.

536 4468 1094 4570 CITALOGUS
1165 4460 2144 4567 ARCHIEPISCOPORUM
2213 4449 3108 4559 MEDIOLANENSIUM.

916 4667 1314 4727 EDIDERUNT
1353 4667 1414 4722 L.
1447 4666 1511 4722 C.
1542 4664 1932 4720 BETHMANN.
1961 4663 2049 4717 ET
2084 4662 2176 4717 W.
2210 4656 2718 4714 WATTENBACII.

668 4827 846 4900 (Apud
874 4826 1082 4893 Ριιιιτῑ,
1109 4824 1451 4881 Monumenla
1479 4818 1775 4874 Germaniae
1801 4817 2071 4884 historica,
2103 4816 2328 4888 Script.,
2361 4826 2494 4871 tom.
2526 4811 2659 4880 VIII,
2688 4826 2810 4882 pag.
2843 4809 2996 4880 IOI.)

1548 5101 2082 5186 MONITUM.

278 5285 466 5320 summ
495 5295 544 5320 οι
571 5288 588 5320 ι
616 5287 810 5320 “sum
846 5286 1088 5320 [Hann-ii:
1117 5282 1433 5320 cuman“...
1466 5279 1774 5320 ρηιειιησηηι
1809 5283 1873 5320 σιιῖ
1896 5277 2149 5320 mmmam
2193 5291 2314 5320 mm
2346 5271 2452 5320 illis
2479 5269 2766 5320 terminum
2795 5266 3101 5320 deductum,
3138 5260 3367 5316 scilicet
3394 5246 3460 5302 ad
