3960 5320
516 229 621 287 963
644 270 646 272 -

524 438 697 510 (158),
728 437 816 507 qui
858 444 980 494 erat
1031 437 1194 508 hujus
1240 438 1470 494 eeclesie
1513 438 1824 502 ordinarius
1873 447 1929 493 et
1973 446 2095 507 post

522 539 754 584 mortem
773 527 1003 598 predieti
1030 526 1190 597 legati
1225 535 1282 582 et
1307 526 1470 582 electi
1493 535 1622 581 ante
1645 528 1786 591 hanc
1816 527 2093 581 examina-

521 621 726 677 tionem
777 619 988 693 legatus
1028 619 1325 689 apostolico
1388 619 1535 674 sedis
1584 617 1831 676 ell'ectus.
1887 617 2094 672 Nullius

522 717 702 764 tamen
733 709 925 764 electio
956 709 1058 763 fuit
1088 703 1154 764 ab
1174 709 1501 765 electoribus
1531 708 1830 766 secundum
1885 722 2093 762 morem

520 799 735 866 solitum
766 800 1401 870 pronuttciata,qualibet
1456 808 1611 871 parte
1666 814 1819 854 suam
1867 799 2094 854 electio-

521 907 642 945 nem
673 890 884 946 effectui
915 892 1028 947 fore
1073 891 1484 962 mancipandam
1545 889 1865 956 afﬁrmante,
1903 899 1956 944 et
1988 904 2092 944 una

519 981 734 1053 quidem
773 993 1074 1049 asserente,
1123 998 1184 1038 se
1235 997 1464 1038 numero
1511 982 1830 1052 ampliorem
1877 990 1932 1036 et
1975 981 2093 1035 ideo

517 1091 674 1130 suum
731 1075 963 1132 electum
1002 1090 1122 1131 esse
1164 1076 1645 1146 pronuntiandum,
1706 1074 1935 1128 aliarum
1963 1086 2092 1126 vero

517 1165 750 1236 partium
775 1176 1004 1236 utraque
1033 1165 1320 1236 allegante,
1353 1179 1412 1220 se
1447 1163 1575 1219 licet
1619 1177 1849 1219 numero
1877 1163 2092 1217 brevio-

519 1269 654 1322 rem,
707 1265 884 1310 tamcn
948 1254 1250 1324 digniorem
1297 1262 1354 1310 et
1395 1253 1516 1309 ideo
1569 1268 1720 1310 suam
1772 1252 2090 1309 electionem

516 1359 641 1399 esse
701 1345 1080 1401 eﬂicaciorem.
1139 1343 1251 1400 Hec
1318 1345 1516 1416 quippe
1567 1343 1856 1434 'contentio
1923 1341 2092 1397 multo

519 1445 759 1506 tempore
782 1437 1012 1500 duravit,
1063 1436 1217 1506 quasi
1273 1444 1452 1491 tamen
1514 1436 1708 1506 sopita,
1756 1450 1858 1491 nec
1900 1449 2090 1490 coram

513 1522 784 1593 iudicibus
809 1519 910 1580 fuit
938 1524 1150 1594 questio
1179 1524 1316 1580 bene
1352 1525 1596 1580 discussa
1650 1540 1752 1579 nec
1780 1523 2038 1579 ventilata
2070 1539 2087 1589 ;

516 1631 686 1684 quare
732 1616 906 1670 adhuc
937 1625 1181 1671 remanet
1227 1614 1482 1670 insoluta.
1518 1616 1747 1686 Propter
1782 1614 2089 1684 hujusmodi

1647 230 1987 288 APPENDIX
2027 230 2117 286 AD
2152 228 2595 286 LANDULFUM.

521 347 722 400 domno
771 343 1176 409 architliacono,
1230 345 1395 400 tercia
1453 350 1706 415 episcopo
1763 343 2089 400 Yercelleusi
2124 345 2167 400 Α

3656 228 3766 284 964

2269 341 2366 398 llic
2399 355 2616 411 quoque
2661 339 2749 409 qui
2807 339 3040 404 scandit,
3070 339 3244 395 sinon
3301 343 3599 397 servaverit
3637 345 3769 411 ἰδίει,

2265 432 2381 498 Quo
2412 433 2580 504 magis
2610 431 2874 498 ascendit,
2903 441 3050 487 tanto
3076 447 3229 504 mage
3265 443 3454 502 verget
3479 435 3546 490 ad
3571 436 3706 490 ima.

2265 521 2358 577 Sin
2393 533 2570 578 autem
2597 539 2838 594 spernas,
2868 533 2924 579 et
2948 524 3037 580 hic
3064 525 3282 595 impleat
3310 525 3399 581 illa
3429 527 3665 597 benigne

2263 613 2307 670 Ο
2338 615 2543 670 utinam
2568 616 2782 672 veniat'!
2823 618 3118 688 regnabitis
3143 620 3300 674 ambo
3329 620 3628 688 perhenne.

2263 705 2408 760 Obiit
2431 705 2707 774 prodictus
2733 707 2960 762 domnus
2981 707 3244 764 ileurieus
3271 711 3338 764 de
3365 710 3556 766 Setara
3578 710 3770 766 Erebie

2194 806 2244 846 τι.
2273 791 2335 845 D.
2370 792 2526 858 1250,
2557 794 2620 848 16
2656 794 2772 848 Kal.
2804 794 2946 859 Oct.,
2973 805 3026 851 et
3054 797 3291 867 sepultus
3335 808 3419 853 est
3452 799 3503 854 in
3540 800 3770 854 ecclesia

2194 881 2364 936 santti
2394 881 2628 938 Victoris
2657 885 2723 938 ad
2753 884 2953 939 ttlmum
2980 902 2995 950 ;
3030 893 3086 940 ct
3135 888 3290 941 modo
3322 888 3648 942 translatum
3691 904 3775 942 est

2194 973 2248 1027 in
2278 975 2506 1029 ecclesia
2533 985 2842 1031 sanctorum
2875 979 3154 1033 martirum
3195 979 3424 1035 Naboris
3456 990 3510 1034 et
3552 980 3770 1041 Felicis,

2193 1075 2247 1120 et
2293 1066 2363 1121 ibi
2397 1066 2558 1134 jacet.
2594 1066 2754 1123 Stetit
2787 1077 2965 1123 autem
2995 1068 3048 1122 in
3085 1070 3376 1140 epierpali
3438 1071 3569 1124 sede
3601 1087 3654 1124 a.
3709 1071 3774 1124 16

2192 1167 2245 1211 et
2275 1173 2346 1212 tn.
2380 1159 2444 1212 10
2472 1160 2645 1223 minus
2669 1158 2736 1212 12
2767 1159 2979 1215 diebus.
3011 1159 3172 1216 Stetit
3198 1161 3449 1228 equidem
3482 1161 3610 1215 ideo
3638 1163 3772 1216 dixit

2192 1254 2246 1301 et
2270 1261 2373 1301 non
2402 1248 2564 1315 sedit,
2582 1249 2739 1304 sicuti
2760 1251 2827 1303 de
2855 1250 3121 1321 plerisque
3146 1251 3532 1318 suprascriptis
3561 1251 3765 1304 dictum

2189 1347 2293 1404 est,
2321 1339 2453 1409 quia
2484 1349 2628 1394 stare
2666 1341 2952 1410 pugnantis
2993 1349 3074 1395 est
3100 1357 3196 1396 seu
3222 1341 3547 1404 laborantis,
3583 1341 3772 1395 sedere

2192 1445 2319 1486 vero
2348 1431 2698 1501 quiescentis.
2728 1431 2864 1486 Toto
2893 1431 3035 1486 enim
3065 1432 3177 1488 fere
3207 1433 3288 1487 sui
3325 1431 3614 1503 regiminis
3639 1442 3769 1486 tem-

2191 1537 2320 1592 pore
2349 1524 2402 1578 in
2430 1523 2614 1580 labore
2662 1522 2763 1578 fuit
2796 1532 2852 1579 et
2897 1538 3075 1594 pugna
3119 1539 3225 1578 non
3273 1524 3521 1583 minima.
3567 1523 3772 1576 scilicet

2192 1629 2289 1684 pro
2322 1615 2483 1670 totius
2507 1615 2748 1670 ecclesia:
2785 1618 2982 1670 tuenda
3024 1615 3293 1681 libertate,
3339 1631 3440 1686 pro
3471 1617 3628 1670 istius
3659 1633 3767 1668 ma-

515 1707 922 1762 eontentioncm
950 1708 1179 1762 domnus
1228 1722 1367 1778 papa
1412 1707 1634 1779 capituli
1687 1707 1894 1762 nttntiis
1922 1708 1990 1762 ad
2027 1723 2087 1763 se
2121 1685 2166 1744 Β
2186 1702 2324 1771 joris
2355 1704 2582 1760 ecclesie
2612 1706 2814 1760 honore
2840 1708 3236 1770 conservando,
3266 1719 3367 1775 pro
3396 1705 3657 1760 hereticés
3680 1720 3769 1758 ex-

515 1799 848 1862 convocatis,
899 1799 1153 1854 domuum
1205 1799 1497 1854 llenricutn
1556 1801 1622 1855 de
1669 1800 1884 1865 Setara,
1932 1801 2090 1868 hujus

515 1887 746 1943 ccclesie
785 1888 1174 1944 cimiliareham
1199 1899 1252 1944 et
1278 1890 1446 1959 ipsius
1491 1889 1769 1960 apostolici
1806 1889 2089 1944 subdiaco-

489 1994 664 2040 .nutn,
697 1979 934 2048 quierat
979 1979 1220 2034 Bononle
1246 1980 1298 2034 in
1325 1981 1512 2046 scolis,
1541 1983 1594 2035 in
1619 1991 1888 2051 pastorem
1931 1981 2090 2053 elegit

516 2081 569 2120 a.
606 2067 850 2132 0.1213,
881 2068 935 2123 4.
968 2069 1053 2123 die
1081 2068 1215 2124 Nov.
1252 2070 1316 2123 Et
1343 2079 1532 2126 notate
1570 2069 1713 2140 quod
1757 2070 1941 2142 paucis
1966 2083 2091 2126 ante

519 2158 876 2227 temporibus,
921 2169 1133 2215 mortuo
1189 2161 1346 2216 beato
1391 2161 1645 2227 Galdino,
1698 2163 1853 2231 quasi
1900 2162 2096 2220 similis

517 2247 609 2299 sed
631 2262 734 2300 non
759 2258 864 2300 tam
891 2249 1096 2318 prolixa
1119 2249 1216 2303 fuit
1241 2251 1517 2306 contentio
1547 2251 1691 2305 inter
1713 2251 2091 2322 archipresby-

518 2346 692 2391 terum
729 2340 1285 2407 etarehidiaconum;
1341 2350 1564 2412 propter
1591 2356 1820 2413 quorum
1867 2354 2092 2398 conten-

519 2431 714 2484 tionem
751 2431 1016 2487 electores
1043 2441 1099 2487 et
1130 2433 1366 2504 episcopi
1410 2433 1565 2503 hujus
1593 2433 1828 2490 ccclesie'
1861 2444 2092 2508 utroque

521 2519 734 2573 illorum
785 2521 999 2592 ahjecto
1057 2522 1335 2600 elegerunt
1389 2523 1645 2578 domuum
1711 2524 1971 2596 Algisium
2025 2527 2091 2582 de

521 2611 808 2679 Pirovauo,
839 2613 928 2684 qui
968 2623 1085 2670 erat
1113 2614 1366 2670 similiter
1415 2616 1760 2687 cymiliarcha
1788 2626 1842 2672 et
1885 2619 2090 2687 presbi-

519 2720 600 2757 ter
625 2722 730 2774 quo
763 2707 940 2762 nullus
969 2717 1154 2778 postea
1194 2722 1364 2777 usque
1414 2723 1556 2763 nunc
1581 2708 1684 2763 fuit
1708 2709 1834 2765 huic
1859 2709 2091 2764 ccclesic

519 2800 716 2854 utilior.

587 2892 702 2947 l‘liis
732 2892 897 2963 igitur
929 2892 1084 2947 factis
1109 2893 1334 2962 cupidus
1363 2903 1650 2948 moneatur
1669 2894 1911 2959 honoris,

595 2978 811 3034 Viribus
837 2989 927 3034 aut
965 2981 1175 3051 plausu
1234 2982 1444 3036 fastuve
1496 2982 1726 3036 minisve
1763 2984 1832 3014 ⁷⁸⁸
1859 2983 1940 3038 vel
1969 2991 2087 3038 astu

585 3069 892 3134 Quemlibct
920 3070 1189 3126 incassum
1219 3087 1277 3126 se
1305 3073 1400 3126 uiti
1428 3071 1909 3143 magnificaudum,

586 3161 653 3215 Et
677 3163 877 3218 Christi
905 3162 1077 3217 fasces
1101 3163 1255 3218 fictos
1275 3164 1447 3218 vitare
1478 3161 1710 3218 sodales.

592 3251 705 3306 lliis
732 3253 927 3307 ctenim
971 3251 1053 3306 fisi
1102 3253 1277 3322 quoad
1348 3254 1456 3308 hiis
1506 3262 1630 3308 sunt
1670 3252 1930 3308 scandere
1961 3253 2091 3319 nisi,

589 3342 808 3398 Fratres
839 3352 1155 3396 manserunt
1185 3345 1380 3412 quibus
1403 3355 1584 3414 patres
1609 3359 1730 3400 esse
1778 3344 2088 3414 cupierunt.

594 3431 710 3484 Non
766 3431 924 3486 fatias
977 3443 1161 3502 partes
1201 3434 1384 3498 homo,
1417 3434 1462 3489 si
1500 3435 1582 3488 vis
1617 3443 1713 3489 aut
1741 3435 1891 3506 cupis
1915 3428 2093 3500 arces,

591 3521 704 3576 Nec
741 3521 970 3577 fratrum
1023 3521 1248 3592 plaudas
1278 3523 1446 3588 vitiis,
1495 3523 1590 3579 tibi
1624 3525 1788 3579 robur
1813 3535 1871 3580 ut
1901 3525 2091 3580 addas.

593 3613 709 3668 Non
733 3613 964 3668 humiles
985 3613 1122 3669 fastu
1143 3627 1347 3686 preme,
1375 3630 1541 3671 necvc
1565 3614 1724 3670 minis
1755 3631 1853 3672 nec
1871 3624 1922 3672 et
1950 3627 2090 3671 astu.

538 3734 548 3738 -
592 3706 696 3774 Qui
725 3706 858 3763 faeit
904 3707 1006 3762 ista
1054 3708 1296 3778 quidem,
1339 3706 1490 3780 fugat
1522 3708 1664 3764 hunc
1719 3723 1877 3778 quem
1917 3708 2096 3778 querit

1719 3800 2024 3874 [honorcm.

592 3890 812 3948 Munera
840 3907 907 3947 ne
934 3891 1119 3963 cupias
1143 3908 1157 3958 ;
1185 3907 1292 3963 que
1325 3899 1548 3962 captans
1571 3907 1730 3962 quam
1757 3893 1828 3946 sit
1857 3893 2092 3960 iniquus,

595 3985 725 4054 Vige
759 3984 862 4038 rite
889 3984 1027 4039 simo
1053 3987 1242 4054 quinto
1269 3984 1476 4054 psalmo
1493 3985 1745 4040 sinuatur
1771 3983 1942 4056 (159).

594 4074 711 4130 Non
744 4084 795 4130 te
829 4090 958 4146 ergo
988 4074 1206 4146 laqueet
1233 4076 1355 4145 quis
1383 4075 1557 4131 donis.
1602 4075 1673 4129 sit
1720 4075 1876 4146 quasi
1931 4075 2095 4144 piscis

596 4164 768 4219 Lesus
794 4179 957 4219 curva
984 4173 1112 4234 puta
1133 4164 1234 4219 sub
1263 4180 1485 4221 munere
1511 4167 1580 4198 ⁷⁸⁷
1606 4166 1848 4235 quolibet
1873 4180 1986 4221 era.

597 4256 713 4310 Non
737 4255 966 4310 tribulos
994 4254 1228 4324 plantes,
1272 4255 1441 4310 violas
1464 4265 1518 4310 et
1543 4256 1651 4310 lilia
1685 4257 1883 4327 jactes,

597 4345 796 4401 Sontes
817 4346 1193 4417 magnificans,
1221 4345 1381 4400 mites
1409 4355 1468 4400 ιιι
1494 4347 1620 4401 vilia
1656 4348 1894 4403 calcans.

598 4434 716 4489 Non
748 4436 973 4505 pingues
1005 4445 1202 4504 ungas,
1229 4449 1444 4490 macros
1471 4450 1626 4491 arere
1654 4436 1900 4504 sinendo,

601 4527 868 4581 Divitibus
900 4526 1140 4580 tribuens
1173 4532 1227 4580 et
1253 4526 1440 4597 egentis
1466 4543 1572 4581 non
1595 4529 1921 4584 miserendo.

600 4615 717 4672 Non
757 4616 977 4670 studeas
1031 4630 1186 4670 ursos
1213 4624 1268 4671 et
1289 4631 1458 4687 equos
1499 4616 1853 4687 volucresque
1891 4620 2095 4687 cibare,

602 4705 812 4776 Pauper
839 4713 894 4760 ct
934 4716 1062 4760 ante
1119 4705 1337 4761 domum
1393 4705 1600 4763 frustra
1649 4705 1888 4764 clamet:
1938 4709 2101 4764 Mise-

1445 4792 1450 4796 ’
1848 4798 1985 4874 [rere
2011 4803 2032 4856 .'

601 4891 718 4946 Non
775 4893 957 4951 cernis
991 4909 1202 4958 curam,
1228 4908 1352 4948 mox
1414 4891 1695 4948 vermibus
1733 4908 1856 4949 esea
1895 4894 2095 4963 future,

601 4984 827 5050 Perfice,
852 4995 932 5041 set
968 5002 1234 5042 memores
1267 4986 1446 5042 anime
1477 4986 1634 5042 busto
1656 4988 1909 5043 cariture.

607 5077 714 5134 llcc
735 5081 892 5135 modo
925 5094 1031 5149 que
1075 5079 1278 5146 monui,
1310 5094 1536 5151 Speruas
1560 5080 1604 5135 si
1635 5080 1798 5136 corde
1844 5081 2097 5152 maligno,

604 5171 723 5238 Quo
751 5175 924 5242 cupis,
955 5172 1093 5226 haud
1116 5172 1366 5237 scandes,
1392 5171 1553 5240 digne
1579 5187 1862 5228 mansurus
1889 5174 1940 5228 iu
1967 5175 2094 5228 imo.

2189 1794 2467 1864 pellendis,
2499 1812 2594 1866 pro
2615 1795 2878 1865 episc0pis
2903 1797 2992 1865 qui
3027 1795 3345 1852 videbantur
3371 1811 3402 1848 a
3432 1794 3766 1863 subjectione

2190 1885 2603 1942 Mediolanensis
2638 1886 2864 1941 ecelesie
2895 1885 3146 1950 absoluti,
3177 1884 3598 1954 recuperandis.
3621 1883 3768 1938 L’nde

2190 1975 2443 2030 domuum
2501 1974 2870 2031 Omnebonnm
2921 1976 3228 2046 episcopum
3284 1973 3763 2034 Ceremone‘nsem,

2191 2067 2281 2135 qui
2316 2065 2554 2119 debitam
2596 2066 2719 2120 huic
2745 2065 2984 2120 ecclesia:
3022 2065 3380 2122 reverentiam
3414 2065 3579 2118 annis
3606 2065 3765 2134 pluri-

2192 2157 2290 2213 bus
2315 2168 2493 2228 presta
2504 2174 2559 2213 re
2584 2169 2924 2212 recusaverat
2946 2167 2999 2212 et
3022 2173 3078 2213 se
3105 2158 3274 2212 teneri
3299 2157 3530 2210 obedire
3554 2157 3763 2210 omnino

2191 2249 2440 2318 negabat.
2464 2257 2584 2317 post
2606 2247 2798 2301 multos
2827 2245 3037 2300 labores
3062 2254 3117 2302 et
3138 2255 3390 2315 sumptus
3415 2255 3470 2298 et
3509 2245 3761 2298 diutinam

2191 2339 2594 2394 contentionem
2625 2345 2680 2392 et
2717 2337 2978 2408 prolixam
3009 2338 3060 2392 iu
3089 2337 3237 2392 curia
3274 2337 3525 2391 Romana
3553 2353 3676 2392 cum
3705 2351 3763 2390 to

2192 2430 2451 2494 habitam.
2477 2434 2691 2487 tandem
2737 2431 2966 2486 evictum
3012 2441 3096 2485 est
3139 2446 3235 2501 per
3278 2430 3613 2485 sententiam
3645 2445 3764 2484 coa-

2193 2524 2536 2594 dempnatum
2567 2523 2800 2577 debitam
2847 2522 3158 2577 fidelitatem
3207 2523 3440 2590 prcstito
3464 2519 3762 2589 iuramento

2194 2615 2350 2670 solito
2400 2630 2549 2670 more
2597 2613 2810 2685 publice
2851 2627 3031 2668 ceram
3087 2623 3283 2668 cuncto
3331 2613 3578 2668 civitatis
3625 2613 3763 2665 istius

2191 2705 2359 2770 clero,
2391 2705 2462 2759 ibi
2497 2703 2658 2758 etiam
2688 2711 2903 2757 astante
2950 2703 3226 2756 innumera
3272 2701 3457 2771 populi
3491 2703 3763 2770 utriusque

2193 2812 2354 2851 sexus
2377 2795 2717 2849 multitudine
2735 2792 3067 2864 diversarum
3092 2802 3317 2859 etatum,
3343 2793 3562 2848 scilicet
3582 2810 3765 2863 puero-

2194 2903 2332 2951 rum,
2355 2887 2793 2951 adolescentium,
2814 2885 3071 2956 juveuum
3095 2895 3148 2939 et
3171 2900 3380 2948 senum,
3397 2885 3459 2938 in
3481 2886 3663 2939 medio
3681 2899 3761 2938 ec-

2194 2980 2370 3035 clesia:
2399 2980 2556 3034 beate
2582 2973 2741 3049 Tegle
2761 2979 2863 3034 sibi
2885 2988 2937 3032 ct
2968 2977 3347 3032 Mediolauensi
3372 2977 3610 3032 eeclesie
3644 2979 3759 3032 fecit

2194 3072 2448 3127 exhibere
2478 3086 2531 3124 a.
2579 3070 2638 3124 D.
2695 3069 2848 3124 1229.
2895 3069 2948 3123 in
2999 3070 3133 3124 festo
3177 3068 3578 3138 purificatEOnis
3622 3071 3765 3122 beate

2195 3169 2382 3234 Marie,
2424 3169 2558 3223 hora
2606 3167 2663 3233 5,
2709 3166 2854 3222 clero
2898 3165 3146 3221 veniente
3191 3180 3315 3219 cum
3362 3165 3766 3235 processionea

2197 3261 2395 3316 Sancta
2419 3257 2584 3312 Maria
2607 3257 2854 3313 Beltradc
2883 3256 3173 3312 secundum
3202 3251 3442 3310 debitam
3484 3265 3765 3311 consueta.

2197 3353 2456 3407 tudinem.
2477 3379 2549 3389 —
2573 3349 2794 3405 Vacavit
2831 3357 3009 3402 autem
3056 3347 3211 3401 sedes
3243 3346 3572 3416 episcopalis
3601 3348 3651 3401 d.
3683 3346 3766 3410 23,

2195 3444 2445 3499 videlicet
2487 3456 2658 3511 usque
2701 3441 2769 3496 ad
2816 3439 2988 3511 pridie
3030 3439 3105 3494 ld.
3156 3437 3273 3494 Oct.
3314 3438 3504 3508 (1250)
3547 3454 3655 3508 quo
3690 3439 3767 3492 die

2197 3537 2297 3593 fuit
2325 3537 2529 3592 electus
2555 3535 2783 3589 domnus
2829 3533 3156 3595 Guiliermus
3197 3533 3262 3586 de
3311 3531 3568 3593 Ruzolio,
3623 3532 3767 3585 istius

2195 3627 2423 3685 ecclesie
2451 3623 2773 3681 venerabilis
2801 3623 3232 3686 archidiaconus,
3271 3636 3396 3675 cum
3444 3622 3597 3676 omni
3645 3636 3766 3686 pace

2196 3733 2252 3779 et
2288 3719 2574 3776 concordia
2614 3717 2892 3786 tociusque
2938 3715 3152 3787 capituli
3186 3729 3452 3770 consensu
3486 3725 3542 3770 et
3570 3712 3764 3769 favore.

2265 3812 2361 3868 Cui
2400 3811 2600 3866 tribuat
2620 3809 2865 3865 Christus
2891 3808 3013 3862 data
3043 3822 3262 3864 munera
3294 3807 3375 3862 sic
3401 3807 3701 3879 duPlicare,

2267 3905 2460 3960 Audiat
2487 3911 2546 3956 ut
2569 3902 2727 3972 digne
2749 3913 2967 3954 carmen
2995 3897 3196 3954 felitius
3220 3897 3391 3968 euge!

2269 4084 2400 4139 Cum
2433 4084 2513 4138 lex
2563 4080 2745 4136 divina
2794 4079 3055 4148 precipiat
3095 4089 3148 4134 et
3194 4077 3310 4150 ipsa
3357 4077 3492 4151 legis
3538 4081 3764 4149 capitula

2195 4175 2540 4246 persuadent.
2570 4182 2628 4226 ut
2673 4172 2725 4225 in
2774 4186 2838 4226 eo
2869 4186 3049 4241 opere,
3084 4171 3136 4225 in
3164 4187 3272 4242 quo
3317 4180 3545 4240 apparet
3570 4172 3763 4240 aliquid

2196 4271 2261 4324 de
2277 4267 2644 4324 diminutione.
2672 4263 2759 4318 ille
2778 4263 2869 4334 qui
2892 4263 2958 4316 ad
2981 4262 3106 4318 illud
3119 4263 3474 4332 supplendum
3491 4265 3660 4334 magis
3680 4280 3767 4332 ap-

2119 4384 2172 4445 Ι)
2197 4360 2536 4432 prepiuquat,
2567 4356 2757 4410 merito
2777 4355 2996 4410 subesse
3020 4364 3281 4418 teneatur,
3315 4362 3514 4408 etcum
3542 4354 3768 4423 comple-

2200 4456 2381 4505 mento
2411 4447 2466 4500 in
2503 4454 2626 4500 actu
2668 4443 3022 4514 perduxisse:
3057 4458 3176 4497 cum
3215 4443 3446 4511 quedam
3476 4443 3547 4498 de
3575 4443 3763 4496 domno

2199 4539 2482 4597 Guiliclmo
2504 4536 2799 4593 venerabili
2843 4534 3245 4603 archiepiscopo
3291 4535 3594 4604 perscripta
3625 4537 3764 4587 inrc-

2200 4633 2398 4695 nimus,
2427 4645 2531 4684 non
2574 4639 2751 4683 autem
2787 4626 2967 4681 omnia
3009 4628 3168 4697 digne
3199 4625 3486 4693 completa,
3534 4625 3602 4680 ad
3647 4622 3765 4678 illud

2205 4720 2584 4778 declarandum
2615 4716 2865 4789 proposui
2901 4716 3016 4771 fore
3054 4716 3432 4779 inducendum,
3463 4725 3526 4770 ut
3571 4731 3634 4771 ea
3657 4729 3768 4783 qua

2205 4813 2272 4865 de
2298 4806 2657 4878 ipsoeognovi
2680 4818 2735 4861 et
2761 4806 2997 4862 intellexi
3027 4806 3182 4873 digna
3214 4807 3474 4860 memorie
3504 4821 3767 4862 commen-

2206 4902 2380 4957 danda
2409 4901 2462 4954 in
2498 4897 2714 4968 scriptis
2743 4913 3052 4967 reponerem
3077 4911 3091 4965 ;
3131 4914 3237 4952 non
3262 4905 3320 4952 ut
3340 4913 3404 4952 ex
3432 4899 3536 4954 hoc
3566 4911 3768 4967 sperem

2206 4992 2446 5060 recipere
2473 4989 2759 5059 premium,
2789 4997 2870 5044 set
2899 4989 2998 5045 hec
3041 5004 3159 5043 mea
3202 4988 3378 5058 potius
3405 4989 3532 5043 volo
3580 4990 3768 5056 scripta

2207 5085 2274 5139 de
2300 5091 2448 5138 tanto
2470 5080 2632 5136 nobili
2658 5081 2772 5134 viro
2793 5081 2934 5135 dicta
2961 5082 3014 5135 in
3035 5082 3121 5136 die
3144 5081 3356 5136 luceant
3380 5090 3438 5134 et
3461 5081 3516 5133 in
3543 5082 3770 5134 tenebris

2207 5187 2314 5227 non
2343 5171 2708 5238 esordescant,
2737 5170 2788 5224 id
2814 5180 2897 5226 est
2929 5185 3022 5225 vos
3048 5179 3322 5240 presentes
3370 5169 3678 5223 illuminent
3721 5175 3768 5220 et

1809 5283 1964 5320 VARI
1983 5283 2036 5320 Δί
2082 5283 2100 5320 Ι
2124 5280 2457 5320 ΡΠΊῚΠΝἎὫ
