3960 5320
190 270 314 328 965

1339 259 1681 318 CATALOG.
1717 255 1933 321 EPISC,
1993 252 2248 311 MEDIOL
2260 252 2364 310 AN.

3354 250 3461 309 966

189 386 601 457 subsequentcr
628 382 680 437 in
710 378 941 452 posteris
972 378 1295 435 elucescaut.
1325 376 1479 433 Uude
1516 374 1621 432 mei
1668 388 1786 429 ver-
1813 376 1859 435 Α
1888 368 2134 425 Flasconi
2166 367 2417 438 providit,
2447 365 2564 435 ejus
2594 381 2771 422 mores
2815 375 2872 424 et
2918 366 3086 423 vitam
3131 340 3464 439 cognosceris

188 491 302 535 sus
332 478 413 534 sic
438 476 628 534 ordine
653 473 1072 530 continuantur:

273 567 425 623 Anni
457 576 583 623 tunc
608 562 819 619 Domini
850 561 1142 618 currebant
1170 557 1314 616 mille
1349 558 1587 621 docenti,

272 657 366 715 Ad
385 671 520 728 quos
541 654 650 725 jam
686 652 857 709 deuus
879 644 1156 719 conjunxit
1181 655 1376 720 quater
1398 654 1453 702 et
1477 659 1635 712 unus,

270 749 525 819 Cumque
550 747 635 802 die
659 752 852 816 quarta
871 784 888 810 ,
917 757 1023 814 que
1049 749 1275 798 venerat
1303 749 1427 797 ante
1450 738 1718 795 Kalendas

271 842 433 899 Illius
444 839 643 896 mensis
653 838 743 909 qui
756 836 953 892 dicitur
966 831 1465 906 Aperiensis(t241,
1483 830 1644 886 Mart.
1658 830 1749 902 29)
1771 847 1783 884 :

273 935 421 991 Cum
449 933 517 988 de
547 929 770 986 Ruzolio
797 926 1113 985 Guilielmus
1139 934 1323 1005 pastor
1341 922 1605 983 amandus

276 1023 369 1079 Ex
393 1023 498 1079 isto
519 1020 716 1077 mundo
739 1017 989 1089 migravit
1022 1017 1075 1071 in
1109 1029 1233 1071 arce
1252 1012 1540 1085 perhenni,

272 1115 386 1184 Qui
415 1114 704 1186 perlustra
735 1111 840 1167 duo
862 1107 1158 1166 cathedrali
1187 1107 1314 1162 sede
1340 1104 1682 1175 triumphans

270 1204 501 1261 Necnon
525 1211 581 1259 et
609 1214 821 1257 menses
845 1213 942 1269 per
969 1197 1207 1268 quinque
1235 1194 1462 1251 tideliter
1487 1192 1627 1277 ultra

271 1294 491 1360 Astitit,
521 1300 576 1347 et
604 1289 801 1362 junctis
822 1303 983 1360 super
1010 1287 1111 1343 hoc
1137 1295 1219 1341 ter
1246 1283 1482 1356 quinque
1506 1282 1713 1338 diebus.
1790 1340 1793 1345 _

274 1389 454 1458 Quem
474 1386 654 1457 pietas
683 1382 934 1449 redimit,
982 1394 1141 1451 quem
1171 1379 1257 1434 lex
1281 1377 1461 1432 divina
1506 1374 1785 1445 reformat,

275 1480 452 1549 Quem
477 1492 656 1533 mores
679 1475 920 1540 laudant,
950 1487 1112 1543 quem
1137 1470 1244 1525 vita
1269 1469 1427 1525 beata
1458 1475 1684 1523 coronat
1710 1482 1725 1534 ;

273 1569 503 1626 Artibus
524 1569 842 1633 instructus,
867 1563 1049 1620 divino
1072 1562 1219 1619 fonte
1244 1559 1502 1632 repletus,

268 1660 659 1730 Exemplisque
689 1656 800 1711 suis
826 1669 926 1710 nos
952 1668 1140 1711 omnes
1171 1651 1285 1722 ipse
1313 1650 1563 1706 docebat.

270 1750 524 1819 Elloqnio
562 1748 771 1803 Marcus
795 1753 880 1801 est
914 1742 1103 1802 Cicero
1130 1740 1337 1796 Tullius
1366 1740 1508 1806 iste;

268 1840 334 1894 In
363 1838 502 1894 bello
527 1836 760 1900 Turnus,
788 1832 1004 1905 quando
1034 1831 1183 1886 ferus
1212 1828 1383 1905 hostis
1408 1828 1636 1900 agebat;

267 1926 427 1982 Alter
454 1925 589 1982 Cato
616 1924 736 1989 fuit,
761 1938 919 1994 quem
944 1936 1050 1993 pax
1082 1919 1368 1990 tranquilla
1392 1916 1633 1989 juvabat.

270 2017 413 2072 Nam
444 2017 607 2073 dabat
643 2013 847 2084 optanti
890 2027 1102 2084 pacem,
1132 2011 1233 2066 sibi
1265 2010 1482 2081 quando
1509 2009 1751 2082 petebat.

272 2098 416 2176 Quid
444 2106 675 2163 referam
698 2106 721 2160 ?
747 2119 851 2160 non
877 2102 1017 2158 ultra
1044 2102 1188 2157 valet
1211 2117 1330 2156 mea
1358 2098 1471 2172 lyra
1499 2116 1715 2157 sonare.
1799 2094 1805 2100 ’

270 2201 415 2255 Nam
446 2198 577 2254 mihi
609 2198 653 2252 si
675 2207 888 2252 centum
920 2195 1129 2265 linguas
1170 2193 1309 2248 Dens
1343 2192 1457 2263 ipse
1485 2192 1740 2257 dedisset,

271 2292 489 2347 Laudes
511 2304 737 2360 nemppe
761 2304 886 2343 suas
915 2302 1019 2341 non
1047 2300 1259 2357 possem
1281 2284 1521 2340 scribere
1542 2293 1784 2342 cunctas.

271 2386 420 2456 Ergo
449 2385 614 2438 Deum
646 2392 855 2453 putrem
887 2382 1076 2435 devota
1103 2386 1285 2434 mente
1318 2392 1621 2447 precemur,

269 2477 378 2545 Qui
402 2476 604 2532 talenta
635 2474 783 2530 dedit
812 2472 1119 2544 pastoribus
1147 2470 1260 2542 ipse
1288 2470 1541 2540 requirit,

272 2568 353 2624 Ut
373 2567 476 2623 sibi
499 2567 588 2621 det
614 2566 852 2635 requiem
873 2564 1034 2618 vitam
1058 2576 1272 2633 quoque
1295 2569 1501 2631 preslet
1522 2570 1785 2616 etcrnam.

264 2659 375 2728 Qui
409 2658 538 2730 legit
568 2658 668 2712 hos
707 2670 917 2716 versus.
950 2668 1145 2709 moueo
1174 2653 1531 2721 precibusque
1570 2667 1786 2721 peroro,

351 2750 525 2815 Dicat,
555 2747 697 2818 quod
724 2743 1104 2814 Christnsjam
1125 2743 1227 2799 sibi
1258 2752 1465 2813 parcat.
1496 2742 1689 2798 Amen.

260 2840 522 2895 Prefatus
568 2838 795 2893 domnus
838 2834 1158 2891 Guilichnus
1197 2833 1340 2889 sedit
1392 2834 1445 2887 in
1494 2831 1789 2903 episcopali

186 2934 333 2992 sede
363 2948 416 2987 a.
450 2932 515 2988 10
541 2942 592 2985 et
629 2946 703 2986 m.
734 2929 768 2984 ὃ
792 2938 847 2984 et
877 2928 932 2984 d.
965 2927 1067 2994 15;
1094 2927 1231 2983 obiit
1261 2924 1419 2992 1241,
1463 2920 1659 2995 quarto‘
1701 2925 1791 2981 die

186 3037 440 3081 exeunte
473 3023 673 3079 Martii.
711 3020 932 3077 Vacavit
958 3029 1137 3075 autem
1169 3018 1323 3075 sedes
1355 3033 1429 3071 m.
1454 3016 1491 3070 2
1520 3026 1578 3072 et
1607 3017 1660 3071 d.
1698 3016 1783 3073 19.

1891 461 2174 515 honestate
2207 459 2428 530 fulgere.
2458 458 2534 515 De
2563 457 2718 528 cujus
2739 460 2844 515 vita
2865 468 2921 516 ct
2940 458 3181 516 moribus
3208 460 3475 533 quoniam-

1890 566 1977 606 res
2022 549 2255 615 obtulit,
2297 563 2627 620 quamquam
2689 549 2826 605 ratio
2880 551 3205 621 persuadeat
3261 550 3466 621 aliquid

1887 640 2171 706 enarrari,
2211 649 2388 695 tamen
2435 655 2542 695 non
2588 639 2816 696 multum
2864 642 3162 697 curandum
3190 651 3291 706 est,
3337 642 3465 712 quia

1890 731 2069 803 ipsius,
2089 731 2423 787 honestatem
2465 732 2740 789 solertiam
2774 742 2938 804 atque
2962 734 3214 804 peritiam
3247 735 3301 791 iu
3331 736 3464 789 arti-

1891 823 2025 882 culis
2051 824 2432 880 neressitatum
2463 826 2755 895 patiencia,
2798 827 2851 881 in
2887 828 3183 898 gratiarum
3235 829 3468 884 retribu-

1892 916 2036 971 tione
2068 914 2436 970 misericordia
2466 916 2866 973 cvidentissime
2913 919 3282 975 manifestam.
3329 919 3464 975 Nam

1890 1016 2214 1063 uovercante
2237 1007 2451 1063 fortuna
2475 1008 2762 1066 multarum
2784 1012 3168 1067 adversitatum
3192 1010 3468 1081 pacienter

1890 1100 2160 1157 tolleravit
2186 1099 2425 1166 aculeos,
2456 1108 2511 1154 et
2552 1101 2604 1156 in
2636 1102 3003 1158 habundantia
3047 1102 3464 1172 prosperitatum

1888 1192 2051 1263 pallio
2094 1191 2415 1247 humilitatis
2444 1191 2688 1261 vestitus,
2727 1207 2787 1249 se
2830 1194 3153 1265 pauperibus
3199 1193 3465 1249 affabilem

1888 1293 1945 1340 et
1968 1282 2214 1339 hostibus
2252 1282 2515 1354 propriis,
2566 1290 2625 1337 ut
2673 1284 3012 1351 narrabitur,
3060 1285 3466 1341 misericordem

1889 1386 1948 1428 se
1979 1372 2191 1444 prebuit
2231 1381 2287 1427 et
2320 1382 2570 1428 tutorem.
2621 1371 2865 1445 Cumque
2900 1374 3182 1430 Turrianis
3209 1376 3466 1446 predictis

1887 1462 2223 1517 notificatum
2255 1462 2460 1524 fuisset,
2502 1462 2572 1517 de
2602 1462 2749 1518 dicto
2782 1463 3000 1518 domino
3028 1462 3224 1519 Ottone
3255 1464 3468 1520 archic-

1887 1553 2109 1625 piscopo
2139 1553 2346 1623 prel'atc
2373 1554 2599 1610 ecclesie
2625 1554 2740 1611 fore
2767 1556 3063 1626 provisum,
3104 1557 3273 1628 ipsius
3309 1558 3467 1613 indu-

1890 1646 2077 1702 striam
2111 1657 2273 1716 atque
2298 1650 2591 1718 potentiam
2638 1649 2739 1706 sibi
2787 1649 3165 1706 formidulosas
3214 1650 3485 1707 timentes

1820 1724 1863 1780 Β
1889 1740 2189 1796 doluerunt.
2219 1740 2556 1811 Quapropter
2581 1742 2784 1798 dictum
2804 1743 3078 1799 domimun
3103 1743 3485 1815 archiepisco--

1887 1848 2014 1903 pum
2043 1831 2111 1887 ab
2139 1833 2307 1903 ipsius
2332 1833 2458 1888 sede
2484 1834 2855 1903 prohibentes,
2900 1849 2967 1889 ne
3014 1834 3268 1905 populum
3310 1851 3464 1891 suum

1888 1924 2192 1995 gubernare
2220 1924 2440 1991 valeret,
2473 1940 2579 1981 non
2621 1941 2787 1982 causa
2818 1936 2875 1981 ut
2906 1940 3069 1983 causa
3117 1925 3248 1981 moti
3279 1942 3485 1997 quam--

1885 2014 2147 2086 plurimos
2189 2029 2325 2086 quos
2369 2016 2417 2071 ei
2461 2014 2841 2072 existimabant
2888 2016 3001 2072 fore
3050 2016 3352 2087 propitios,
3403 2016 3469 2070 de

1888 2106 2109 2163 civitate
2149 2107 2378 2177 turpiter
2424 2092 2765 2179 expulerunt.
2812 2108 3070 2165 Dominus
3114 2123 3245 2163 vero
3294 2107 3472 2163 archi-

1886 2202 2172 2273 episcOpus
2201 2202 2475 2272 predictus
2503 2202 2801 2258 amicorum
2831 2216 3053 2257 suorum
3099 2198 3379 2256 iucomoda
3416 2207 3472 2254 ct

1886 2292 2142 2364 populum
2167 2308 2324 2347 suum
2355 2291 2653 2347 dcsolatum
2698 2292 2960 2363 regimine
2997 2306 3180 2346 secum
3212 2305 3340 2362 sepe
3380 2306 3485 2347 re-A

1887 2391 2103 2453 putans,
2136 2390 2189 2437 et
2217 2381 2324 2436 hiis
2346 2383 2555 2438 duobus
2598 2382 2898 2438 defectibus
2950 2382 3243 2438 subvenire
3290 2383 3488 2452 dispo-.

1888 2490 2045 2541 nens,
2088 2474 2427 2544 congregatis
2454 2475 2643 2531 amicis
2670 2475 2785 2530 suis
2826 2475 3189 2540 exulantibus,
3216 2489 3339 2530 eum
3367 2475 3472 2529 eis-

1890 2564 2010 2620 dem
2048 2562 2269 2618 intravit
2296 2564 2533 2620 Aronam
2565 2563 2675 2635 (an.
2709 2563 2869 2628 1265,
2900 2564 3026 2633 Apr.
3068 2563 3143 2632 1).
3172 2563 3324 2630 Quod
3347 2578 3471 2617 eum

1890 2654 1956 2709 ad
1982 2653 2369 2710 'l‘urrianor-um
2396 2655 2730 2725 pervenisset
2752 2655 3021 2719 notitiam,
3047 2655 3170 2710 freti
3201 2654 3473 2710 marchio-

1890 2744 1974 2801 nis
2004 2743 2316 2801 Pallavicini
2345 2746 2492 2816 (161)
2521 2746 2794 2814 subsidiis,
2827 2747 2919 2817 qui
2954 2756 3081 2802 tunc
3105 2746 3263 2801 matri
3296 2747 3473 2802 eccle-

1888 2836 1970 2893 sie
2012 2837 2282 2893 inimicari
2317 2846 2765 2909 presumpserat,
2815 2853 2936 2893 cum
2982 2848 3172 2909 parato
3224 2838 3484 2895 exercitu.

1888 2927 2161 2998 prcfatum
2189 2928 2469 2984 dominum
2494 2929 2957 3000 archiepiscopum
2987 2931 3054 2985 de
3081 2929 3322 2999 predicto
3353 2929 3475 2986 loco

1888 3020 2070 3075 Arone
2093 3036 2213 3076 cum
2247 3020 2361 3074 suis
2381 3021 2764 3077 adherentibus
2788 3021 3135 3092 expellente-5,
3158 3021 3300 3077 circa
3322 3037 3375 3076 a.
3406 3021 3474 3076 15

186 3118 463 3189 Sepultus
485 3132 615 3173 vero
647 3124 731 3172 est
761 3115 814 3170 in
847 3112 1179 3169 monasterio
1207 3109 1586 3166 Clarevalleusi
1618 3109 1787 3182 (166).
1816 3079 1857 3135 C
1892 3112 2065 3182 ipsum
2086 3127 2114 3165 a
2133 3111 2261 3168 sede
2282 3113 2498 3183 propria
2521 3113 2895 3185 compulerunt
2917 3114 3212 3172 enormiter
3229 3115 3485 3171 exulare.-

267 3210 384 3265 Leo
409 3209 848 3278 archiepiscopus
875 3206 944 3261 de
974 3208 1264 3275 agnatioue
1312 3200 1569 3263 nobilium
1603 3201 1790 3257 valva—

186 3320 387 3362 sorum
410 3305 477 3360 de
498 3304 700 3375 Perego
722 3302 860 3358 sedit
889 3317 940 3356 a.
972 3299 1034 3355 16
1056 3308 1109 3355 et
1137 3314 1211 3353 ru.
1235 3297 1270 3352 3
1294 3307 1351 3353 et
1370 3298 1424 3352 d.
1453 3298 1541 3351 50.
1572 3296 1789 3354 Electus

188 3410 388 3454 autem
415 3397 515 3452 fuit
543 3397 674 3452 1941
705 3396 759 3450 in
791 3396 928 3450 festo
970 3394 1144 3451 sancti
1176 3392 1279 3449 Viti
1311 3390 1463 3463 (Jun.
1498 3390 1624 3461 15);
1656 3390 1792 3447 obiit

186 3505 335 3544 vero
359 3488 539 3553 1257⁸,
581 3487 673 3542 Ηο
702 3487 788 3541 die
811 3486 1100 3551 Octobris;
1134 3483 1377 3555 sepultus
1420 3496 1553 3538 vero
1600 3491 1685 3537 est
1732 3483 1788 3537 in

184 3580 429 3636 ecclesia
465 3579 763 3636 Salvatoris
790 3580 841 3634 in
872 3578 989 3634 loco
1029 3578 1095 3633 de
1126 3576 1421 3647 Legniano,
1449 3572 1790 3629 forhannitus

189 3658 614 3744 a'popularibus
641 3671 875 3726 civitatis
903 3669 1340 3725 Mediolanensis.
1371 3667 1473 3734 Qui
1507 3665 1784 3722 forbunui-

191 3776 291 3821 tus
335 3780 457 3819 cum
510 3764 801 3823 ordinariis
848 3760 1264 3818 Mediolanensis
1307 3759 1535 3816 ecclesie
1571 3758 1674 3813 fuit
1719 3757 1791 3813 ab

187 3854 337 3923 ipsis
364 3852 735 3923 popularibus,
758 3867 857 3923 pro
881 3867 947 3907 eo
976 3851 1121 3921 quod
1148 3852 1266 3921 ipse
1290 3859 1345 3905 et
1373 3849 1635 3904 ordinarii
1666 3862 1797 3919 pre-.

187 3945 334 4001 dicti
363 3946 570 4015 aliquos
598 3945 664 3999 de
692 3944 820 4014 ipsis
851 3943 1196 4015 popularibus
1225 3942 1445 3997 titulare
1479 3942 1532 3995 in
1562 3939 1783 3998 clericis

186 4035 376 4106 ipsius
398 4035 629 4091 ecclesie
656 4035 984 4100 noluerunt;
1034 4042 1091 4090 et
1134 4049 1240 4090 non
1272 4032 1447 4087 solum
1494 4021 1784 4087 forbanniti

184 4134 427 4197 propter
463 4127 663 4182 dictam
707 4140 947 4191 causam,
994 4133 1078 4181 set
1111 4123 1323 4194 spoliati
1372 4123 1527 4179 bonis
1554 4122 1666 4177 suis
1690 4137 1801 4193 per.

185 4235 292 4277 eos
324 4218 563 4275 fuerunt.
596 4219 696 4286 Qui
723 4219 898 4274 dictus
915 4218 1025 4274 Leo
1045 4217 1486 4288 archiepiscopus
1507 4226 1785 4285 tamquam

184 4311 516 4382 peregrinus
541 4319 597 4365 et
621 4310 822 4381 ejectus
846 4310 915 4365 ab
945 4311 1025 4382 eis
1052 4310 1118 4365 de
1139 4310 1360 4366 civitate
1392 4306 1677 4363 Mediolani
1729 4306 1785 4361 in

184 4402 441 4471 predieto
467 4401 586 4460 loco
620 4400 754 4455 obiit
785 4399 897 4471 (an.
946 4399 1129 4471 i257).
1153 4400 1251 4456 Vir
1292 4407 1549 4455 strenuus
1576 4405 1634 4457 et.
1658 4412 1785 4452 con-

185 4498 351 4546 stans
412 4480 716 4561 libertatem
782 4487 1194 4544 Mediolaneusis
1254 4487 1485 4544 ecclesie
1543 4485 1786 4542 defendit

186 4595 366 4651 usque
394 4566 461 4636 ad
485 4580 696 4636 obitum
739 4595 917 4636 suum.
962 4580 1067 4635 Per
1110 4579 1266 4650 cujus
1316 4580 1525 4636 obitum
1571 4579 1785 4636 vacavit

184 4676 352 4730 sedes
387 4673 503 4745 ipsa
539 4689 591 4728 a.
616 4672 652 4727 4
682 4681 738 4728 et
771 4672 804 4728 9
832 4672 1106 4729 mensibus
1131 4681 1187 4728 et
1208 4664 1480 4728 Tdiebus.

260 4764 420 4820 Anno
453 4778 588 4820 vero
629 4750 840 4818 Domini
872 4762 1032 4829 1262,
1076 4760 1301 4823 “Kal.
1350 4761 1511 4831 Aug.,
1543 4767 1785 4830 tempore

186 4870 300 4927 quo
333 4855 758 4911 dominabantur
790 4853 1045 4910 'l'urriaui
1067 4853 1270 4910 civitati
1301 4853 1609 4919 Mediolani,
1639 4853 1783 4909 dicte

186 4936 835 5004 Mediolanensi'ecclesie
860 4947 1088 5003 domnus
1114 4945 1367 5026 Urbanus
1390 4962 1534 5020 papa
1557 4956 1784 5016 quartus

186 5040 395 5109 premia
420 5038 639 5095 meritis
685 5037 966 5110 condignis
1002 5038 1320 5109 dispensans
1366 5046 1421 5094 et
1469 5039 1543 5113 de,
1566 5045 1784 5108 pastore

184 5133 477 5203 providere
507 5144 835 5203 procurans,
861 5128 1101 5201 diligenti
1150 5128 1337 5185 habita
1382 5128 1784 5186 examinatione

184 5202 250 5277 de
270 5224 473 5280 domno
502 5202 711 5278 Ottone
741 5227 867 5275 tunc
893 5220 1274 5277 arebidiaeono
1310 5222 1520 5290 preratc
1550 5218 1780 5276 ecclesie
1812 5202 1817 5203 ί

1870 3204 2166 3262 Postremo
2213 3204 2394 3261 divina
2440 3207 2777 3277 providentia
2796 3208 2995 3267 videns
3031 3207 3287 3278 populum
3326 3207 3482 3275 beati.

1886 3296 2155 3351 Ambrosii
2185 3296 2266 3351 sui
2299 3297 2470 3367 patris
2500 3298 2746 3354 doctrina
2790 3298 3085 3356 desolatum
3113 3314 3478 3364 evanescere,

1886 3396 1940 3439 et
1967 3385 2198 3454 pastoris
2227 3395 2279 3453 et
2314 3386 2493 3456 populi
2523 3387 2736 3443 miserie
2766 3387 2927 3443 ﬁnem
2956 3398 3340 3459 congruentem
3369 3389 3475 3443 im-

1887 3493 2117 3548 ponens,
2150 3495 2250 3533 nec
2294 3479 2478 3534 volens
2507 3493 2601 3534 eos
2631 3481 2697 3535 de
2727 3495 2823 3536 sue
2856 3480 2931 3535 rei
2963 3480 3182 3551 publice
3228 3480 3479 3536 terminis

1886 3568 2192 3627 eliminatos
2222 3570 2386 3626 videri
2436 3587 2485 3627 a.
2517 3572 2653 3626 i277
2685 3571 2820 3627 adeo
2845 3573 3044 3628 dictum
3080 3573 3336 3628 domuum
3383 3590 3473 3628 ar-

1887 3662 2289 3733 chiepiscopum
2333 3664 2538 3719 viribus
2565 3674 2618 3720 et
2650 3665 2832 3723 favore
2871 3665 3120 3732 munivit,
3168 3676 3226 3720 ut
3272 3667 3473 3737 ipsein

1888 3752 2029 3810 festo
2063 3755 2207 3810 beati
2256 3755 2481 3827 Agnetis
2530 3755 2682 3827 (Jan.
2715 3756 2809 3828 21)
2862 3758 3136 3827 predictos
3178 3757 3480 3814 Turrianos

1887 3858 2012 3899 cum
2039 3846 2150 3900 suis
2192 3845 2546 3916 complicibus
2572 3846 2625 3900 iu
2657 3846 2826 3918 burgo
2856 3847 3025 3902 Dexio
3050 3848 3200 3919 (162)
3234 3849 3473 3904 existen-

1889 3942 1971 3991 tes
1993 3952 2187 4009 maguo
2210 3937 2446 4006 ipsorum
2473 3939 2721 3995 conflictu
2746 3938 3039 3995 debellaret
3059 3947 3115 3995 et
3135 3939 3395 4005 vinceret,
3419 3941 3475 3995 in

1887 4044 1996 4100 quo
2039 4028 2289 4085 conﬂictu
2321 4029 2712 4085 Turrianorum
2757 4039 2811 4087 et
2858 4030 3475 4101 ipsorum'complicium

1887 4134 2081 4190 magna
2105 4131 2287 4192 strage
2306 4131 2607 4192 perempta,
2630 4121 2782 4177 multi
2806 4123 2946 4192 capti
2971 4120 3194 4178 fuerunt
3212 4122 3278 4177 ad
3303 4120 3476 4193 ipsius

1886 4212 2090 4268 domini
2113 4214 2506 4284 archiepiscopi
2530 4216 2752 4271 deducti
2777 4216 3140 4287 presentiam;
3169 4210 3314 4271 inter
3336 4232 3480 4287 quos

1889 4301 1990 4358 fuit
2017 4310 2247 4363 domnus
2269 4305 2536 4376 Neapoleo
2560 4322 2682 4362 cum
2710 4308 3031 4376 quibusdam
3061 4307 3182 4363 aliis
3203 4309 3269 4363 de
3304 4309 3474 4378 majo-

1889 4395 2040 4452 ribus
2069 4397 2263 4452 domus
2288 4411 2405 4453 sue.
2454 4396 2606 4453 Tunc
2648 4397 3018 4454 misericordia
3051 4398 3123 4468 pii
3153 4398 3326 4468 patris
3374 4400 3475 4453 ho-

1887 4488 2051 4542 stium
2081 4502 2303 4543 suorum
2332 4488 2497 4544 subiit
2521 4490 2837 4545 adversitati
2879 4490 3248 4562 compatiens;
3297 4488 3477 4545 offen-

1886 4578 2073 4641 siones
2098 4578 2200 4633 sibi
2234 4594 2331 4649 per
2357 4594 2452 4635 eos
2477 4579 2651 4651 ylatas
2678 4596 2778 4653 per
2816 4582 3061 4650 tempora
3090 4588 3344 4636 anteacta
3365 4577 3469 4636 sibi

1886 4673 2017 4743 ipsis
2047 4673 2272 4737 remisit,
2301 4682 2357 4729 et
2375 4689 2471 4730 eos
2502 4690 2625 4730 cum
2661 4674 2817 4744 signo
2845 4682 3034 4730 sancte
3075 4674 3256 4730 crucis
3285 4674 3354 4729 ab
3375 4688 3474 4730 cx-

1885 4762 2392 4819 commuuicationis
2450 4764 2703 4831 vinculo,
2761 4779 2869 4835 quo
2912 4776 3148 4834 propter
3208 4758 3475 4821 demerita

1884 4852 2095 4918 astricti
2127 4855 2469 4922 tenebantur,
2497 4855 2846 4911 absolvztht
2887 4854 2943 4909 in
2975 4856 3077 4912 hoc
3122 4862 3233 4912 uno
3279 4856 3481 4914 claruit

1887 4947 2382 5015 superheminentia
2410 4947 2941 5017 miSericordie‘tanti
2970 4949 3158 5020 patris,
3184 4948 3329 5021 quod
3350 4965 3477 5006 cum

1885 5040 2128 5110 perpessi
2151 5055 2342 5111 graves
2371 5040 2599 5111 injurias
2636 5040 2707 5095 ab
2749 5042 2865 5112 ipso
2894 5041 3094 5099 domno
3135 5040 3478 5114 Neapoleone

1887 5141 1942 5188 et
1966 5129 2091 5187 aliis
2134 5132 2365 5204 captivis
2409 5132 2585 5202 ipsum
2623 5141 2680 5187 et
2727 5132 2864 5188 alios
2907 5131 3100 5204 gladiis
3142 5140 3477 5189 conarentur

1887 5223 2165 5292 invadere,
2211 5226 2325 5297 ipse
2351 5224 2604 5280 dominus
2652 5225 3091 5297 archiepiscopus
3131 5237 3474 5296 nequaquam
