3960 5320
488 101 586 158 96'l
1616 100 1961 157 APPENDIX
1993 101 2082 155 AD

2123 99 2570 158 LANDULFUM.
3616 114 3700 170 968

485 221 544 271 et
591 215 829 283 ipsorum
885 210 1221 281 captivorum
1275 209 1438 264 vitam
1497 211 1565 265 ab
1623 211 1836 267 illorum
1899 211 2065 268 feroci
2095 221 2139 279 Α
2170 213 2330 285 hujus
2377 214 2488 270 vite
2543 215 2610 270 ad
2637 215 2889 286 ,'patriam
2941 216 3194 273 celestcm
3248 219 3519 290 migravit.
3569 221 3704 294 Cujus

486 307 672 364 animo
732 304 1084 376 preservavit.
1151 303 1244 360 llis
1301 305 1372 359 ita
1431 305 1606 370 actis,
1674 305 1925 360 dominus
1984 320 2069 360 ar-

484 398 860 470 chiepiscopus
895 397 1237 467 supradictus
1281 396 1348 450 ad
1387 395 1491 451 tria
1521 397 1814 467 disponens
1847 411 1943 452 sne
1988 395 2070 452 di-

485 489 712 564 gnitatis
752 487 1008 556 oﬂlcium,
1049 488 1299 544 videlicet
1326 489 1391 543 ad
1423 487 1517 543 Dei
1559 488 1786 560 gloriam
1825 487 2070 543 exaltan-

482 583 644 646 dam,
705 579 787 634 sui
845 577 1236 633 incrementum
1301 579 1841 648 archiepiscopatus,
1895 587 1950 634 et
2001 579 2067 635 ad

481 672 681 728 Christi
720 683 1016 742 pauperum
1066 670 1644 738 subventimiem'quos
1677 668 1880 725 Christi
1927 685 2067 724 nun-

485 764 589 817 tios
617 759 997 832 cognoscebat,
1031 759 1309 814 civitatem
1364 759 1655 814 Mediolani
1706 774 1830 814 eum
1878 759 2068 814 amicis

480 855 595 910 suis
615 854 827 908 intrans
855 853 975 908 sine
1009 852 1270 922 triumphi
1298 851 1552 917 elatione,
1587 853 1766 907 sedem
1795 853 2066 922 propriam

482 956 566 1002 cst
605 948 899 1015 ingressus.
933 945 1101 1016 Igitur
1137 944 1421 1001 victoriam
1469 945 1834 1014 supradictam
1885 947 1952 1001 de
1989 945 2068 1000 di-

484 1040 606 1094 vina
643 1039 1042 1110 dispensatione
1079 1040 1330 1108 precibus
1365 1038 1521 1092 beate
1565 1040 1789 1109 Agnetis
1821 1038 2065 1111 virginis,-

484 1130 536 1184 in
565 1129 718 1200 cujus
770 1130 911 1186 festo
957 1132 1292 1202 prefatorum
1325 1128 1715 1184 Turrianorum
1757 1131 1915 1186 modo
1945 1145 2068 1200 pre-

485 1223 628 1278 dicto
664 1224 764 1279 fuit
806 1231 982 1280 strata
1009 1223 1272 1294 potentia,
1303 1222 1593 1292 pastoralis
1623 1222 1911 1279 clementia
1942 1237 2068 1294 pro-

483 1315 717 1370 cessisse
762 1329 1098 1387 cognoscens
1125 1315 1190 1368 ad
1225 1314 1317 1368 Dei
1355 1322 1410 1367 et
1461 1312 1631 1383 ipsius
1664 1314 1818 1369 beate
1842 1314 2066 1385 virginis

485 1405 743 1460 honorem
771 1405 822 1459 in
849 1405 1080 1460 ecclesia
1111 1403 1341 1475 hyemali
1381 1404 1538 1459 beate
1570 1403 1734 1458 Marie
1761 1404 2066 1458 construxit

486 1497 746 1568 capellam
773 1537 787 1562 ,
814 1511 977 1567 quam
1006 1508 1064 1550 ut
1101 1495 1324 1550 inferius
1359 1496 1688 1560 continetur,
1734 1494 2067 1551 sufﬁcienter

2169 309 2532 379 corpusjacet
2579 308 2632 362 in
2678 324 2839 379 supra
2862 309 3061 381 scripta
3100 311 3296 381 capella
3333 313 3490 369 beate
3518 316 3707 385 Agnetis

2171 398 2226 453 in
2259 399 2422 453 archa
2471 412 2772 455 marmorea
2824 401 3082 458 decenter
3130 404 3378 474 sculpta,
3428 405 3499 460 ibi
3535 406 3705 466 elevata

2168 499 2286 562 post
2331 490 2506 546 altare
2538 490 2739 561 ipsius;
2770 489 2925 563 cujus
2963 493 3140 548 anima
3171 512 3269 566 per
3309 497 3411 552 Dei
3440 498 3710 555 misericor-

2170 579 2312 632 diam
2359 579 2663 650 requiescat
2705 581 2759 636 in
2808 596 2960 652 pace.
3008 584 3200 638 Amen.
3257 584 3511 642 Predicta
3563 600 3707 646 suum

2169 669 2349 724 omnia
2386 685 2483 740 per
2520 671 2904 743 inlrascriptos
2944 688 3134 728 versus
3181 676 3234 730 in
3287 678 3455 732 archa
3479 679 3596 733 dieti
3635 682 3711 735 Do-

2169 757 2299 812 mini
2350 759 2740 831 archiepiscopi
2789 761 2974 818 littera
3023 778 3188 820 aurea
3230 765 3466 836 scriptos
3513 768 3712 825 breiizer

2169 849 2518 905 declarantur
2547 869 2561 906 :

2169 940 2394 996 Inclitus
2430 942 2518 998 ille
2539 953 2708 1015 pater,
2736 947 2906 1018 patrie
2937 947 3062 1018 lux,
3087 949 3254 1020 gloria
3300 961 3542 1022 patrum,

2169 1032 2372 1104 Fulgor
2387 1035 2619 1105 justicie,
2641 1039 2766 1109 ﬁdei
2791 1040 2928 1095 basis
2946 1083 2960 1105 ,
3002 1043 3162 1096 archo
3192 1046 3412 1116 sophye,

2169 1123 2413 1195 Largitor
2441 1127 2610 1192 acnie,
2657 1140 2837 1198 portus
2875 1132 3082 1200 pietatis
3111 1135 3284 1204 egenis
3310 1175 3326 1200 ,

2170 1214 2472 1286 Intrepidus
2500 1229 2700 1286 pastor,
2728 1238 2881 1292 quem
2909 1223 3090 1278 molles
3118 1226 3265 1278 nulla
3293 1225 3531 1280 laborum

2168 1307 2351 1362 Ardua
2395 1309 2613 1375 dericit,
2656 1313 2846 1384 populo
2891 1313 3067 1369 latura
3105 1317 3372 1386 quietem;

2168 1397 2270 1453 Ille
2297 1400 2414 1471 pius
2458 1403 2697 1472 princeps
2732 1413 2781 1459 et
2822 1406 3000 1475 presul
3033 1407 3308 1474 amabilis,
3352 1409 3408 1464 in
3440 1426 3579 1481 quem

2169 1486 2320 1543 Altus
2363 1491 2606 1545 virtutum
2652 1492 2899 1564 splendor
2927 1507 3235 1551 convenerat
3286 1499 3491 1564 omnis;

488 1590 719 1645 dolavit.
759 1588 842 1644 Ad
870 1587 1076 1643 clerum
1115 1585 1565 1641 Mediolanensem
1613 1585 2067 1656 disciplinaudnm
2102 1568 2146 1629 Β
2175 1578 2290 1644 Quo
2330 1579 2690 1638 Mediolanum
2729 1585 2979 1642 radiabas
3004 1587 3247 1658 lampade
3291 1600 3446 1645 tanta

491 1682 546 1738 in
578 1697 733 1738 sacra
784 1682 1002 1753 pagina,
1055 1680 1327 1734 doctorem
1385 1678 1720 1733 ordiuariunt
1774 1679 1829 1732 in
1881 1677 2068 1732 eadem

491 1791 646 1830 sacra
681 1774 932 1840 scientia,
971 1771 1064 1843 qui
1092 1772 1164 1826 sit
1209 1772 1275 1826 de
1303 1771 1464 1826 domo
1493 1769 1906 1834 Vicecomitum,
1933 1769 1978 1824 si
2014 1769 2070 1824 in

490 1867 680 1922 eadem
709 1865 868 1920 domo
903 1864 1208 1934 reperiatur
1257 1863 1520 1934 ydoneus,
1557 1862 1610 1916 in
1655 1862 1799 1916 dicta
1842 1860 2070 1917 ecclesia

491 1957 781 2014 ordinavit.
837 1955 1134 2011 Ecclesiam
1189 1969 1318 2009 vero
1363 1955 1536 2009 sancti
1593 1953 1956 2008 Bartholomci
2005 1953 2072 2008 ad

493 2047 779 2112 buscbum,
803 2054 857 2101 et
877 2043 1149 2114 hospitale
1178 2045 1350 2099 sancti
1393 2042 1584 2099 Jacobi
1620 2043 1676 2098 in
1721 2051 1890 2097 strata
1919 2051 2074 2113 porte

493 2139 758 2202 Cumane,
796 2145 851 2192 et
900 2136 1186 2192 ecclesiam
1233 2137 1404 2192 sancti
1443 2134 1659 2206 Georgii
1709 2137 1775 2190 de
1805 2135 2074 2204 Leguiano

494 2247 617 2287 cum
645 2230 757 2284 suis
779 2228 1141 2300 pertinentiis,
1165 2229 1381 2282 comuni
1415 2242 1600 2282 mense
1647 2225 1865 2298 capituli
1897 2225 2074 2281 eccle-

493 2322 588 2376 siae
636 2319 1066 2384 Mediolancnsis,
1100 2334 1206 2390 que
1247 2320 1426 2374 minus
1479 2318 1751 2374 suﬂiciens
1800 2328 1940 2384 erat,
1977 2334 2075 2389 pro

493 2411 800 2468 cottidianis
837 2410 1304 2466 distributionibus
1332 2410 1622 2487 concessit.
1647 2410 1702 2464 ln
1729 2420 2075 2481 augmentum

495 2521 712 2576 quoque
747 2519 932 2560 mense
962 2504 1042 2559 sui
1097 2504 1595 2574 archiepisc0patus
1624 2507 1992 2574 possessiones
2022 2513 2079 2560 et

498 2606 678 2654 terras
710 2597 879 2668 ipsius
923 2596 1265 2667 pulcerrimis
1293 2595 1523 2650 editiciis
1565 2595 1858 2658 decoravit,
1892 2595 2080 2649 videli-

499 2698 589 2745 cet
633 2687 919 2743 excellenti
966 2702 1090 2741 arce
1131 2685 1476 2758 Augleriam,
1512 2700 1636 2740 arce
1673 2687 1838 2742 etiam
1883 2685 2079 2742 decora

501 2781 781 2837 'l‘ravalias
824 2779 995 2850 (165),
1026 2779 1216 2849 pulcro
1257 2779 1423 2832 etiam
1452 2778 1770 2834 Cassianum
1811 2777 1959 2848 (164)
1991 2794 2081 2834 ca-

498 2873 677 2938 stello,
707 2871 980 2942 preciosis,
994 2870 1155 2924 etiam
1187 2871 1412 2939 bnrgum
1441 2869 1699 2941 Legniani
1731 2870 1992 2940 pallaciis,
2017 2887 2081 2926 ac

500 2966 665 3020 etiam
694 2963 942 3019 domibus
981 2963 1210 3033 burgum
1256 2964 1322 3018 de
1351 2964 1542 3018 Abiate
1572 2964 1720 3035 (165)
1752 2965 1925 3034 magis
1953 2980 2086 3020 csu-

504 3055 823 3125 grueutibus
865 3061 922 3110 et
966 3052 1209 3107 decoris:
1243 3053 1620 3109 Possessioncs
1664 3061 1718 3110 et
1763 3056 1983 3111 divitias
2031 3056 2083 3110 in

507 3146 627 3201 loco
652 3145 923 3199 Cosorezo
959 3143 1132 3214 (166),
1164 3145 1443 3214 multaque
1487 3145 1589 3198 alia
1628 3146 1840 3200 editicia
1877 3157 1932 3202 et
1958 3162 2084 3217 pos-

507 3234 780 3289 sessiones
826 3231 1314 3302 archicpiscopatui
1377 3234 1650 3302 aquisivit.
1704 3233 1942 3291 Tandem
2000 3237 2088 3292 ille

506 3321 980 3395 Spiritualissimus
1033 3329 1211 3392 pater,
1251 3321 1412 3392 cujus
1457 3332 1563 3378 tota
1589 3325 1816 3380 intentio
1861 3343 2090 3384 conver-

510 3413 728 3468 tebatur
749 3412 817 3467 ad
842 3411 1032 3477 Deum,
1057 3411 1263 3467 carnali
1287 3412 1478 3481 copula
1519 3413 1622 3468 sibi
1668 3417 1983 3485 conjunctos
2009 3418 2090 3472 di-

513 3513 629 3558 tare
659 3518 765 3558 non
796 3503 1041 3568 studens,
1096 3518 1194 3558 sua
1246 3503 1516 3574 disposuit
1562 3505 1615 3559 in
1665 3506 1809 3564 hunc
1849 3509 2086 3564 modum.

511 3593 784 3664 lluspitale
833 3593 1048 3663 quidem
1098 3608 1335 3660 novum,
1386 3590 1540 3663 cujus
1596 3593 1849 3652 fundator
1896 3598 2092 3654 extite-

510 3694 616 3751 rat,
657 3697 858 3756 vmagna
903 3684 1249 3754 possessione
1295 3684 1349 3740 in
1403 3684 1522 3740 loco
1569 3684 1842 3740 Trivulzio
1875 3684 2094 3753 jaceute

512 3776 744 3843 dolavit;
795 3775 863 3830 de
899 3775 1051 3846 cujus
1097 3775 1444 3847 proventibus
1487 3775 1762 3832 ordinavit
1808 3779 2092 3834 annuatim

512 3867 630 3924 dari
693 3866 930 3936 capitulo
990 3867 1148 3922 beate
1195 3866 1420 3938 virginis
1472 3867 1697 3938 Agnetis
1755 3867 1926 3923 libras
1981 3869 2091 3934 60,

516 3959 722 4014 doctori
747 3957 1042 4030 Etheologie
1095 3957 1261 4014 libras
1300 3957 1402 4015 100
1439 3973 1538 4029 pro
1565 3974 1664 4015 suo
1701 3960 1916 4016 sellaria
1941 4002 1955 4028 ,
1997 3975 2098 4032 pro

517 4065 616 4106 suo
653 4052 820 4106 etiam
867 4050 1087 4105 annuali
1133 4049 1298 4106 libras
1339 4051 1410 4104 ‘20
1453 4060 1668 4108 monete
1715 4062 1844 4108 tunc
1881 4069 2100 4109 curren-

521 4142 612 4196 tis.
647 4140 852 4196 Ultimo
889 4139 1032 4194 bona
1073 4154 1186 4195 sua-
1215 4139 1619 4210 patrimonialia
1661 4141 1953 4197 immobilia
1995 4145 2096 4198 ho-

519 4231 700 4302 spitali
751 4230 1317 4286 Jerosolimitanorum
1357 4246 1457 4302 pro
1495 4231 1736 4287 subsidio
1782 4243 1925 4289 terre
1971 4249 2100 4289 san-

523 4332 640 4398 cte,
674 4321 892 4376 mobilia
923 4335 1054 4375 vero
1090 4320 1273 4376 omnia
1303 4337 1404 4392 pro
1431 4320 1680 4378 faciendo
1723 4325 1986 4395 hospitale
2030 4325 2097 4379 ad

525 4427 682 4467 usum
705 4425 1024 4481 pauperum,
1076 4411 1130 4466 in
1169 4426 1270 4468 sua
1322 4413 1508 4469 ultima
1556 4415 1834 4472 voluntate
1877 4417 2096 4488 legavit.

525 4503 694 4574 Cujus
716 4501 873 4574 legati
897 4503 1361 4560 lideconnnissarii
1387 4506 1528 4575 apud
1553 4504 1811 4562 Sanctum
1835 4510 2098 4564 Donatum

528 4593 585 4649 in
631 4602 801 4650 strata
831 4594 1100 4666 hospitale
1147 4596 1436 4651 eomodum
1474 4597 1843 4654 confecerunt.
1873 4600 1929 4654 ln
1974 4615 2100 4671 pre-

530 4685 694 4742 dictis
721 4695 898 4742 autem
951 4687 1208 4758 Operibus
1239 4687 1467 4758 vigilans
1495 4689 1585 4744 ille
1615 4699 1767 4761 pater
1805 4691 2100 4760 piissimus,

530 4801 658 4842 cum
686 4786 740 4840 in
767 4786 1216 4856 archiepiscopali
1247 4788 1377 4842 sede
1405 4803 1457 4840 a.
1501 4787 1572 4841 33
1613 4795 1668 4842 et
1698 4787 1887 4842 diebus
1910 4785 1982 4840 ‘35
2023 4801 2110 4840 sc-

534 4877 723 4944 disset,
751 4893 802 4932 a.
845 4877 1004 4934 1295.
1037 4879 1126 4934 die
1151 4878 1208 4934 8.
1238 4879 1468 4946 Augusti
1498 4887 1724 4935 vocatus
1771 4879 1836 4934 de
1869 4879 2108 4934 tenebris

2175 1669 2404 1741 Totaque
2429 1671 2658 1743 fulgebat
2693 1676 2870 1746 regio,
2904 1693 3042 1731 nunc
3068 1678 3228 1747 pallet
3259 1680 3545 1748 adempto:

2172 1760 2331 1816 Clara
2365 1760 2735 1819 Vicecomitum
2777 1765 2979 1836 proles,
3018 1769 3329 1823 venerabilis
3365 1768 3518 1833 Otto,

2176 1855 2256 1910 0h
2281 1855 2462 1910 dolor!
2495 1857 2560 1910 olt
2591 1857 2814 1912 vulnus!
2839 1861 2969 1914 cinis
2996 1870 3069 1915 est
3097 1863 3194 1915 hoc
3229 1877 3492 1916 marmore
3525 1861 3679 1933 factus.

2174 1944 2379 2001 Christe
2402 1959 2551 2015 pater
2577 1950 2711 2015 vite,
2743 1951 3032 2022 requiescat
3064 1953 3279 2022 spiritus
3311 1953 3370 2007 in
3401 1955 3484 2008 te!

2173 2037 2340 2090 Annis
2366 2037 2583 2091 undenis
2618 2049 2698 2092 ter
2737 2043 2909 2095 setmis
2949 2050 3125 2111 terque
3152 2042 3338 2097 diebus

2176 2126 2383 2198 Prefuit
2409 2129 2619 2185 ecclesie
2652 2142 2834 2202 pastor
2859 2134 3023 2188 bonus
3054 2134 3414 2191 Ambroxiane
3449 2134 3537 2191 η’.

2247 2309 2510 2368 Dominus
2535 2311 2856 2370 Gnillelmus
2886 2315 3028 2371 ﬁlius
3057 2316 3285 2372 condam
3322 2317 3526 2373 domini
3554 2317 3710 2372 Thoas

2179 2401 2248 2456 de
2297 2401 2542 2457 Pustcrla
2574 2404 2642 2457 de
2671 2401 2906 2459 Tradate
2950 2403 3052 2460 fuit
3100 2405 3417 2475 capellanus
3448 2406 3709 2463 cannensi}:

2180 2491 2381 2547 d'omini
2412 2492 2677 2548 Johannis
2713 2510 2866 2565 papze
2894 2494 3060 2561 XXII,
3089 2511 3299 2551 necnon
3341 2498 3623 2568 prepositus
3659 2498 3704 2550 de

2179 2584 2412 2639 Posonio
2442 2585 2589 2656 (167)
2638 2585 2704 2640 de
2752 2585 3026 2657 llungaria
3075 2603 3138 2642 ac
3183 2589 3607 2662 archipresbyter
3644 2604 3708 2642 rc.

2181 2673 2346 2730 clesie
2399 2675 2573 2730 sancti
2630 2673 2896 2731 Johannis
2947 2677 3013 2732 de
3064 2677 3318 2732 Moda'tia
3351 2720 3369 2746 ,
3428 2689 3482 2736 et
3535 2679 3711 2735 ecclesie

2182 2764 2598 2822 Mediolaucusis
2625 2767 2936 2822 ordinarius
2975 2776 3030 2823 et
3057 2768 3430 2835 cimiliarcha,
3454 2771 3713 2824 canonitus-

2183 2869 2289 2923 que
2338 2855 2570 2912 ecclesie
2632 2857 2806 2912 sancti
2861 2857 3122 2914 Johannis
3176 2860 3243 2914 de
3300 2860 3495 2917 Castra
3545 2859 3707 2930 Seprio.

2110 2915 2154 2977 δ
2188 2915 2389 3003 Deinde
2410 2948 2662 3004 dominus
2687 2948 2937 3007 Clemens
2958 2965 3092 3021 papa
3111 2950 3174 3005 Vl
3202 2915 3564 3022 pronuntiarit
3582 2915 3712 3022 ipsum

2187 3036 2462 3092 dominum
2515 3037 2860 3093 Guillelmum
2930 3041 3302 3109 patriarcham
3360 3041 3432 3096 ad
3485 3039 3710 3096 ecclesiam

2186 3126 2860 3198 ConstantinOpolitanam,
2911 3129 3014 3186 sibi
3051 3130 3104 3185 iu
3155 3132 3476 3187 contendam
3527 3129 3711 3202 predicta

2188 3219 2368 3272 omnia
2419 3217 2676 3274 bcnetitia
2756 3220 3125 3277 concedendo.
3183 3221 3470 3277 Postremo
3521 3219 3712 3276 dominas

2192 3308 2443 3364 Urbanus
2468 3309 2509 3365 V
2533 3308 2682 3380 (168)
2708 3311 2988 3367 transtulit
3025 3311 3253 3366 eundem
3297 3312 3567 3367 dominum
3605 3307 3714 3364 Gul.

2190 3400 2408 3458 lelmum
2435 3401 2500 3454 ad
2523 3401 3046 3472 archiepiscopatum
3072 3403 3299 3459 ecclesie
3329 3403 3712 3460 Mediolanenss.

2191 3497 2520 3550 contendatis
2545 3497 2647 3551 sibi
2685 3496 3116 3567 patriarchatum
3150 3508 3204 3552 et
3234 3497 3338 3553 alia
3369 3496 3610 3555 beneﬁcia
3644 3509 3710 3548 su-

2191 3587 2477 3660 pradicta;
2519 3602 2622 3656 que
2674 3588 2956 3644 translatio
2992 3588 3132 3644 facta
3165 3590 3268 3644 fuit
3296 3590 3456 3646 1561.
3496 3584 3715 3644 Pot-nomi-

2193 3686 2354 3733 natus
2381 3691 2509 3733 vero
2537 3677 2788 3732 dominus
2817 3677 3134 3734 Gnillelmus
3163 3678 3402 3748 optinuit
3428 3673 3710 3748 patriarcha-

2195 3777 2306 3822 tum
2336 3781 2386 3821 a.
2417 3767 2484 3822 16
2523 3776 2579 3822 et
2607 3782 2682 3822 m.
2714 3768 2768 3834 7,
2803 3778 2857 3822 et
2909 3769 3442 3839 archiepiscopatum
3487 3783 3535 3821 a.
3560 3765 3589 3820 9
3617 3757 3713 3817 ωοι

2195 3871 2317 3912 cum
2351 3857 2720 3926 patriarchatu
2751 3867 2808 3912 et
2845 3857 2968 3914 aliis
3015 3858 3284 3914 beneﬁtiis
3323 3855 3630 3913 memoratis.
3664 3848 3713 3904 Et

2196 3950 2440 4019 sepultus
2484 3949 2662 4004 fuitin
2699 3950 2964 4008 Avinione
3001 3953 3056 4008 in
3082 3953 3244 4008 domo
3271 3950 3499 4008 fratrum
3519 3944 3711 4021 prodiit

2201 4049 2376 4095 torum
2405 4040 2518 4112 (an.
2553 4041 2737 4111 1571).

2449 4242 2516 4298 1η
2555 4245 2604 4299 1.
2647 4246 2759 4300 Ιιωσ
2797 4245 3042 4317 leguntur
3090 4247 3144 4300 in
3173 4246 3278 4311 ﬁne
3305 4246 3524 4301 addita:

2277 4336 2415 4393 15M
2443 4333 2630 4409 [1542]
2673 4337 2819 4408 (169)
2854 4338 3110 4392 Dominus
3144 4337 3416 4393 Johannes
3446 4337 3509 4392 de
3537 4333 3708 4386 Viceco-

2207 4431 2428 4484 mitibus
2478 4428 2654 4483 iactus
2698 4429 2800 4482 fuit
2845 4430 3286 4500 archiepiscopus
3342 4420 3706 4484 Mediolanens's,

2207 4532 2261 4575 et
2299 4521 2434 4574 vixit
2485 4520 2536 4572 in
2588 4519 3056 4591 archiepiscOpatu
3095 4520 3251 4575 annis
3288 4520 3376 4575 11.
3423 4518 3555 4574 Obiit
3593 4508 3707 4567 1355.

2208 4611 2397 4680 quinto
2441 4611 2732 4673 Octobris,
2766 4609 2854 4664 die
2903 4610 3192 4665 dominico.
3222 4609 3323 4677 Qui
3352 4609 3504 4664 etiam
3531 4603 3611 4658 fuit
3643 4599 3708 4652 ίιοο

2205 4701 2384 4755 minus
2444 4701 2712 4770 generalis
2761 4701 3046 4755 civitatum
3102 4698 3421 4763 Mediolani,
3477 4689 3706 4750 Bononia.

2207 4791 2420 4854 Janum,
2469 4791 2706 4858 Parmae,
2753 4792 3062 4857 Placentiae,
3109 4791 3282 4854 Bobii,
3315 4790 3524 4851 Lauda,
3553 4780 3705 4838 Bl‘ltit‘.

2209 4880 2475 4951 Pergami,
2504 4880 2784 4936 Cremonm
2800 4922 2814 4946 ,
2841 4881 3170 4946 Cumarum,
3193 4876 3560 4940 Vercellarum,
3582 4868 3707 4924 Nova-

1819 4989 2049 5045 VARIA'I
2087 4990 2490 5048 LECTIONES.

605 5082 676 5120 "'
713 5082 797 5136 hic
824 5082 1016 5137 desinit
1060 5083 1286 5153 scriptor
1309 5084 1364 5138 in
1390 5081 1562 5137 media
1597 5081 1810 5152 pagina.
1841 5079 1991 5133 Alius
2029 5082 2082 5133 in
2121 5083 2354 5149 sequenti
2391 5101 2581 5155 gagma
2619 5087 2886 5156 sequentia
2917 5083 3135 5155 subjecit
3164 5083 3334 5137 medio
3361 5097 3474 5135 me.
3502 5073 3571 5131 XI
3588 5067 3635 5124 V-

2080 5189 2312 5250 ΝΟΤΕ.

612 5285 758 5320 Ιικσιυ
792 5282 1055 5320 τφηοιηηῖη
1105 5286 1170 5320 θυι
1206 5284 1380 5320 Ιιπηιηι
1408 5282 1714 5320 Vna-imnnm
2294 5289 2442 5320 “Rm
2473 5291 2585 5320 In”.
2614 5289 2956 5320 ινιηηηηηοῖιιι-
2986 5290 3051 5320 Vl
3104 5289 3148 5320 οἷ
3181 5302 3376 5320 ann-Im
3397 5292 3531 5320 ron”!
3558 5275 3712 5320 ίιηίίίτὲο
