3960 5320
99 288 182 343 ξ93
790 283 819 340 1
861 281 922 337 Ρ.
958 276 1317 336 PUIIICELLI
1349 273 1663 332 DISSERT.
1696 275 1784 331 DE
1819 276 2280 336 CONTINENTIA
2320 277 2585 338 CLERIC.

3226 282 3331 339 995

99 379 363 454 ripliuam
393 375 760 454 pertinerent;
796 375 862 429 ad
893 388 1054 454 quam
1089 373 1279 454 utique
1311 369 1651 454 disciplinam
1682 372 1729 428 Α
1756 369 1947 454 ῐζτιιτρξ
1962 387 2025 454 ae
2039 373 2180 427 sacri
2196 373 2437 454 theologi
2478 374 2676 454 passiltt
2698 379 2746 427 et
2772 358 3043 454 communi
3066 387 3332 454 consensu

100 440 584 503 cr'tinebat'canon
612 445 723 509 ille,
757 460 863 511 quo
891 440 1064 497 sacris
1097 441 1203 511 illis
1255 440 1522 511 ministris
1561 453 1654 493 ve-

99 517 432 590 iti_i_in_l'uisse
459 513 691 590 conjugii
720 508 874 568 usum
908 512 1120 590 abunde
1142 509 1253 590 jam
1283 508 1649 590 probavimus.

140 587 331 653 XLIV.
373 578 602 639 Attende
623 578 798 646 inme,
828 598 989 651 quam
1021 582 1228 653 idoneis
1264 578 1318 633 et
1350 581 1416 632 ad
1443 578 1654 653 intelli-

102 648 313 711 cntiam
355 654 655 710 commodis
701 647 883 707 Datius
927 651 1121 705 verbis
1154 647 1489 720 expresserit
1531 662 1651 701 eam

100 742 269 797 3gem,
295 740 456 797 quam
488 724 791 797 somniabat
820 737 848 775 a
878 732 1064 797 saneto
1091 735 1209 774 esse
1228 717 1653 797 ambrosio-pro

99 788 452 851 acerdoiibus
495 793 738 846 uxoratis
802 788 1406 861 pronuntiataiuanns
1466 788 1653 861 utique

102 869 240 919 erba
285 867 402 919 base
431 872 635 917 erant:
685 882 701 913 ι
758 858 880 916 Ideo
913 862 996 914 lex
1049 859 1295 913 concedit
1345 858 1652 911 sacerdotes

99 936 247 989 emel
278 935 542 1002 virginem
576 947 799 986 uxorem
834 934 1049 991 ducere,
1075 930 1166 982 sed
1199 926 1507 997 conjugiqu
1545 942 1649 1002 non

99 1018 302 1059 ierare.
334 996 392 1056 Si
423 1013 601 1056 autem
626 1044 640 1066 ,
691 1010 901 1056 mortua
936 1002 1105 1071 prima
1149 1014 1318 1071 uxore
1341 996 1377 1060 ,’
1401 996 1653 1071 sacerdos

106 1077 239 1128 liam
266 1074 498 1136 duxerit,
536 1072 897 1126 sacerdotium
936 1067 1155 1123 amittit.
1190 1088 1208 1119 ι
1249 1067 1372 1121 ΙΙςιιο
1408 1067 1571 1133 igitur
1596 1075 1654 1136 ut

105 1147 138 1198 d
188 1158 390 1213 purum
431 1152 486 1196 et
531 1144 801 1213 sincerum
837 1140 1230 1213 intelligantur,
1266 1138 1422 1213 bnuc
1463 1135 1652 1213 egqin

99 1205 299 1267 nodum
332 1213 698 1265 disseruerim.
735 1205 1199 1277 Quemadmodqu
1230 1207 1375 1261 aliud
1401 1215 1484 1260 est
1515 1205 1651 1277 lilios

99 1302 124 1335 ιι
159 1282 475 1337 sacerdotio
508 1282 715 1343 facere,
740 1275 887 1333 aliud
914 1280 1146 1341 habere,
1176 1286 1231 1330 ut
1263 1279 1396 1332 bene
1425 1275 1654 1328 Ambro-

101 1354 193 1406 ins
223 1354 388 1406 etiam
431 1353 607 1415 nobis,
634 1366 859 1404 numero
888 1351 984 1411 18,
1013 1350 1063 1401 in
1096 1348 1318 1418 apostoli
1350 1345 1497 1418 Pauli
1522 1345 1654 1418 Epi-

102 1423 212 1475 tola
263 1423 627 1484 observabat;
678 1421 757 1474 sic
802 1421 967 1473 etiam
1021 1415 1144 1471 sine
1180 1417 1339 1469 dubio
1386 1415 1531 1468 aliud
1569 1423 1653 1469 est

100 1506 306 1545 xorem
348 1491 401 1542 in
437 1491 739 1543 sacerdotio
773 1491 1002 1552 ducere,
1055 1486 1196 1540 aliud
1238 1486 1455 1539 habere.
1506 1484 1653 1538 Hauc

104 1563 224 1614 nim
278 1560 535 1613 sacerdos
577 1561 775 1613 habere
820 1568 995 1628 potest
1031 1558 1246 1610 ductam
1298 1557 1447 1628 prius
1491 1570 1651 1621 quam

103 1629 390 1685 acerdotio
444 1630 770 1692 initiaretur,
822 1626 886 1682 ac
932 1637 1190 1697 pneterea
1238 1628 1316 1681 sic
1353 1626 1553 1679 habere
1596 1632 1653 1677 ut

100 1702 159 1753 'el
191 1714 256 1753 ea
286 1698 505 1752 interim
538 1707 741 1768 utatur,
764 1699 845 1752 vel
872 1700 924 1751 iu
957 1707 1274 1768 perpetuum
1308 1710 1411 1747 non
1444 1703 1647 1748 utatur.
1684 1705 1726 1763 Β
1756 1705 2131 1768 castravcrunt
2154 1706 2372 1766 propter
2397 1698 2620 1768 regnum
2650 1712 2734 1752 cm

99 1770 349 1835 Quocirca
384 1769 547 1821 etiam
583 1764 1367 1838 Graecijutiexplicatumjam
1403 1772 1650 1838 esttan-

99 1833 235 1893 nero
264 1838 363 1907 24)
405 1839 696 1891 Secundum
740 1833 1047 1907 Trullauam
1076 1837 1337 1907 synodum
1376 1833 1652 1907 permitte-

99 1912 287 1962 iantur
328 1902 555 1960 uxorem
600 1908 652 1960 in
701 1922 830 1962 usus
872 1906 1038 1961 etiam
1090 1902 1401 1973 conjugales
1452 1902 1653 1956 habere

99 1978 323 2045 pridem,
353 1980 399 2032 si
430 1991 573 2039 eam,
604 1992 707 2029 non
749 1986 890 2047 post,
934 1976 1027 2030 sed
1069 1985 1193 2027 ante
1235 1974 1653 2047 subdiacouatus

99 2042 325 2101 irdinem
368 2047 648 2116 duxissent
694 2042 992 2116 eademque
1029 2044 1360 2116 consuetudo
1403 2042 1653 2116 similiter

99 2140 105 2170 ι
163 2117 317 2170 clero
374 2115 756 2170 Mediolanensi
811 2111 1027 2170 demum
1074 2114 1390 2168 servabatur
1450 2111 1653 2164 Arialdi

100 2199 364 2256 empore,
437 2195 494 2239 ut
566 2187 667 2256 hoe
718 2186 834 2255 ipso
899 2185 1035 2239 libro
1092 2191 1289 2252 quarto
1353 2182 1464 2250 jam
1512 2181 1655 2256 vidi-

99 2252 212 2311 nus'
263 2256 444 2324 capite
498 2256 551 2310 '5.
612 2252 764 2309 Nune
831 2255 996 2324 igitur
1051 2269 1151 2323 ego
1203 2268 1385 2323 quaero
1436 2252 1657 2324 quina_m

99 2336 227 2379 :sset
257 2321 524 2395 genuinus
564 2341 629 2380 ac
667 2321 938 2395 legitimus
982 2321 1107 2393 ejus
1145 2321 1277 2395 legis
1316 2336 1539 2395 sensus.
1575 2321 1657 2375 Ex

99 2411 186 2447 iua
221 2391 368 2449 enim
401 2404 555 2462 parte
577 2391 791 2448 videtur
809 2410 869 2447 ea
896 2391 1268 2448 sacerdotibus
1301 2391 1655 2456 concessisse,

99 2474 140 2519 it
163 2473 287 2533 post
310 2465 671 2518 Sacerdotium
697 2466 859 2518 etiam
885 2473 1189 2531 susceptum
1213 2463 1410 2533 ducere
1436 2470 1660 2533 possent

99 2531 331 2588 norem.
365 2532 518 2587 Sicut
547 2535 689 2588 enim
727 2550 787 2588 ea
817 2534 930 2604 ipsa
970 2534 1084 2602 lege
1112 2532 1419 2604 conjugium
1459 2531 1659 2585 iterare

99 2605 426 2672 dierumque
470 2613 590 2673 post
630 2603 846 2657 obitum
889 2604 1079 2673 prince
1127 2603 1325 2656 dueere
1379 2605 1660 2673 vetabatur

99 2670 576 2743 tacerdolibus'qui
602 2670 1030 2740 sacerdotiojam
1059 2672 1433 2743 fungerentur.
1458 2670 1661 2739 quique

99 2754 373 2812 iropterea
401 2742 860 2798 coutrafacientcs
895 2745 1157 2796 deberent
1191 2742 1442 2794 amittere
1477 2754 1662 2794 sacer-

99 2814 317 2876 Iotinm,
348 2826 455 2866 non
493 2816 679 2883 utique
711 2814 1001 2882 caeteroqui
1032 2812 1421 2879 acquirendqu
1452 2822 1661 2883 postea,

99 2884 176 2935 ted
207 2883 358 2952 prius
386 2881 731 2952 acquisitum,
772 2885 844 2938 ita
875 2881 1041 2937 etiam
1075 2884 1189 2936 vice
1221 2896 1374 2934 versa
1409 2881 1663 2952 sacerdo-

100 2950 234 3006 ibus
272 2953 338 3005 ad
370 2950 729 3007 sacerdotium
750 2954 860 3022 jam
893 2951 1151 3022 promotis
1173 2966 1487 3006 concessum
1510 2950 1659 3004 vide-

100 3032 253 3075 iatur
301 3032 361 3075 ut
399 3023 565 3076 semel
613 3039 835 3079 uxorem
877 3026 1073 3077 ducere
1113 3023 1371 3090 virginem
1420 3028 1657 3090 possent.

99 3092 243 3158 luod
265 3093 311 3145 si
345 3094 718 3163 sacerdotibus
759 3095 861 3148 hoc
905 3095 976 3146 ita
1009 3090 1435 3163 concedebatur,
1470 3090 1656 3163 quidni

101 3163 259 3215 nullo
288 3162 460 3232 magis
486 3164 897 3232 concedebatur
934 3163 1173 3216 diaconis
1203 3171 1258 3215 et
1284 3160 1661 3232 subdiaconus?

99 3233 163 3285 in
199 3230 444 3301 igiturut
468 3231 788 3287 Ambrosius
809 3233 980 3288 sacris
1010 3233 1113 3286 illis
1143 3232 1404 3285 miniStris
1435 3230 1660 3301 faculta-

100 3318 199 3354 em
231 3300 593 3355 Concessisset
620 3302 775 3372 longe
809 3306 1097 3367 diversam,
1134 3301 1399 3371 loogeque
1438 3300 1662 3370 amplio-

99 3387 207 3425 ἐιη
255 3372 367 3443 illa
394 3387 556 3443 quam
601 3373 699 3442 ipsi
739 3383 923 3443 postea
968 3374 1443 3443 usitaruntaguod
1483 3382 1660 3423 tamen

100 3443 213 3510 luis
242 3441 468 3495 credat?
501 3442 597 3496 Sin
623 3441 805 3495 autem
836 3444 988 3495 liatio
1023 3444 1199 3511 potius
1232 3442 1425 3510 placet,
1459 3450 1516 3493 ut
1545 3455 1657 3494 cre-

100 3518 308 3581 lamus,
330 3524 394 3563 ea
422 3511 537 3581 lege
559 3512 925 3566 sacerdotibus
949 3514 1014 3565 ab
1036 3514 1319 3565 Annbrosxo
1346 3524 1663 3564 concessum

99 3580 262 3651 'uisse
296 3589 353 3632 ut
395 3580 617 3635 uxorem
658 3581 853 3635 ducere
890 3583 1226 3637 solummodo
1270 3591 1488 3651 possent
1537 3590 1663 3651 ante

99 3650 568 3722 subdiaeouatuin,
602 3663 655 3704 et
684 3667 749 3705 eo
777 3668 996 3722 prorsus
1023 3653 1213 3722 ordine
1244 3649 1400 3718 quem
1430 3649 1666 3716 denique

100 3720 349 3773 30VIIIIUS
383 3732 656 3774 servatum
702 3737 731 3773 ιι
773 3719 975 3777 Graecis
1018 3731 1136 3789 post
1174 3719 1480 3773 'l'rullauam
1513 3734 1668 3788 syno-

100 3794 248 3851 Ium,
284 3799 339 3842 et
368 3806 398 3841 a
430 3792 629 3845 uestris
660 3792 1143 3845 Mediolanensibns
1168 3791 1369 3843 Ariaidi
1402 3801 1664 3857 tempore,

106 3859 288 3925 negari
316 3861 560 3926 profecto
596 3877 700 3913 non
730 3872 904 3930 potest
927 3863 1055 3929 quin
1094 3875 1153 3915 ea
1182 3861 1288 3919 lex,
1322 3858 1515 3913 talibus
1539 3872 1665 3930 cou-

99 3941 252 3999 :epta
297 3925 494 3994 verbis,
538 3925 743 3999 parum'
773 3925 1058 3986 admodum
1094 3942 1357 3999 congruat
1386 3933 1452 3983 ad
1485 3925 1671 3999 hujus-

106 3998 243 4050 nooi
295 3997 553 4061 sensum,_
580 4010 634 4053 et
678 4003 817 4053 bane
857 4012 1018 4054 etiam
1053 4005 1121 4054 ob
1150 3997 1368 4054 causam
1397 3997 1668 4054 censenda

99 4070 351 4140 rideatur
374 4071 685 4140 doctissim!)
712 4071 995 4124 Ambrosio
1030 4072 1265 4140 indigna.

168 4136 328 4192 XLV.
380 4139 444 4192 Et
502 4141 762 4193 hactenus
811 4144 1024 4208 quidem
1078 4136 1210 4197 satis
1262 4156 1290 4193 a
1342 4138 1496 4192 nobis
1541 4151 1671 4191 exa-

102 4217 364 4260 minatum
395 4211 705 4279 singillatim
731 4214 802 4262 sit
827 4207 1140 4278 primarium
1174 4211 1300 4262 illud
1338 4209 1477 4261 Dalii
1520 4207 1668 4279 testi:

106 4279 364 4329 nonium.
394 4277 642 4332 Ad'illud
684 4295 847 4346 porro
890 4280 1187 4348 Landulpbi
1227 4279 1486 4343 Senioris,
1525 4277 1669 4345 quod

99 4355 339 4400 secundo
390 4350 508 4401 loco
553 4350 898 4415 sequebatur,
947 4352 1062 4403 sive
1109 4351 1176 4403 ad
1226 4351 1365 4403 illius
1405 4348 1667 4416 potiorem

1742 2042 2023 2098 .Aiubrosii
2044 2047 2226 2099 verba.

1757 440 1981 512 docent,
2008 443 2107 495 Iioc
2127 453 2232 504 est,
2264 440 2655 497 continentiam
2677 458 2796 497 esse
2817 444 3035 512 quidem
3058 446 3333 512 peculiare

1759 509 1849 563 Dei
1875 510 2103 575 donum;
2130 514 2365 567 sedeam
2400 513 2747 567 nihilominus
2773 509 3081 567 inbominis
3104 513 3332 571 arbitrio
3402 532 3405 535 ‘

1755 588 1809 632 et
1836 589 2100 648 potestate
2130 584 2358 650 positam
2390 598 2531 644 esse,
2563 583 2608 637 si
2638 591 2813 636 tamen
2847 582 2960 651 ipse
2986 585 3240 638 remediis
3262 587 3331 640 ad

1755 664 1874 702 eam
1921 652 2266 714 necessariis,
2297 668 2359 704 ac
2387 652 2647 707 divinitus
2683 653 2967 715 institutis,
3007 661 3064 705 et
3098 653 3163 706 ad
3197 669 3328 709 usus

1756 728 1975 790 nostros
2005 721 2207 788 paratis
2239 722 2312 774 uti
2344 721 2491 775 velit.
2530 724 2643 788 Qua
2677 724 2743 776 de
2769 738 2826 776 re
2857 738 2966 790 pra:
2992 722 3202 778 ueteris
3230 725 3333 779 aevi
3414 722 3417 727 Γ

1755 789 1929 842 nostri
1958 790 2219 857 theologis
2250 805 2348 857 ego
2380 795 2657 845 suaserim,
2682 803 2735 844 ut
2768 789 3055 847 cardinalis
3087 796 3334 848 conSuIa-
3420 830 3425 835 η

1757 867 1843 932 _tnr
1870 856 2225 932 BCHJI‘IIIIIIUS
2259 856 2396 914 libro
2434 863 2606 929 primo
2637 862 2710 915 De
2750 862 2982 927 clericis,
3021 865 3196 932 capite
3237 865 3329 929 21,

1756 925 1809 978 in
1837 930 2182 1003 resliousione
2205 931 2271 981 ad
2301 925 2550 1003 quartum
2582 925 3015 1003 :uIversariorum
3043 925 3333 1003 argumen-

1759 1005 1962 1057 tum,et
1991 998 2268 1066 aliqumth
2291 1000 2583 1067 copiosius,
2606 1000 2741 1053 libro
2772 1003 3010 1055 secundo
3041 998 3334 1057 Demona-

1754 1067 1891 1127 cb.s,
1917 1070 2094 1137 capite
2123 1066 2214 1131 31,
2241 1068 2329 1120 ubi
2362 1066 2530 1124 etiam
2572 1072 2712 1123 inter
2756 1070 2857 1124 alia
2907 1072 3073 1125 multa
3109 1072 3331 1126 Patrum
3360 1102 3363 1107 ί

1757 1139 2087 1201 testimonia,
2143 1137 2337 1203 quibus
2408 1142 2669 1205 probatur
2732 1142 3038 1195 caelibatum
3090 1157 3211 1196 esse
3278 1144 3331 1197 in

1755 1216 2023 1276 potestate
2088 1218 2302 1267 nostra,
2358 1210 2550 1262 divina:
2603 1212 2789 1277 gratize
2833 1212 3043 1265 auxilio
3099 1213 3282 1266 innixa
3316 1253 3331 1276 ,

1756 1278 1938 1330 videre
1977 1277 2104 1331 licet
2138 1279 2409 1331 Ambrosii
2450 1294 2664 1347 quoque
2687 1281 2947 1335 antistitis
2979 1283 3146 1335 nostri
3177 1282 3332 1337 testi-

1756 1348 2017 1417 monium,
2042 1359 2090 1401 et
2110 1348 2191 1402 bis
2216 1349 2395 1403 verbis
2411 1351 2860 1417 comprehensum
2889 1365 2904 1402 :
2935 1369 2953 1401 ι
2988 1351 3331 1417 Ambrosius,

1756 1414 1977 1490 libroiu
2006 1416 2078 1490 De
2106 1418 2429 1490 virginibus,
2457 1414 2721 1490 Dominus
2753 1421 2971 1490 (inquit)
3008 1422 3103 1489 qui
3140 1414 3331 1484 sciret,

1755 1488 2153 1558 prredicaodam
2204 1489 2458 1542 omnibus
2528 1488 2894 1558 integritatem
2930 1488 2958 1552 ,⁷
3012 1488 3331 1545 imitandam

1755 1556 1966 1676 paucis,
2014 1573 2119 1611 non
2150 1572 2339 1613 omnes
2367 1559 2588 1627 (inquit)
2619 1556 2839 1627 capiunt
2876 1560 3042 1613 verbo
3072 1561 3234 1615 istud.
3265 1560 3336 1615 Et

1779 1626 1894 1676 ibro
1941 1629 2015 1676 De
2062 1627 2238 1676 viduis
2288 1646 2300 1676 :
2346 1627 2485 1676 Sunt
2533 1629 2756 1676 lirmuitl
2810 1630 3078 1676 snailnnes
3135 1632 3224 1676 nui
3275 1647 3336 1676 se

1779 1626 1894 1678 ibro
1941 1629 2015 1680 De
2062 1627 2238 1681 viduis
2288 1646 2300 1680 :
2346 1626 2485 1682 Sunt
2533 1629 2756 1750 (inquit?
2810 1630 3078 1697 spadones
3135 1632 3224 1699 qui
3275 1647 3337 1685 se
3390 1636 3391 1639 “

1779 1705 2131 1750 :astravcrunt
2155 1706 2372 1750 orooter
2397 1713 2620 1750 recount
2650 1712 2734 1750 ca:
2756 1713 2942 1750 orum:
2972 1702 3066 1750 sed
3099 1702 3201 1750 hoc
3224 1716 3330 1750 non

2756 1713 2942 1761 orum;
2972 1702 3066 1753 sed
3099 1702 3201 1753 hoc
3224 1716 3330 1755 non

1755 1766 2010 1838 omnibus
2054 1766 2373 1838 imperatur,
2421 1766 2516 1823 sed
2564 1771 2631 1821 ab
2679 1769 2931 1821 omnibus
2973 1768 3265 1838 ﬂagitator.
3309 1788 3329 1821 ι

1751 1832 1817 1888 Ει
1857 1834 1996 1889 inI‘ra
2044 1853 2057 1888 :
2111 1832 2144 1886 ί
2187 1835 2299 1890 Scit
2348 1838 2579 1893 Creator
2623 1838 2888 1897 omnium,
2932 1832 3160 1892 allectus
3212 1853 3335 1893 esse

1754 1906 1931 1978 varios
1960 1906 2322 1978 singulorum,
2352 1920 2403 1962 et
2434 1909 2555 1961 ideo
2578 1907 2816 1978 prmioiis
2844 1908 3099 1978 virtutem
3130 1923 3330 1978 provo-

1753 1974 1920 2045 cavit,
1942 1974 2445 2031 noninIirmitatem
2471 1978 2701 2031 vinculis
2726 1976 2987 2045 alligavit.
3022 1974 3335 2033 illactenus

2252 2047 2457 2111 Quibus
2482 2046 2622 2099 illico
2644 2046 3089 2101 Bellaruiinusita
3109 2049 3289 2102 subdit
3319 2067 3332 2102 :

1760 2132 1778 2165 ι
1812 2113 1936 2185 ﬂare
1959 2114 2046 2185 ille
2079 2132 2091 2168 :
2130 2114 2225 2170 Ubi
2260 2116 2411 2170 vides
2440 2117 2830 2170 continentiam
2858 2117 3110 2170 omnibus
3139 2118 3334 2185 praedi-

1755 2182 1889 2246 cari,
1923 2183 1990 2265 ab
2031 2185 2283 2264 omnibus
2319 2186 2572 2266 ﬂagitari,
2613 2187 2891 2251 nimirum,
2934 2188 2979 2239 si
3024 2182 3339 2257 ipsi—velint

1754 2269 1974 2324 pr;_euua
2005 2270 2121 2321 eius
2143 2268 2425 2324 coasequi.
2458 2275 2477 2307 ι

1826 2321 2031 2396 XLVII.
2072 2321 2344 2396 (lictorum
2390 2326 2459 2396 ini
2490 2342 2556 2382 eo
2596 2341 2809 2396 quoque
2853 2325 3204 2396 Landulplins
3250 2324 3338 2381 ille

1758 2390 1953 2445 Seuior
1984 2394 2202 2447 errabat
2239 2397 2401 2464 quod,
2430 2390 2743 2450 Gr.ccoruiu
2781 2390 3079 2464 explicans'
3098 2398 3335 2450 nubendi

1758 2465 2220 2535 consuetudinem,
2254 2466 2337 2517 bis
2366 2480 2484 2518 eam
2518 2470 2695 2518 verbis
2724 2467 3010 2533 descripsit
3038 2483 3053 2518 :
3095 2484 3112 2517 ι
3150 2467 3335 2535 Itaque

1757 2529 1929 2586 Gt‘arci
1947 2534 2274 2599 sacerdotes,
2294 2536 2707 2589 Ambrosianum
2725 2529 2966 2589 tenentes
2980 2529 3333 2601 δειιιριιιίςιίιι,

1759 2617 1931 2671 usque
1955 2604 2110 2655 hodie
2135 2613 2403 2657 saneatum
2430 2614 2486 2657 et
2514 2620 2609 2673 pro
2640 2605 2758 2673 lege
2784 2605 3085 2668 babenLut,
3116 2612 3337 2673 quando

1762 2674 1815 2726 in
1871 2673 2172 2742 sacerdotio
2223 2684 2517 2742 unguntur,
2572 2684 2667 2726 aut
2718 2674 3081 2741 virginitatem
3136 2675 3337 2727 exinde

1761 2740 2104 2813 promittant,
2165 2752 2257 2796 aut
2309 2740 2522 2797 uxores
2590 2743 2642 2797 in
2701 2740 3010 2796 testimonio
3070 2744 3334 2797 bonorum

1762 2812 2003 2865 virorum
2049 2812 2148 2865 sibi
2198 2814 2424 2867 socient.
2464 2832 2481 2862 ι
2530 2814 2584 2867 In
2636 2815 2759 2873 boe,
2794 2826 3030 2878 mquam,
3068 2814 3155 2867 ille
3196 2815 3337 2867 citra

1763 2881 1982 2935 dubimn
2014 2883 2249 2948 errabat,
2281 2892 2337 2936 et
2367 2883 2610 2951 ipsismet
2636 2882 2903 2935 'I‘rullana:
2934 2883 3122 2951 synodi
3162 2898 3335 2937 canna

1763 2953 1942 3023 nibus,
1967 2967 1997 3004 a
2031 2952 2353 3007 Bellarmino
2375 2952 2684 3006 Iidclissime
2710 2953 2998 3021 prepositis
3024 2954 3107 3023 (ut
3124 2969 3155 3023 ξι
3180 2953 3337 3006 nobis

1768 3022 2176 3088 recitatnmjam
2204 3034 2282 3077 est
2311 3038 2536 3077 numero
2563 3023 2653 3090 24)
2684 3023 3023 3090 apertissime
3050 3022 3331 3076 refellitur.

1766 3092 1880 3146 Non
1920 3097 2064 3145 enim
2107 3108 2169 3146 ea
2221 3101 2348 3147 tunc
2391 3097 2721 3163 peragebant
2766 3094 2943 3163 (sicut
2972 3107 3038 3146 ne
3072 3093 3333 3146 bodicrua

1762 3163 1979 3233 quidem
2011 3172 2277 3233 peragunt
2317 3164 2424 3231 die)
2462 3161 2656 3227 Grleei,
2687 3165 2901 3233 quando
2931 3161 2986 3214 in
3032 3163 3337 3217 sacerdotio

1765 3231 2165 3301 ungebantur,'
2204 3233 2300 3287 sed
2349 3243 2639 3302 antequam
2697 3231 3091 3286 subdiacouatu
3156 3234 3340 3286 initia-

1763 3313 1967 3358 I‘Cllltll‘.

1837 3372 2063 3426 XLVIII.
2105 3372 2210 3427 Sed
2235 3386 2299 3427 ne
2323 3371 2375 3425 in
2410 3388 2473 3427 co
2504 3373 2719 3442 quidem
2751 3371 3010 3425 immunis
3048 3371 3116 3425 ab
3146 3385 3336 3425 errore

1764 3444 1980 3498 videtur
2028 3442 2415 3510 Landalpbus,
2465 3445 2605 3511 quod
2654 3460 2843 3495 omnes
2902 3442 2955 3494 in
3022 3443 3336 3495 universum

1766 3516 2073 3568 Sacerdotes
2100 3529 2448 3582 monogaiuos
2471 3513 2865 3567 existimaverit
2893 3527 2996 3564 non
3030 3516 3210 3582 viveie
3235 3512 3337 3565 sub

1765 3586 2036 3646 castitate,
2059 3584 2154 3637 sed
2185 3581 2382 3635 uxores
2422 3582 2493 3635 ita
2524 3599 2707 3637 secum
2746 3584 3000 3649 deinceps
3028 3581 3249 3645 habere,
3280 3589 3340 3633 ut

1767 3652 1834 3707 iis
1862 3653 2025 3707 etiam
2056 3660 2366 3715 uterentur;
2396 3654 2537 3719 quod
2564 3663 2739 3705 tamen
2763 3652 2955 3704 falsum
2984 3659 3084 3704 est.
3122 3650 3335 3704 Etenim

1767 3723 2063 3778 secundum
2098 3737 2283 3777 sacros
2307 3736 2562 3784 canones,
2602 3730 2655 3773 et
2691 3723 2985 3775 secundum
3019 3720 3339 3773 catholicam

1767 3804 1822 3848 et
1893 3793 2066 3846 sancti
2125 3791 2394 3844 Ambrosii
2456 3791 2794 3854 doctrinam,
2845 3790 2902 3843 in
2966 3791 3340 3857 Superioribus

1768 3860 2112 3923 explicatam,
2146 3863 2246 3915 hoc
2273 3861 2378 3914 illis
2409 3860 2710 3914 vetabatur.
3146 3890 3151 3893 -

1891 3929 2026 3984 LIX.
2086 3931 2167 3985 Ad
2221 3930 2514 3984 Gualvanei
2581 3930 2835 3995 Flamma:
2896 3929 3340 3989 attestationein,

1771 4016 1997 4057 numero
2022 4001 2076 4067 5,
2125 4002 2425 4063 rccilatatu,
2459 4015 2599 4054 nunc
2644 4002 2991 4065 revertimur,
3028 4008 3083 4052 et
3125 3998 3341 4066 propria

1772 4073 1977 4143 pariter
2010 4072 2180 4138 ipsius
2196 4072 3124 4143 errataconnuonstramus.lineo
3157 4076 3339 4143 autent

1771 4138 2005 4211 primum
2032 4141 2251 4203 erravit,
2275 4139 2417 4211 quod
2436 4156 2499 4193 ea
2516 4141 2696 4211 sancti
2720 4138 2868 4191 Pauli
2901 4141 2967 4191 ad
2992 4138 3336 4191 Timotheum

1770 4207 1826 4265 et
1860 4213 1925 4263 ad
1958 4209 2136 4263 Titum
2182 4207 2384 4263 monia
2425 4209 2561 4262 male
2606 4210 2996 4278 interpretatus
3031 4218 3113 4262 est
3149 4215 3340 4278 contra

1771 4293 2087 4352 perpetuam
2119 4291 2173 4333 et
2203 4292 2546 4334 communem
2581 4279 2721 4331 illam
2751 4276 3022 4352 Ecclesia;
3062 4276 3343 4352 catholicae

1776 4346 2119 4414 sententiam,
2151 4366 2311 4417 quam
2344 4360 2441 4402 nos
2476 4364 2579 4401 uua
2608 4364 2731 4402 cum
2776 4349 3102 4402 Bellarmiuo
3140 4346 3345 4398 iudica-

100 4426 329 4479 ;arteui,
354 4420 464 4485 jam
505 4422 875 4485 respondimus
903 4436 1126 4474 munero
1151 4423 1172 4473 -Ι
1194 4429 1235 4471 t.
1264 4418 1413 4472 Nune
1440 4421 1668 4470 libenter
1699 4424 1744 4479 1)
1771 4423 1983 4483 bamus,
2031 4434 2258 4474 numero
2297 4419 2387 4481 2-3,
2429 4434 2548 4472 cum
2597 4418 2795 4485 alioqui
2832 4419 3137 4472 certissima
3180 4417 3250 4469 sit
3277 4428 3343 4467 ea

99 4491 162 4537 ab
198 4487 316 4552 ipso
336 4501 814 4555 percunctaremur
843 4506 1087 4558 quamam
1114 4491 1274 4543 luerit.
1298 4489 1384 4543 illa
1408 4487 1663 4557 synodus,

100 4571 262 4623 quam
296 4558 412 4625 ipse
448 4558 720 4611 inuuebat.
757 4559 812 4610 Si
842 4562 985 4613 enim
1018 4561 1667 4627 Constantiuopolitauam

99 4636 454 4693 responderet
504 4628 670 4682 fuisse
741 4627 881 4680 illam
941 4644 1107 4696 quam
1173 4630 1359 4686 vatius
1417 4639 1671 4696 expresse

99 4698 448 4768 nominabat;
472 4713 623 4767 ergo,
646 4699 787 4751 sicut
807 4698 1014 4761 Ilatius,
1048 4699 1120 4752 ita
1143 4701 1303 4752 etiam
1334 4701 1444 4768 ipse
1469 4698 1670 4767 pariter

99 4766 148 4817 in
194 4764 299 4817 hoc
336 4765 450 4831 jam
492 4764 771 4821 convictus
797 4770 999 4822 erroris
1030 4778 1261 4822 tenetur.
1306 4764 1366 4823 Si
1401 4764 1668 4822 diiersam

99 4834 304 4894 fuisse;
333 4852 508 4889 nonne
537 4838 749 4891 Darium
785 4839 899 4905 ipse
925 4840 978 4890 in
1011 4839 1111 4891 hoc
1133 4854 1349 4892 errasse
1383 4842 1667 4905 latet-etur,

99 4906 326 4972 ipseque
378 4909 533 4960 nobis
579 4902 1141 4975 primus'oStenderet
1184 4907 1344 4976 quam
1397 4906 1545 4976 parvi
1595 4902 1673 4954 fa-

99 4976 292 5027 cienda
334 4977 408 5026 sit
433 4977 549 5044 ejus
572 4978 870 5030 aucroritas
906 4988 959 5031 et
1000 4975 1253 5030 historica
1291 4975 1455 5031 nues?
1483 4975 1671 5027 Nerine

99 5052 310 5116 pariter
355 5044 582 5116 diversa:
639 5045 830 5114 synodi
896 5055 1188 5116 praetextas
1243 5048 1432 5101 iisdem
1502 5046 1671 5097 ferme

99 5113 356 5167 omnibus
402 5113 742 5167 refelleretur
773 5113 1124 5178 argumentis,
1167 5120 1360 5178 (lUli)US
1406 5116 1671 5169 Constan-

1771 4505 1984 4559 quoque
2012 4490 2329 4544 Tertulliani
2361 4490 2564 4559 regula,
2588 4489 2725 4541 libro
2748 4487 2821 4541 De
2844 4486 3342 4559 praescriptionibus

1772 4553 2031 4616 adversus
2061 4561 2362 4623 haereticos,
2396 4553 2573 4626 capite
2604 4559 2690 4620 I7,
2728 4553 3043 4628 consignata
3068 4553 3097 4608 _:
3138 4573 3158 4606 ι
3195 4553 3341 4607 Tau-

1774 4640 1885 4684 tum
1932 4630 2147 4683 veritati
2185 4631 2447 4699 obstrepit
2493 4630 2703 4682 adulter
2724 4643 2958 4699 sensus,
2985 4635 3244 4695 quantum
3291 4632 3347 4676 et

1772 4714 2059 4767 corruptor
2083 4699 2272 4770 Siylns.
2311 4719 2330 4751 ι
2363 4696 2492 4754 Inde
2518 4700 2681 4767 igitur
2708 4696 3054 4750 Gualvaneus
3085 4702 3346 4770 corrupte

1771 4785 1836 4823 ac
1882 4764 2172 4835 depravat}:
2204 4807 2219 4834 ,
2274 4772 2403 4836 quin
2463 4764 2626 4821 etiam
2689 4775 2877 4819 contra
2935 4780 3170 4836 canones
3225 4764 3346 4836 illos

1772 4833 2119 4911 apostolicos,
2142 4854 2275 4911 quos
2289 4833 2528 4911 jocinere
2546 4837 2616 4911 55
2639 4836 3032 4911 iudicabamus,
3054 4833 3345 4911 judicavit,

1766 4903 1878 4977 jam
1936 4909 2060 4962 inde
2103 4903 2176 4961 ab
2227 4908 2397 4962 initiis
2450 4905 2706 4963 Ecclesia:
2758 4903 3069 4977 christiana:
3127 4903 3348 4956 licuisse

1772 4972 2035 5037 ducenis.
2073 4977 2468 5048 sacerdotibus,
2505 4985 2561 5031 et
2592 4972 3089 5048 episcopis‘babere
3118 4983 3346 5048 uirores;
3406 5000 3413 5005 -

1771 5049 1969 5117 quibus
2001 5050 2185 5117 utique
2227 5047 2432 5102 interea
2478 5042 2791 5102 utere-utor.
2826 5042 2924 5098 llic
2964 5044 3111 5095 enim
3143 5042 3351 5105 absque

1773 5116 1937 5172 dubio
1968 5127 2088 5171 erat
2108 5117 2404 5172 Gualvauei
2434 5131 2651 5172 sensus.
