3960 5320
131 51 280 108 1001
373 41 379 44 ’

854 32 917 104 '1.“
950 28 1776 106 pii’txmcmtt‘mssen'r.
1816 45 1906 102 nr:
1944 43 2405 102 COXTINENTIA
2446 44 2714 104 CLERIC.

3264 49 3404 112 1003

126 180 198 241 su
253 179 285 241 τε
325 161 523 241 nuptiis
543 171 711 229 purus
746 153 838 223 sit,
881 160 972 230 qui
1008 157 1104 214 Del
1148 168 1425 230 aspectum
1468 173 1715 229 comprc‘
1745 165 1791 223 Α
1823 158 1966 241 illico
2001 158 2104 213 l'uit
2138 159 2409 241 episcopis
2439 161 2552 241 suis
2598 160 3048 241 provincialibus;
3090 175 3404 241 eoqttetatn

128 235 381 289 ltetnlat?
415 252 432 280 ι

212 303 402 358 LXIII.
435 300 664 372 Sanctus
689 299 850 372 etiam
903 293 1148 372 Joannes
1187 300 1608 372 Chrysostomus
1654 299 1722 353 ad

127 370 660 440 archiepiscopalcm
707 369 1249 439 Constantinopoleos
1286 369 1603 424 cathedram
1632 385 1722 422 eo-

126 445 266 498 detu
300 443 416 512 ipso
443 449 752 512 assumptus
802 448 886 512 est
913 456 1052 494 anno
1081 456 1201 512 quo
1237 450 1457 495 sanetus
1489 441 1724 512 Ambro-

126 515 258 567 sius
289 510 356 565 ad
386 512 596 565 beatam
638 511 690 564 in
720 511 874 566 caelis
920 511 1278 572 mansionem,
1327 519 1490 578 atque
1514 510 1583 562 ad
1626 524 1726 563 an-

129 599 274 637 num
307 595 478 648 usque
521 581 1110 650 quadringentesimum
1155 582 1443 650 septimum
1475 579 1722 650 supervi-

134 655 252 706 xit.
292 648 686 705 llomiliaa'ero
731 648 963 705 secunda
993 651 1058 704 de
1090 648 1344 720 patientia
1374 650 1474 703 Job
1503 648 1727 720 hiccille

126 724 306 777 nobis
356 721 555 792 scripta
614 721 850 792 reliquit.
907 740 924 772 ι
962 719 1110 782 Dixit
1156 720 1454 792 (apostolus
1507 719 1725 792 Paulus)

127 795 304 846 unius
355 789 534 845 uxoris
588 789 774 855 cirum,
834 804 939 844 non
969 804 1033 844 ea
1066 789 1278 846 ratione
1309 798 1367 843 ut
1405 790 1456 843 id
1498 804 1641 844 nunc
1670 789 1724 845 in

131 863 390 917 Ecclesia
434 861 770 915 observetur.
842 860 1065 929 Oportet
1111 862 1258 916 enim
1305 861 1451 916 omni
1505 874 1728 929 prorsus

127 934 402 987 castitate
444 931 780 986 sacerdotem
813 941 1066 986 ornatum
1095 945 1236 986 esse.
1281 950 1298 982 ι

218 1000 405 1056 LXIV.
445 1002 526 1055 Ad
567 1001 813 1056 eamdem
875 1016 1004 1056 vero
1056 1017 1152 1071 pro
1204 997 1386 1055 clerici
1436 995 1728 1056 Orientalis

128 1073 404 1127 caelibatu
430 1073 754 1126 sententiam
782 1072 1016 1141 pertinet
1038 1071 1327 1126 concilium
1356 1086 1573 1140 quoque
1599 1071 1728 1124 illud

127 1143 289 1210 quod
347 1143 488 1196 idem
551 1141 971 1211 Chrysostomus
1025 1141 1621 1209 Constantiuopolitaua
1673 1141 1730 1196 in

130 1215 284 1266 urbe
314 1212 612 1267 celebravit
661 1227 826 1276 anno,
857 1218 915 1266 ut
966 1214 1104 1266 bene
1131 1221 1418 1281 computat
1441 1211 1727 1277 Baronius,

128 1283 696 1353 quadringentesimo
717 1296 730 1334 :
753 1290 808 1336 et
853 1282 920 1336 de
947 1296 1054 1352 quo
1095 1279 1362 1353 Palladius
1389 1279 1652 1353 diaconus
1674 1281 1727 1353 in

132 1352 375 1420 Dialogo
398 1351 471 1406 de
506 1351 622 1405 Vita
653 1351 894 1416 ejusdem
917 1353 1088 1406 sancti
1123 1351 1492 1422 Cbrysostomi
1519 1351 1731 1422 abunde

130 1423 394 1490 St‘ripsil,
418 1424 597 1490 capite
647 1423 714 1476 I3
758 1433 812 1476 et
849 1423 934 1476 Η.
963 1422 1109 1477 Inter
1141 1420 1248 1475 alia
1293 1421 1459 1475 inulta
1493 1423 1571 1474 sic
1596 1420 1685 1475 ille
1713 1437 1726 1474 :

1825 230 1926 297 ipsi
1955 245 2115 296 quam
2161 231 2464 301 presbyteri
2516 241 2572 285 et
2597 230 3406 300 diaconijubelmntur'habere

1824 301 2274 375 contubernales,
2293 311 2548 375 tanquam
2577 303 2982 375 ρυιιῇίεὶιίςιελξιιειξ
3009 315 3174 359 testes
3198 324 3211 359 :
3238 322 3404 375 quam

1825 370 2009 438 Illique
2053 371 2368 446 pudicitiam
2401 370 2589 446 clettts
2630 373 2791 446 etiam
2845 370 3270 446 Meiliufaucnsis
3306 391 3406 446 per

1824 454 1887 493 ea
1929 449 2171 516 tempora
2210 441 2586 516 proﬁtebatur,
2630 443 2742 516 jam
2773 443 2896 496 inde
2920 444 3127 498 scilicet
3154 463 3184 500 e
3211 441 3406 516 pris'eis

1823 520 1880 592 et
1901 511 2087 592 sancti
2108 512 2378 592 Ambrosii
2415 514 2757 592 temporibus
2785 516 3099 592 perenniter
3114 511 3407 592 conserva-

1825 589 1958 655 tam.
2000 578 2222 655 Auente
2256 581 2440 655 igitun,
2496 578 2542 636 si
2581 578 2974 655 placetfncapnt
2997 584 3127 639 illud
3171 586 3406 655 legatur,

1830 649 1973 704 sicut
1996 659 2050 703 et
2071 651 2367 706 cardinalis
2399 649 2613 706 Baronii
2644 649 2977 707 Annales-ad
3009 649 3405 710 ammm'illum

1826 719 2458 793 Citrisli_5t)2,_articulo
2480 722 2567 782 '52.
2601 732 2655 776 et
2687 723 2890 790 aliquot
2919 723 3038 777 aliis
3073 724 3408 793 subsequen-

1828 791 1994 845 tibus.
2044 789 2152 845 Nos
2195 791 2412 845 interim
2457 807 2521 845 ex
2555 807 2620 846 eo
2650 793 2866 850 decreto
2893 794 3008 848 haec
3035 789 3410 849 tantum'reci-

1829 869 2009 915 tamus
2052 877 2064 913 :
2101 859 2362 914 t-Nullum
2394 875 2524 929 ergo
2567 865 2934 929 sacerdotum,
2966 865 3194 929 antiquis
3221 875 3268 918 et
3296 882 3410 918 mo-

1826 930 2004 1002 dernis
2058 929 2255 1002 legibus
2307 931 2686 1002 obsequentem,
2735 935 3054 1002 nullumque
3091 929 3408 989 Levitarum

1828 1000 1947 1054 sine
1982 1001 2118 1055 bene
2143 1001 2657 1074 prohatayohunus
2706 1002 2758 1074 in
2813 1000 3135 1074 quocunque
3166 1004 3268 1059 loci
3299 1020 3410 1058 ma-

1830 1084 1960 1124 nere
2009 1085 2272 1139 persona;
2322 1069 2400 1123 rel
2451 1085 2611 1139 quem
2661 1069 2978 1128 subsuantite
3024 1069 3242 1128 exilitas
3298 1089 3410 1128 non

1829 1141 2153 1219 permiserit‘
2171 1141 2370 1219 habere
2399 1151 2736 1219 consortem,
2760 1143 3287 1219 ipsecoucellaueus
3313 1144 3410 1219 [lat

1831 1209 2077 1286 alterius.
2115 1209 2400 1286 l’ublicum
2453 1212 2526 1265 sit
2557 1214 2695 1286 apud
2726 1209 3213 1286 ‘religiososromne
3256 1217 3408 1286 quod

1831 1279 2068 1351 geritur;
2096 1280 2431 1336 clandestina
2483 1279 2796 1351 repudietur
2820 1279 3126 1337 obscuritas
3153 1301 3167 1348 ;
3207 1279 3412 1340 multos

1832 1349 2024 1404 habeat
2047 1359 2264 1404 actuum
2296 1349 2564 1415 coiiscios,
2590 1353 2677 1419 qui
2703 1351 2811 1406 Deo
2833 1354 2991 1408 debet
3017 1355 3409 1410 innocentiam.

1837 1419 2068 1495 Yideant
2115 1421 2329 1495 aemuli;
2361 1423 2487 1490 quia
2530 1425 2620 1495 qui
2666 1431 2830 1495 testes
2876 1423 3117 1487 adhibet,
3148 1425 3257 1478 vult
3287 1441 3412 1495 pro-

135 1510 159 1565 ;
230 1487 631 1565 Tertiadecigna
692 1491 1078 1565 distributione
1128 1493 1265 1563 (sive
1321 1492 1640 1565 indictione,
1674 1499 1732 1546 ut
1762 1505 1808 1565 Β
1833 1487 1951 1544 bari
1987 1508 2002 1546 :
2039 1491 2175 1545 male
2206 1487 2563 1565 deprehensa
2589 1489 2866 1565 judieetur
2893 1496 3259 1565 conversatio,
3289 1487 3412 1565 quae

129 1563 287 1631 bene
339 1561 440 1614 fuit
479 1576 508 1614 a
541 1561 772 1616 Duronio
817 1563 982 1616 etiam
1030 1561 1420 1631 observatum),
1455 1569 1726 1616 venerunt

129 1630 668 1702 Constantinopolim
691 1633 831 1686 Asia:
857 1633 1116 1701 episc0pi,
1145 1632 1528 1702 necessitatum
1554 1632 1726 1686 cccle-

131 1701 738 1770 siasticarum’gratia.
779 1711 835 1756 et
881 1702 1161 1756 nobiscum
1189 1702 1410 1771 (quippe
1453 1701 1727 1756 Palladius

131 1772 314 1824 etiam
347 1771 461 1839 ipse
485 1772 554 1825 ibi
600 1782 724 1826 tunc
759 1772 966 1842 aderat)
997 1774 1248 1827 remorati
1304 1779 1448 1834 sunt,
1487 1786 1724 1895 prrazsen-

137 1839 298 1895 tibus
327 1851 384 1895 et
409 1841 532 1895 aliis
577 1843 865 1895 eoisconis.
896 1857 965 1895 ex
995 1842 1220 1895 chthia
1251 1841 1470 1895 quidem
1543 1842 1724 1895 heoti-

137 1839 298 1895 tibus
327 1851 384 1895 et
406 1841 532 1912 aliis
577 1843 865 1912 episcopis,
896 1839 965 1895 ei
995 1842 1220 1912 Scythia
1251 1841 1470 1911 quidem
1487 1839 1726 1912 Theoti-

134 1925 282 1983 mo”
303 1926 369 1983 ex
401 1910 630 1966 Thracia
686 1910 814 1966 vero
845 1910 1111 1983 Ammone
1137 1910 1412 1983 IEgyptio,
1445 1920 1502 1966 et
1528 1911 1730 1983 efoa-

133 1980 281 2036 [alia
336 1981 631 2044 Arahiano,
688 1981 1043 2049 metropolitis
1070 1980 1342 2044 omnibus,
1385 1997 1449 2036 ac
1480 1982 1726 2047 senibus,

131 2053 238 2120 qui
265 2050 462 2176 vigui
511 2052 740 2106 duorum
796 2053 1170 2122 episcoporum
1210 2053 1503 2120 implebant
1535 2065 1727 2106 nume-

138 2137 294 2176 rum.
351 2121 365 2136 '
405 2122 786 2176 nvenientibus
835 2133 1016 2176 autem
1042 2122 1314 2176 omnibus.
1338 2131 1392 2176 et
1419 2121 1726 2176 communi-

138 2137 294 2176 rum.
325 2121 786 2177 Convenientibus
834 2121 1016 2176 autem
1042 2122 1314 2186 omnibus,
1338 2131 1392 2176 et
1419 2121 1726 2176 communi-

138 2191 426 2256 cautibus,
451 2191 736 2247 observato
775 2192 1038 2247 Eusebius
1061 2193 1277 2262 quidam
1312 2191 1728 2262 Valentinopoli-

137 2270 315 2316 tanus
363 2261 649 2331 episcopus
702 2271 1031 2332 congregato
1077 2259 1330 2328 concilio,
1368 2277 1472 2314 una
1502 2259 1727 2316 Salibati

137 2333 346 2395 astitit,
396 2332 724 2402 libellosque
765 2331 988 2386 tradidit
1050 2332 1276 2402 synodo,
1338 2331 1628 2402 praaposito
1673 2339 1730 2386 ut

137 2402 338 2456 decuit
384 2401 610 2458 Joannis
640 2401 886 2464 nomine.
935 2401 1127 2458 contra
1156 2402 1489 2456 Antoninum
1521 2401 1729 2470 cpisco-

135 2487 279 2541 pnm
332 2473 558 2544 Ephesi,
587 2472 1501 2544 septeurCapitula“continentes.
1535 2490 1553 2524 ι
1605 2471 1730 2544 Haec

141 2543 320 2611 igitur
348 2541 596 2612 Capitula
631 2541 902 2598 Palladius
929 2541 992 2596 ex
1025 2541 1215 2596 ordine
1252 2542 1561 2612 singillatim
1591 2542 1730 2596 reci-

137 2623 248 2675 tat,
304 2621 361 2666 et
392 2613 536 2667 inter
584 2612 671 2666 illa
723 2622 958 2677 sextum,
1003 2613 1087 2667 his
1137 2628 1456 2682 expressum
1503 2612 1724 2682 verbis:

141 2682 328 2747 Quod,
359 2699 478 2736 cum
508 2684 662 2738 uxori
697 2684 922 2752 propriae
959 2680 1397 2747 abreuuut‘iasset,
1447 2698 1628 2736 rursus
1650 2680 1731 2736 illi

137 2763 608 2834 c_ougressus“est,
659 2753 900 2823 ﬁliosque
947 2769 1012 2808 ea:
1047 2769 1116 2834 eu
1140 2754 1452 2834 procreauit.
1482 2753 1726 2834 cumque

141 2820 408 2892 deinceps
437 2822 540 2878 alia
568 2820 865 2888 narrasset,
898 2820 1152 2878 nonnulla
1178 2824 1258 2877 sic
1300 2823 1463 2876 etiam
1489 2820 1686 2891 adjecit
1711 2841 1726 2878 :

147 2911 168 2942 ι
210 2891 416 2947 Jubent
465 2896 646 2961 itaque
702 2893 940 2947 libellum
992 2893 1252 2960 recitari;
1303 2893 1554 2961 lectaque
1604 2902 1732 2948 sunt

141 2971 456 3017 memorata
489 2963 766 3033 Capitula.
827 2963 1021 3018 Postea
1049 2964 1232 3018 dicunt
1253 2962 1447 3019 Joanni
1490 2963 1731 3019 seniores

139 3033 394 3103 episcopi
424 3047 440 3086 :
473 3033 590 3088 Etsi
636 3033 1040 3103 unumquodque
1088 3033 1374 3102 capitulum
1426 3050 1520 3103 per
1557 3049 1611 3088 se
1633 3034 1732 3088 im-

139 3105 296 3172 pium
346 3113 444 3174 est,
487 3113 536 3157 et
579 3105 820 3174 uudique
837 3105 1001 3156 sacris
1050 3103 1245 3173 legibus
1275 3104 1732 3174 interdictum,ne

147 3182 332 3226 tamen
364 3173 647 3244 videamur
703 3175 757 3227 in
811 3173 894 3227 his
932 3188 1067 3244 qua:
1099 3181 1350 3244 suggesta
1397 3183 1525 3228 sunt
1550 3173 1732 3244 "nobis

141 3256 317 3298 omne
350 3241 589 3313 studium
624 3258 840 3313 ponere,
893 3241 978 3298 ab'
1014 3257 1080 3297 eo
1122 3241 1264 3313 quod
1287 3243 1730 3313 esthOrribiIius

143 3314 327 3376 dictu,
382 3312 480 3367 ﬁat
530 3311 896 3383 inquisitionis
945 3311 1180 3366 initium.
1209 3311 1460 3383 Sirenim
1499 3312 1625 3367 illud
1653 3314 1734 3366 in-

143 3391 375 3437 ventum
405 3383 573 3439 fuerit
597 3381 808 3449 rerum,
839 3382 981 3436 nulla
1005 3383 1070 3436 de
1104 3381 1352 3451 capitulis
1387 3382 1609 3451 reliquis
1630 3383 1734 3438 erit

143 3455 552 3524 controversia,
602 3468 723 3509 cum
769 3453 984 3524 capituli
1017 3451 1160 3524 illius
1199 3452 1349 3524 radis
1370 3467 1590 3524 omnem
1623 3466 1734 3524 pra}

145 3538 209 3577 se
233 3519 544 3594 iniquitatis
572 3524 806 3593 speciem
834 3519 1013 3577 'lerat.
1051 3540 1070 3574 υ
1101 3521 1228 3594 Haec
1266 3523 1336 3575 ibi
1365 3521 1661 3594 Palladius.
1691 3520 1734 3575 E

144 3591 356 3664 quibus
381 3594 566 3648 itidem
597 3591 719 3664 apte
760 3602 1173 3664 opportuneque
1196 3591 1459 3664 Baronius
1488 3592 1556 3664 ad
1583 3604 1734 3664 eum-

146 3660 278 3717 dem
317 3678 517 3716 annum
569 3660 648 3718 sic
697 3660 948 3716 mouebat
991 3680 1006 3714 :
1059 3660 1096 3714 ‹“
1130 3660 1283 3716 Unde
1307 3671 1362 3715 et
1402 3662 1606 3715 certior
1635 3660 1735 3716 tias

146 3748 344 3788 eorum
378 3750 496 3802 qua:
522 3733 768 3802 superius
790 3733 1056 3786 iaculenta
1088 3743 1234 3794 sunt,
1264 3733 1426 3784 e'.iam
1457 3730 1509 3785 in
1538 3731 1734 3802 Orieng
1759 3759 1764 3764 -

147 3803 247 3856 tali
277 3800 518 3858 Ecclesia
566 3800 884 3873 conjugatos
939 3803 1138 3873 electos
1192 3802 1474 3870 episcopos
1518 3800 1732 3856 nonnisi

147 3886 330 3927 uxore
357 3873 581 3927 dimissa
609 3871 846 3927 ordinari
875 3871 1082 3935 solitos,
1105 3886 1205 3926 nec
1225 3873 1453 3940 amplius
1483 3885 1546 3925 ea
1575 3873 1672 3925 uti.
1711 3888 1729 3922 ι

148 3942 273 4008 Qua
315 3941 395 4014 de
439 3945 840 4014 rehseparatim
875 3957 974 4014 ego
1001 3955 1216 4012 quoque
1267 3942 1598 3997 disserebam
1635 3954 1737 3996 mt-

147 4026 314 4068 mero
336 4010 402 4066 5t
429 4021 486 4065 et
504 4011 596 4067 52.

223 4079 392 4153 LXV.
432 4079 770 4137 Postremum
811 4080 924 4153 jam
971 4081 1186 4153 tandem
1238 4081 1341 4136 hoc
1387 4087 1492 4146 est,
1523 4087 1583 4134 ut
1613 4094 1736 4137 sen-

146 4152 385 4209 tentiam
429 4161 694 4218 nostram,
728 4152 974 4222 praesenti
1005 4152 1179 4222 capite
1208 4152 1638 4222 comprobatam,
1669 4163 1734 4205 eo

147 4223 324 4278 etiam
348 4224 738 4292 coullrmemus
760 4223 979 4278 decreto
998 4221 1290 4292 pontillcio.
1316 4221 1470 4288 cujus
1494 4237 1524 4275 e
1543 4229 1732 4292 sancto

150 4292 407 4363 Ennodio
431 4291 716 4363 iTicinensi
765 4291 1017 4363 episcopo
1045 4292 1366 4363 mentionem
1401 4291 1731 4363 faciebamus

147 4363 338 4433 capite
386 4362 479 4433 2t),
513 4363 568 4417 in
605 4360 1109 4418 sancti'Laurentii
1147 4360 1309 4433 Litta;
1337 4361 1730 4433 archiepiscopi

149 4429 531 4504 nostri__Vita,
563 4447 726 4504 quam
770 4433 911 4504 typis
961 4447 1102 4485 anno
1147 4429 1356 4504 Domini
1399 4431 1536 4504 16ὸᾷ
1564 4429 1732 4484 edidi-

149 4517 301 4558 mus.
343 4501 620 4572 Ejusmodi
669 4501 947 4558 decretum
997 4502 1320 4556 auctoritate
1368 4501 1539 4572 sancti
1581 4514 1732 4569 papIB

150 4570 472 4642 Symmachi
519 4572 796 4642 conditum
852 4572 954 4626 fuit
1009 4585 1150 4626 anno
1185 4570 1615 4642 quingentesimo
1645 4586 1731 4626 sc-

149 4640 355 4715 cuado,
380 4643 528 4703 etab
558 4641 967 4717 archiepiscopo
993 4642 1088 4701 illo
1109 4650 1296 4699 nostro
1325 4640 1724 4716 promulgatum

1764 4177 1814 4240 υ
1836 4167 1960 4240 esse
1984 4153 2142 4240 tete
2164 4153 2493 4240 ,ῖηξςςυςξίρτ

1834 1576 1940 1614 non
1968 1570 2120 1632 optat
2151 1563 2390 1632 agnosci.
2427 1580 2442 1611 ι
2499 1561 2564 1615 Et
2609 1563 2768 1631 paulo
2795 1571 2915 1632 post
2946 1580 2959 1616 :
2991 1579 3010 1614 ί
3049 1564 3220 1628 Unde,
3261 1561 3414 1620 nian-

1828 1645 1961 1684 suro
1999 1631 2122 1684 eum
2176 1631 2267 1684 Dei
2320 1641 2372 1684 et
2428 1631 3000 1701 redemptorisinostti
3046 1634 3410 1700 ordinatione,

1827 1701 2123 1756 constituto
2167 1701 2463 1765 sancimus,
2495 1702 2793 1770 apostolica:
2822 1705 2960 1757 sedis
2994 1705 3129 1756 beati
3165 1702 3312 1759 Petri
3333 1704 3414 1759 vel

1827 1771 2068 1844 jtrtusulis
2119 1771 2239 1844 ejus
2283 1773 2596 1844 auc.’orilote
2648 1789 2801 1844 papa:
2857 1774 3245 1844 subnixi,qtnc
3275 1775 3411 1829 vitia

1829 1840 2099 1913 desiderat
2129 1841 2699 1913 radicitusatnputari,
2722 1840 2799 1896 ἰιι
2826 1843 3004 1896 nullus
3032 1840 3414 1913 religiosorum

1829 1910 1895 1964 de
1920 1911 2242 1982 memoratis
2287 1912 2569 1982 ordinibus
2609 1911 2768 1966 aliter
2793 1928 2958 1982 quam
2985 1910 3195 1981 praelati
3225 1930 3416 1968 sumus

1831 1980 2027 2034 audeat
2064 1981 2524 2056 conversari;_ve_l
2571 1980 2887 2056 quicunque
2936 1980 3414 2056 prmsumpserint,

1828 2065 1950 2104 cum
1982 2052 2275 2106 amissione
2325 2052 2544 2120 pudoris
2571 2052 2837 2106 honorum
2860 2052 3055 2107 damna
3082 2052 3413 2108 sustineant.

1829 2121 2112 2194 Quomodo
2142 2122 2346 2194 grande
2402 2121 2603 2194 malum
2649 2131 2755 2188 est,
2809 2124 3059 2194 dicatam
3084 2122 3191 2194 Deo
3229 2140 3416 2194 persae

1829 2207 1957 2248 nam
1995 2192 2326 2263 salutaribus
2351 2193 2570 2263 monitis
2611 2207 2718 2246 non
2761 2207 2975 2263 parere.
3010 2192 3207 2248 Nullus
3232 2192 3417 2249 secum

1829 2271 2107 2315 extraneas
2134 2261 2320 2314 habent
2347 2261 2590 2332 mulieres
2619 2261 2810 2330 prwtér
2828 2279 3078 2332 personas
3125 2265 3417 2316 cauonibus

1828 2332 2154 2400 designatas,
2184 2345 2252 2385 ne
2281 2332 2488 2400 agendo
2525 2331 2726 2395 taliter,
2771 2331 2986 2390 etiamsi
3020 2335 3126 2384 vita
3161 2333 3234 2386 sit
3258 2331 3420 2386 inuo-

1830 2415 1980 2463 ceus,
2037 2401 2294 2470 damnum
2345 2401 2614 2470 opinionis
2669 2401 2932 2456 incurrat.
2973 2421 2993 2453 t
3061 2402 3185 2456 llzec
3235 2418 3320 2458 ex-
3348 2416 3418 2457 eo

1831 2471 2073 2526 decreto.
2123 2469 2290 2538 Cujus
2354 2469 2574 2539 quidem
2621 2480 2894 2541 postrema
2926 2472 3167 2542 clausula
3201 2473 3418 2542 perspi-

1831 2555 1991 2612 cuum
2043 2549 2126 2595 est
2168 2556 2332 2610 quam
2365 2542 2500 2596 bene
2528 2551 2794 2612 congruat
2815 2558 2937 2597 cum
2969 2559 3031 2596 eo
3057 2541 3257 2596 Nicteni
3285 2559 3420 2598 con-

1831 2611 1944 2665 cilii
1972 2626 2200 2675 canone,
2225 2625 2384 2680 quem
2432 2611 2659 2665 numero
2705 2613 2774 2667 39
2807 2613 3190 2674 recitabamus,
3221 2626 3418 2680 quam-

1831 2695 1937 2750 que
1967 2691 2092 2753 apte
2138 2676 2259 2753 huc.
2290 2682 2455 2736 etiam
2509 2681 2640 2753 illud
2667 2683 2937 2753 pertineat
2964 2685 3138 2738 sancti
3168 2676 3415 2753 Gregorii

1831 2750 2013 2834 pupae;
2042 2750 2219 2834 ᾕδειιὶ
2270 2750 2684 2834 pronuntiatum
2730 2753 2870 2834 libro
2901 2755 3156 2834 sep-timo,
3190 2750 3420 2834 cpistola

1757 2843 1805 2905 ο
1833 2820 1922 2904 Ξῼξ
1947 2823 2028 2905 ad_
2054 2820 2357 2876 Romanum
2374 2821 2755 2905 “Defensorem,
2785 2823 2869 2878 his
2902 2820 3083 2905 verbis
3118 2839 3131 2877 :
3170 2842 3186 2872 ί
3221 2823 3420 2875 Perre-

1834 2894 1915 2947 nit
1963 2894 2030 2946 ad
2076 2907 2175 2946 nos
2215 2893 2478 2962 quosdam
2535 2893 2932 2962 episcoporum,
2995 2895 3094 2948 sub
3149 2900 3417 2962 prietextu

1831 2964 1984 3032 quasi
2009 2962 2208 3026 solatii,
2242 2965 2294 3017 in
2340 2977 2442 3016 una
2472 2962 2634 3016 domo
2663 2979 2787 3018 cum
2829 2963 3148 3019 mulieribus
3189 2977 3419 3017 convcr-

1832 3034 1966 3087 sari.
1995 3033 2061 3087 Et
2095 3033 2236 3098 ideo,
2267 3047 2336 3087 nc
2365 3047 2461 3102 per
2485 3033 2588 3087 hoc
2619 3043 2715 3086 aut
2755 3033 3248 3089 subsannatoribus
3268 3032 3420 3099 justa

1833 3102 2245 3160 obtrectationis
2275 3103 2434 3157 detur
2471 3103 2706 3168 occasio,
2761 3112 2848 3157 aut
2905 3105 3116 3158 facilem
3158 3105 3417 3172 antiquus

1833 3172 2052 3227 immani
2119 3173 2333 3243 generis
2407 3172 2661 3227 inimicus
2727 3175 3016 3228 materiam
3080 3173 3421 3243 deceptionis

1833 3255 2094 3303 assumat,
2129 3242 2288 3312 hujus
2332 3243 2431 3314 tibi
2478 3243 2621 3298 serie
2677 3245 3060 3314 praeceptionis
3093 3242 3421 3314 iniungimus

1835 3321 1893 3366 ut
1917 3321 2200 3367 strenuum
2234 3322 2286 3368 te
2311 3313 2530 3368 studeas
2559 3323 2612 3368 et
2639 3312 2932 3369 sellieitum
2965 3312 3340 3369 exhibere.’l§t
3370 3312 3421 3366 si

1835 3384 1957 3452 quis
1983 3383 2381 3451 episcoporum,
2448 3399 2584 3452 quos
2638 3385 2914 3440 commissi
2968 3385 3064 3438 tibi
3103 3382 3423 3451 patrimonii

1835 3451 1961 3507 linis
1988 3451 2234 3516 includit,
2290 3467 2412 3506 cum
2469 3451 2787 3507 mulieribus
2813 3453 3035 3522 degunt,
3069 3455 3172 3508 hoc
3197 3452 3422 3522 omnino

1835 3535 2171 3591 compescas,
2235 3529 2290 3576 et
2339 3522 2403 3574 de
2451 3531 2648 3576 caetero
2701 3537 2794 3577 eas
2844 3521 2953 3576 illic
2997 3525 3242 3576 habitare
3273 3521 3423 3576 nullo

1835 3593 1997 3646 modo
2042 3591 2301 3660 patiaris;
2330 3592 2555 3661 exceptis
2577 3593 2650 3646 eis
2678 3609 2808 3662 quas
2851 3608 3124 3646 sacrorum
3155 3607 3420 3646 canonum

1835 3677 2057 3716 censum
2086 3662 2360 3731 permittit,
2407 3662 2460 3732 id
2502 3671 2598 3725 est,
2630 3672 2815 3720 matre.
2849 3663 3039 3718 amita.
3063 3676 3330 3732 germana,
3369 3672 3421 3713 et

1836 3733 1958 3786 aliis
2010 3732 2337 3800 hujusmodt',
2395 3731 2459 3783 de
2506 3732 2693 3800 quibus
2738 3748 2899 3800 prava
2948 3731 3073 3784 uon'
3102 3731 3263 3799 possit
3309 3745 3422 3783 esse

1836 3803 2084 3872 suspicio.
2112 3800 2303 3856 Melius
2336 3810 2514 3856 tamen
2549 3803 2772 3872 faciunt,
2809 3802 2852 3856 si
2885 3801 3050 3856 etiam
3083 3815 3114 3854 a
3146 3801 3330 3872 talium
3361 3813 3422 3854 se

1836 3869 2243 3928 cobabitatione
2270 3872 2605 3927 contineant.
2654 3869 2789 3926 Nam
2832 3871 3032 3942 legitur
3056 3872 3198 3942 quod
3227 3871 3422 3925 beatus

1836 3941 2168 4012 Augustinus
2198 3956 2300 4012 nec
2330 3957 2454 3997 cum
2501 3957 2692 3997 sorore
2735 3957 2833 3996 sua
2857 3941 3107 3998 habitare
3133 3953 3424 3994 consensc~

1837 4011 1942 4077 rit,’
1987 4013 2175 4068 dicens
2207 4030 2220 4066 :
2249 4011 2379 4078 Quae
2423 4025 2547 4066 cum
2595 4028 2782 4068 sorore
2829 4028 2946 4066 mea
2999 4018 3146 4074 sunt,
3203 4025 3422 4064 sorores

1838 4096 1972 4139 mem
1993 4097 2100 4138 non
2126 4091 2269 4138 sunt.
2304 4081 2455 4137 Docti
2482 4097 2612 4150 ergo
2635 4082 2734 4136 viri
2763 4081 2996 4146 cautela,
3037 4096 3233 4150 magna
3264 4080 3422 4150 nobis

2597 4168 2682 4208 am
2716 4154 2946 4208 incauta:
2985 4149 3422 4220 praesumptionis

1838 4232 1939 4286 est,
1976 4225 2118 4292 quod
2163 4223 2322 4278 lortis
2364 4231 2543 4292 pavet,
2599 4224 2777 4279 minus
2802 4223 3038 4277 validum
3072 4236 3178 4276 non
3209 4223 3422 4292 timere.

1839 4291 2127 4362 Sapienter
2155 4294 2297 4351 enim
2353 4291 2537 4348 illicita
2565 4303 2808 4362 superat,
2839 4294 2929 4362 qui
2974 4291 3226 4362 didicerit
3251 4291 3421 4344 etiam

1836 4361 1944 4418 non
1977 4365 2051 4419 uti
2083 4364 2375 4420 concessis.
2398 4385 2414 4416 ι
2452 4365 2576 4419 llaec
2600 4361 2818 4431 sanctus
2835 4361 3128 4433 Gregorius
3148 4361 3239 4433 ille
3260 4373 3419 4428 papa,

1838 4449 1964 4489 vere
1992 4450 2240 4504 magnus,
2270 4435 2593 4504 etEcclesite
2620 4436 2810 4504 doctor
2832 4432 3085 4504 eximius,
3107 4432 3299 4504 hisque
3324 4442 3425 4504 nos

1837 4505 2003 4560 etiam
2057 4498 2298 4575 praesens
2346 4513 2509 4574 caput
2545 4503 2655 4560 laeti
2701 4504 2815 4575 jam
2864 4503 3084 4560 tandem
3147 4498 3428 4558 concludi-

1841 4589 1892 4628 ιιι
1899 4591 1960 4631 US
1969 4611 1982 4626 .
