3960 5320
1511 396 1705 440 ΙΝΤΒΔ
1755 396 1979 441 ANNO}!
2025 398 2500 445 Μιιιι-Μιον.

921 947 1210 964 -η--σ-α--ννν-ο-
1231 946 1248 950 -
1265 941 1652 954 ‘—---¢Iw.-———o-'-~

857 855 1679 964 .sipvgrnagoajs
1740 855 2130 968 PRIMUS
2199 857 2518 985 .ABBAS
2595 862 2726 939 ET
2790 842 3379 944 FUNDATORI

1170 567 2022 730 SANCTUS
2098 567 3200 769 QERALDUS,

3134 714 3796 848 gaza:

1543 1161 1895 1282 ViTA
1975 1164 2096 1278 s.
2163 1158 2772 1281 GERALDI

1236 1380 1610 1448 AUCTORE
1668 1382 2078 1448 MONACHO
2141 1384 2546 1450 ANONYMO
2578 1388 3074 1466 SUBZEQUALI.

923 1549 1102 1622 (Apud
1136 1549 1363 1608 Manum.
1395 1550 1525 1607 Acta
1557 1549 1666 1607 SS.
1699 1549 1921 1619 Beucd.,
1955 1549 2047 1620 IX,
2075 1550 2214 1620 886,
2253 1569 2318 1608 ea:
2357 1554 2511 1609 codd.
2545 1571 2672 1611 mss.
2704 1563 2753 1610 et
2783 1555 2955 1628 Aprili
2982 1555 3390 1627 Bollandiano.)

1902 1710 2313 1726 —-———-—

1319 1815 2307 1943 OBSERVATIONES
2408 1826 2968 1936 PREVUE.

581 2021 1199 2098 LHujusbcatiabbatis
1216 2033 1413 2080 nemen
1438 2024 1930 2081 recentio‘resvarie
1952 2025 2086 2082 sc‘ri-
2117 2030 2166 2090 Α
2197 2027 2518 2098 perhibebat
2559 2030 2882 2086 miraculum
2917 2039 3190 2098 patratum
3227 2018 3442 2101 fuisse;
3478 2051 3500 2088 ι
3531 2035 3588 2090 et
3631 2050 3762 2091 nam.

505 2105 663 2185 bunt,
718 2117 808 2172 alii
865 2115 1062 2187 quippe
1106 2130 1231 2170 eum
1299 2113 1591 2170 Geraldum
1641 2113 1746 2169 'aut
1795 2113 2094 2181 Giraldum,

421 2221 424 2224 ’
506 2209 748 2268 nonnulli
772 2208 1082 2268 Girardum,
1116 2206 1360 2278 plerique
1384 2206 1685 2262 Gerardum
1727 2207 1887 2278 vulgo
1911 2208 2097 2279 appel-

2200 2122 2450 2192 sequenti
2484 2139 2499 2177 :
2540 2140 2560 2174 ι
2589 2122 2746 2180 Aliud
2785 2138 3000 2195 quoque
3037 2126 3284 2182 miraculi
3321 2141 3501 2198 genus
3531 2128 3766 2198 praefatus

2198 2214 2365 2270 abbas
2394 2213 2589 2271 Petrus
2615 2217 2889 2270 narrabat.
2923 2235 2941 2269 ι
2978 2216 3182 2272 Deinde
3210 2218 3359 2274 idem
3387 2228 3604 2285 auctor,
3629 2234 3762 2274 nam.

505 2303 654 2377 lant;
683 2316 739 2362 at
769 2306 821 2360 in
850 2295 1234 2361 vetustioribus
1248 2301 1808 2374 Vitae‘eXemplaribus
1831 2292 2098 2363 'Geraldus
2196 2304 2298 2371 32,
2337 2313 2570 2362 testatur
2593 2321 2656 2362 ea
2685 2307 2945 2363 miracula
2982 2324 3102 2378 quae
3130 2311 3452 2377 enarravit,
3484 2326 3546 2368 se
3570 2312 3636 2368 ab
3660 2311 3765 2366 artis

507 2406 818 2456 constanter
844 2397 1063 2453 dicitur.
1091 2397 1446 2453 Consentium
1473 2396 1747 2453 Baldricus
1772 2398 1940 2454 abbas
1971 2408 2097 2454 tunc

504 2490 875 2564 Burguliensis
919 2489 972 2544 in
1017 2489 1185 2556 variis
1232 2488 1522 2559 epitaphiis
1550 2505 1671 2560 qua:
1717 2489 1785 2545 ab
1811 2505 1877 2546 eo
1910 2491 2093 2547 statim

505 2583 628 2659 post
674 2566 828 2637 beati
872 2577 1090 2635 Geraldi
1171 2591 1402 2634 mortem
1472 2579 1777 2650 conscripta
1832 2591 1980 2648 sunt,
2029 2579 2095 2640 aé

508 2671 815 2742 Stephanus
858 2669 1222 2728 Tdrnacensi's
1269 2670 1573 2742 episc-Opus,
1618 2670 1709 2742 qui
1764 2685 2090 2740 sermonem,

506 2764 762 2835 hymnos,
800 2761 1013 2833 aliaque
1057 2763 1108 2816 in
1155 2761 1274 2832 ejus
1318 2759 1613 2816 festivitate
1651 2761 1892 2817 canenda
1926 2763 2094 2821 edidit

506 2853 704 2910 saeculo
729 2853 976 2930 proxime
997 2853 1264 2924 sequenti.
1291 2852 1402 2908 imo
1433 2854 1485 2908 in
1516 2855 1745 2910 vetustis
1775 2857 2089 2913 monasterii

508 2943 918 3013 Silva-Majoris
939 2945 1466 3014 instrumentis,quze
1493 2960 1623 3000 sane
1650 2945 1878 3017 plurima
1903 2963 2090 3018 super.

508 3045 731 3105 sunt,ct
755 3051 822 3092 ex
859 3036 943 3090 his
965 3034 1224 3091 nonnulla
1270 3035 1414 3091 beati
1437 3035 1650 3092 abbatis
1680 3053 1864 3103 manu,
1903 3047 1997 3094 aut
2025 3054 2092 3095 eo

507 3127 744 3182 dictante
776 3135 1034 3192 exarata,
1062 3141 1172 3182 uno
1219 3134 1313 3180 aut
1371 3126 1543 3181 altero
1599 3135 1825 3197 excepto
1880 3127 1934 3182 in
1981 3143 2089 3198 quo

506 3216 792 3273 Geraudus
822 3217 1042 3281 dieitur,
1073 3207 1270 3287 ubique
1299 3216 1565 3274 Gcra’ldus
1600 3219 1834 3288 scriptus
1882 3219 2088 3276 inveni-

507 3319 625 3374 tur;
645 3310 761 3379 ipse
780 3322 910 3363 vero
936 3323 995 3364 se
1013 3307 1303 3364 Geraldum
1329 3317 1423 3364 aut
1449 3309 1744 3367 Giraudum
1773 3321 2087 3370 constanter

505 3407 801 3469 nuncupat.

574 3491 632 3544 2.
673 3489 801 3560 Ejus
838 3491 1015 3546 Vitam
1062 3489 1327 3563 duplicem
1363 3491 1658 3560 habemus,
1707 3502 1990 3566 utramque
2024 3497 2078 3552 in

505 3581 840 3638 monasterio
876 3575 1284 3651 Silvae-Majoris
1320 3583 1479 3654 paulo
1516 3594 1640 3655 post
1675 3576 1842 3655 ipsius
1870 3582 2078 3644 obitum

501 3675 783 3744 scriptam.
815 3672 1086 3738 Auctoris,
1111 3674 1200 3743 qui
1223 3674 1462 3743 priorem
1491 3676 1678 3740 edidit,
1705 3691 1898 3733 nomen
1929 3678 2080 3750 igno—

501 3775 614 3821 tum
632 3774 746 3834 est;
770 3764 992 3820 alterius
1015 3765 1248 3836 scriptor
1271 3765 1327 3820 in
1365 3767 1551 3824 codice
1575 3767 1908 3837 Corb‘eiensi,
1935 3772 2078 3826 umle

498 3873 620 3914 eam
664 3852 1038 3914 Hensehenius
1072 3871 1131 3913 se
1168 3855 1424 3914 habuisse
1471 3858 1663 3914 scribit
1687 3900 1702 3926 ,
1741 3859 2078 3918 Christianus

497 3950 818 4020 appellatur.
843 3949 1082 4020 Uterque
1107 3951 1407 4007 monachus
1433 3950 1553 4017 fuit,
1567 3960 1622 4006 et
1650 3953 1865 4021 quidem
1893 3952 2078 4010 Silva:-

499 4038 743 4109 Majoris,
773 4039 851 4095 uti
883 4053 947 4094 ex
977 4051 1164 4096 earum
1203 4048 1460 4096 contextu
1502 4049 1763 4113 apparet;
1795 4043 1936 4099 unde
1969 4045 2072 4101 mi<

497 4132 606 4186 rari
629 4133 773 4188 subit
796 4132 1032 4202 priorem
1054 4129 1232 4190 Vitam
1257 4132 1326 4190 ab”
1346 4127 1568 4189 alterius
1583 4133 1789 4189 editore
1812 4141 2078 4204 nusquam

496 4223 666 4279 fuisse
694 4222 990 4287 laudatam,
1024 4224 1240 4279 tametsi
1269 4224 1406 4280 nihil
1446 4209 1562 4280 fere
1590 4211 1808 4292 habeat,
1836 4227 2078 4296 exceptis

496 4314 684 4382 paucis
716 4311 997 4366 miraculis
1031 4311 1098 4366 ad
1137 4313 1279 4368 beati
1317 4312 1420 4367 viri
1458 4313 1763 4384 sepulcrum
1803 4315 2031 4384 patratis
2058 4355 2074 4380 ,

495 4412 695 4474 praeter
723 4418 787 4458 ea
817 4416 938 4472 quae
962 4402 1016 4457 in
1043 4401 1213 4472 priori
1237 4401 1360 4460 Vita
1389 4413 1444 4460 et
1467 4405 1683 4475 quidem
1716 4403 1887 4460 fusius
1915 4423 2078 4462 cnar~

499 4502 710 4547 rantur.
739 4492 884 4548 idem
914 4492 1233 4563 posterioris
1265 4493 1400 4548 Vita:
1428 4504 1638 4559 auctor.
1673 4513 1820 4551 num.
1854 4485 1945 4561 27,
1976 4499 2076 4554 mi-

497 4584 739 4639 raculum
777 4582 962 4650 refert,
993 4585 1160 4654 quod,
1199 4586 1400 4654 inquit,
1431 4603 1459 4640 a
1487 4586 1650 4642 Petro
1685 4589 1880 4644 abbate
1917 4589 2074 4658 hujus

498 4675 602 4731 loci
649 4675 878 4746 septimo
909 4693 929 4729 ι
962 4675 1165 4746 scripto
1194 4676 1452 4731 traditum
1487 4696 1504 4728 ι
1538 4678 1751 4743 fuerat,
1781 4679 1924 4748 quod
1951 4679 2072 4748 qui-

496 4766 619 4820 dem
650 4765 998 4832 miraculum,
1035 4781 1155 4821 cum
1195 4767 1246 4820 in
1276 4765 1442 4834 priori
1485 4765 1626 4829 Vita,
1661 4781 1807 4820 num.
1835 4766 1937 4832 50,
1968 4767 2071 4821 ha-

495 4854 707 4918 heatur,
757 4871 1026 4911 nonnemo
1069 4855 1332 4926 suspicari
1370 4864 1553 4926 posset
1593 4853 1811 4910 Petrum
1859 4858 1928 4912 ab
1968 4858 2072 4913 isto

497 4947 771 5002 laudatum
801 4947 987 5018 prima:
1015 4947 1150 5002 Vitae
1177 4956 1456 5002 auctorem
1487 4945 1674 5008 fuisse,
1701 4947 1846 5002 hunc
1865 4946 2074 5003 scilicet

494 5039 693 5110 ipsum,
728 5039 821 5110 qui
851 5053 882 5092 a
912 5039 1069 5093 beato
1095 5035 1330 5092 Geraldo
1361 5036 1412 5091 in
1442 5034 1762 5090 monachum
1800 5046 2069 5106 receptus,

494 5130 611 5200 ejus
639 5141 824 5204 postea
854 5129 1198 5200 capellanus,
1230 5144 1295 5184 ac
1326 5128 1541 5183 tandem
1582 5135 1742 5182 relate
1764 5127 1874 5196 jam
1908 5133 2070 5198 gran-

494 5223 676 5279 daevus
702 5221 964 5295 septimus
989 5218 1088 5275 fuit
1115 5217 1522 5287 Silvae-Majoris
1551 5214 1736 5272 abbas.
1760 5219 1831 5271 At
1853 5218 2069 5286 quomi-

2201 2415 2220 2450 ‹
2253 2398 2345 2468 qui
2383 2413 2447 2454 ea
2484 2399 2791 2455 certissime
2829 2400 3078 2455 viderant
3114 2409 3168 2457 et
3208 2401 3527 2468 audierant,
3561 2421 3584 2456 ο
3630 2415 3764 2456 acce-

2194 2488 2360 2557 pisse.
2405 2487 2559 2556 Quod
2601 2487 2763 2544 Petro
2800 2488 3026 2544 minime
3066 2489 3324 2545 convenit
3349 2530 3367 2554 ,
3405 2491 3672 2561 siquidem
3709 2505 3762 2544 ea

2193 2577 2310 2647 ipse
2356 2592 2540 2638 coram
2581 2578 2790 2649 positus
2825 2579 3032 2633 viderat
3067 2585 3121 2634 et
3148 2579 3388 2650 propriis
3425 2579 3656 2635 auribus
3683 2591 3765 2634 aa—

2193 2668 2386 2724 dierat.
2437 2667 2520 2722 An
2569 2683 2702 2724 vero
2748 2661 3022 2740 posterior
3068 2669 3158 2726 ille
3203 2680 3403 2742 auctor
3448 2673 3632 2730 verbis
3674 2671 3767 2726 iiiis

2191 2760 2390 2830 quibus
2421 2760 2741 2816 miraculum
2780 2775 2814 2816 a
2857 2761 3020 2818 Petro
3047 2761 3243 2818 abbate
3279 2763 3558 2834 scripturn
3602 2763 3764 2817 laudat

2192 2853 2475 2926 designare
2519 2853 2752 2909 voluerit
2793 2855 2971 2910 Vitam
3014 2870 3248 2927 priorem
3301 2871 3474 2927 quam
3522 2873 3555 2912 a
3619 2855 3764 2911 Petra

2191 2946 2385 3002 abbate
2423 2945 2686 3014 scriptam
2725 2945 3094 3003 existimasset
3119 2986 3135 3013 ,
3175 2962 3285 3003 non
3335 2947 3474 3005 licet
3515 2948 3762 3005 divinam

2189 3021 2348 3092 Certe
2382 3035 2580 3106 prioris
2624 3035 2770 3092 illius
2813 3036 2949 3091 Vitae
2990 3032 3212 3101 auctor,
3255 3036 3520 3109 quisquis
3563 3039 3763 3093 tandeu

2189 3127 2384 3192 fuerit,
2426 3137 2693 3198 nusquam
2722 3127 2889 3182 ullum
2919 3127 3062 3182 Petri
3095 3127 3360 3198 scriptum
3392 3128 3466 3183 de
3495 3129 3639 3184 beati
3669 3128 3763 3184 Gel

2190 3212 2322 3274 raldi
2353 3219 2630 3276 miraculis
2653 3218 2991 3286 memoravit,
3018 3234 3137 3282 nec,
3165 3219 3210 3296 si
3235 3217 3543 3289 alitjna'ndo
3564 3221 3762 3290 aliquod

2189 3311 2562 3378 exstiterit,ad
2589 3319 2931 3382 posterorum
2962 3311 3278 3366 memoriam
3305 3312 3589 3384 pervenit.
3613 3310 3764 3367 Caete-

2112 3389 2158 3449 Β
2185 3418 2305 3457 rurn
2331 3412 2530 3473 praeter
2557 3402 2692 3458 duos
2716 3402 2837 3458 illos
2866 3410 3137 3466 auctores,
3165 3401 3312 3457 beati
3337 3401 3570 3457 Geraldi
3602 3402 3763 3458 Vitam

2102 4727 2146 4788 C

2181 3492 2401 3563 scripsit
2435 3491 2675 3550 Joannes
2710 3506 2741 3547 a
2785 3491 2969 3548 Guisia
2996 3533 3011 3558 ,
3055 3491 3199 3549 beati
3242 3492 3525 3547 Vincentii
3565 3491 3762 3546 [audir-

2181 3585 2366 3642 nensis
2411 3584 2609 3640 sazculo
2655 3571 2866 3640 decimo
2905 3592 3098 3654 quarto
3145 3585 3385 3638 exeunte
3425 3583 3633 3648 abbas;
3678 3581 3762 3637 sei

2182 3676 2299 3730 haec
2325 3677 2446 3731 V’ita
2475 3675 2612 3731 nihil
2640 3675 2785 3730 aliud
2816 3684 2901 3730 est
2929 3689 3090 3746 quam
3119 3675 3320 3746 prioris
3350 3675 3496 3730 Vitae
3521 3689 3762 3744 compca.

2181 3767 2346 3822 dium.
2383 3765 2459 3820 Ex
2492 3765 2576 3821 bis
2609 3765 2843 3836 priorem
2877 3763 3050 3820 Vitam
3078 3766 3268 3821 damus
3299 3767 3367 3819 at]
3403 3766 3627 3821 codices
3661 3777 3762 3820 tres

2180 3867 2466 3925 exactam;
2504 3858 2796 3914 secundam
2832 3857 3001 3913 habes
3051 3857 3190 3927 apud
3239 3855 3652 3912 Bollandianos.
3694 3857 3761 3910 De

2179 3950 2429 4005 Baldrieo
2466 3957 2523 4005 et
2547 3948 2668 4004 aliis
2706 3947 3040 4014 auctoribus,
3086 3947 3178 4016 qui
3212 3948 3438 4002 beatum
3476 3948 3760 4004 Ger-aldina

2179 4042 2304 4096 data
2341 4040 2626 4096 occasione
2653 4039 3034 4105 celebrarunt,
3067 4037 3294 4094 inferius
3331 4038 3589 4094 nonnihil
3623 4040 3756 4093 d'ce'

2180 4147 2320 4188 mus.
2360 4133 2432 4188 At
2463 4131 2654 4187 mirari
2696 4131 2842 4187 subit
2877 4131 3065 4186 ambos
3097 4130 3216 4201 ejus
3255 4130 3396 4209 Vita:
3430 4129 3757 4200 scriptorcs.

2178 4223 2270 4294 qui
2319 4223 2372 4280 in
2414 4221 2787 4292 Silva-Majori
2829 4223 3120 4286 vixerunt,
3168 4221 3306 4277 nihil
3347 4223 3469 4278 fere
3507 4211 3576 4277 de
3623 4221 3757 4276 beati

2179 4315 2392 4371 abbatis
2421 4315 2473 4369 in
2512 4313 2605 4370 illo
2649 4313 2980 4370 monasterio
3021 4312 3277 4383 prter-lare
3323 4312 3498 4378 gestis
3541 4312 3756 4366 dixisse.

2179 4406 2359 4475 Quare
2385 4405 2558 4460 visum
2585 4412 2670 4460 est
2708 4402 2868 4475 paulo
2896 4403 3066 4458 fusius
3097 4403 3162 4458 de
3205 4401 3273 4456 iis
3298 4415 3466 4473 agere
3484 4443 3501 4466 ,
3528 4401 3758 4456 maxime

2176 4499 2244 4553 de
2267 4497 2384 4566 ejus
2414 4496 2644 4552 instituti
2677 4495 2731 4551 in
2772 4495 2953 4550 varias
2991 4491 3302 4564 provincias
3346 4492 3754 4564 propagatione.

2177 4603 2296 4657 qua:
2325 4587 2442 4655 ipso
2466 4586 2642 4640 adhuc
2669 4583 2982 4654 superstite,
3007 4592 3066 4637 ut
3095 4592 3241 4652 patet
3267 4596 3339 4638 ex
3362 4583 3534 4637 variis
3562 4581 3758 4636 instar

2178 4677 2403 4743 mentis,
2438 4678 2578 4731 facta
2604 4685 2708 4730 ρει.
2741 4674 2848 4730 Sed
2880 4674 3032 4743 prius
3065 4673 3331 4742 agendum
3362 4672 3556 4744 paucis
3581 4677 3670 4726 est
3692 4669 3756 4724 de

2178 4768 2293 4839 ejus
2338 4768 2404 4821 ad
2445 4766 2627 4821 Sancti
2673 4763 2914 4820 Medardi
2945 4764 3216 4820 abbatiam
3265 4763 3576 4826 electione;
3614 4761 3754 4832 quod

2179 4861 2423 4917 nonnulli
2452 4875 2572 4915 eam
2602 4860 2656 4914 in
2686 4860 2910 4915 dubium
2941 4871 3201 4915 revocare
3231 4872 3341 4912 non
3371 4866 3688 4911 vereantur.

2247 4949 2302 5006 3.
2341 4949 2521 5007 Testis
2549 4958 2636 5007 est
2654 4949 2957 5016 Lisiardus,
3000 4963 3095 5006 seu
3140 4949 3324 5018 potius
3354 4947 3655 5015 ﬂariulfas,
3702 4947 3751 5000 ia

2176 5043 2299 5100 Vita
2335 5044 2509 5100 sancti
2555 5044 2763 5101 Arnum
2810 5043 3052 5115 episcopi
3104 5041 3540 5110 Suessionemis,
3595 5048 3750 5112 quam

2176 5150 2335 5206 supra
2365 5135 2434 5191 ad
2463 5149 2663 5190 annum
2693 5135 2832 5192 1087
2858 5136 3124 5193 edidimus
3145 5175 3162 5200 ,
3193 5135 3416 5192 beatum
3463 5134 3750 5190 εἰει-πιάσαι

2179 5226 2234 5280 in
2285 5227 2534 5281 abbatem
2586 5221 2772 5281 Sancti
2825 5226 3065 5282 Medardi
3138 5224 3551 5280 Suessioneusis
3575 5263 3591 5290 ,
3639 5231 3753 5293 post
