3960 5320
124 367 283 426 1005

564 375 621 430 S.
663 375 962 436 GERALDI
1001 379 1288 442 ABBATIS
1327 385 1865 449 SlLVAE—MAJORIS
1897 393 2074 450 VITA.
2109 427 2179 438 --
2215 398 2600 460 OBSERVAT.
2644 405 2970 467 ΡΒᾹἎἸΕ.

3294 411 3412 475 00³3

110 487 310 535 tamen
341 496 444 536 non
468 483 636 554 pauca
659 492 1039 558 supersuntﬂn
1069 495 1266 564 quibus
1297 497 1412 566 ipsc
1447 499 1710 558 Geraldus
1739 510 1784 568 Α
1814 502 2030 575 aliquod
2081 507 2318 575 facessit,
2365 515 2457 582 qui
2508 515 2683 573 locum
2729 521 2781 575 in
2837 537 2947 592 quo
3010 528 3396 585 monasterium

110 579 365 627 testatur
416 589 494 640 se,
551 577 779 634 dimisso
831 580 1023 638 Sancti
1075 585 1342 642 Vincentii
1389 592 1706 647 monasterii

104 659 500 718 Laudunensis
530 666 816 736 regimine,
845 681 970 740 post
998 675 1180 730 varias
1221 678 1716 750 peregrinationes,“

103 751 238 818 qua:
288 753 344 805 in
406 761 638 824 utraque
684 758 801 813 Vita
850 759 1166 833 singillatim
1217 775 1586 834 recensentur,
1651 772 1705 827 in

100 837 468 907 Aquitaniam
499 849 844 914 pervenisse.
908 850 1061 923 ll'ugo
1122 854 1450 924 Menardus,
1500 860 1594 931 qui
1648 862 1704 917 itt

100 927 594 991 observationibus
611 938 683 991 ad
713 939 1156 1015 Martyrologium
1188 927 1601 1007 Benedictinum
1636 952 1705 1010 ad

101 1017 258 1071 diem
283 1019 530 1089 quintam
554 1024 754 1094 Aprilis
783 1029 926 1086 hunc
939 1029 1076 1086 Vitae
1097 1037 1270 1090 sancti
1296 1037 1503 1094 Amulli
1527 1040 1703 1097 locum

99 1105 325 1174 laudat,
370 1112 544 1168 innuit
584 1117 733 1174 hunc
775 1118 952 1176 locum
1006 1123 1076 1179 de
1126 1135 1314 1182 sancto
1350 1129 1583 1188 Geraldo
1635 1135 1704 1191 ad

98 1197 573 1261 Suessionensem
618 1209 892 1268 abbatiam
946 1212 1119 1272 electo
1162 1218 1232 1274 ab
1284 1225 1706 1282 amanuensibus

99 1290 358 1347 additum
405 1293 592 1364 fuisse,
651 1301 796 1368 quod
847 1303 1002 1371 nihil,
1050 1305 1244 1378 inquit,
1294 1309 1350 1366 in
1385 1313 1500 1368 Vita
1527 1315 1704 1372 sancti

96 1379 333 1438 Geraldi
360 1385 537 1442 simile
563 1393 886 1460 reperiatur.
913 1395 986 1450 At
1025 1399 1354 1470 conjectum
1399 1404 1526 1461 huic
1571 1421 1703 1463 con-

98 1472 336 1528 tradicit
361 1487 602 1535 veterum
625 1484 868 1540 codicum
907 1491 1223 1559 attctoritas,
1256 1496 1326 1549 ad
1353 1510 1490 1566 quos
1519 1495 1699 1556 Vitam

97 1561 250 1619 beati
289 1565 498 1624 Amulli
526 1575 874 1643 contulimus,
926 1578 980 1633 in
1027 1582 1223 1650 quibus
1268 1561 1523 1645 omnibus
1556 1592 1698 1649 beati

94 1651 369 1723 Gcraldi,
439 1660 530 1729 qui
587 1672 775 1730 postea
825 1667 1243 1741 Silvae-Maioris
1300 1677 1357 1732 in
1406 1678 1697 1751 Aquitania

96 1749 429 1802 monasterii
469 1762 663 1807 auctor
687 1754 806 1822 fuit,
830 1760 898 1812 ad
927 1758 1113 1818 Sancti
1163 1765 1402 1824 Medardi
1455 1749 1695 1844 regimen

92 1834 307 1892 electio
335 1837 526 1895 iisdem
551 1845 730 1900 verbis
760 1856 922 1918 atque
946 1853 1136 1909 eodem
1165 1858 1324 1914 modo
1345 1834 1693 1923 describitur.
1729 1851 1771 1908 Β

93 1923 280 1981 Porro
333 1926 610 1988 Lisiardus
661 1937 754 2007 qui
805 1939 945 1997 hanc
1004 1945 1180 2001 Vitam
1239 1955 1597 2024 recognovit,
1638 1967 1695 2014 et

94 2012 407 2083 llariulfus,
453 2023 664 2089 primus
707 2024 825 2096 eius
871 2039 1102 2100 auctor,
1149 2035 1326 2094 beatis
1365 2012 1596 2101 Arnulfo
1637 2056 1695 2103 et

91 2103 340 2163 Geraldo
360 2112 598 2182 :cquales
619 2115 795 2186 fuere,
821 2131 878 2176 et
907 2125 1142 2196 utrique,
1176 2130 1254 2184 uti
1291 2133 1560 2204 conjicere
1585 2148 1689 2207 est,

92 2210 202 2250 non
230 2198 430 2268 ignoti.
457 2202 734 2265 Lisiardus
753 2211 1134 2283 quippe,beati
1160 2220 1371 2277 Arnnlti
1391 2198 1691 2296 discipulus

89 2299 144 2342 et
174 2289 252 2344 ab
281 2307 349 2346 eo
382 2293 434 2347 in
458 2297 843 2358 subdiaconum
878 2308 1162 2366 ordinatus
1199 2316 1341 2384 apud
1372 2289 1690 2377 Suessiones

88 2390 213 2433 erat
268 2380 377 2436 hoc
405 2383 522 2454 ipso
581 2396 830 2461 tempore
871 2409 980 2465 quo
1028 2380 1295 2459 Geraldus
1336 2404 1388 2460 in
1435 2408 1685 2467 abbatem

89 2466 287 2524 Sancti
316 2469 557 2529 Medardi
578 2477 785 2535 electus
812 2481 980 2540 fuisse
1016 2487 1236 2544 dicitur.
1261 2491 1536 2552 llariulfus
1558 2513 1688 2556 vero

88 2560 236 2629 apud
289 2561 598 2634 Centulam,
628 2570 721 2625 ubi
769 2572 938 2630 vitam
996 2581 1355 2640 monasticam
1409 2588 1686 2658 professus

86 2658 193 2716 est,
224 2655 567 2724 morabatur,
597 2659 828 2720 Geraldo
876 2667 1017 2738 apud
1048 2670 1334 2730 Corbeiam
1368 2655 1685 2738 monasterii

87 2744 316 2815 negotia
345 2755 473 2802 tunc
502 2753 761 2829 temporis
807 2771 1157 2827 procurante.
1213 2764 1332 2821 Non
1383 2770 1567 2840 itaque
1615 2775 1682 2830 de

87 2835 192 2892 hac
221 2835 498 2896 electione
541 2842 792 2902 dubitare
844 2846 1005 2917 licet;
1059 2860 1116 2907 at
1167 2853 1326 2912 facile
1357 2835 1680 2918 crediderim

85 2925 386 2984 Geraldum
439 2932 602 3003 lntjus
655 2937 889 2996 abbatis:
950 2947 1347 3014 possessionem
1403 2967 1678 3025 nunquam

85 3018 310 3086 iniisse;
344 3025 670 3102 prohibente
697 3030 909 3088 scilicet
931 3033 1127 3094 Pontio
1156 3045 1474 3103 monasterii
1527 3018 1680 3104 iuva.

83 3122 233 3176 sere,
283 3112 378 3181 qui
426 3113 603 3172 Bertte
660 3120 862 3192 regina:
920 3129 1160 3208 potentia
1207 3131 1403 3201 fretus,
1455 3137 1675 3194 beatum

81 3293 222 3350 Vita:
273 3299 450 3354 sancti
504 3301 738 3359 Amulli.
784 3305 936 3364 Unde
965 3309 1162 3367 mirum
1195 3330 1303 3372 non
1347 3326 1434 3375 est
1461 3320 1507 3376 si
1540 3320 1673 3379 Vitae

81 3385 224 3443 beati
247 3388 469 3448 Geraldi
500 3395 815 3468 scriptores,
846 3401 955 3456 imo
981 3412 1037 3459 et
1065 3405 1180 3475 ipse
1232 3409 1515 3479 Geraldus,
1565 3416 1676 3472 ele-

81 3480 284 3535 ctionis
325 3482 486 3552 huius
528 3501 795 3557 nusquam
844 3496 1216 3564 meminerint,
1267 3514 1430 3570 quam
1479 3519 1673 3577 nempe

77 3580 519 3630 commemorare
570 3577 706 3634 nihil
762 3580 1042 3642 intererat.
1097 3587 1233 3644 Nam
1287 3590 1553 3651 Geraldus
1603 3599 1670 3653 ad

79 3662 403 3718 monasterii
443 3667 682 3737 regimen
743 3688 1020 3744 nunquam
1079 3681 1370 3751 admissus,
1420 3686 1554 3742 nihil
1597 3690 1697 3746 ibi.

77 3763 386 3808 memoratu
410 3756 632 3827 dignum
651 3777 812 3832 agere
839 3768 1037 3836 potuit,
1057 3773 1200 3840 quod
1225 3789 1255 3829 a
1281 3776 1417 3832 Vitae
1441 3781 1670 3852 scripto-

75 3843 230 3898 ribus
260 3858 642 3918 enarraretur;
671 3869 795 3909 cum
843 3868 972 3913 vero
1021 3874 1087 3916 ea
1128 3869 1502 3924 tantummodo
1552 3871 1669 3942 ipse

72 3933 345 3992 Geraldus
384 3938 441 3993 in
486 3940 864 4003 instrumentis
911 3948 1320 4025 Silvae-Maioris
1365 3961 1665 4031 scripserit,

71 4043 192 4096 qua:
243 4038 368 4099 post
432 4031 734 4091 abdicatam
814 4040 1222 4102 Laudunensem
1291 4050 1560 4108 abbatiant
1615 4056 1665 4110 ei

70 4118 444 4186 contigerant,
472 4120 605 4178 nihil
644 4125 711 4180 de
763 4127 851 4182 illa
905 4133 973 4186 ad
1033 4141 1424 4196 monasterium
1476 4142 1663 4200 Sancti

70 4204 314 4262 Medardi
356 4209 623 4270 electione
670 4215 851 4273 dicere
899 4221 1103 4290 debuit,
1157 4241 1278 4297 qua:
1312 4232 1664 4292 verisimilius

70 4295 216 4352 facta
268 4299 483 4356 videtur
537 4313 665 4361 ante
703 4309 843 4364 hanc
871 4312 1289 4388 abdicationem,
1322 4338 1444 4378 cum
1475 4341 1663 4383 mona-

70 4389 300 4445 chorum
329 4407 553 4449 suorum
585 4396 918 4456 inﬁdelitatis
945 4415 1205 4475 pertaesus
1231 4411 1298 4466 de
1338 4413 1440 4471 loci
1483 4428 1662 4475 muta-

67 4479 215 4536 tione
241 4483 532 4553 cogitaret.
571 4486 866 4561 Utriusque
893 4498 1034 4552 enim
1084 4498 1221 4557 Vita:
1269 4517 1459 4563 auctor
1508 4524 1654 4580 eum,

67 4571 295 4628 dimisso
355 4574 730 4637 Laudunensis
771 4589 1084 4645 monasterii
1138 4595 1416 4667 regimine,
1469 4605 1652 4661 statim

65 4662 270 4721 abiisse
296 4681 764 4741 commemorant;
789 4678 940 4733 addit
977 4662 1224 4742 secundae
1261 4688 1397 4747 Vita:
1439 4700 1650 4767 auctor,

66 4754 117 4808 id
161 4771 193 4809 a
239 4757 474 4814 Geraldu
503 4761 706 4818 factum
741 4765 928 4835 fuisse,
955 4779 1012 4826 ut
1037 4773 1104 4828 ad
1131 4791 1372 4835 eremum
1419 4797 1478 4838 se
1524 4801 1654 4842 con-

63 4841 254 4900 ferret.
313 4847 428 4936 Sed
477 4853 542 4906 de
599 4852 716 4922 ejus
754 4860 896 4928 apud
950 4861 1436 4941 Silvam-Majorem
1483 4880 1652 4946 gestis

64 4933 226 4989 modo
245 4933 513 5008 agendum
533 4951 637 4996 est.

131 5024 187 5078 4.
227 5025 437 5084 Ρι-αξιει·
469 5044 531 5085 ea
556 5045 676 5100 qua:
699 5035 767 5089 de
796 5036 934 5095 beati
959 5040 1177 5099 Geraldi
1202 5045 1255 5103 in
1293 5049 1646 5122 Aquitaniam

82 3208 264 3257 virum
295 3208 624 3264 exturbavit.
651 3208 763 3267 Nec
791 3212 947 3283 plura
971 3217 1202 3277 innuere
1221 3224 1438 3282 videtur
1486 3238 1676 3285 auctor
1702 3214 1744 3272 C-

1808 595 2123 650 struebatur
2168 599 2272 655 sibi
2307 603 2525 659 volebat
2550 608 2851 678 vindicare,
2879 614 3022 683 quod
3050 631 3189 672 unus
3217 633 3248 674 e
3283 618 3398 676 suis

1808 687 2090 744 monachis
2141 689 2309 757 illum,
2342 697 2674 754 concedente
2713 701 3075 762 Ermentrude
3120 718 3393 774 matrona,

1807 773 2120 846 aliquandiu
2147 781 2528 842 inhabitasset.
2572 790 2754 846 Atille
2783 809 2946 850 causa
3001 798 3218 854 cecidit.
3271 802 3390 869 Qua

1805 880 1937 924 vero
1951 871 2162 930 ratione
2179 873 2445 936 Geraldus
2469 881 2622 938 illum
2651 887 2868 944 tandem
2897 889 3053 959 plene
3071 894 3390 962 obtinuerit,

1805 972 1869 1013 ex
1902 959 2188 1030 ipsiusmet
2219 969 2551 1037 narratione,
2577 989 2697 1044 qua:
2744 977 2798 1032 in
2821 977 3110 1038 Chartario
3159 983 3392 1043 Silvensi

1807 1049 2063 1120 habetur,
2092 1057 2467 1126 accipiendum
2489 1075 2595 1120 est.

1827 1165 1832 1174 '
1879 1181 1900 1213 ι
1927 1161 2085 1230 Cum,
2109 1165 2304 1237 inquit,
2348 1186 2448 1240 ego
2475 1173 2761 1245 Geraldus,
2803 1181 2930 1239 licet
2956 1184 3196 1260 indigne,
3223 1191 3392 1250 abbas

1806 1252 2130 1322 appellatus,
2188 1259 2424 1327 primum
2475 1265 2530 1321 in
2585 1265 3074 1344 Silvam-Maiorem
3123 1283 3391 1340 venissem

1802 1358 1924 1399 cum
1953 1348 2414 1410 commilitonibus
2446 1357 2600 1424 meis,
2626 1360 2683 1414 et
2721 1362 2931 1430 inloco,
2959 1369 3050 1438 qui
3087 1373 3391 1443 antiquitus

1799 1435 2097 1506 appellatus
2111 1449 2195 1496 est
2213 1443 2638 1516 Altus-Villaris,
2667 1453 2824 1510 nobis
2847 1435 3134 1517 remanere
3157 1435 3390 1532 placuis-

1799 1535 1912 1592 Cet,
1947 1529 2298 1596 qutusivimus
2328 1550 2669 1605 possessores
2696 1542 2798 1598 loci
2829 1545 3026 1616 ipsius,
3049 1553 3388 1623 utipsorum

1798 1619 2151 1677 concessione
2180 1623 2250 1679 ibi
2276 1623 2526 1682 habitare
2555 1646 2862 1700 possemus.
2882 1637 3012 1694 Erat
3038 1619 3256 1711 quidam
3276 1645 3384 1712 vir,

1800 1708 2019 1765 nomine
2052 1711 2344 1784 Autgerius
2372 1717 2440 1773 de
2465 1717 2653 1787 Rions,
2686 1724 2841 1794 cujus
2861 1738 2982 1783 erat
3011 1708 3178 1800 ipsius
3203 1708 3385 1791 allodii

1799 1799 2088 1870 medietas;
2119 1820 2243 1861 nam
2277 1801 2850 1874 alterius'medietatis
2893 1799 3044 1876 multi
3092 1825 3388 1896 partici[cs

1795 1895 1981 1960 erant;
2018 1895 2116 1951 sed
2170 1899 2238 1953 ad
2269 1898 2444 1969 ipsum
2472 1903 2790 1975 Autgerium
2823 1907 3035 1978 justitia
3084 1923 3140 1970 et
3175 1915 3386 1973 deti-ua

1797 1979 1962 2036 totius
1993 1981 2176 2039 allodii
2209 1988 2577 2056 pertinebant.
2619 1991 2721 2050 llic
2755 1995 2940 2068 itaque
2968 2001 3280 2074 Autgerius,
3301 2006 3385 2061 di-

1791 2071 1919 2126 vina
1942 2071 2298 2146 inSpiratione
2320 2085 2648 2151 praeventus,
2663 2087 2926 2160 quidquid
2963 2093 3018 2147 in
3043 2071 3161 2164 ipso
3182 2095 3384 2153 allodio
3452 2083 3466 2093 ’

1793 2160 2031 2219 habebat
2066 2167 2223 2223 nobis
2253 2168 2496 2228 donavit.
2531 2172 2800 2255 Similiter
2823 2160 3095 2240 Olivarius
3115 2185 3183 2242 de
3207 2185 3382 2243 Turre

1789 2262 1845 2310 et
1868 2254 2064 2313 fratres
2093 2261 2210 2323 ejns
2236 2259 2557 2324 Guillelmus
2580 2267 2888 2330 Guilfrandl
2910 2314 2926 2342 ,
2976 2286 3028 2332 et
3061 2277 3335 2340 Arnaldus
3359 2323 3377 2351 ,

1789 2347 2062 2408 Ostendus
2080 2367 2295 2424 quoque
2327 2367 2381 2412 et
2419 2358 2737 2420 Bonazfusus
2763 2366 2831 2421 de
2859 2377 3051 2426 sancto
3090 2347 3376 2444 Severino,

1788 2448 1842 2493 et
1873 2437 1963 2494 alii
1986 2438 2330 2516 plurimi,qui
2360 2452 2574 2518 partem
2598 2453 2909 2515 clamabant
2933 2460 2986 2515 in
3015 2462 3134 2532 ipso
3155 2464 3374 2539 allodio,

1787 2529 2052 2602 quidquid
2075 2534 2146 2589 ibi
2179 2537 2458 2595 habebant
2484 2540 2656 2599 libere‘
2682 2547 2837 2602 nobis
2859 2529 3379 2622 donaveruntJnter

1786 2635 1924 2691 quos
1964 2627 2209 2696 quaedam
2261 2642 2508 2690 matrona
2563 2635 2694 2704 fuit,
2733 2637 2952 2700 nomine
2989 2647 3376 2723 Ermengardis

1788 2716 1858 2772 de
1886 2717 2120 2789 Gistris,
2169 2737 2289 2792 quae
2318 2725 2484 2783 etiam
2521 2740 2732 2800 partem
2785 2751 2941 2792 suam
2996 2742 3156 2800 nobis
3193 2716 3373 2804 dedit.

1785 2804 1893 2863 Sed
1945 2810 2060 2868 haec
2109 2823 2362 2874 matrona
2410 2820 2464 2896 in
2499 2820 2602 2880 hac
2629 2838 2728 2880 sua
2772 2836 2930 2898 parte
2977 2832 3372 2897 habitationem

1782 2899 2004 2958 dederat
2061 2907 2272 2964 cuidam
2324 2914 2594 2970 monacho
2655 2916 3032 2980 Malliaeencis
3089 2930 3368 2995 eoenobii.

1742 3053 1745 3056 _
1780 2992 2081 3052 solitariam
2113 2999 2274 3055 vitam
2306 3003 2508 3062 ducere
2551 3007 2775 3078 volenti,
2803 3027 2868 3069 ea
2895 3007 3099 3086 tamen,
3134 3029 3192 3074 ut
3221 3021 3367 3078 fere-

1778 3084 1960 3152 batur,
1993 3090 2326 3162 conditione,
2358 3098 2599 3167 quandiu
2643 3101 2716 3158 ibi
2758 3105 3021 3165 voluisset
3071 3084 3320 3174 habitare
3350 3131 3368 3171 :

1777 3175 1869 3246 qui
1912 3193 2035 3234 cum
2075 3181 2149 3236 ibi
2204 3183 2451 3243 habitare
2504 3191 2780 3262 coepisset,
2838 3212 2903 3253 ac
2947 3202 3248 3260 oratorium
3300 3206 3371 3262 de

1778 3274 1922 3322 terra
1961 3268 2206 3342 fecisset,
2247 3273 2398 3334 locus
2434 3278 2550 3349 ipse
2596 3285 2664 3338 ad
2704 3289 3028 3344 manendum
3064 3292 3139 3348 illi
3187 3295 3371 3368 displi-

1774 3358 1918 3426 euit,
1939 3359 2440 3440 habitationemque
2469 3370 2524 3430 in
2572 3372 2680 3431 alio
2718 3378 2994 3437 territario
3025 3358 3368 3455 routavit,.ac

1773 3445 1949 3516 ipsam
1979 3454 2262 3522 capellam,
2315 3467 2479 3528 quam
2505 3461 2744 3530 fecerat,
2786 3469 3052 3528 descrtari
3094 3445 3363 3546 permisit.

1772 3537 1873 3596 llic
1896 3556 2018 3597 cum
2047 3546 2289 3604 audisset
2317 3552 2462 3620 quod
2492 3555 2650 3613 nobis
2687 3565 2858 3616 totum
2899 3537 3154 3624 allodiuin
3193 3569 3365 3628 dona-

1774 3637 1887 3685 tum
1917 3641 2080 3701 esset,
2115 3651 2216 3693 nec
2250 3653 2346 3695 sua
2377 3644 2646 3712 particula
2681 3660 2907 3720 excepta
2959 3653 3190 3726 fuisset,
3223 3662 3360 3720 abiit

1771 3719 1838 3774 ad
1866 3735 2021 3778 suum
2049 3727 2319 3796 abbatem,
2349 3734 2572 3792 nomine
2602 3719 2908 3810 Drogonem
2929 3784 2944 3812 ,
2979 3747 3168 3818 reique
3193 3764 3362 3824 gesta:

1770 3810 1845 3867 illi
1879 3813 2140 3873 indicavit
2185 3822 2456 3880 ordinem.
2497 3827 2600 3895 Qui
2633 3830 2801 3888 abbas
2827 3835 2895 3889 ad
2944 3840 3229 3898 concilium
3265 3861 3362 3900 ve-

1768 3905 1870 3973 nit,
1903 3909 2050 3977 quod
2079 3924 2145 3965 eo
2190 3921 2431 3985 tempore
2461 3917 2516 3973 in
2543 3919 2920 3995 Burdigalensi
2952 3931 3086 3988 urbe
3114 3932 3240 4003 fuit,
3291 3953 3359 3994 ac

1767 3995 1834 4051 de
1865 3998 2020 4055 nobis
2045 4004 2187 4071 quod
2212 4005 2453 4065 ecclesia:
2493 4023 2604 4069 sua:
2629 4020 3024 4086 possessionem
3068 4025 3356 4088 invasiss3-

1739 4102 1887 4144 ~mus
1931 4089 2002 4145 ibi
2033 4095 2428 4162 querimoniam
2480 4102 2630 4160 fecit.
2663 4108 2734 4163 At
2781 4126 2880 4167 nos
2911 4117 3086 4188 magis
3111 4119 3354 4180 volentes

1765 4178 1946 4233 omnia
1999 4181 2303 4254 relinquere
2356 4205 2519 4260 quam
2567 4193 2862 4269 quidquam
2914 4178 3038 4260 cum
3073 4207 3171 4265 lite
3212 4216 3347 4268 reti-

1765 4283 1916 4335 nere,
1956 4273 2154 4344 quippe
2199 4279 2291 4348 qui
2336 4291 2523 4339 nostra
2573 4287 2981 4364 dimiseramus,
3013 4314 3112 4370 pro
3159 4307 3349 4376 aequi-

1763 4364 1932 4419 renda
1968 4381 2100 4437 pace
2129 4371 2437 4441 rogavimus
2467 4375 2726 4437 domuum
2761 4385 3012 4445 Amatum
3045 4391 3348 4454 Romanum

1761 4453 1995 4526 legatum
2027 4499 2043 4525 ,
2089 4475 2153 4515 ac
2181 4463 2438 4522 domuum
2467 4468 2814 4530 Guillelmum
2837 4494 3047 4549 magnae
3075 4490 3352 4546 memoria:

1682 4571 1734 4630 Β
1760 4543 2065 4612 Aquitania:
2118 4549 2306 4607 ducem
2342 4559 2710 4631 comitemque
2752 4564 3160 4644 Pictavensem,
3196 4580 3351 4651 cujus

1761 4637 1997 4694 consilio
2025 4649 2082 4694 et
2104 4645 2306 4701 auxilio
2343 4647 2394 4701 in
2437 4654 2698 4720 praedicto
2733 4655 2852 4714 loco
2890 4677 3348 4740 remanseramus,

1760 4733 2028 4796 quatenus
2058 4731 2132 4787 illi
2186 4736 2254 4792 ab
2283 4737 2398 4806 ipso
2434 4742 2629 4800 abbate
2677 4748 3038 4818 impetrarent
3076 4769 3136 4814 ut
3172 4731 3346 4833 ipsam

1758 4817 2075 4886 particulam
2099 4824 2257 4880 nobis
2283 4840 2404 4881 eum
2428 4843 2564 4898 pace
2584 4817 2905 4905 dimitteret,
2929 4843 3072 4898 unde
3093 4817 3350 4908 videlicet

1758 4905 1892 4960 nihil
1917 4908 2143 4977 proﬁcui
2175 4913 2432 4984 haberet,
2462 4934 2566 4974 nec
2597 4926 2773 4997 magis
2803 4928 2878 4984 ibi
2910 4931 3145 4990 ferarum
3183 4955 3347 5010 quam

1758 4995 2038 5054 hominum
2064 5017 2128 5058 ac
2148 5003 2258 5060 Deo
2280 5001 2630 5067 servientium
2655 4995 3054 5078 habitationem
3077 4995 3347 5099 diligeret.

1755 5088 1860 5147 Sed
1894 5090 1984 5146 ille
2004 5095 2073 5150 ab
2094 5096 2180 5152 his
2208 5105 2261 5153 et
2289 5098 2358 5154 ab
2387 5100 2510 5156 aliis
2539 5103 2786 5174 pluribus
2806 5113 3078 5185 episcopis
3115 5088 3350 5176 etvbcnis

61 5113 316 5181 adventu,
345 5129 402 5175 et
441 5119 849 5194 Silrm-Majoris
899 5137 1212 5192 inanesterii
1267 5113 1441 5200 init-iis
1483 5146 1651 5207 habet
1751 5113 2138 5216 :ef'fl'ifmﬂ
