3960 5320
577 313 599 368 1
611 307 710 367 007

1531 304 1587 360 S.
1630 300 1927 360 cansam
1968 301 2258 358 ABBATIS
2293 299 2838 358 SlLVAi-MAJORIS

3699 305 3814 362 ιω

573 433 812 483 nostram
885 423 1234 495 petitionem;
1283 382 1373 492 qni
1422 423 1654 494 primum
1723 423 1940 494 quidem
1993 423 2149 479 valde
2177 421 2386 486 Avire.
2457 421 2563 478 Sed
2613 431 2669 478 et
2714 424 2818 478 hoc
2877 421 3172 480 stabilitnm
3220 430 3306 482 est
3347 419 3420 478 ab
3457 420 3598 492 ipso,
3649 421 3816 474 eodem

570 515 1036 574 contradixerunt.
1072 515 1179 571 Sed
1217 515 1429 570 tandem
1462 514 1694 570 convicti
1726 514 1954 580 ratione,
2001 516 2146 584 quod

567 624 676 664 non
713 615 858 664 esset
900 606 1152 664 charitati
1195 604 1372 660 simile
1398 613 1457 658 ut
1486 604 1539 660 id
1587 604 2047 669 eontradicerent,
2077 604 2145 660 ad

563 702 664 757 Dei
720 701 1020 764 servitium,
1073 699 1217 752 unde
1262 696 1467 751 nullum
1510 697 1773 752 haberent
1822 694 2140 758 subsidium,

567 806 846 848 assensum
875 788 1243 860 praebuerunt.
1280 787 1469 856 Itaque
1495 789 1727 842 domnus
1774 786 1950 858 Drogo
1977 787 2145 843 abbas

565 898 686 939 cum
711 895 977 936 consensu
1007 879 1392 934 monachorum
1418 878 1680 948 quidquid
1712 878 1764 931 in
1815 877 1932 947 ipso
1984 878 2144 932 nobis

563 973 764 1026 donato
812 969 1010 1023 allodio
1039 967 1308 1022 clamabat
1338 967 1572 1030 dimisit;
1627 967 1888 1033 nobisque
1913 965 2141 1020 liberum

563 1063 854 1127 concessit,
879 1069 1148 1131 prtcsente
1168 1058 1367 1113 domno
1390 1058 1588 1111 Amato
1610 1074 1670 1112 ca
1681 1058 1737 1111 rd
1747 1057 1872 1111 inali
1899 1057 2144 1110 llomano

563 1168 684 1210 cum
709 1151 1004 1221 capellanis
1025 1151 1137 1204 suis
1167 1146 1408 1218 Litgcrio
1431 1156 1484 1203 et
1507 1147 1749 1213 Arlaldo,
1771 1156 1826 1202 et
1875 1147 2142 1202 monacho

561 1253 748 1300 nostro
769 1243 1009 1298 Litherio
1030 1258 1154 1300 cum
1187 1241 1387 1297 famulo
1415 1256 1514 1294 suo
1546 1241 1786 1295 Erlaino.
1834 1259 1853 1293 ι

631 1336 683 1391 5.
723 1335 927 1406 Adepla
952 1335 1134 1404 itaque
1156 1333 1313 1403 plena
1337 1341 1391 1385 et
1417 1331 1583 1386 libera
1601 1331 1864 1386 Silvensis
1884 1330 2140 1386 territorii

560 1426 902 1497 possessione
949 1424 1240 1490 Geraldns,
1288 1423 1726 1494 Burdigalensem
1787 1423 2145 1492 archiepisco-

559 1534 712 1590 pum,
739 1517 790 1572 in
815 1515 968 1585 cujus
989 1524 1107 1569 erat
1139 1514 1392 1579 dioecesi,
1415 1514 1568 1578 adiit,
1595 1523 1652 1568 ut
1684 1515 1750 1567 ab
1771 1529 1835 1568 eo
1863 1522 2139 1568 monaste-

559 1609 627 1664 rii
653 1609 732 1679 sui
758 1607 1061 1662 libertatem
1093 1606 1384 1661 obtineret.
1414 1604 1649 1659 Facilem
1685 1614 1792 1658 tam
1825 1605 1995 1659 sancti
2037 1605 2138 1660 viri

559 1701 816 1771 precibus
868 1713 1150 1770 assensum
1192 1697 1421 1769 praebuit
1473 1697 1592 1766 pius
1645 1697 1872 1751 antistes
1907 1736 1924 1763 ,
1982 1696 2140 1767 eique

2248 523 2507 586 precante
2558 514 2871 582 Willlelmo,
2913 523 2974 572 ut
3025 516 3071 572 si
3119 517 3474 586 quandoque,
3521 513 3817 581 disponente

2247 605 2488 670 Christo,
2563 605 2686 660 villa
2754 607 3010 672 creverit,
3095 607 3452 662 nihilominus
3509 603 3568 658 in
3622 617 3686 655 ea
3737 617 3816 654 ar-

2246 699 2648 770 chiepiscopus,
2699 698 2785 754 vel
2855 699 3085 770 quilibet
3155 700 3404 756 minister
3476 697 3638 766 ejus,
3683 695 3818 762 quid-

2245 801 2408 861 quam
2465 790 2662 846 habeat
2697 788 2839 858 juris
2888 803 2988 847 nec
3043 791 3096 846 in
3143 790 3360 847 clericis
3389 804 3497 846 nec
3544 789 3602 842 in
3643 787 3811 848 laicis;

2245 881 2338 937 sed
2365 879 2548 935 omnia
2582 879 2892 934 referantur
2935 880 3000 935 ad
3032 881 3244 937 abbatis
3288 878 3710 950 dispositionem
3745 876 3814 930 vel

2245 970 2702 1041 congregationis.
2735 971 2843 1025 iloc
2863 971 3029 1026 etiam
3053 971 3156 1025 sibi
3191 969 3458 1040 nobisque
3491 969 3743 1038 providit,
3767 978 3813 1018 ιιι

2244 1060 2596 1115 nihilominus
2626 1061 2980 1115 ecclesiarum
3013 1060 3519 1123 consecrationem,
3545 1071 3816 1125 sacrosque

2244 1154 2486 1218 ordines,
2527 1151 2611 1206 vel
2654 1153 2897 1208 chrisma
2925 1153 2994 1207 ab
3036 1152 3450 1222 archiepiscopo
3481 1149 3810 1218 accipiamus.

2243 1258 2366 1299 cum
2412 1257 2636 1298 necesse
2664 1241 2852 1298 fuerit.
2896 1241 3003 1297 Sed
3033 1242 3147 1298 haec
3174 1241 3503 1296 constitutio
3535 1241 3728 1294 iterum
3759 1239 3816 1291 ab

2243 1335 2430 1390 eodem
2464 1333 2672 1388 lirniata
2700 1344 2783 1388 est
2816 1333 2869 1388 in
2910 1333 3157 1404 proximo
3183 1331 3441 1395 concilio,
3475 1327 3814 1400 prmseut'ilms

2244 1425 2504 1480 Romanis
2555 1423 2747 1494 legatis
2800 1424 3025 1493 llugone
3069 1435 3232 1493 atque
3279 1422 3505 1485 Amata,
3561 1419 3813 1486 multoque

2243 1518 2471 1572 aliorum
2502 1517 2882 1586 episcoporum
2929 1517 3176 1588 collegio.
3211 1515 3326 1569 Iloc
3377 1529 3610 1584 quoque
3645 1513 3812 1564 delini-

2244 1621 2356 1668 tum
2386 1620 2575 1676 estut,
2613 1611 2656 1666 si
2685 1610 2805 1680 quis
2833 1610 2936 1665 hoc
2963 1610 3241 1668 decretum
3270 1607 3484 1662 violare
3516 1605 3810 1664 tentaret-it,

2242 1717 2301 1757 se
2332 1701 2467 1756 sciat
2513 1701 3071 1766 ercommnnicatum,
3121 1700 3296 1754 donec
3327 1696 3690 1758 satisfecerit,
3720 1705 3812 1747 lam

559 1791 955 1864 amplissimum
1019 1790 1360 1860 privilegium
1408 1790 1709 1853 concessit;
1760 1789 1922 1858 quod,
1974 1804 2040 1843 ne
2090 1789 2142 1842 in
2178 1789 2219 1842 B
2246 1791 2312 1844 ab
2345 1779 2756 1859 archicpisrdpo
2785 1804 2950 1858 quam
2993 1788 3061 1843 ab
3099 1787 3356 1842 erunibus
3381 1785 3478 1855 qui
3528 1783 3811 1838 {neruntin

551 1891 837 1954 posterum
865 1882 1177 1946 violaretur,
1207 1882 1258 1936 in
1288 1881 1518 1936 concilio
1545 1881 1911 1950 Burdigalensi
1937 1879 2168 1934 abaliiS'

555 1975 901 2044 pontiﬁcibus
922 1983 978 2030 et
996 1973 1280 2029 abbatibus
1295 1973 1604 2044 conﬁrmari
1630 1974 1858 2026 curavit.
1875 1973 1936 2026 -1.1
1962 1973 2137 2042 ipsum

549 2073 746 2118 narrat
771 2067 962 2119 beatus
991 2064 1159 2118 abbas
1189 2063 1242 2118 in
1273 2063 1552 2118 notitia‘ca
1585 2063 1649 2117 de
1679 2079 1736 2117 re
1759 2061 1923 2126 facta,
1975 2077 2137 2132 quam

556 2155 612 2209 in
668 2154 955 2210 Chartario
991 2155 1312 2210 monasterii
1345 2155 1412 2209 ad
1447 2163 1788 2223 posterorum
1820 2152 2136 2208 memoriam

557 2247 791 2326 describi
817 2247 1030 2303 curavit
1054 2246 1274 2302 sub-hac
1297 2245 1467 2301 forma
1493 2263 1510 2302 :

631 2360 650 2393 ι
695 2341 888 2397 Omnia
911 2351 1029 2404 orta
1052 2340 1331 2406 occidunt,
1375 2347 1430 2394 et
1480 2349 1637 2395 aucta
1678 2347 1987 2404 senescunt,
2035 2351 2138 2395 nec

554 2432 781 2488 multum
813 2431 1048 2486 hominis
1091 2438 1300 2501 tempus
1331 2431 1705 2502 protenditur,
1757 2432 1984 2502 ejusque
2026 2444 2141 2486 me-

555 2509 724 2579 moria
745 2523 1064 2580 brevissima
1087 2525 1379 2594 probatur;
1405 2523 1499 2592 sed
1551 2523 1752 2578 oblivio
1791 2539 1865 2578 ne
1910 2539 2138 2594 prorsus

551 2615 827 2686 praeterita
859 2613 1166 2680 absorbent,
1193 2629 1418 2670 necesse
1443 2623 1528 2671 est
1553 2623 1611 2668 ut
1655 2629 1834 2670 rerum
1861 2625 2134 2685 gestarum

550 2707 800 2762 notitiam
834 2706 1016 2762 littera
1041 2708 1293 2773 retineat,
1319 2716 1586 2777 quatenus
1614 2707 1744 2777 quid
1779 2707 1847 2761 sit
1879 2706 2137 2762 mutabile

551 2798 766 2856 futuros
790 2815 896 2854 non
925 2799 1115 2856 lateat.
1139 2801 1304 2871 Igitur
1351 2802 1455 2857 hoc
1503 2817 1740 2872 praesens
1771 2817 1876 2858 non
1928 2803 2136 2873 ignoret

551 2889 818 2953 Ecclesia,
851 2890 946 2945 sed
978 2903 1080 2946 nec
1110 2891 1403 2960 posteritas
1431 2892 1556 2946 hinc
1604 2893 1806 2948 luerent
1859 2894 2132 2964 ambigua,

551 2981 693 3050 quod
747 2989 934 3036 nostra
989 2989 1199 3052 gestum
1259 2990 1344 3036 est
1397 2983 1703 3052 prmsentia.
1774 2982 1887 3052 Ego
1955 2983 2136 3052 itaque

553 3060 818 3125 Geraldus
873 3071 984 3126 Deo
1026 3071 1291 3142 largiente
1329 3071 1522 3136 abbas,
1574 3073 1824 3141 quamvis
1862 3072 2132 3141 indignus,

552 3159 643 3213 diu
676 3169 987 3229 Optavcram
1015 3162 1150 3232 eripi
1196 3163 1263 3217 de
1308 3163 1597 3216 mundanis
1639 3163 1909 3228 ﬂuctibus,
1941 3165 2135 3235 quibus

554 3250 926 3304 contundebar
967 3252 1148 3306 acrius
1191 3267 1353 3320 quam
1407 3253 1610 3321 fragilis
1637 3253 1780 3308 ferre
1813 3265 1990 3325 posset
2023 3255 2136 3309 ani-

554 3355 694 3395 mus.
721 3339 988 3395 Caeterum
1015 3341 1242 3411 subjecti
1278 3343 1409 3397 mihi
1438 3344 1616 3400 minus
1660 3345 2006 3412 obediebant,
2037 3357 2135 3400 nec

551 3419 742 3505 eorum
773 3431 947 3486 ferrea
975 3432 1170 3488 molliri
1203 3441 1424 3505 pectora
1447 3437 1903 3507 quiverant,qnos
1917 3439 2130 3507 quidem

551 3519 832 3574 saecularia
862 3519 980 3590 plus
1007 3521 1174 3576 nimio
1213 3523 1424 3594 negotia
1451 3525 1822 3581 induruerant.
1871 3527 2130 3598 Denique,

551 3619 887 3668 monstrante
911 3612 1090 3668 divina
1124 3613 1409 3670 clementia
1445 3625 1660 3686 portum
1692 3618 1900 3682 salutis,
1933 3619 2134 3690 placuit

526 3692 732 3756 lanimo
755 3711 910 3756 antra
944 3713 1127 3774 petere
1157 3705 1480 3769 solitudinis,
1515 3692 1610 3761 ubi.
1635 3708 1776 3761 nulla
1799 3717 1942 3764 esset
1969 3724 2135 3764 saccu-

549 3791 682 3848 laris
709 3792 977 3848 habitatio
994 3795 1249 3849 hominis.
1268 3796 1454 3866 Itaque
1470 3783 1856 3852 commendata
1877 3799 2128 3870 episcopo

551 3898 678 3938 cura
710 3885 984 3938 commissi
1025 3887 1223 3956 gregis,
1246 3902 1495 3958 egressus
1524 3904 1642 3943 sum
1686 3889 1753 3944 de
1802 3891 2132 3946 monasterio

551 3973 636 4046 (S.
653 3975 916 4031 Vincentii
934 3976 1205 4048 Laudun.)
1229 3970 1613 4034 comitantibus
1634 3981 1842 4049 paucis,
1873 3981 2130 4051 ignorans

549 4067 769 4121 omnino
825 4083 931 4136 quo
988 4084 1180 4124 cursus
1233 4069 1376 4124 foret
1428 4069 1657 4125 itineris.
1734 4070 1838 4125 Sed
1910 4071 2125 4124 tandem

551 4155 778 4209 Domino
803 4157 1055 4222 ducente,
1084 4157 1281 4227 quippe
1304 4157 1394 4227 qui
1436 4173 1710 4228 nunquam
1735 4159 1886 4213 abest
1911 4173 2130 4228 speran-

553 4245 693 4298 tibus
735 4245 786 4299 in
828 4261 886 4302 se
914 4287 928 4311 ,
979 4249 1324 4318 pervenimus
1371 4249 1436 4302 ad
1495 4248 1747 4303 domuum
1804 4248 2131 4304 Willelmum

549 4336 922 4410 Pictavenscm
974 4341 1269 4406 comitem,
1325 4340 1500 4394 virum
1570 4341 1810 4410 apprime
1873 4343 2128 4408 nobilem,

549 4427 716 4482 totius
745 4444 962 4498 quoque
990 4429 1295 4508 Aquitania:
1323 4429 1532 4497 ducem,
1559 4431 1648 4498 qui
1676 4430 1853 4484 lucum
1885 4432 2132 4485 attribuit

548 4518 706 4574 nobis
749 4533 1081 4589 congruum,
1138 4520 1474 4591 Silva-Major
1531 4531 1915 4592 nuncupatum.
1981 4522 2132 4589 Quod

548 4608 805 4664 allodium
857 4611 928 4665 ita
983 4611 1137 4667 nobis
1167 4611 1234 4667 ab
1264 4612 1355 4666 illo
1393 4613 1694 4667 absolutum
1743 4614 1987 4667 redditur
2013 4623 2069 4668 ut
2099 4631 2129 4670 a

550 4700 695 4756 nullo
718 4702 787 4757 ibi
822 4702 1118 4774 quidquam
1142 4704 1278 4776 juris
1310 4705 1638 4775 requiratur,
1660 4705 1797 4760 sicut
1828 4706 1991 4760 etiam
2022 4706 2124 4760 alia

548 4789 789 4846 chartula
817 4803 1062 4848 Iestatur.
1093 4795 1225 4851 Cum
1253 4811 1382 4867 ergo
1413 4796 1482 4850 ibi
1509 4795 1698 4851 vellem
1732 4797 1969 4866 incipere
2011 4813 2124 4851 mo—

548 4883 1098 4954 nasteﬁum,perrexi
1140 4888 1205 4942 ad
1251 4887 1504 4942 domuum
1535 4887 1878 4944 Goseelinum
1930 4889 2120 4944 Burdi-

547 4971 817 5041 galc'nscm
892 4978 1394 5047 archiepiscopum,
1454 4978 1508 5033 in
1588 4979 1742 5048 cujus
1812 4980 2123 5048 epiSCOpatu

547 5067 862 5136 przedictum
907 5080 1024 5128 erat
1075 5073 1348 5137 allodium,
1399 5071 1513 5140 ejus
1566 5075 1782 5143 quidem
1840 5084 2125 5145 rogaturus

547 5158 882 5213 beneﬁcium.
916 5159 1041 5225 Qui,
1094 5159 1486 5215 interveniente
1544 5163 1766 5228 praefato
1808 5163 1964 5226 duce,
2008 5162 2121 5230 jam

545 5248 839 5320 incoeptum
867 5253 1251 5306 monasterium
1298 5252 1368 5306 ita
1426 5253 1573 5306 omni
1611 5253 1829 5306 donavit
1875 5253 2122 5307 libertate

2240 1878 2486 1935 concilio.
2526 1877 2739 1933 Necnon
2785 1887 2837 1933 et
2866 1878 2995 1942 hoc,
3015 1876 3338 1932 consulente
3369 1875 3581 1929 domno
3610 1875 3803 1932 Amata,

2240 1968 2618 2023 constituimus
2647 1977 2704 2021 ut
2735 1969 2833 2022 hoc
2862 1967 3168 2022 emnobinm
3192 1965 3545 2020 solummodo
3569 1964 3807 2016 Romae:

2240 2057 2382 2113 foret
2410 2058 2667 2112 Ecclesiae
2689 2057 3010 2128 subjectum,
3044 2056 3222 2124 obque
3249 2055 3332 2109 sui
3367 2055 3603 2108 tutelam
3639 2053 3812 2107 domno

2237 2149 2532 2220 apostolico
2564 2148 2803 2220 singulos
2832 2163 3003 2203 annos
3039 2149 3274 2202 solVenet
3323 2162 3534 2201 munus
3581 2147 3803 2215 quinque

2237 2241 2637 2296 solidorum.At
2665 2256 2764 2309 ego
2781 2241 2893 2306 jam
2920 2239 3253 2294 descendens
3275 2238 3328 2292 in
3356 2238 3638 2293 defectum
3662 2238 3814 2290 atatis

2238 2335 2542 2404 decrepitzc,
2587 2335 2810 2404 jamjam
2860 2349 3045 2387 curam
3097 2333 3496 2386 monachorum
3543 2330 3808 2399 eripit-Iram

2238 2424 2533 2489 dimittere,
2559 2434 2726 2492 atque
2752 2424 2932 2476 minus
2963 2423 3108 2476 utilis
3141 2423 3352 2477 meliori
3380 2423 3605 2478 cedere.
3638 2422 3814 2474 \‘ennl

2237 2515 2467 2569 domnus
2517 2514 2744 2568 Amatns
2773 2529 2800 2566 a
2833 2516 3036 2568 nostris
3089 2519 3313 2583 rogatas
3365 2512 3660 2575 fratribus,
3705 2510 3814 2564 limi

2234 2607 2369 2660 totis
2398 2605 2708 2659 resisterent
2740 2603 2972 2663 nisibus.
3004 2613 3183 2656 tamen
3213 2601 3341 2656 mihi
3367 2618 3434 2656 ex
3467 2613 3628 2672 parte
3652 2599 3814 2653 domui

2237 2698 2513 2770 apostolici
2539 2705 2770 2751 testatus
2793 2694 3178 2756 obedientiam,
3201 2708 3396 2748 eorum
3423 2691 3817 2748 commendari

2235 2788 2656 2858 providentiam.
2704 2786 2839 2840 Acta
2871 2795 2953 2838 cst
2982 2800 3112 2838 vero
3140 2783 3455 2853 supradicta
3486 2782 3817 2838 centu-aratis

2236 2877 2607 2949 Burdigalensi
2637 2877 2941 2932 civitatein
2973 2875 3226 2938 concilio,
3281 2890 3428 2929 anno
3459 2874 3531 2928 ab
3565 2873 3812 2928 lucanu-

2237 2971 2382 3025 tione
2425 2969 2633 3024 Domini
2675 2968 2830 3032 1080,
2867 2967 3162 3022 indictione
3202 2981 3260 3020 ιη
3290 3005 3306 3030 ,
3355 2975 3551 3035 epacu
3583 2981 3730 3020 xm.
3761 2969 3815 3016 lx

2237 3059 2417 3114 Nonas
2465 3059 2759 3124 Octobris,
2792 3075 2922 3140 .rm
2977 3073 3117 3110 anno
3190 3055 3277 3108 Vll
3322 3054 3575 3126 Gregorii
3637 3068 3815 3124 papa.

2161 3133 2206 3195 (ἶ
2237 3149 2480 3220 Philippo
2512 3150 2563 3202 in
2603 3133 2829 3202 Francia
2884 3157 3170 3218 regnante.
3202 3148 3260 3201 S.
3297 3146 3550 3200 Willelmi
3601 3147 3816 3215 Aquita-

2241 3240 2448 3294 nieusis
2477 3239 2648 3294 ducis.
2698 3240 2974 3293 Conﬁrma
3004 3240 3042 3307 'j‘
3083 3238 3185 3292 hoc
3235 3238 3398 3292 Deus.
3448 3237 3564 3306 Ego
3595 3241 3816 3290 Amatns

2235 3331 2544 3401 apostolica:
2598 3333 2743 3386 sedis
2810 3331 3016 3397 legatus
3068 3331 3332 3384 conlirmo
3375 3329 3438 3398 -ξκ
3515 3329 3634 3398 Ego
3678 3328 3814 3394 llugo

2233 3423 2376 3475 sedis
2422 3421 2730 3490 apostolica)
2778 3421 2983 3490 legatus
3033 3421 3299 3474 conlirmo
3335 3419 3398 3488 ἦ.
3442 3420 3558 3489 Ego
3617 3417 3816 3473 Goer-li—

2233 3527 2335 3567 nus
2399 3512 2804 3582 llurdigalensis
2859 3511 3308 3580 archiepiscopus
3364 3520 3640 3586 pnesente
3697 3525 3818 3560 cnn-

2233 3601 2356 3656 eilio
2401 3603 2642 3656 concedo
2681 3611 2736 3655 et
2786 3600 3048 3656 confirmo
3177 3598 3237 3651 S.
3268 3597 3483 3651 Rodnlﬁ
3537 3597 3815 3651 Turnus-n-

2232 3693 2307 3749 sis
2357 3692 2778 3762 archiepiscopi.
2832 3691 2890 3744 S.
2927 3689 3179 3744 Willelmi
3210 3688 3509 3744 Anxiensis
3556 3684 3818 3754 archiepi-

2232 3785 2399 3853 seupi.
2431 3783 2489 3838 S.
2515 3782 3109 3842 BosonisSantoaensis
3135 3780 3399 3850 episcopi.
3458 3778 3518 3832 S.
3565 3774 3813 3831 Ade-mari

2232 3875 2655 3945 Engolismcnsis
2676 3873 2934 3944 episcopi.
2966 3873 3025 3926 S.
3065 3871 3320 3926 Willelmi
3353 3867 3816 3940 Petragoriwnsis

2231 3969 2488 4038 episcopi.
2519 3968 2576 4022 S.
2618 3965 2924 4038 Raymundi
2958 3963 3272 4018 Vasatensis
3321 3962 3584 4032 episcOpi.
3613 3963 3672 4013 S.
3708 3960 3812 4012 llu-

2232 4061 2386 4130 gonis
2438 4059 2782 4130 liigorrensis
2823 4056 3084 4128 episcopi.
3109 4055 3167 4110 S.
3208 4054 3436 4108 Donaldi
3481 4053 3817 4119 Agenziensis

2232 4151 2489 4220 episcopi.
2524 4150 2581 4205 S.
2613 4149 2756 4204 Petri
2784 4148 3083 4204 Adurensis
3103 4146 3366 4216 episcopi.
3405 4143 3468 4198 S.
3500 4144 3618 4198 Odo
3647 4145 3708 4195 .‘s
3727 4145 3818 4193 afe-

2232 4238 2371 4292 batis
2417 4237 2606 4293 Sancti
2650 4235 2878 4290 Joannis
2924 4234 3404 4306 (Angeriaceusis).
3449 4232 3509 4286 S.
3565 4230 3818 4298 Drogonis

2234 4333 2590 4388 hlalliacensis
2628 4331 2862 4386 abbatis.
2916 4329 2976 4384 S.
3021 4327 3285 4399 Raynaldi
3338 4326 3530 4381 Sancti
3572 4322 3816 4395 Cypriani

2237 4423 2743 4494 (Pictav.).ahbatis.
2774 4421 2834 4476 S.
2879 4421 3163 4476 Bertrandi
3195 4417 3384 4472 Sancti
3410 4416 3613 4471 Juliani
3639 4416 3700 4486 [ι.
3727 4413 3810 4467 ιιι.

2239 4515 2383 4570 niani
2409 4513 2695 4586 Nobiliaci]
2717 4513 2944 4570 abbatis.
2961 4511 3020 4567 S.
3038 4510 3334 4566 Hildebetti
3371 4506 3816 4563 Nantulliacens's

2238 4607 2470 4662 abbatis.
2512 4605 2572 4661 S.
2625 4604 2936 4660 Fulchradii
2970 4601 3156 4657 Sancti
3202 4600 3510 4654 Salvatoris
3559 4595 3816 4668 (Blavire)

2235 4699 2470 4753 abbatis.
2491 4695 2547 4751 S.
2566 4696 2836 4763 Achelini,
2852 4694 3095 4751 Gocelini
3130 4692 3546 4762 Bnrdigalensis
3571 4689 3817 4745 Ecclesia:

2231 4786 2614 4842 archidiaconi.
2645 4806 2664 4838 ι

2299 4879 2351 4933 6.
2390 4878 2501 4932 lloc
2523 4879 2638 4947 ipso
2665 4891 2806 4932 anno
2837 4874 2970 4931 l080
2997 4873 3148 4928 multi
3192 4873 3436 4944 regionis
3496 4871 3685 4925 vicina:
3722 4870 3819 4922 viri

2233 4970 2436 5024 nobiles
2456 4969 2767 5038 pontiﬁcum
2810 4967 2862 5021 in
2891 4963 3382 5032 Silvam-Majorem
3402 4965 3635 5019 studium
3657 4977 3816 5016 emn-

2230 5061 2324 5118 lati
2373 5070 2425 5116 et
2463 5060 2732 5116 Guillelmi
2765 5059 3068 5129 Aquitania:
3108 5057 3262 5110 ducis
3292 5057 3550 5125 exemplo
3580 5054 3783 5108 incitati

2234 5157 2598 5212 omnimodam
2628 5154 2886 5210 Ecclesia:
2909 5152 3164 5217 Silvensi,
3191 5166 3356 5218 quam
3384 5152 3650 5208 Gcraldns
3673 5165 3774 5202 exc

2242 5250 2389 5308 tabat
2419 5289 2435 5313 ,
2481 5248 2784 5303 libertatem
2839 5245 3080 5300 unanimi
3130 5259 3404 5298 consensu
3452 5246 3816 5298 donaverunt.
