3960 5320
141 104 303 164 1009

1219 95 1405 156 VITA.
1439 123 1512 140 —
1538 94 1924 157 OBSERVAT.
1944 95 2287 161 "PilEVLE.

3277 86 3418 151 1M0

140 220 313 287 ducis
339 215 605 291 exempla,
630 215 735 287 qui
774 234 795 269 ι
845 212 1325 273 consentientibus
1353 220 1411 268 et
1437 210 1740 273 volentibus
1767 217 1818 277 Α
1844 212 2326 282 Aquitaniam-tolum
2344 211 2445 266 aut
2474 208 2531 265 in
2561 208 2859 275 Vsseonia,
2900 208 2997 265 sed
3035 194 3278 266 etiamin
3308 217 3419 267 tota

140 309 373 372 cunctis
413 322 524 364 sua:
573 305 781 362 militia:
824 302 1093 367 nobilibus
1124 321 1145 355 ι
1198 302 1340 368 idem
1385 301 1742 373 praestiterat,

143 399 382 467 laudato
406 398 569 454 etiam
604 396 816 453 concilii
864 394 1267 465 Burdigalensis
1307 392 1561 459 decreto,
1576 407 1684 463 quo
1711 406 1764 447 a.

134 470 309 544 sedis
349 486 657 559 apostolica:
685 484 876 557 legatis
917 484 1145 552 aliisque
1183 483 1450 553 episcopis
1476 481 1744 537 sancitum

148 578 340 647 fuerat
367 593 434 634 ne
460 577 582 648 quis
610 578 711 634 sub
752 577 1113 639 anatltematis
1142 572 1585 631 interminatione
1625 586 1746 628 mo-

147 670 385 738 nasterii
424 667 838 740 Silvae-Majoris
884 666 1185 722 libertatem
1215 665 1462 730 violaret,
1501 665 1644 721 hanc
1687 679 1748 721 se

149 758 431 815 libertatis
442 757 849 813 concessionem
861 764 1076 826 accepta
1085 771 1141 812 re
1151 764 1206 811 et
1217 754 1439 813 laudare
1451 754 1745 821 declarant,

152 852 370 915 itnone
399 850 452 905 in
487 858 763 932 posterum
801 848 980 931 aliqua
1006 849 1153 905 circa
1180 847 1337 919 hujus
1389 844 1748 903 immanitatis

152 956 325 996 usum
356 938 642 995 diilicultas
670 939 1001 1002 suboriatur,
1032 938 1229 1008 quibus
1270 938 1611 1010 potissimum
1659 953 1749 994 ca-

149 1026 367 1099 pitibus
394 1026 480 1081 illa
507 1025 863 1082 concludatur
886 1026 1188 1082 declarant.
1208 1026 1309 1082 Sic-
1330 1027 1750 1091 instrumentum

148 1101 279 1173 rem
315 1118 573 1188 exponit:
602 1108 628 1170 ”‹
652 1116 894 1196 ,Νερθεεθ
916 1126 999 1173 est
1024 1127 1081 1172 ut
1106 1118 1341 1173 breviter
1363 1118 1604 1173 dicamus
1630 1132 1753 1187 quas

150 1209 234 1264 sit
263 1207 355 1271 illa
387 1208 640 1274 libertas,
680 1206 891 1278 quodve
920 1209 1311 1275 salvamentutn
1338 1208 1481 1278 quod
1510 1208 1610 1278 ipsi
1647 1208 1755 1263 Ec.

134 1300 346 1377 desim
374 1314 400 1352 a
427 1299 667 1369 pnefatis
693 1301 760 1354 vi:
778 1300 821 1354 is
854 1311 937 1355 est
969 1302 1247 1366 traditum,
1277 1309 1336 1357 ut
1361 1300 1569 1355 scilicet
1594 1314 1752 1354 nemo

152 1401 368 1460 praeter
398 1390 645 1451 abbatem
670 1398 724 1445 et
747 1391 1039 1445 monachos
1066 1391 1121 1445 in
1155 1398 1267 1446 toto
1295 1390 1492 1451 aliodio
1514 1389 1581 1444 ad
1605 1405 1755 1445 eam-

155 1481 294 1537 dem
316 1480 595 1535 ecclesiam
619 1480 943 1549 pertinente,
980 1479 1273 1552 quidquam
1303 1478 1443 1550 juris
1466 1480 1550 1535 vel
1584 1478 1757 1537 domi-

1845 301 2040 368 Gallia,
2082 304 2135 361 iu
2184 302 2384 374 Belgio,
2434 302 2487 356 in
2526 300 2737 369 Anglia,
2798 302 2852 358 in
2893 300 3133 360 Navarra
3197 315 3254 363 et
3302 305 3422 363 aliis

1845 392 2225 463 Hispaniarum
2248 392 2561 462 provinciis,
2584 392 2640 446 in
2661 406 2797 462 quas
2816 391 2930 449 fere
2940 407 3133 450 omnes
3149 396 3421 466 regiones,

1845 485 2061 539 vivente
2102 483 2278 539 adhuc
2318 482 2580 549 Geraldo,
2624 493 2919 555 propagata
2971 484 3093 540 fuit.
3142 484 3275 554 Quae
3305 486 3425 544 loca

1847 574 2045 630 saeculo
2080 575 2322 644 sequenti
2351 573 2732 644 Silvae-Majori
2761 576 2972 632 subdita
2999 585 3158 634 erant
3178 578 3424 650 singilla-

1850 664 1943 720 tim
1971 673 2216 720 recenset
2245 662 2568 720 leestinus
2607 680 2742 737 papa
2789 666 2846 723 in
2894 666 3042 722 bulla
3092 668 3160 724 ad
3205 667 3427 726 Petrum

1848 755 2101 831 abbatem
2155 770 2297 810 anno
2344 756 2480 811 H97
2531 757 2687 823 data;
2742 761 2836 814 sed
2882 759 2950 815 de
2996 760 3430 820 iissolummodo

1847 862 2007 919 agere
2032 849 2207 902 visum
2237 856 2320 903 est
2346 854 2574 917 quorum
2607 850 2763 906 initia
2792 850 2909 922 ipse
2941 839 3208 911 Gersldus
3231 855 3288 911 in
3313 866 3432 912 mo-

1849 937 2071 995 nasterii
2097 937 2182 992 sui
2220 937 2496 994 chartario
2525 939 2753 996 describi
2782 943 3012 999 curavit.

1918 1025 1973 1081 8.
2017 1024 2185 1080 Paulo
2211 1034 2332 1097 post
2361 1026 2770 1097 Silvar-Majoris
2815 1033 3130 1090 monasterii
3175 1042 3432 1093 onustm-

1848 1117 2084 1173 ctionem
2130 1117 2398 1173 Geraldus
2430 1118 2543 1189 ipse
2586 1120 2931 1177 fundamenta
2971 1122 3105 1193 jecit
3145 1126 3435 1187 cmnobioll

1856 1208 1923 1263 de
1973 1205 2220 1277 Trajecto
2269 1208 2336 1262 ad
2390 1207 2683 1265 Garumnae
2715 1210 2885 1280 ripam
2925 1213 3040 1279 siti,
3082 1214 3184 1271 loci
3206 1216 3432 1271 fundum

1853 1297 2230 1367 suppeditante
2267 1297 2891 1373 liaymundo-Willelmi,
2921 1310 2982 1358 ut
3007 1318 3076 1359 ex
3099 1304 3437 1364 fundationis

1856 1390 2044 1445 charta
2085 1398 2259 1458 patet,
2298 1406 2402 1461 qua
2434 1392 2478 1447 is
2514 1393 2628 1460 ipse
2665 1393 3019 1466 Baymundus
3053 1396 3147 1454 dat
3184 1417 3204 1450 ι
3235 1399 3436 1457 domno

1855 1477 2087 1535 Geraldo
2115 1479 2291 1548 primo
2325 1479 2737 1551 Silvas-Majoris
2769 1483 2950 1542 abbati
2996 1490 3205 1555 partem
3250 1487 3437 1545 allodii

156 1571 408 1638 nationis
421 1571 538 1631 sive
561 1571 930 1628 advocationis
954 1572 1005 1627 in
1035 1572 1139 1627 ulla
1163 1587 1385 1643 prorsus
1405 1587 1463 1628 rc
1477 1572 1698 1638 habeat,
1727 1590 1747 1624 ι
1784 1588 1835 1649 Β
1858 1571 1926 1625 de
1956 1569 2207 1639 Trajeeto
2234 1586 2398 1640 super
2426 1571 2598 1641 ripam
2628 1571 2943 1643 Garumnae,
2983 1574 3076 1631 ubi
3109 1577 3283 1645 possit
3318 1577 3439 1634 ﬁeri

155 1672 277 1716 etc.
336 1660 414 1716 Ex
450 1661 516 1717 iis
575 1661 707 1717 viris
736 1662 1005 1719 nobilibus
1035 1662 1355 1719 illustriores
1385 1671 1763 1729 recensentur,

158 1753 369 1821 Betrns
400 1751 702 1814 vicecomes
725 1755 792 1810 de
816 1754 1139 1823 Gavarreto,
1164 1755 1255 1826 qui
1286 1755 1425 1810 hanc
1452 1755 1760 1811 libertatem

138 1839 187 1897 ἰ
221 1864 352 1902 cum
375 1848 521 1902 omni
544 1848 624 1903 sui
649 1850 919 1905 exercitus
941 1848 1163 1921 collegio
1194 1849 1593 1909 reonﬁrmavit.
1612 1848 1767 1907 Guil-

158 1936 369 2006 lglmus
416 1937 644 1993 Antanei
688 1937 1090 2011 (d’Amanjeu),
1140 1939 1233 2013 qui
1288 1940 1428 1994 idem
1476 1939 1759 2011 prrcstitit,

166 2028 607 2097 «laudantibus,
636 2029 831 2101 inquit,
858 2029 1109 2085 omnibus
1140 2040 1339 2085 nostra:
1383 2030 1619 2101 regionis
1668 2045 1761 2085 no-

154 2118 403 2173 bilibus.
458 2138 477 2172 ι
530 2118 666 2174 Cum
715 2135 782 2176 eo
831 2119 1202 2190 subscripsere
1250 2118 1557 2183 Bernardus
1596 2118 1765 2175 frater

140 2204 653 2277 'ejus,Bernardns
683 2211 748 2266 de
792 2211 964 2267 Rionz
1008 2219 1063 2268 et
1104 2211 1366 2269 Vidianus
1409 2212 1524 2283 ejus
1572 2212 1759 2277 frater,

148 2298 468 2366 'Arna'dus,
497 2299 847 2371 Raymundus
876 2302 941 2357 de
965 2301 1183 2369 Bordis,
1214 2301 1356 2359 Boso
1382 2302 1448 2359 de
1476 2302 1766 2358 Montrem-

148 2391 333 2458 blant
380 2404 435 2448 et
487 2392 793 2459 Bernartius
852 2395 918 2450 de
972 2395 1234 2460 Scutiano
1281 2396 1785 2470 (d'Escoussans).

148 2481 390 2549 'Rraeter
419 2483 518 2538 ltos
550 2499 737 2539 omnes
760 2483 1067 2541 Bernardus
1094 2485 1161 2542 de
1189 2486 1412 2542 Boivilla
1441 2488 1765 2553 vicecomes,

164 2571 448 2626 Arnaldus
462 2571 530 2627 de
551 2571 894 2628 Blancaforto
916 2573 1115 2644 aliique
1134 2575 1287 2629 multi
1310 2576 1517 2632 nobiles
1540 2576 1764 2643 milites,

166 2661 269 2729 qui
305 2660 376 2714 ibi
399 2662 798 2728 aderant,‘sese
834 2662 1046 2719 futuros
1070 2663 1325 2731 Ecclesia
1362 2664 1769 2738 Silvae-Majoris

168 2750 515 2816 defensores,
573 2754 1001 2823 etc.,~adversus
1030 2755 1298 2826 quoslibet
1342 2757 1789 2828 spoponderunt._

166 2840 447 2911 Eamdent
479 2840 739 2901 Silvensis
784 2845 1099 2911 monasterii
1129 2846 1433 2904 libertatem
1463 2865 1586 2903 cum
1621 2849 1771 2920 jure-

1860 1662 2248 1719 monasterium
2272 1679 2395 1719 cum
2423 1664 2537 1719 suis
2559 1662 2809 1732 allicinis,
2852 1666 3133 1738 hortisque
3159 1677 3215 1723 et
3250 1680 3441 1738 poma-

1862 1753 1977 1816 riis,
2019 1768 2085 1821 ac
2114 1752 2364 1810 discursu
2393 1768 2425 1808 a
2450 1752 2675 1810 ﬂumine
2697 1768 2867 1826 usque
2894 1756 2962 1815 ad
3008 1758 3313 1828 proximam
3342 1774 3443 1830 pa-

1861 1843 2041 1901 ludem
2070 1844 2382 1903 molendini.
2421 1865 2441 1898 »
2476 1845 2627 1904 lianc
2655 1847 2903 1905 chartam
2930 1848 3075 1905 idem
3117 1849 3207 1907 vir
3246 1850 3444 1908 nobilis

1869 1956 1905 1992 ι.
1934 1954 2058 1995 cum
2082 1937 2337 1994 omnibus
2361 1937 2486 1994 ﬁliis
2514 1939 2627 1995 suis
2650 1954 2821 2010 super
2838 1939 3011 1997 altare
3028 1941 3123 1998 Dei
3149 1941 3449 2000 Genitricis

1863 2039 1923 2087 et
1946 2039 2257 2087 sanctorum
2287 2030 2651 2101 apostolorum
2680 2031 2920 2091 Simonis
2946 2042 3001 2090 et
3025 2032 3196 2101 Indae,
3228 2054 3249 2089 ι
3281 2037 3336 2092 id
3359 2044 3447 2092 est

1864 2123 2034 2195 ipsius
2058 2122 2301 2179 ecclesiae
2330 2122 2763 2193 Silvae-Maioris,
2800 2126 2982 2196 posuit
3006 2126 3076 2182 ad
3098 2125 3319 2197 majoris
3347 2127 3447 2182 llr-

1866 2215 2107 2271 ntitatem
2133 2231 2149 2279 ;
2178 2213 2479 2271 Willelmus
2500 2227 2626 2270 vero
2645 2217 3042 2285 Aquitanorum
3064 2217 3172 2273 dux
3195 2219 3447 2274 eamdem

1865 2304 1993 2359 huic
2022 2318 2174 2358 nova:
2212 2301 2437 2359 coloniae
2467 2321 2489 2355 ι
2525 2302 2830 2360 salvitatem
2863 2324 2883 2357 ι
2934 2305 3112 2372 dedit,
3139 2321 3304 2377 quam
3330 2306 3454 2377 ipse

1866 2405 1922 2452 ct
1946 2395 2034 2451 alii
2062 2410 2315 2466 proceres
2337 2394 2498 2451 Silvae
2527 2394 2714 2467 Majori
2753 2405 3159 2454 concesserant.

1939 2491 1993 2545 9.
2022 2488 2175 2547 llaud
2204 2488 2293 2543 diu
2324 2496 2508 2560 postea
2532 2487 2725 2544 Petrus
2751 2488 3053 2549 vicecomes
3092 2488 3455 2548 Gevart-ensis

1870 2579 1924 2635 in
1964 2578 2167 2650 praedio
2196 2593 2315 2645 suo,
2353 2576 2638 2635 r.Gavaret
2662 2577 2915 2645 rdicto,
2938 2580 3329 2637 monasterium
3354 2596 3454 2636 ex-

1869 2670 2064 2726 struxit
2088 2670 2141 2724 in
2171 2670 2433 2725 honorem
2464 2667 2649 2724 Sancti
2672 2667 2939 2739 Sepulcri,
2965 2670 3110 2740 quod
3160 2669 3453 2741 compluri-

1867 2762 1968 2817 bus
1986 2760 2143 2816 terris
2163 2772 2218 2818 et
2238 2757 2798 2821 redditibusdotatum
2822 2757 3268 2829 subjectumesse
3284 2759 3454 2818 voluit

1877 2855 2126 2911 edomno
2143 2852 2367 2917 Giraldo,
2392 2871 2431 2907 ι,
2451 2851 2679 2924 ejusque
2701 2851 3110 2913 successoribus
3144 2850 3455 2908 Silvae-Ma-

150 2931 419 3017 ‘jtnando
445 2949 608 3004 super
651 2950 808 2999 sacra
841 2937 1123 3010 Evangelia
1171 2940 1413 3011 praestita
1461 2941 1775 2998 solemniter
1800 2939 1846 3002 Ο
1871 2947 2008 3018 joris
2042 2945 2367 3011 abbatibus;
2415 2944 2493 2999 ita
2538 2954 2620 3011 ut,
2666 2944 2857 3014 inquit
2894 2943 2995 3001 ille
3030 2944 3084 2999 in
3120 2942 3454 3000 fundationis

168 3023 571 3091 conﬁrmarunt
616 3026 703 3082 die
746 3036 936 3095 sancto
979 3028 1201 3085 Pascha:
1248 3031 1458 3102 iidem,‘
1488 3039 1582 3087 aut
1617 3040 1769 3097 certe

156 3122 369 3173 eorum
399 3120 614 3189 posteri.
643 3136 765 3187 cum
790 3121 911 3178 aliis
942 3122 1106 3187 totius
1145 3124 1380 3195 regionis
1405 3124 1538 3180 viris
1567 3125 1777 3185 nobili-7

168 3208 304 3273 bus,
334 3209 433 3265 sub
456 3210 715 3277 Ganfrido
754 3212 950 3269 abbate
977 3224 1154 3270 sexto.
1200 3213 1308 3279 Has
1333 3230 1523 3275 omnes
1558 3231 1775 3287 posscs-

172 3299 366 3355 siones
425 3311 480 3357 et
540 3303 912 3369 immunitates
969 3304 1359 3361 conﬁrmarunt
1419 3290 1773 3377 sequentibus

173 3393 521 3463 temporibus
543 3396 847 3467 Aquitania:
864 3383 1029 3455 duces
1050 3407 1103 3455 et
1125 3397 1213 3452 alii
1230 3412 1503 3469 proceres.
1526 3397 1775 3461 Accessit

174 3483 350 3536 etiam
418 3485 560 3549 sedis
613 3488 923 3557 apostolicae
977 3489 1317 3556 auctoritas,
1373 3496 1434 3543 ut
1494 3503 1558 3545 ex
1616 3488 1778 3544 bullis

173 3576 497 3646 Alexandri,
524 3577 695 3649 Lucii,
726 3581 1003 3637 Ctelestini
1043 3590 1099 3637 et
1146 3582 1373 3637 aliorum
1405 3581 1775 3649 Romanorum

172 3670 496 3743 pontiﬁcum
513 3682 681 3745 patet,
708 3676 802 3731 sed
827 3677 943 3732 hinc
967 3675 1138 3732 fusius
1159 3676 1408 3748 persequi
1436 3677 1502 3731 ad
1530 3691 1769 3746 prmsens

176 3768 491 3836 institutum
518 3769 654 3835 nihil
678 3772 891 3840 attinet,
924 3773 1015 3844 qui
1054 3773 1194 3828 beati
1226 3771 1443 3828 Geraldi
1474 3784 1623 3842 gesta
1656 3773 1781 3827 illu-

176 3875 366 3921 strare
419 3865 798 3937 suscepimus,
843 3880 971 3929 non“
1006 3866 1319 3931 Historiam
1358 3864 1779 3936 Silvae-Minoris

175 3954 465 4024 exhibere.

252 4044 311 4098 7.
338 4041 555 4099 Geraldi
585 4042 769 4120 itaque
795 4060 860 4100 ac
880 4044 1283 4115 discipulorum
1331 4042 1446 4113 ejus
1472 4043 1807 4109 sanctitatis.

177 4115 330 4187 Ῑειιιιει
358 4131 508 4186 brevi
535 4115 885 4203 Aquitaniam
907 4143 1219 4206 pervagata,
1241 4134 1295 4190 in
1319 4135 1539 4195 dissitas
1562 4150 1785 4206 quoque

1868 3042 2077 3101 charta,
2109 3052 2378 3107 (semper
2403 3036 2573 3099 abbas
2597 3034 3010 3104 Silvae-Majoﬁs
3029 3035 3103 3102 sit
3129 3035 3298 3092 abbas
3318 3034 3458 3091 San-

1870 3129 1941 3185 eti
1986 3126 2250 3197 Sepuleri,
2285 3135 2342 3180 et
2384 3124 2560 3195 qualis
2608 3124 2799 3197 religio
2839 3131 2895 3180 et
2936 3123 3052 3179 vita
3090 3123 3166 3179 ibi
3217 3132 3455 3190 tenetur,

1872 3220 2034 3276 talem
2085 3219 2248 3273 faciat
2294 3226 2349 3273 et
2390 3218 2479 3272 hic
2524 3216 2736 3284 teneri;
2784 3224 2840 3272 et
2882 3214 3099 3287 qualem
3133 3223 3458 3288 potestatem

1872 3311 2036 3366 habet
2065 3311 2115 3365 in
2148 3310 2292 3366 illius
2319 3309 2586 3365 ecclesia}.
2607 3309 2933 3375 monachis,
2967 3309 3132 3365 rebus
3158 3316 3214 3364 et
3242 3322 3460 3380 posses-

1872 3402 2135 3463 sionibus,
2171 3400 2331 3467 talem
2359 3399 2556 3453 habeat
2578 3406 2633 3453 et
2657 3398 2712 3453 in
2740 3398 2917 3464 istius,
2942 3405 3211 3467 quatenus
3239 3411 3465 3469 semper

1872 3490 2024 3549 locus
2053 3487 2459 3558 Silvm-Majuris
2486 3495 2541 3541 et
2577 3484 2761 3542 Sancti
2788 3485 3030 3557 Sepulcri
3062 3485 3117 3540 in
3160 3485 3461 3547 Deiservi-

1876 3582 1951 3637 tio
1980 3589 2033 3636 et
2064 3581 2203 3634 bona
2229 3579 2488 3651 religione
2518 3593 2682 3635 unum
2710 3579 2820 3635 sint
2840 3595 2871 3646 ς,
2876 3578 3197 3649 pariterque
3226 3593 3467 3650 pauper-

1879 3679 2039 3726 tatem
2084 3677 2139 3725 et
2177 3669 2565 3725 abundantiam
2612 3669 2913 3740 patiantur,
2957 3667 3106 3725 salva
3135 3669 3460 3725 auctoritate

1879 3759 2270 3829 archiepiscopi
2324 3758 2615 3814 Anxiensis
2675 3767 2730 3814 et
2786 3757 3027 3829 episcopi
3079 3756 3398 3821 Adurensis.
3434 3776 3455 3812 ι

1881 3855 2096 3912 Chartae
2158 3855 2595 3923 subscripserunt
2666 3852 2968 3909 Willelmus
3010 3852 3464 3924 archiepiscopus

1881 3947 2209 4011 Auxiensis,
2252 3946 2446 3999 Petrus
2489 3943 2787 4000 Adurensis
2830 3943 3136 4014 episcopus,
3186 3940 3463 4014 Arnaldus

1882 4036 2171 4109 Rotgcrius
2196 4034 2474 4091 donatoris
2519 4032 2705 4098 frater,
2740 4012 3048 4103 Stephanus
3075 4033 3142 4087 de
3180 4012 3466 4111 Callitonte

1885 4124 2614 4198 (Cmmwnt),liaymundus
2635 4166 2675 4193 ,_
2699 4122 3023 4179 Guillelmus
3060 4123 3128 4178 de
3164 4119 3465 4187 Mezerolis,

176 4233 240 4291 αι
269 4233 525 4285 externas
554 4223 867 4293 provincias
913 4225 1235 4294 pervolavit,
1282 4226 1544 4298 multique
1582 4228 1648 4281 ad
1680 4242 1779 4283 no-
1808 4292 1843 4298 _
1887 4220 2082 4287 Petrus
2110 4218 2175 4274 d0
2203 4216 2352 4284 Vico,
2381 4218 2687 4275 Αιηειῐιϐνυε
2722 4218 2788 4273 de
2819 4214 3054 4283 Tillielo.
3101 4213 3218 4271 0άο
3241 4213 3307 4269 de
3332 4213 3465 4269 Pal"

176 4326 314 4367 vum
346 4311 731 4365 monasterium
759 4292 1130 4376 convolarunt,
1167 4322 1226 4369 ut
1260 4314 1334 4369 ibi
1381 4292 1481 4371 sub
1512 4317 1646 4371 tanti
1676 4316 1777 4377 Pa:
1807 4292 1855 4352 ί)
1883 4315 2102 4373 diliaro.
2134 4322 2242 4368 etc.
2286 4312 2543 4366 Eamdem
2589 4311 2936 4366 donationem
2985 4309 3300 4366 solemniter
3341 4322 3471 4363 con-

188 4402 296 4456 tris
327 4400 639 4469 disciplina,
666 4399 887 4469 abjectis
914 4404 1092 4458 steculi
1131 4405 1359 4474 pompis.
1392 4405 1612 4460 Christo
1640 4405 1780 4461 mili-

180 4501 289 4546 tam
311 4501 391 4545 nt.
426 4490 707 4559 Aliigvero,
739 4492 935 4563 quibus
965 4493 1017 4548 id
1037 4509 1150 4554 non
1191 4493 1405 4560 licebat,
1455 4510 1550 4549 sua
1593 4494 1783 4550 saltem

176 4582 298 4636 Deo
326 4588 809 4646 consecraverunt,
815 4596 938 4651 pra:
958 4581 1150 4645 liorum
1177 4590 1232 4635 et
1275 4579 1599 4646 facultatum
1633 4582 1781 4637 iacta

178 4670 525 4737 monasterio
548 4672 857 4726 donatione.
884 4670 989 4731 Sed
1012 4682 1370 4739 eumtantam
1392 4672 1781 4742 discipulorum

177 4761 591 4819 multitudinem
619 4777 812 4831 capere
845 4778 950 4817 non
980 4764 1243 4839 potuisset
1268 4764 1427 4831 unius
1462 4756 1779 4821 monasterii

178 4853 437 4924 angustia
465 4893 481 4919 ,
533 4851 611 4922 (et
659 4852 874 4923 quidem
923 4854 1235 4915 fraudandus,
1272 4850 1377 4917 non
1423 4862 1597 4921 erant.
1634 4863 1783 4910 tanto

176 4945 405 5002 virtutis
439 4944 691 5016 exemplo
721 4944 840 5001 aliae
874 4946 1219 5015 provincim,)
1252 4945 1305 5009 in
1336 4945 1528 5002 vicinis
1549 4947 1782 5016 primum

164 5026 504 5106 regionibus
526 5033 764 5088 excitata
797 5034 943 5090 fuere
965 5035 1295 5091 monasteria
1313 5052 1414 5106 pro
1443 5032 1783 5095 Silvensibus

178 5127 490 5192 monachis,
537 5133 650 5179 tum
684 5124 847 5180 etiam
875 5125 927 5180 in
959 5127 1182 5188 dissitis,
1212 5143 1331 5196 qua:
1359 5130 1552 5184 beatus
1580 5126 1778 5183 Geraro

180 5216 306 5282 dus,
331 5214 672 5272 transmissis
699 5215 823 5270 illuc
851 5216 1239 5288 discipulorum
1280 5231 1501 5291 suorum
1531 5217 1777 5283 coloniis,

786 5305 824 5320 ﬂ
947 5310 978 5320 Il
1024 5310 1054 5320 ,ι
1208 5305 1221 5320 I
1430 5309 1441 5320 Ι
1587 5306 1617 5320 ﬂ

1887 4406 2124 4462 ﬁrmavit
2154 4404 2347 4466 Petrus
2392 4403 2695 4459 fundatoris
2743 4403 2926 4474 ﬁlius,
2952 4400 3110 4482 cujus
3154 4400 3234 4455 rei
3279 4396 3472 4477 notitia

1883 4499 2116 4561 habetur
2159 4498 2212 4550 in
2241 4496 2533 4553 Chartario
2571 4494 2822 4560 Silvensi,
2859 4509 3022 4565 quam
3070 4491 3159 4547 hic
3215 4490 3475 4567 exhibere

1887 4588 2090 4642 nemini
2123 4586 2238 4645 fore
2267 4587 2541 4655 ingratum
2562 4599 2862 4653 speramus.
2903 4582 3151 4647 «Petrus
3170 4580 3479 4636 Gavarren-

1888 4676 1964 4735 sis
1997 4675 2300 4731 vicccomes
2344 4674 2513 4735 Petri,
2540 4671 3085 4738 vicecomitisﬁlius,
3117 4684 3330 4739 summa
3356 4679 3483 4721 cum

1882 4766 2175 4822 devotione
2216 4764 2635 4828 monasterium,
2679 4763 2824 4834 quod
2857 4759 3219 4829 Silva-Major
3251 4758 3483 4820 dicitur,

1884 4854 2133 4919 veniens,
2164 4851 2431 4913 beneﬁcia
2471 4851 2575 4907 loci
2604 4861 2663 4906 et
2699 4852 2976 4909 orationes
3014 4849 3083 4905 ab
3112 4849 3315 4906 abbate
3341 4844 3406 4898 G-
3433 4850 3494 4895 et

1887 4946 2109 5005 caeteris
2159 4945 2421 5001 fratribus
2468 4942 2782 5013 suppliciter
2822 4940 3135 5014 postulavit.
3191 4939 3329 4995 lluic
3365 4945 3519 4985 vero.

1888 5049 2000 5094 tant
2040 5034 2294 5090 laudabili
2327 5033 2571 5104 petitioni
2605 5041 2716 5089 tam
2751 5035 2923 5090 abbas
2946 5044 3111 5105 quam
3142 5017 3498 5098 congregatio

1889 5129 2121 5184 fratrum
2153 5122 2507 5178 libentissime
2529 5124 2836 5190 prmbentes
2861 5130 3171 5181 assensum,
3197 5106 3515 5183 capitulum

1889 5217 2338 5281 introduxerunt,
2367 5223 2530 5284 atque
2569 5213 2645 5270 ibi
2692 5231 2815 5272 cum
2861 5213 3026 5277 libro,
3071 5214 3130 5259 ιιι
3177 5206 3351 5261 moris

2040 5306 2066 5320 η
2106 5307 2140 5320 ο·
2180 5307 2192 5320 ο
2339 5306 2393 5320 .ο.
2699 5306 2714 5320 ι
2917 5311 2930 5320 .
2985 5300 3103 5320 .--Α
3138 5309 3210 5320 Α.-
