3960 5320
464 244 595 302 1οη

1381 247 1440 305 S.
1475 248 1779 306 GERALDI
1809 247 2102 307 ABBATIS
2141 244 2698 308 διινίΕάΜΑιοιιιδ

3610 250 3759 307 {Oli

461 359 763 418 nasterium
805 359 1094 421 Gavarreti
1136 377 1261 421 cum
1290 364 1546 422 omnibus
1575 365 1912 438 appendiciis
1940 365 2054 423 suis
2081 371 2127 428 Α
2153 363 2402 424 habitum
2439 365 2714 438 religionis
2742 368 3031 444 accipiens,
3075 363 3331 446 pristinae
3348 365 3573 422 sanitati
3607 365 3759 421 illim

461 460 573 508 tam
621 453 903 523 acquisitis
946 471 1110 529 quam
1153 456 1520 528 acquirendis.
1566 477 1586 513 ι
1633 458 1711 514 Ex
1750 457 1874 518 aliis
1919 459 2049 516 item

459 543 667 601 chartis
695 554 843 616 patet
870 546 1296 606 Gavarretenses
1319 549 1668 607 vicecomites
1695 551 1748 607 in
1779 561 2050 608 monaste-

460 636 605 705 rium
660 637 850 700 Sancti
907 639 1156 712 Sepulcri
1214 642 1504 700 admodum
1555 641 1806 699 liberales
1861 642 2049 718 fuisse.

469 726 612 794 Quin
656 738 712 784 et
740 730 900 800 paulo
929 739 1052 809 post
1079 733 1223 788 beati
1251 731 1468 795 Geraldi
1507 732 1739 800 obitum,
1770 731 1870 789 sub
1908 732 2053 806 Gau-

470 817 600 877 fridi
623 820 836 880 abbatis
863 823 1150 894 regimine,
1193 823 1375 895 Agnes
1397 823 1798 884 viceconiitissa
1834 823 2053 893 parthe-

469 925 668 968 nonem
709 912 874 984 juxta.
905 915 1146 972 virorum
1193 916 1581 972 monasterium
1633 917 1912 982 condidit,
1961 914 2052 970 ubi

468 1002 723 1075 monialis
750 1004 892 1061 facta
926 1015 1028 1062 est.
1060 1006 1233 1078 l’orro
1261 1007 1363 1062 etsi
1391 1006 1445 1061 in
1477 1005 1750 1079 plerisque
1790 1004 2055 1074 ejusmodi

467 1093 676 1152 chartis
701 1096 893 1157 nullus.
911 1097 1248 1167 exprimatur
1273 1113 1470 1162 annus,
1497 1097 1723 1168 primam
1751 1108 1929 1153 tamen
1958 1096 2058 1151 bu-

456 1187 552 1261 jus
578 1186 685 1246 loci
714 1189 1086 1249 fundationem
1115 1198 1243 1246 ante
1268 1185 1638 1245 annumol092
1663 1188 1863 1246 factam
1887 1187 2057 1244 fuisse

460 1292 533 1335 ex
569 1280 678 1337 hoc
710 1289 860 1352 patet
887 1282 1030 1352 quod
1064 1281 1258 1337 Petrus
1298 1281 1584 1352 episcopus
1625 1278 1924 1336 Adurcnsis
1963 1277 2057 1348 qui

463 1371 516 1430 ei
544 1371 890 1443 subscripsit,
921 1382 978 1428 et
997 1371 1255 1437 nonnulla
1280 1363 1455 1426 eidem
1480 1368 1816 1426 monasterio
1859 1356 2058 1429 Contu-

463 1463 596 1521 lisse
617 1467 820 1523 dicitur
842 1468 895 1523 in
923 1468 1095 1526 altera
1131 1467 1342 1531 charta,
1375 1467 1476 1520 hoc
1510 1465 1628 1535 ipso
1657 1480 1802 1523 anno
1832 1465 1965 1523 1092
1991 1467 2059 1522 ad

463 1570 693 1626 superos
707 1558 909 1614 abiisse
931 1558 1150 1622 dicatur
1165 1557 1219 1612 in
1245 1555 1412 1616 veteri
1438 1554 1759 1629 Necrologio
1783 1567 2058 1613 monaste-

464 1647 533 1703 rii
562 1645 756 1704 Sancti
785 1648 973 1715 Severi
1002 1649 1056 1704 in
1084 1649 1264 1719 capite
1291 1639 1594 1716 \‘asconiaz,
1624 1650 1804 1720 inquo
1831 1648 2054 1727 legitur:

2153 457 2400 514 redditus
2423 467 2526 513 est.
2561 474 2581 511 ι
2614 455 2985 539 [iecensentur
3003 467 3190 538 postea
3213 448 3392 514 varia:
3405 459 3754 521 donationes,

2150 563 2286 618 quas
2315 547 2486 604 Fulco
2515 546 2812 607 Garmundi
2859 557 3033 625 pater,
3085 547 3364 602 ilauvinus
3404 547 3530 620 ejus
3561 546 3756 612 frater,

2151 639 2354 709 aliique
2396 639 2503 695 viri
2555 638 2804 704 nobiles,
2853 636 2974 694 viso
3015 640 3135 704 hoc,
3167 638 3470 704 miraculo,
3510 630 3760 710 ecclesia:

2153 717 2582 797 Neronis-Villae,
2619 747 2738 803 quae
2769 731 2968 787 ibidem
3001 750 3018 783 I
3053 717 3231 810 divina
3259 748 3423 785 manu
3454 722 3761 800 consecrao

2155 831 2208 878 ta
2244 843 2262 876 ι
2295 825 2515 891 dicitur,
2541 825 2804 880 fecerunt.
3361 811 3366 814 ’

2227 913 2316 968 12.
2351 914 2508 970 Haud
2562 915 2742 996 minus
2787 912 3018 994 celebris
3065 921 3184 968 erat
3233 913 3378 984 apud
3425 911 3763 966 Aurelianus

2156 1003 2373 1061 Geraldi
2405 1006 2632 1083 ejusque
2659 991 3043 1076 discipulorum
3081 1005 3255 1070 fatna,
3303 1019 3425 1074 quae
3457 1004 3762 1059 multorum

2155 1096 2503 1158 conversioni
2529 1097 2870 1152 occasionem
2919 1097 3216 1168 pra'buisse
3251 1095 3483 1161 dicitur,
3533 1107 3592 1152 et
3641 1111 3766 1152 ere-

2157 1185 2327 1246 ctioni
2352 1187 2668 1248 monasterii
2697 1186 3013 1242 Sedis-Meri
3038 1185 3300 1259 (Semoy),
3330 1188 3478 1243 haud
3512 1187 3676 1255 longe
3699 1187 3766 1241 ab

2159 1277 2264 1338 hac
2289 1281 2422 1337 urbe
2449 1280 2559 1338 siti.
2595 1276 2756 1350 Quod
2785 1293 2815 1333 a
2848 1278 3098 1333 Tecclino
3128 1278 3250 1336 viro
3291 1278 3462 1334 nobili
3500 1279 3590 1332 his
3635 1288 3766 1332 tem-

2159 1372 2383 1444 poribus
2426 1372 2722 1428 excitatum
2775 1378 2880 1436 est,
2925 1369 3048 1425 data
3088 1369 3436 1448 Silvensibus
3481 1370 3765 1424 monachis

2164 1462 2354 1518 Sancti
2384 1463 2750 1536 Bartholomei
2780 1459 3034 1534 ecclesia,
3072 1474 3195 1525 cum
3243 1459 3434 1539 multis
3464 1461 3768 1535 possessio-

2159 1553 2319 1608 nibus
2357 1553 2424 1609 ad
2465 1555 2844 1611 sustentandos
2873 1551 3170 1610 monachos
3199 1565 3230 1605 e
3261 1548 3654 1618 Silva—Majori
3679 1566 3767 1604 ex-

2163 1645 2322 1712 citos,
2348 1645 2440 1716 qui
2468 1647 2540 1702 ibi
2568 1647 2823 1718 deinceps
2853 1656 3022 1718 usque
3048 1643 3119 1702 ad
3148 1649 3400 1707 nostram
3431 1641 3611 1718 ferme
3642 1649 3768 1692 tcta-

469 1753 491 1790 t
526 1736 712 1795 Idibus
735 1737 880 1810 Junii
909 1738 1175 1810 depositio
1220 1742 1401 1797 domui
1448 1741 1594 1796 Petri
1623 1738 1917 1795 Adurensis
1941 1737 2056 1808 epi-
2089 1733 2136 1794 B
2166 1753 2270 1799 tem
2299 1749 2739 1810 perseverarunt.
2773 1739 2872 1796 llic
2895 1740 3046 1796 locus
3076 1734 3236 1795 modo
3266 1734 3320 1796 in
3348 1732 3690 1805 ιπῖοτειυιω.
3713 1743 3768 1788 ut

466 1828 622 1900 scopi
644 1830 799 1886 bonae
814 1833 1112 1903 memoriae,
1125 1847 1270 1888 anno
1295 1831 1390 1888 l09
1401 1829 1445 1885 2.
1459 1851 1479 1884 ι
1498 1830 1762 1886 Caeterum
1788 1827 2057 1900 virginum

465 1920 868 1983 Gavarreteuse
909 1917 1316 1986 monasterium
1343 1926 1542 1982 saeculo
1587 1941 1680 1980 xiv
1729 1923 2060 1999 monasterio
2096 1970 2105 1979 .

462 2013 734 2085 virorum,
765 2018 855 2074 cui
878 2017 1114 2075 vicinum
1143 2026 1298 2085 erat,
1347 2017 1556 2074 unitum
1589 2015 1756 2072 fuisse
1797 2015 2059 2082 creditur,

463 2104 613 2166 istud
643 2123 775 2166 vero
815 2125 845 2165 a
892 2110 1224 2168 Calvinianis
1251 2098 1516 2181 direptum
1547 2109 1742 2167 eximie
1771 2108 2062 2164 monachos
2097 2124 2101 2126 ·

467 2213 577 2256 non
623 2199 779 2256 aluit.
811 2199 1074 2272 Superest
1113 2210 1293 2256 tanen
1343 2199 1613 2270 hodieque
1655 2199 1882 2256 ecclesia
1931 2199 2063 2255 satis

466 2289 646 2361 ampla
677 2296 733 2356 et
758 2290 901 2347 culta
927 2306 1050 2350 cum
1071 2290 1274 2362 priore,
1295 2284 1397 2362 qui
1434 2291 1641 2362 aliquot
1669 2293 1978 2363 sacerdotes
1997 2291 2070 2346 ad

470 2381 656 2443 divina
696 2379 870 2438 ofﬁcia
909 2391 1181 2452 utcunque
1218 2382 1482 2453 explenda
1532 2377 1603 2437 ibi
1646 2368 1933 2439 suetentat.
1965 2381 2067 2447 Ga-

467 2470 718 2530 baretum
758 2487 922 2543 porro
957 2474 1212 2544 oppidum
1251 2468 1336 2530 cSt
1359 2475 1410 2529 in
1443 2473 1735 2530 Wasconia
1779 2460 2064 2542 hodierna,

469 2562 602 2620 olim
615 2564 914 2620 Adurensis
939 2565 1220 2631 dimensis,
1247 2575 1433 2636 postea
1463 2581 1612 2633 vero,
1645 2566 2067 2626 reclamantibus

471 2653 604 2712 licet
624 2653 1019 2722 Adurensibus,
1049 2655 1339 2712 Auxitanm
1374 2647 1717 2715 attributum.
1751 2644 1755 2648 ”
1961 2647 1966 2650 ’

544 2748 635 2804 to.
659 2749 740 2804 Ad
761 2748 1011 2805 eumdem
1035 2764 1235 2804 annum
1258 2749 1398 2806 1092
1426 2751 1671 2831 revocari
1695 2751 1894 2807 debent
1913 2750 2066 2807 initia

423 2841 799 2910 .mouaster‘ti
867 2841 1018 2902 Beati
1075 2841 1281 2899 Nicolai
1337 2843 1394 2897 in
1454 2842 1629 2921 insula
1693 2843 1760 2899 de
1824 2843 2070 2921 [iugiaua

473 2931 730 3004 (Rogant)
757 2932 811 2988 in
844 2933 1041 2989 finibus
1063 2931 1385 2999 Santonum,
1417 2933 1502 2989 cui
1529 2917 1860 2990 exstruendo
1893 2917 2068 2989 locum

483 3033 693 3096 aptum,
735 3032 792 3081 et
817 3023 1014 3081 multas
1056 3025 1426 3096 possessiones
1460 3025 1528 3080 ad
1573 3023 1692 3095 ejus
1740 3010 2071 3105 dotationem

2159 1844 2376 1902 vocant,
2407 1837 2710 1908 simplicem
2742 1837 2994 1892 redacms
3019 1827 3340 1891 etiamnunc
3383 1827 3558 1889 Silvae
3583 1827 3768 1898 Maiori

2161 1935 2437 2006 subjectus
2465 1943 2566 2004 est,
2593 1935 2688 1991 sed
2715 1935 2804 1991 vix
2835 1944 3127 2005 supersunt
3154 1933 3353 2002 exigua
3403 1927 3623 2000 antiqui
3651 1939 3765 1983 nte-

2162 2025 2389 2081 nasterli
2419 2026 2640 2103 rudera.
2669 2025 2864 2103 Varias
2888 2025 3064 2080 eidem
3093 2023 3211 2078 loco
3237 2022 3308 2076 ab
3333 2020 3572 2075 Albcrto
3603 2019 3766 2073 Tree-

2162 2119 2255 2175 lini
2280 2119 2408 2187 nuo,
2437 2101 2664 2190 aliisque
2689 2101 2822 2175 viris
2860 2118 3129 2180 nobilibus
3152 2115 3413 2184 deinceps
3438 2113 3764 2168 donationes

2165 2213 2356 2278 factas,
2383 2214 2606 2270 exhibet
2634 2212 2966 2290 chartariqu
2993 2209 3260 2288 Silvense.
3297 2225 3320 2258 α
3358 2208 3592 2270 Demos,
3635 2205 3763 2260 viri-

2165 2303 2400 2380 (larium,
2451 2287 2756 2378 mrtem,»
2817 2287 2966 2380 etc,
2995 2299 3136 2377 apud
3176 2296 3511 2375 Aurelianos
3560 2295 3764 2349 virente

2167 2375 2347 2449 adhuc
2373 2375 2566 2448 sancto:
2585 2391 2819 2448 Geraldo
2847 2375 3153 2444 habuerunt
3183 2386 3471 2449 Silvenses
3493 2383 3764 2462 monachi,

2167 2491 2229 2558 ut
2255 2482 2516 2543 discimus
2555 2497 2618 2537 ex
2649 2479 2818 2556 veteri
2847 2478 3041 2558 notitia
3073 2477 3140 2531 ab
3167 2475 3286 2546 ipso
3321 2472 3570 2530 Geraldo
3610 2471 3762 2533 facta,

2169 2553 2225 2632 in
2257 2590 2360 2646 qua
2408 2582 2641 2646 testatur
2676 2553 3070 2644 Theodericum
3105 2582 3164 2639 se
3200 2564 3323 2623 huc
3375 2563 3765 2646 transmisisse,

2169 2649 2228 2720 uit
2257 2643 2462 2736 aliquot
2489 2643 2801 2740 monasterii
2826 2661 2906 2717 sui
2940 2658 3311 2734 possessiones
3345 2671 3379 2733 a

2172 2756 2324 2821 ribus
2359 2756 2701 2830 vindicaret;
2732 2755 2812 2808 sic
2839 2749 3036 2830 quippe
3067 2750 3233 2830 habet
3257 2764 3271 2801 :

2188 2833 2191 2836 ’
2249 2866 2267 2899 ι
2307 2846 2366 2902 In
2391 2828 2602 2902 Christi
2625 2829 2864 2910 nomine,
2892 2828 2990 2914 ego
3028 2828 3328 2904 Giraudus,
3351 2835 3582 2892 humilis
3611 2835 3769 2906 abbas

2176 2939 2391 2997 Sancta:
2411 2939 2594 2995 Mariae
2622 2936 2936 2993 monasterii
2965 2931 3404 3003 Silvae-Maioris,
3431 2938 3628 2985 notum
3657 2927 3766 3006 fieri

2179 3031 2299 3087 volo
2320 3030 2568 3086 fidelibus
2593 3037 2795 3085 sanctae
2824 3027 2916 3083 Dei
2942 3024 3216 3090 Ecclesiae,
3271 3032 3381 3075 tam
3410 3018 3767 3090 prasentibns

474 3095 766 3172 monachis
800 3095 1219 3185 Silvae-blajoris
1243 3116 1605 3188 suppeditavit
1634 3116 1780 3173 Elias
1813 3117 1880 3173 de
1908 3103 2070 3173 Dido-
2101 3095 2142 3152 ε
2174 3139 2337 3196 quam
2369 3122 2588 3187 futuris,
2618 3121 2760 3200 quod
2789 3119 3007 3190 quidam
3032 3115 3222 3180 frater,
3256 3113 3485 3168 nomine
3527 3108 3768 3200 Theode;

475 3209 570 3264 nia
597 3225 723 3265 cum
767 3224 940 3295 uxore
969 3224 1066 3267 sua
1090 3208 1282 3274 Avicia
1310 3209 1367 3264 et
1411 3209 1539 3265 ﬁliis
1578 3208 1820 3275 Galtero,
1851 3208 2076 3288 Gifardo

479 3311 541 3358 et
563 3302 701 3358 Elia.
735 3302 1040 3358 Laudatum
1062 3318 1263 3358 annum
1287 3301 1506 3373 praefert
1530 3303 1721 3376 charta
1745 3303 2076 3374 donationis,

482 3408 608 3465 quae
645 3393 700 3450 in
750 3393 869 3464 ipso
897 3393 1144 3462 Rugiano
1184 3393 1407 3450 castello
1446 3380 1702 3450 dotalest
1745 3409 1888 3466 anno
1921 3394 2076 3471 l092,

483 3482 678 3539 indiet.
715 3498 806 3538 xv.
846 3481 1149 3538 Praesentes
1177 3483 1320 3539 inter
1365 3482 1501 3540 alios
1527 3483 1755 3539 aderant
1788 3500 1807 3535 ί
1844 3481 2076 3553 Stepha-

481 3588 591 3633 nus
609 3573 776 3631 abbas
809 3583 864 3631 et
905 3575 1130 3631 eremita
1163 3576 1231 3632 de
1261 3575 1510 3653 Cordano
1537 3575 1730 3652 insula,
1765 3594 1783 3628 ι
1818 3583 1873 3630 et
1899 3572 2080 3630 Herie-

481 3665 607 3738 gius
640 3666 790 3737 prior
819 3655 1232 3737 Silvag-Majoris
1257 3682 1380 3723 eum
1409 3667 1530 3723 aliis
1565 3667 1773 3731 multis,
1813 3681 1951 3736 quos
1993 3680 2080 3720 rc-

482 3770 709 3814 eenscre
737 3756 1054 3829 singillatim
1087 3757 1220 3812 nihil
1255 3758 1503 3814 interest.
1846 3759 1848 3762 ’

557 3848 643 3903 ll.
670 3847 865 3903 iisdem
890 3849 1226 3917 temporibus
1248 3848 1405 3906 Dimo
1427 3849 1512 3904 vir
1535 3850 1733 3925 nobilis
1760 3867 1884 3908 cum
1913 3865 2081 3905 uxore

485 3953 584 3995 sua
625 3946 685 3996 et
725 3938 915 3995 liberis
963 3938 1237 4018 connechit
1297 3940 1628 3996 monasterio
1667 3940 2082 4009 Silvzeeltlajoris

491 4031 778 4091 ecclesiam
809 4031 997 4105 Sancti
1032 4031 1178 4086 Petri
1203 4018 1269 4087 de
1296 4032 1726 4100 Neronis-Villa,
1775 4034 1829 4088 in
1860 4033 2082 4088 dimccsi

490 4123 794 4190 Senonensi
817 4124 1002 4191 sitam,
1029 4123 1120 4180 ubi
1151 4124 1402 4179 monachi
1440 4125 1646 4199 aliquot
1689 4124 1921 4180 instituti
1970 4124 2079 4179 fuc-

487 4223 640 4269 runt.
672 4213 824 4270 llanc
853 4199 1224 4270 fundationem
1265 4223 1510 4283 tempore
1553 4215 1698 4271 beati
1729 4214 1950 4295 Qeraldi
1998 4213 2084 4268 fa-

491 4317 638 4362 ctam
670 4306 835 4363 fuisse
865 4307 1171 4378 colligimus
1198 4299 1264 4361 ex
1313 4322 1579 4362 consensu
1627 4307 1868 4363 Ricberii
1915 4307 2086 4378 Seno-

2175 3203 2344 3278 r'icus,
2373 3211 2514 3267 ﬁlius
2535 3197 2800 3276 Anselmi,
2824 3211 3070 3276 despecta
3095 3200 3254 3274 quam
3272 3201 3576 3272 exercebat
3593 3197 3768 3252 mundi

2177 3303 2387 3364 militia.
2404 3300 2757 3370 salvationetn
2776 3279 2968 3372 anima:
2992 3310 3100 3358 sua:
3117 3293 3372 3366 qumrens
3383 3290 3452 3364 ad
3471 3304 3571 3343 nos
3584 3285 3767 3343 confu-

2163 3393 2278 3468 git,
2309 3403 2364 3452 et
2389 3398 2584 3450 devote
2604 3399 2886 3467 susceptus
2904 3399 3006 3445 est.
3039 3381 3278 3444 Contulit
3315 3383 3488 3439 etiam
3513 3396 3639 3439 cum
3659 3395 3771 3456 per-

2178 3475 2307 3552 stona
2344 3487 2448 3554 sui,
2489 3501 2651 3556 quam
2685 3469 2801 3539 Deo
2829 3491 2885 3558 et
2911 3469 3112 3537 sanetae
3143 3475 3327 3531 Mariae
3353 3482 3413 3531 et
3455 3481 3655 3528 sancto
3681 3470 3774 3524 Be-

2179 3581 2395 3638 nedicto
2420 3594 2516 3654 per
2542 3592 2731 3633 manus
2754 3585 2968 3632 nostras
2992 3571 3208 3635 obtulit,
3247 3569 3314 3622 de
3356 3567 3526 3622 rebus
3559 3564 3676 3620 suis
3721 3570 3776 3617 et

2179 3663 2462 3743 parentum
2479 3684 2719 3734 suorum,
2738 3676 2943 3740 przeter
2963 3664 3013 3719 id
3032 3663 3175 3734 quod
3187 3674 3374 3716 secum
3389 3657 3602 3740 attulit,
3616 3655 3776 3730 Aure-

2180 3764 2340 3820 lianis
2371 3763 2592 3819 civitate
2616 3755 2804 3816 domos
2831 3773 2956 3819 eum
3005 3753 3265 3820 viridario
3293 3760 3352 3806 et
3376 3759 3542 3806 curte
3578 3759 3637 3805 et
3676 3759 3773 3802 ιρι·

2181 3839 2298 3911 ram
2325 3853 2690 3924 adjacentem,
2719 3855 2884 3921 quam
2916 3847 3152 3904 tenebat.
3185 3846 3242 3900 in
3287 3845 3410 3915 ipso
3452 3843 3624 3899 etiam
3653 3854 3774 3912 pro-

2183 3953 2372 4016 spectu
2427 3943 2667 4019 civitatis
2715 3924 2994 3996 vinearum
3042 3951 3311 4008 arpennos
3356 3944 3640 4005 septem...
3668 3931 3776 3984 Non

2184 4038 2354 4094 multo
2382 4051 2512 4092 vero
2557 4033 2816 4104 temporis
2842 4032 3057 4086 labente
3083 4026 3380 4089 curriculo,
3432 4033 3611 4081 mater
3642 4023 3777 4077 illius

2185 4137 2241 4200 et
2271 4127 2437 4183 frater
2464 4125 2676 4181 cuidam
2719 4123 2860 4194 patri
2890 4123 3084 4188 harum
3117 4133 3296 4174 rerum
3344 4116 3670 4186 injuriosatn
3698 4112 3773 4166 in-

2183 4220 2433 4291 iecerunt
2462 4217 2789 4284 calumniam
2819 4231 2834 4276 ;
2869 4213 3011 4268 unde
3048 4227 3149 4281 ego
3181 4209 3349 4263 abbas
3373 4216 3429 4263 et
3455 4207 3660 4283 fratres
3679 4203 3774 4276 mei

2189 4308 2438 4364 misimus
2469 4291 2642 4376 ipsum
2695 4301 3026 4375 confratrem
3071 4305 3314 4378 nostrum
3362 4293 3776 4352 Theodericum,

493 4402 682 4456 nensis
717 4398 1146 4481 archiepiscopi,
1186 4398 1278 4468 qui
1343 4413 1486 4453 anno
1531 4397 1667 4453 1096
1712 4398 1823 4453 vita
1870 4398 2087 4454 functus
2119 4433 2166 4492 Β
2191 4409 2251 4456 ut
2297 4398 2439 4470 quod
2472 4394 2801 4472 monasterio
2839 4395 3011 4448 beata:
3041 4389 3223 4444 Marire
3262 4386 3597 4488 contulerat,
3627 4383 3779 4492 plene

490 4503 597 4550 est.
630 4492 798 4561 Hujus
836 4486 1016 4546 autem
1050 4477 1153 4545 loci
1177 4489 1461 4545 facultates
1482 4490 1712 4562 augendi
1743 4493 2087 4547 Occasionem

491 4585 727 4657 praebuit
771 4584 979 4656 insigne
1009 4583 1352 4660 miraculum,
1403 4575 1568 4652 quod
1594 4583 1644 4637 in
1681 4585 1847 4639 veteri
1899 4584 2086 4656 notitia

492 4674 766 4731 Chartarii
813 4673 1098 4740 Silvensis,
1137 4660 1342 4745 absque
1363 4672 1470 4728 ulla
1521 4673 1782 4744 temporis
1821 4684 1972 4751 nota,
2005 4673 2090 4727 his

496 4766 680 4822 verbis
709 4766 959 4822 refertur.
993 4786 1011 4819 ι
1055 4765 1176 4819 Fuit
1210 4763 1432 4835 quidam
1468 4763 1646 4832 miles,
1677 4763 1895 4835 nomine
1924 4763 2090 4817 Fulco

494 4857 714 4925 Faicus,
755 4859 849 4929 qui
894 4857 1082 4913 habuit
1129 4852 1415 4926 quemdam
1462 4855 1630 4908 lilium
1663 4854 1918 4908 clericum
1944 4847 1963 4917 ,’
1990 4867 2086 4907 no—

495 4951 646 5006 mine
674 4949 1070 5006 Garmundum.
1101 4947 1202 5002 Hic
1230 4962 1352 5002 cum
1389 4945 1440 4998 iu
1467 4943 1831 5006 adolescentia
1860 4957 1955 4996 sua
1983 4955 2086 4996 str-

1359 5033 1386 5048 Ι.

2195 4491 2553 4560 acquietaret.
2587 4487 2810 4541 Factum
2857 4491 2941 4538 est
2973 4483 3045 4535 ita
3097 4480 3268 4551 gratia
3298 4477 3419 4541 Dci,
3452 4496 3472 4529 ι
3508 4485 3618 4530 etc.
3649 4474 3777 4528 Fur-

2198 4599 2325 4639 num
2365 4583 2415 4636 in
2456 4580 2644 4635 eadem
2679 4577 2898 4632 civitate
2928 4575 3123 4638 situm,
3151 4579 3206 4627 et
3245 4569 3380 4624 alias
3416 4566 3782 4647 possessiones

2197 4651 2494 4727 in‘vlcinis
2547 4667 2683 4722 vicis
2737 4667 2871 4721 sitas
2921 4664 3096 4738 eidem
3155 4659 3492 4715 monasxerio
3561 4653 3782 4728 conti-lit

2199 4761 2499 4820 Gelduinus
2551 4741 2784 4830 Philippi
2844 4755 2991 4827 regis
3041 4751 3344 4828 familiaris,
3395 4759 3456 4802 ut
3502 4763 3571 4802 ex
3622 4747 3781 4800 allen

2198 4837 2391 4922 notitia
2441 4853 2699 4909 discimus
2743 4850 2824 4904 sic
2871 4862 2983 4902 rem
3029 4851 3351 4918 exponente.
3404 4857 3422 4891 t
3467 4836 3783 4906 Quidamde

2195 4930 2399 5004 familia
2433 4944 2634 5001 domini
2671 4940 2904 5012 Philippi
2938 4939 3276 4994 Francorum
3321 4933 3470 5014 regis
3494 4929 3781 4986 Celduinus

2328 5040 2338 5048 ι
2452 5038 2464 5048 ι
2855 5046 2860 5047 γ
2887 5046 2894 5047 γ
2949 5030 3107 5048 ..-μορ
3138 5034 3180 5048 -l
3211 5023 3394 5048 ιιι--.ρ--Ι

3435 5033 3527 5048 ...Α
3578 5034 3778 5048 λων-..1ο
