3960 5320
108 336 281 393 {-013

1164 340 1345 398 VITA.
1382 371 1450 383 —
1485 337 1869 397 OBSERVAT.
1910 336 2231 396 PR£VI£.

3272 334 3416 392 ιοιι

107 452 377 518 Domini,
409 466 529 522 qua
557 451 755 507 dicitur
782 451 1161 526 Silva-Major,
1197 476 1216 510 ι
1246 455 1507 527 capellam
1542 455 1727 513 Sancti
1756 459 1805 515 Α
1832 451 2026 522 egerit.
2055 448 2123 504 ad
2146 448 2397 504 abbatem
2418 445 2839 517 SilmeMaioris
2892 445 3007 518 ipse
3047 446 3260 515 veniat.
3314 452 3406 518 qui

112 544 461 615 beodegarii
491 544 545 599 in
577 543 712 600 silva
760 544 952 615 Lesgia
1001 546 1281 620 (I’Ergue),
1333 564 1455 605 cum
1485 551 1597 606 suis
1635 566 1728 622 ap-

113 634 430 703 pendiciis.
460 632 645 705 Regia:
698 636 902 695 charm
936 638 1285 697 subscribunt
1314 640 1546 710 majores
1577 644 1728 713 regni

112 722 421 789 olﬁciales,
454 736 575 778 eam
603 739 735 781 vero
766 727 956 799 relegit
976 727 1311 785 Gislebertus
1337 731 1477 801 regis
1500 731 1728 789 clericus

116 810 201 865 ad
224 812 410 866 vicem
439 812 675 869 Gosl'ridi
704 816 1013 874 cancellarii
1037 826 1093 873 et
1117 819 1451 876 Parisiorum
1468 822 1724 893 episcopi.

118 903 190 958 in
214 904 394 959 altera
426 906 619 961 charta
655 906 939 979 Philippus
967 910 1071 967 hoc
1108 925 1170 968 se
1216 912 1414 969 fecisse
1474 923 1724 982 testatur,

117 1010 267 1051 eum
298 995 466 1051 multa
497 997 564 1052 de
609 1009 795 1055 sancta
825 1002 1212 1061 monachorum
1256 1002 1546 1064 Silvae-Dei
1592 1024 1727 1065 con-

120 1088 453 1143 versatione
482 1091 724 1147 audisset
753 1108 784 1149 a
815 1093 1025 1150 duobus
1077 1098 1383 1173 monachis,
1433 1113 1571 1170 quos
1612 1101 1727 1172 ipse

117 1178 374 1234 domnus
393 1178 665 1238 Giraudus
695 1182 903 1253 primus
946 1185 1052 1242 loci
1095 1188 1269 1245 abbas
1308 1190 1586 1258 miserat;
1629 1194 1726 1250 sed

120 1277 285 1326 notae
308 1272 730 1345 chronologicte,
759 1292 880 1346 quae
902 1278 955 1333 in
980 1281 1300 1350 posterioris
1330 1281 1490 1351 hujus
1521 1284 1726 1343 charta:

118 1363 454 1433 apOgrapho
483 1372 672 1421 nostro
700 1366 988 1436 habentur,
1019 1372 1295 1432 mendosa:
1332 1384 1477 1429 sunt.
1536 1375 1723 1433 Mona-

116 1452 275 1508 chos
298 1468 429 1510 vero
453 1455 869 1528 Silvae-Maioris
888 1461 1003 1530 jam
1037 1470 1184 1529 tunc,
1211 1465 1295 1520 vel
1312 1496 1313 1499 η
1330 1467 1520 1524 saltem
1565 1471 1725 1540 paulo

121 1551 259 1611 post
282 1543 359 1599 ibi
384 1544 663 1609 institutos
690 1544 861 1606 fuisse
896 1562 1129 1609 constat.
1160 1554 1229 1611 Et
1249 1555 1469 1626 quidem
1492 1558 1547 1615 in
1573 1561 1724 1619 Bulla

122 1632 417 1692 Gmlestini
446 1637 513 1693 ΠΙ
543 1642 745 1699 sacqu
790 1645 1040 1714 sequenti
1071 1646 1212 1713 data,
1247 1649 1395 1705 inter
1443 1652 1580 1710 alios
1637 1672 1724 1712 re-

1826 538 1969 593 male
1992 546 2113 593 acta
2138 537 2405 609 corrigat;
2436 535 2684 593 similiter
2702 545 2755 591 et
2783 537 3080 592 monachus
3105 537 3196 607 qui
3221 536 3408 594 abbati

1828 627 2047 683 rebellis
2074 626 2257 681 fuerit.
2290 626 2361 683 Ut
2398 634 2578 682 autem
2604 627 2718 682 haec
2767 627 3243 689 auctorizabiliora
3305 628 3408 685 ba-

1826 720 2078 786 beantur,
2114 717 2377 775 nobilium
2417 718 2661 774 virorum
2703 718 3013 774 testimonio
3054 719 3408 788 roborantur,

1826 825 2058 882 quorum
2105 809 2326 866 nomina
2374 811 2776 867 subnotantur:
2807 810 2864 867 S.
2896 811 3111 873 Geraldi
3156 813 3411 871 Camera-

1826 900 2009 957 censis
2052 900 2315 971 episcopi.
2369 898 2429 955 S.
2476 898 2717 961 Anselmi
2773 901 2841 957 de
2899 900 3312 971 Bibodimonte;
3343 905 3402 962 S.

1825 991 2076 1050 Balduini
2102 991 2474 1059 dc'l‘ornaco;
2514 992 2575 1050 S.
2610 993 2899 1050 Gisleberti
2928 996 3201 1066 prmpositi
3227 998 3293 1052 dc
3318 995 3410 1051 Ni-

1823 1083 1985 1150 vella,
2016 1084 2358 1156 aliorumque
2381 1083 2696 1152 multorum,
2724 1084 2817 1156 qui
2843 1085 2971 1142 huic
3000 1086 3293 1143 assertioni
3324 1088 3409 1142 in-

1829 1175 2148 1232 terruerunt.

1901 1287 1921 1322 ι
1957 1269 2093 1324 Acta
2124 1276 2250 1325 sunt
2274 1269 2461 1341 itaque
2487 1267 2603 1325 haec
2626 1280 2771 1325 anno
2799 1270 2868 1327 ab
2892 1271 3271 1330 incarnatione
3308 1273 3412 1327 Do-

1825 1360 1959 1416 mini
1993 1361 2150 1428 1082,
2192 1363 2493 1419 indictione
2518 1378 2573 1430 v,
2601 1372 2793 1434 epacta
2835 1364 2990 1431 x‘mt,
3051 1377 3412 1425 concurrente

1824 1464 1880 1517 ν,
1907 1450 2208 1523 imperante
2238 1452 2471 1509 Henrico
2501 1454 2870 1511 Romanorum
2898 1469 3048 1525 rege.
3087 1455 3144 1511 Sy.
3164 1456 3409 1511 Baiduini

1780 1586 1787 1593 .
1824 1543 2061 1599 comitis.
2098 1544 2157 1599 S.
2190 1544 2457 1602 Richildis
2479 1546 2673 1601 matris
2705 1545 2845 1616 ejus.
2878 1566 2898 1600 ι
2937 1548 3189 1615 Superest
3226 1548 3413 1605 hodie-

1822 1648 1930 1704 que
1954 1636 2347 1691 monasterium
2383 1634 2838 1710 Sancti-Dionysii
2871 1640 2925 1695 in
2954 1640 3208 1697 Broearia
3256 1641 3413 1713 (Bro.

123 1734 437 1783 censentur
492 1749 511 1781 ι
540 1732 815 1801 prioratus
860 1738 1035 1794 sancti
1079 1739 1396 1811 Leodegarii
1450 1752 1506 1800 et
1546 1748 1722 1803 sancti

1829 1727 2039 1796 φαίνου)
2068 1726 2281 1782 celebre
2302 1741 2469 1797 prope
2482 1726 2702 1784 Montes
2733 1729 3032 1789 liannoniae
3060 1734 3269 1787 urbem.

123 1815 291 1874 Pauli
320 1821 387 1876 de
412 1837 635 1881 nemore
662 1834 717 1881 ει
744 1826 1067 1888 Bcumams
1102 1832 1158 1888 in
1202 1808 1425 1893 dignm,
1476 1835 1726 1897 δυοεείο,
1758 1808 1805 1868 Β
1903 1818 1994 1874 15.
2036 1818 2207 1875 Paulo
2238 1828 2361 1891 post
2378 1821 2525 1878 beati
2550 1822 2768 1887 Geraldi
2796 1824 3006 1881 obitum
3036 1825 3191 1897 Hugo
3232 1840 3414 1881 comes

122 1911 315 1965 nensi.
352 1928 373 1964 ι

203 2001 297 2056 ﬂ.
342 2002 545 2060 Verum
569 2006 652 2063 his
679 2010 938 2069 omnibus
964 2013 1233 2072 celebrior
1265 2017 1371 2073 fuit
1392 2019 1574 2076 Sancti
1606 2021 1731 2079 Dio-

122 2094 279 2163 nysii
303 2109 473 2165 prope
498 2097 711 2155 Montes
733 2100 786 2155 in
824 2102 1106 2161 liannonia
1137 2105 1405 2175 fundatio,
1445 2126 1607 2180 quam
1635 2114 1729 2169 ab-

124 2182 340 2238 batiam
367 2186 569 2244 Sancto
595 2189 851 2259 Geraldo,
900 2194 1122 2264 ejusque
1150 2201 1557 2256 successoribus
1601 2204 1729 2259 sub-

119 2274 334 2343 iectam
359 2277 531 2335 voluit
563 2296 686 2337 esse
708 2282 973 2340 Richildis
995 2285 1405 2344 Flandrensium
1424 2292 1726 2360 comitissa,

120 2368 241 2423 loci
266 2371 710 2432 conditrixJiuc
738 2377 985 2446 proferre
1018 2378 1175 2450 juvat
1204 2379 1543 2441 fundatiouis
1573 2382 1729 2440 tabu-

127 2460 215 2517 las
236 2477 304 2518 ex
330 2464 619 2523 Chartario
652 2469 906 2526 Silvensi;

215 2569 237 2605 ς
277 2552 391 2625 Ego
414 2554 679 2612 Richildis
705 2560 1006 2630 comitissa,
1032 2570 1208 2620 mater
1234 2563 1485 2623 Balduini
1510 2570 1727 2628 comitis

127 2640 236 2697 ﬁlii
260 2644 442 2714 magni
466 2645 738 2714 Baliluini,
770 2649 882 2719 qui
904 2652 1077 2708 tenuit
1105 2653 1471 2725 principatum
1520 2659 1726 2716 utrius-

127 2748 245 2803 que
275 2736 487 2792 scilicet
535 2738 890 2798 Flandrensis
948 2752 1003 2799 et
1030 2743 1388 2803 Hainocensis
1440 2747 1726 2825 (Hainaut)

129 2827 283 2896 pagi,
306 2842 534 2885 cernens
574 2839 746 2887 totum
794 2836 1053 2892 mundum
1096 2853 1258 2895 ruere
1305 2842 1375 2897 ad
1428 2856 1731 2913 occasum,

130 2925 305 2987 atque
334 2929 561 2976 cunctos
583 2924 842 2981 mortales
879 2927 1055 2999 magis
1083 2929 1327 2987 subditos
1372 2946 1725 3004 peccatorum

132 3007 382 3063 tenebris
410 3024 574 3079 quam
602 3013 848 3071 veritatis
878 3015 1009 3085 luci,
1035 3018 1178 3089 ccepi
1213 3028 1452 3078 tractare
1467 3026 1533 3079 de
1549 3025 1727 3083 salute

130 3113 277 3153 mea
302 3100 519 3171 meique
549 3102 646 3157 ﬁlii
688 3106 905 3173 animae,
952 3109 1225 3179 quomodo
1268 3127 1552 3182 possemus
1605 3131 1726 3171 san-

1831 1907 2229 1981 Regitestensis
2267 1911 2460 1982 (Retel)
2497 1912 2799 1971 Noveiensc
2843 1918 3233 1973 monasterium
3286 1932 3415 1973 con-

1828 2002 1988 2071 didit,
2020 2004 2073 2059 in
2104 2020 2211 2076 quo
2237 2006 2471 2065 instituti
2494 2019 2624 2064 sunt
2652 2011 2904 2066 monachi
2941 2009 3239 2077 Silvenses,
3270 2013 3414 2082 quod

1831 2095 2095 2152 hactenus
2123 2097 2223 2153 sub
2251 2099 2548 2169 prioratus,
2582 2102 2766 2159 multis
2785 2103 3020 2159 abbatiis
3060 2105 3413 2175 praeferendi,

1831 2186 1989 2242 titulo
2029 2188 2279 2245 subsistit
2305 2189 2688 2261 Silvae-Maiori
2744 2195 3069 2263 subjectum.
3128 2195 3303 2252 Situm
3333 2208 3417 2251 εει

1829 2277 1973 2334 haud
2002 2281 2189 2350 procul
2216 2297 2244 2335 a
2272 2282 2548 2353 chiteste
2578 2284 2862 2343 Remensis
2887 2287 3143 2345 ditecesis
3191 2290 3411 2360 oppido,

1829 2368 1989 2424 hodie
2016 2387 2045 2425 a
2080 2371 2195 2425 RR.
2229 2373 2479 2430 Patribus
2519 2378 2957 2448 congregationis
2990 2379 3174 2436 Sancti
3230 2380 3414 2436 Vitoni

1829 2459 2211 2516 inhabitatum.
2237 2461 2295 2518 In
2332 2463 2540 2519 vicinas
2568 2480 2785 2536 quoque
2813 2467 3099 2536 dimceses,
3126 2468 3181 2525 id
3202 2478 3282 2525 est
3310 2485 3410 2541 per

1828 2556 1996 2604 totam
2036 2548 2305 2621 Belgicam
2331 2551 2392 2618 li,
2420 2567 2513 2608 seu
2538 2555 2877 2623 provinciam
2910 2557 3254 2623 Remensem,
3286 2573 3416 2629 pro-

1828 2649 2025 2712 pagata
2057 2642 2157 2697 fuit
2204 2642 2626 2716 Silvae-Majoris
2677 2646 3062 2720 congregatio,
3119 2651 3209 2705 ubi
3266 2650 3412 2707 haud

1832 2734 2013 2794 minus
2036 2750 2198 2805 quam
2216 2737 2268 2791 in
2286 2736 2577 2808 Aquitania
2602 2739 2817 2796 celebre
2837 2751 2958 2796 erat
2976 2740 3193 2797 Geraldi
3208 2741 3411 2797 alumni

1832 2825 1915 2879 sui
1942 2840 2171 2893 nomen;
2227 2828 2337 2884 imo
2363 2838 2419 2883 et
2451 2830 2775 2885 transmisso
2812 2834 2970 2899 mari,
3020 2830 3159 2902 apud
3205 2832 3441 2902 Anglos,

1835 2917 2116 2973 celebrata
2141 2920 2239 2975 fuit
2265 2931 2520 2977 accurata
2551 2922 2819 2995 regularis
2866 2924 3163 2995 disciplina:
3217 2924 3405 2981 observ

1830 3010 2010 3063 vantia
2065 3008 2393 3068 Silvensium
2436 3014 2825 3070 monachorum
2858 3057 2874 3082 ,
2924 3017 3014 3088 qui
3046 3016 3263 3074 labente
3302 3019 3402 3076 hoc

1831 3099 2118 3157 undecimo
2153 3103 2351 3159 steculo
2376 3104 2428 3159 in
2453 3119 2517 3160 ea
2545 3106 2767 3175 regione
2803 3106 2921 3177 jam
2969 3106 3257 3176 ﬂorebant,
3311 3111 3433 3177 sed:

130 3197 240 3245 απ
277 3192 468 3248 matris
495 3193 751 3251 Ecclesia:
779 3162 987 3255 casum.
1005 3162 1296 3259 relevando
1324 3204 1496 3261 oculis
1520 3206 1726 3265 .ludicis
1753 3162 2002 3246 C'mulw
2033 3192 2267 3263 maiores
2295 3195 2349 3249 in
2384 3195 2644 3266 Hispania
2669 3212 2992 3269 Progressus
3018 3198 3215 3257 Ῑθοενθ·

132 3279 359 3349 placere
390 3284 629 3352 superni.
661 3284 813 3342 Talia
846 3288 979 3344 mihi
1015 3284 1449 3364 stepecogitanti
1479 3311 1544 3352 ac
1576 3298 1727 3367 inge—

142 3369 397 3427 miscenti
424 3376 662 3430 occurrit
686 3376 934 3447 intentio,
961 3381 1202 3439 relevato
1249 3386 1484 3456 quodam
1537 3387 1726 3445 locello

135 3470 333 3517 sancto
365 3463 625 3537 Dionysio
647 3468 917 3538 dedicato,
966 3482 1209 3530 statuere
1241 3475 1311 3531 ibi
1345 3477 1543 3534 fratres
1566 3480 1724 3549 juxta

133 3552 382 3625 regulam
408 3553 554 3611 beati
596 3556 891 3617 Benedicti
922 3563 1238 3622 militantes.
1284 3566 1550 3637 Tempore
1596 3586 1726 3627 vero

132 3660 247 3713 quo
296 3644 412 3702 haec
440 3660 565 3702 meo
592 3651 953 3708 versabantur
998 3655 1204 3724 animo,
1263 3667 1385 3714 erat
1428 3660 1722 3731 inemptum

134 3737 531 3792 monasterium
579 3739 634 3794 in
668 3740 788 3796 loco
834 3742 1192 3816 Silva-Major
1243 3760 1577 3820 nuncupata,
1634 3754 1726 3809 ubi

135 3826 281 3882 Deus
306 3842 432 3884 suos
454 3844 645 3885 servos
676 3833 814 3888 mira
846 3838 1080 3907 augebat
1114 3840 1492 3910 dispositione,
1524 3844 1726 3915 quippe

134 3918 224 3973 cui
252 3916 657 3976 famulabantur
685 3931 796 3979 tota
829 3927 1155 3986 intentione.
1189 3930 1327 3989 lluic
1356 3933 1522 4004 igitur
1547 3937 1727 3993 eccle-

139 4009 237 4063 siae
265 4009 465 4079 placuit
496 4013 779 4081 praefatum
826 4016 1001 4073 locum
1054 4019 1348 4089 subjicere,
1394 4032 1452 4079 ut
1496 4039 1563 4080 ex
1614 4033 1723 4082 tam

137 4099 306 4155 nobili
338 4108 760 4175 congregatione
782 4124 1001 4179 semper
1026 4111 1280 4167 abbatem
1320 4115 1607 4185 suscipiat,
1632 4117 1725 4187 qui

134 4192 421 4248 ecclesiam
455 4196 643 4253 Sancti
677 4201 1095 4272 Dionysii-recte
1120 4204 1392 4272 disponat.
1432 4207 1508 4262 De
1536 4198 1726 4265 nostra

134 4286 387 4355 equidem
417 4289 825 4359 oiroumjacenti
850 4294 1194 4363 possessione
1221 4304 1429 4351 tantum
1454 4298 1574 4354 loco
1594 4312 1729 4356 con-

136 4377 256 4443 tuli,
287 4386 346 4432 ut
367 4379 536 4435 abbas
566 4380 796 4437 bonsste
818 4392 1000 4453 posset
1020 4385 1232 4441 haberi.
1265 4386 1508 4444 Domnus
1537 4390 1723 4461 itaque

126 4466 415 4535 ‘Geraldus,
449 4470 862 4543 Silvas-Majoris
890 4477 1059 4533 abbas
1093 4481 1325 4548 primus,
1380 4483 1446 4537 de
1476 4484 1589 4538 suis
1613 4502 1722 4540 mo-

138 4559 323 4615 nachis
350 4560 477 4619 illuc
503 4564 673 4631 misit,
724 4567 1071 4638 primumque
1111 4572 1364 4628 abbatem
1415 4577 1717 4632 constituit.

132 4650 336 4706 Census
357 4664 539 4708 autem
566 4655 636 4709 12
659 4658 1004 4714 denariorum
1029 4662 1169 4715 auri:
1193 4662 1265 4719 ibi
1321 4667 1611 4734 statuitur,
1663 4678 1722 4725 ut

133 4742 358 4813 singulis
378 4746 544 4802 annis
573 4747 729 4805 initio
773 4750 1213 4824 Quadragesimae
1264 4767 1465 4813 sanctae
1517 4760 1717 4828 Marizn,

134 4833 185 4887 in
211 4832 363 4902 Cujus
390 4834 604 4894 honore
626 4838 1034 4911 Silvas-Maioris
1064 4849 1455 4903 monasterium
1504 4851 1720 4907 dedica-

134 4934 242 4978 tum
271 4933 375 4991 est,
399 4927 777 4997 persolvatur;
804 4932 950 4990 hunc
995 4950 1126 4992 vero
1182 4938 1362 4993 locum
1411 4947 1467 4994 et
1516 4950 1713 4998 caetera

131 5015 456 5084 pertinentia
479 5018 549 5073 ad
578 5017 755 5087 ipsum
782 5021 853 5077 ita
872 5020 1124 5082 omnium
1169 5028 1502 5085 absolvimus
1556 5042 1711 5101 pote-

130 5119 288 5178 state,
320 5121 380 5167 ut
409 5112 618 5167 nemini
652 5114 706 5166 in
732 5128 798 5169 eo
820 5117 1115 5187 quidquam
1157 5118 1299 5187 juris
1347 5119 1715 5178 vel-domina-

134 5203 309 5267 tionis,
344 5204 461 5259 sive
485 5204 864 5268 advocationis
891 5208 1055 5266 liceat
1106 5210 1326 5277 habere,
1392 5212 1495 5265 nisi
1528 5214 1717 5273 abbati

134 5304 181 5320 Α.
204 5293 463 5320 [φη-ειη...
497 5311 589 5320 Α-..

621 5296 741 5320 ηαξ...
796 5296 899 5320 0-)
940 5311 977 5320 ..
1035 5303 1129 5320 ι-.-
1292 5305 1327 5320 n
1438 5303 1487 5320 II
1615 5308 1649 5320 η

1901 3282 1989 3337 16.
2028 3283 2310 3355 Regnabat
2349 3295 2476 3343 tunc
2505 3288 2648 3359 apud
2686 3290 2968 3359 Aragones
3013 3292 3244 3349 Saucius
3297 3292 3412 3357 Ba:-

1827 3375 2009 3431 nimiri
2038 3376 2198 3443 ﬁlius,
2228 3379 2321 3449 qui
2351 3395 2495 3448 cum,
2535 3380 2745 3450 adjecta
2795 3398 2962 3454 regno
2992 3401 3091 3442 suo
3144 3385 3414 3453 Navarra,

1828 3468 2086 3522 ecclesias
2118 3484 2225 3523 non
2267 3484 2469 3538 paucas
2498 3472 2552 3525 in
2585 3473 2670 3527 his
2718 3476 3029 3544 regionibus
3075 3477 3411 3532 condidisset

1829 3564 1885 3610 et
1914 3557 2178 3623 dotasset,
2211 3561 2557 3616 occasionem
2584 3578 2708 3617 eum
2737 3566 2969 3622 adeundi
2997 3567 3181 3623 multis
3194 3566 3437 3627 clericis.

1827 3657 1882 3703 et
1904 3649 2186 3704 monachis
2209 3652 2455 3720 praebuit.
2483 3653 2629 3708 Inter
2659 3656 2792 3711 istos
2826 3672 2957 3711 vero
3005 3658 3160 3715 fuere
3203 3659 3413 3729 aliquot

1827 3753 1859 3793 e
1895 3740 2114 3795 Geraldi
2143 3741 2442 3812 discipulis,
2475 3760 2612 3814 quos
2664 3747 2785 3816 pius
2817 3764 2913 3802 rex
2944 3748 3174 3820 benigne
3224 3766 3413 3807 suscca

1827 3838 1947 3899 ptos
1976 3830 2028 3885 in
2065 3830 2297 3887 ecclesia
2323 3834 2467 3903 apud
2501 3834 2683 3890 vicum
2708 3836 2932 3892 Rostam
2958 3838 3213 3908 instituit,
3248 3848 3308 3895 ut
3334 3842 3408 3896 ibi

1828 3924 2151 3978 monastiozc.
2178 3924 2302 3979 vitae
2326 3925 2859 3997 exercitiis'operam
2915 3930 3141 3998 darent;
3184 3946 3435 4001 eosque,

1827 4029 1950 4076 cum
1978 4011 2049 4075 ibi
2079 4014 2243 4068 nimia
2269 4025 2591 4086 paupertate
2619 4028 3000 4089 premerentur
3020 4063 3035 4087 ,
3082 4022 3250 4077 variis
3287 4036 3418 4091 pos:

1828 4105 2162 4161 sessionibus
2188 4114 2375 4173 postea
2409 4106 2652 4163 donavit.
2679 4107 2805 4164 Haec
2829 4110 3011 4165 omnia
3044 4111 3301 4166 discimus
3340 4127 3408 4165 ex

1828 4196 1996 4251 veteri
2028 4196 2242 4263 notitia,
2264 4213 2386 4269 quae
2432 4213 2497 4254 ea
2525 4198 2592 4255 de
2622 4214 2685 4256 re
2735 4199 2969 4257 habetur
3002 4202 3056 4258 in
3093 4216 3235 4273 saepe
3293 4201 3411 4256 lau-

1826 4288 1953 4345 dato
1982 4288 2273 4344 Chartario
2303 4287 2564 4356 Silvensi,
2619 4290 2712 4346 ubi
2748 4289 2982 4346 Saucius
3034 4293 3146 4363 ipse
3180 4292 3259 4347 sic
3289 4307 3408 4348 rem

1830 4378 2068 4433 e'narrat.
2109 4395 2128 4429 ι
2166 4377 2465 4447 Hactenus,
2504 4379 2702 4449 inquit,
2732 4381 2784 4434 in
2821 4380 3079 4450 Hispania
3129 4397 3254 4438 raro
3306 4382 3410 4447 fuit

1827 4469 2135 4525 Christiana
2154 4470 2342 4541 religio
2355 4481 2598 4538 servata;
2632 4473 2725 4528 sed
2743 4483 3026 4543 postquam
3047 4473 3135 4529 lex
3160 4475 3405 4531 Romana

1824 4562 2084 4616 asanctis
2131 4560 2384 4617 Patribus
2442 4563 2994 4621 constituta‘nostris
3071 4566 3408 4636 temporibus

1825 4654 2209 4721 introducitur,
2240 4669 2303 4709 ac
2324 4654 2609 4711 nubilosus
2659 4671 2816 4711 error
2851 4657 3103 4711 veniente
3134 4660 3253 4713 luce
3286 4673 3412 4727 pro-

1823 4746 2062 4816 pellitur,
2110 4746 2527 4801 advenientibus
2561 4761 2592 4801 e
2628 4748 2880 4815 partibus
2916 4748 3150 4804 diversis
3189 4748 3407 4803 clericis

1823 4846 1879 4894 et
1914 4838 2197 4893 monachis
2226 4837 2475 4893 Ecclesia
2499 4838 2701 4895 Christi
2733 4839 3010 4894 dilatatur.
3052 4840 3248 4913 Itaque
3295 4840 3418 4908 qui-
3453 4835 3458 4841 ’

1822 4930 1946 4984 dam
1970 4929 2220 4984 monachi
2270 4930 2336 4983 ad
2387 4944 2476 4985 me
2527 4940 2816 4998 venerunt,
2877 4932 2969 5002 qui
3020 4947 3083 4987 se
3146 4934 3347 4990 missos
3401 4946 3437 4981 ιι

1821 5021 2021 5075 domno
2041 5018 2273 5075 Geraldo
2301 5018 2715 5091 Silvae-Majoris
2740 5024 2936 5078 abbate
2964 5023 3264 5081 dixerunt.
3310 5018 3453 5070 Erat

1823 5120 2005 5169 autem
2061 5114 2163 5169 iste
2217 5115 2388 5171 abbas
2440 5113 2686 5186 ejusque"
2716 5116 2973 5187 discipuli
3008 5111 3306 5175 diﬂamati
3344 5106 3466 5158 late

1822 5220 1920 5276 per
1943 5203 2280 5274 Hispaniam,
2306 5209 2398 5275 qui
2433 5209 2499 5263 de
2519 5209 2699 5278 patria
2720 5208 2997 5279 progressi
3032 5208 3091 5259 in
3142 5194 3419 5266 Silva—Ma
3435 5224 3458 5235 ρ

1825 5297 1925 5320 :_...:
1977 5297 2187 5320 At.._.._.
2243 5297 2348 5320 n..-
2414 5302 2731 5320 -..-..--1.-.ι
2787 5300 3036 5320 _._eI-_.!-...
3140 5299 3220 5320 l1:

1866 5295 1925 5320 ...:
1977 5297 2187 5320 Διηηλ...
2243 5297 2348 5320 n..-
2414 5302 2731 5320 __.-.___|___.
2787 5300 3036 5320 _._eI-..:_...
3140 5299 3252 5320 ιν..
3300 5286 3469 5320 :n'rlnr
