3960 5320
555 353 695 414 1015

1480 353 1540 413 8.
1573 357 1881 419 GERALDI
1912 363 2210 424 ABBATIS
2240 363 2794 428 SiLVE-MAJQRIS

549 468 716 524 miam
737 465 1111 538 cegnovissem
1139 454 1548 541 paupertatem,
1599 473 1762 532 aliam
1807 493 1916 536 non
1969 479 2129 552 longe
2155 484 2205 546 Α
2231 482 2439 541 referre
2455 480 2632 550 juvat,
2662 479 2807 556 quod
2838 490 2937 554 pro
2957 489 3026 538 eo
3056 486 3165 543 tam
3194 478 3322 539 rivo
3369 491 3542 546 quam
3572 478 3806 538 ueniam

551 558 678 613 dedi
699 557 780 613 eis
798 558 1087 616 ecclesiam
1109 571 1303 618 sancto
1321 562 1526 620 Jacobo
1551 566 1877 638 dedicatam,
1901 570 2136 626 illor‘ume

544 664 656 718 que
683 646 941 721 suﬁ'ragio
969 651 1052 708 vel
1081 652 1334 722 precibus
1351 668 1578 724 sperans
1601 673 1776 714 meam
1801 661 1941 733 apud
1967 663 2135 719 Deum

546 740 795 808 adjuvari
829 745 1087 802 animam.
1119 766 1138 801 ι
1186 747 1323 803 Tum
1341 761 1591 808 recenset
1610 755 1793 812 varias
1815 755 2134 816 donationes

541 849 658 889 asc
688 845 744 890 et
767 837 835 891 ah
863 837 1085 909 llugone
1130 840 1367 909 quodam
1411 846 1644 902 eremita
1698 850 1981 906 monachis
2026 850 2133 908 illis

550 925 743 992 factas,
764 944 882 998 qua:
904 931 1085 986 omnia
1116 948 1208 988 rex
1233 934 1351 1004 ipse
1371 951 1496 1003 cum
1528 937 1640 994 ﬁlio
1680 955 1778 997 suo
1801 941 1965 997 Petro
2003 958 2134 1000 con-

547 1019 780 1074 cessisse
803 1030 858 1076 et
882 1023 1233 1080 conﬁrmasse
1261 1025 1481 1083 dicitur.
1524 1029 1668 1086 Idem
1720 1033 1971 1103 princeps
2023 1050 2131 1090 aera

550 1126 758 1176 ucxxn,
795 1112 1081 1170 Meschitas
1103 1114 1219 1187 (V.,
1248 1118 1543 1192 morquéer)
1574 1121 1640 1176 de
1668 1121 1904 1194 Essoya,
1947 1123 2133 1194 procul

550 1201 714 1256 dubio
745 1220 774 1256 a
798 1202 999 1259 Mauris
1021 1213 1258 1275 ereptas,
1287 1223 1409 1262 cum
1435 1210 1659 1267 decimis
1682 1221 1736 1268 et
1762 1213 1886 1270 aliis
1913 1215 2133 1272 redditi-

541 1294 651 1350 bus
674 1297 953 1351 monachis
1009 1295 1344 1354 Silvensibus
1377 1300 1616 1356 tradidit.
1683 1303 1781 1359 Cui
1833 1305 2128 1372 donationi,

545 1395 748 1454 preter
785 1386 1008 1444 Petrum
1038 1389 1156 1460 ejus
1180 1388 1369 1456 ﬁlium,
1399 1392 1722 1464 subscripsit
1750 1409 1964 1465 quoque
1989 1394 2136 1452 Feli-

542 1475 632 1529 cia
659 1477 842 1548 regina
877 1478 993 1548 ejus
1013 1494 1152 1533 uxor
1199 1486 1254 1535 et
1303 1479 1449 1543 Petri
1509 1494 1710 1550 mater;
1764 1484 1934 1540 multo
1977 1487 2133 1558 plura

548 1563 772 1620 donavit
801 1581 909 1627 tera
938 1583 1142 1633 uentu
1168 1583 1353 1630 mense
1379 1568 1622 1638 Octobri,
1649 1571 1701 1627 id
1728 1584 1813 1629 est
1842 1575 2000 1644 paulo
2037 1591 2134 1638 an-

547 1665 767 1728 tequam
791 1673 821 1714 e
849 1661 985 1716 rivis
1009 1664 1313 1730 excederet,
1339 1665 1552 1722 occisus
1578 1667 1775 1738 quippe
1795 1679 1877 1724 est
1893 1669 1946 1725 in
1970 1669 2133 1726 Aucte

547 1751 700 1809 urbis
732 1752 1013 1814 obsidione
1037 1770 1178 1810 anno
1205 1757 1472 1827 sequenti,
1535 1759 1590 1815 id
1640 1746 1723 1816 est
1775 1776 1919 1816 anno
1970 1762 2129 1830 1094,

2235 570 2354 626 ﬁeri
2378 571 2608 638 curavit,
2645 570 2699 624 in
2723 583 2958 640 perenne
2985 568 3053 626 ob
3077 577 3156 624 tot
3177 566 3450 622 beneﬁcia
3475 570 3548 626 ab
3572 583 3641 623 eo
3665 584 3806 625 acce-

2232 669 2320 732 pta
2355 660 2488 731 grati
2514 661 2678 724 animi
2706 670 3132 716 monumentum.
3181 659 3336 727 Quod
3383 660 3614 730 quidem
3660 661 3802 716 iusti-

2233 757 2429 813 tutum,
2458 765 2527 808 ne
2554 749 2694 806 forte
2723 758 2844 820 post
2890 737 3048 819 longa
3103 757 3409 818 temporum
3445 749 3728 806 intervalla
3757 754 3806 812 in

2235 839 2644 896 desuetudinem
2676 840 2872 910 abiret,
2900 841 3209 896 convocatis
3249 840 3304 907 iu
3352 841 3662 918 capitulum
3708 842 3807 899 fras

2233 932 2429 998 tribus,
2456 932 2632 1002 iisque
2656 933 2801 995 ultro
2847 933 3330 997 consentientibus,
3367 933 3598 1003 publico
3623 935 3807 990 instru-

2231 1034 2417 1081 mento
2447 1025 2614 1081 insert
2670 1022 2860 1090 voluit,
2906 1024 3050 1096 quod
3104 1025 3158 1080 in
3205 1023 3437 1082 Archivi
3487 1023 3809 1080 Silveusibus

2231 1118 2333 1183 sub
2361 1119 2464 1184 hac
2485 1117 2659 1173 forma
2686 1117 2938 1174 habetur.

2309 1226 2328 1264 ι
2365 1207 2424 1263 In
2447 1209 2663 1270 nomine
2690 1217 2893 1266 sancta:
2922 1216 2979 1265 et
3023 1208 3312 1266 individua:
3356 1207 3679 1265 Trinitatis.
3720 1209 3812 1265 No-

2234 1309 2346 1358 tum
2379 1300 2494 1356 ﬁeri
2520 1301 2767 1358 volumus
2792 1302 3010 1358 cunctis
3032 1308 3234 1358 sancta:
3259 1301 3526 1357 Ecclesia:
3553 1301 3809 1370 ﬁdelibus,

2233 1401 2341 1449 tam
2370 1394 2604 1466 posteris
2629 1409 2789 1465 quam
2814 1394 3193 1466 praesentibus,
3238 1395 3381 1466 quod
3440 1394 3678 1461 domnus
3715 1393 3811 1450 Vil-

2233 1483 2426 1540 leltnus
2451 1484 2780 1541 venerabilis
2824 1483 3132 1555 Aquitaniae
3164 1484 3295 1550 dux,
3339 1483 3614 1555 quidquid
3664 1483 3814 1538 babe-

2231 1575 2326 1629 bat
2355 1573 2409 1628 in
2441 1574 2738 1639 territorio,
2790 1575 2934 1645 quod
2970 1573 3314 1644 Silva-Major
3349 1574 3813 1646 appellatur,sau-

2235 1671 2332 1722 cur
2365 1663 2546 1720 Mariae
2574 1665 2815 1732 tradidit,
2847 1675 3014 1735 atque
3058 1665 3206 1721 omni
3260 1664 3518 1720 libertate
3583 1665 3808 1720 donarit.

2233 1753 2346 1826 Ego
2372 1754 2556 1825 itaque
2592 1753 2880 1828 Geraldus,
2911 1755 3250 1825 providentia
3271 1755 3368 1814 Dei
3391 1755 3566 1819 abbas
3596 1756 3812 1826 primus,

547 1841 637 1896 die
671 1843 704 1898 ι
736 1842 903 1904 Junii.
957 1844 1208 1914 Ejusdem
1257 1863 1422 1921 porro
1478 1851 1623 1921 regis
1666 1852 1892 1907 consilio
1940 1853 2135 1910 Petrus
2165 1845 2209 1906 Β
2237 1859 2359 1904 cum
2388 1845 2534 1904 omni
2558 1844 2790 1906 fratrum
2837 1845 3063 1918 collegio
3091 1846 3462 1914 decrevimus,
3509 1846 3814 1902 decretum,

541 1933 978 2005 Pampiionensis
1032 1939 1298 2006 antistes,
1351 1941 1464 2011 (qui
1506 1956 1571 2001 ex
1620 1944 1890 1999 monacho
1953 1943 2138 2006 Sancti

550 2024 730 2089 Pontii
756 2023 1130 2084 Tomeriarum
1163 2029 1217 2092 in
1249 2029 1438 2096 Galliis
1463 2031 1529 2086 ad
1555 2032 1694 2095 hanc
1717 2033 1924 2100 sedem,
1956 2043 2015 2088 ut
2035 2033 2140 2089 Ta-

550 2113 730 2171 maius
757 2114 808 2169 in
838 2115 1082 2188 catalogo
1104 2119 1484 2189 episcoporum
1535 2120 2028 2196 Pampilonensium
2051 2123 2138 2179 die

547 2203 582 2257 7
602 2204 803 2275 Aprilis
831 2206 1004 2262 relato
1031 2218 1234 2276 monet,
1263 2220 1482 2270 evectus
1514 2210 1713 2279 fuerat,
1731 2213 1747 2283 )
1767 2212 2136 2284 Argileensem

548 2295 847 2353 Ecclesiam
876 2315 998 2364 cum
1047 2302 1160 2358 suis
1212 2303 1554 2372 pertinentiis
1582 2313 1636 2362 et
1665 2305 1787 2362 aliis
1839 2305 2138 2369 rcdditibus

548 2399 740 2444 sancto
768 2389 998 2456 Geraldo
1019 2393 1241 2450 donavit
1269 2410 1376 2451 aera
1404 2412 1603 2452 ucxxv.

621 2483 711 2540 17.
744 2481 1009 2542 Geraldus
1036 2497 1216 2548 autem
1250 2497 1328 2544 tot
1376 2489 1763 2553 beneﬁciomm
1794 2507 1826 2548 a
1872 2492 1962 2564 pio
2009 2507 2138 2565 rege

547 2581 897 2645 acceptorum
926 2593 1034 2632 non
1067 2577 1353 2636 immemor
1399 2583 1592 2636 statuit
1655 2593 1712 2636 ut
1739 2597 1878 2640 unus
1924 2597 2138 2655 semper

545 2679 754 2736 pauper
776 2666 901 2726 loco‘
925 2668 1069 2727 illius
1102 2671 1245 2743 regis
1265 2671 1351 2728 vel
1381 2671 1497 2741 ejus
1521 2687 1897 2730 successorum
1931 2674 1983 2729 in
2016 2691 2132 2731 mea

547 2758 790 2816 nasterio
821 2757 1054 2820 Silvensi
1081 2765 1404 2826 nutriretur.
1441 2764 1733 2822 Decretum
1778 2775 1834 2822 et
1865 2767 1932 2822 de
1962 2781 2022 2823 re
2048 2767 2134 2829 fa-

547 2857 696 2912 ctum
723 2849 830 2904 huc
862 2851 1109 2921 proferre
1141 2853 1292 2910 libet.

623 2956 642 2993 (
671 2938 1077 3005 Testamentum
1111 2945 1430 3004 monasterii
1455 2947 1632 3002 Beattc
1655 2947 1837 3004 Maria:
1883 2949 1948 3004 de
1984 2948 2133 3005 Silva

550 3030 758 3101 blnjore
783 3034 851 3088 ad
881 3050 1064 3107 regem
1096 3035 1354 3102 Sancium
1384 3038 1810 3110 Aragonensem.
1840 3041 1915 3094 Ex
1948 3051 2135 3096 aucto-

545 3132 713 3190 ritate
757 3124 851 3180 Dei
885 3121 1061 3182 Patris
1102 3128 1508 3199 omnipotentis,
1559 3145 1628 3185 ex
1681 3133 1942 3201 petitione
1992 3133 2134 3202 regis

2241 1950 2346 2006 que
2375 1935 2427 1990 in
2461 1936 2877 2007 congregatione
2895 1937 3182 1992 statuimus
3227 1945 3288 2002 ut
3321 1950 3423 2006 pro
3455 1935 3562 1991 hoc
3599 1935 3815 2004 aliisque

2239 2024 2516 2082 beneﬁciis
2541 2041 2661 2095 quae
2686 2025 2918 2096 plurima
2954 2041 3081 2097 erga
3104 2041 3204 2082 nos
3235 2034 3527 2096 operatur,
3561 2026 3618 2080 in
3640 2035 3812 2080 nostra

2238 2130 2452 2186 semper
2495 2117 2759 2171 orationis
2803 2100 3064 2185 memoria
3117 2116 3430 2185 habeatur;
3477 2125 3750 2184 quatenus
3784 2129 3811 2169 a

2238 2205 2454 2268 Christo
2482 2207 2971 2274 remunerationem
2998 2216 3293 2272 mereatur.
3319 2205 3436 2262 Hoc
3453 2221 3679 2277 quoque
3697 2221 3816 2262 eou-

2238 2299 2736 2370 stituimns,utpro
2779 2315 2842 2356 eo
2888 2298 3115 2369 singulis
3167 2298 3532 2354 hebdomadis
3577 2298 3818 2368 ερεείιιὶι

2237 2397 2403 2464 missa
2453 2403 2726 2463 canatur,
2766 2403 2930 2465 atque
2982 2403 3185 2464 quanta
3245 2390 3478 2464 singulis
3525 2389 3814 2456 fratribus,

2239 2497 2386 2543 tanta
2416 2489 2466 2544 ei
2493 2489 2734 2558 quotidie
2764 2487 3092 2544 decernatur
3139 2483 3432 2560 praebenda
3466 2497 3573 2554 pro
3606 2496 3819 2552 eopse—

2236 2580 2455 2652 peribus
2476 2579 2768 2651 eroganda.
2803 2577 2957 2646 Quod
2987 2577 3060 2632 ita
3099 2575 3386 2632 deﬁnitum
3439 2584 3554 2639 est,
3603 2574 3817 2629 utsicut

2236 2674 2341 2729 hoc
2361 2672 2414 2726 in
2442 2672 2550 2728 vita
2576 2671 2742 2741 ipsius
2767 2671 2965 2740 agitur,
2983 2683 3089 2723 non
3108 2667 3303 2722 minori
3327 2665 3514 2720 studio
3538 2673 3664 2736 post
3683 2679 3817 2720 num-

2239 2773 2366 2830 tem,
2397 2763 2636 2834 quandiu
2665 2761 2880 2817 steterit
2905 2759 3154 2822 ecclesia,
3179 2765 3397 2829 agatur.
3442 2754 3814 2820 Necessarium

2236 2870 2365 2926 ergo
2380 2856 2634 2911 duximus
2651 2863 2708 2910 ut
2730 2855 2834 2917 huc
2863 2851 3140 2914 memorias
3164 2849 3490 2919 cbartisque
3519 2846 3816 2916 mandetur,

2235 2961 2306 3004 ne
2363 2946 2665 3001 futurorum
2715 2943 3045 3014 negligentia
3098 2941 3366 3014 privetur.
3419 2937 3658 3022 Scripta
3699 2943 3816 3000 sunt

2238 3040 2420 3110 itaque
2447 3041 2569 3094 duae
2591 3039 2799 3104 similes
2828 3037 3109 3106 chartulae,
3161 3041 3222 3093 ut
3263 3031 3536 3104 pra-[atus
3585 3032 3691 3086 dux
3726 3030 3819 3084 ba-

2236 3131 2359 3186 beat
2378 3146 2558 3194 unum,
2587 3129 2755 3184 altera
2777 3141 2908 3186 vero
2937 3125 3009 3186 sit
3037 3123 3178 3194 apud
3199 3121 3518 3189 ecclesiam.
3581 3118 3731 3188 Quod
3767 3117 3816 3173 si

553 3213 742 3275 Sancii
774 3215 1060 3288 conﬁrmo,
1089 3229 1146 3274 et
1173 3220 1577 3276 successoribus
1607 3223 1810 3277 nostris
1843 3225 2136 3279 tenendum
2163 3205 2204 3263 (ἶ
2239 3221 2378 3291 lorte
2405 3221 2689 3295 quispiam
2718 3218 2845 3272 huic
2872 3217 3094 3280 decreta
3119 3212 3401 3283 contraire
3451 3223 3815 3283 pra-sumpse-

543 3304 827 3374 .praecipio,
854 3315 1122 3375 quatenus
1147 3324 1246 3380 pro
1285 3325 1413 3381 rege
1444 3310 1661 3376 Sancio,
1695 3321 1749 3366 et
1769 3328 1866 3383 pro
1896 3329 2142 3384 unoquo-

549 3408 658 3469 que
679 3397 744 3450 de
778 3398 1126 3462 successione
1158 3400 1328 3470 ipsius
1375 3416 1583 3477 pauper
1630 3419 1768 3468 unus
1790 3405 1841 3459 in
1873 3414 2138 3465 conventu

551 3486 660 3541 isto
681 3488 1002 3560 accipiatur,
1025 3501 1084 3545 ut
1111 3493 1409 3552 monachus
1441 3494 1536 3549 ﬁat
1556 3497 1779 3558 omnino
1806 3498 1925 3554 sine
1969 3514 2136 3570 pecu-

549 3576 664 3646 nia,
692 3576 812 3633 loco
846 3579 993 3651 regis
1033 3581 1317 3654 vestiatur,
1351 3585 1640 3641 manducet
1667 3597 1722 3641 et
1743 3588 1891 3643 bibat
1919 3596 2135 3657 elorct;

550 3667 806 3724 similiter
831 3685 932 3739 pro
961 3673 1389 3729 successoribus.
1417 3673 1474 3734 Si
1503 3676 1732 3732 moritur
1753 3693 1894 3734 unus
1914 3679 1981 3734 de
2007 3694 2139 3750 pau-

548 3755 774 3831 peribus
799 3758 891 3829 qui
939 3758 1067 3814 facti
1091 3770 1218 3824 sunt
1255 3765 1507 3830 monachi
1557 3781 1654 3836 pro
1706 3767 1944 3838 regibus,
2002 3768 2141 3823 alter

547 3845 670 3902 loco
701 3845 818 3916 ejus
838 3850 1185 3922 subrogetur.
1217 3853 1408 3917 Omnis
1426 3857 1694 3928 capitulus
1719 3861 2135 3929 responderunt:

548 3939 754 4004 Amen;
789 3940 902 4006 ﬁat,
937 3943 1050 3998 ﬁat.
1087 3963 1106 3996 ι
1143 3944 1396 4018 Acceptis
1424 3961 1519 4001 rex
1547 3947 1632 4003 his
1661 3948 1862 4004 litteris
1907 3948 2140 4012 Geraldo

548 4029 755 4090 gratias
783 4031 915 4103 egit,
946 4042 1004 4095 ut
1029 4049 1097 4089 ex
1125 4035 1242 4106 ejus
1269 4037 1533 4108 rescripto
1560 4039 1841 4106 habemus,
1876 4040 2016 4112 quod
2046 4057 2141 4112 pa-

548 4120 685 4176 riter
711 4137 743 4178 e
767 4121 1055 4189 Chartario
1078 4113 1310 4184 Silvensi
1335 4127 1440 4186 huc
1465 4129 1815 4198 proferimus.

637 4232 658 4276 ι
689 4215 1031 4286 ltescriptum
1076 4217 1260 4278 Sancii
1294 4220 1436 4291 regis
1465 4221 1532 4280 ad
1561 4221 1778 4282 beatum
1828 4222 2139 4283 Geraldnm.

2237 3313 2329 3379 rit,
2359 3311 2724 3369 anathematis
2759 3307 3000 3380 periculo
3046 3321 3176 3362 reus
3217 3304 3346 3375 erit,
3389 3303 3577 3360 donec
3617 3299 3817 3357 satisfa-

2236 3404 2416 3459 ctione
2438 3403 2726 3470 obedierit.
2760 3402 2840 3456 Ad
2883 3397 3316 3462 conﬁrmandum
3359 3409 3496 3460 ergo
3544 3392 3703 3462 hujus
3742 3390 3815 3459 rei

2238 3494 2606 3548 testimonium
2637 3491 3059 3562 subscripsimus
3082 3488 3304 3544 nomina
3334 3501 3531 3551 eorum
3549 3526 3567 3561 ,
3591 3485 3685 3556 qui
3702 3484 3819 3540 huic

2238 3580 2459 3639 decreto
2490 3581 2855 3638 interfuerunt
2883 3599 2895 3635 :
2923 3580 2982 3636 S.
3023 3578 3244 3646 Roberti
3273 3578 3341 3632 de
3367 3577 3716 3648 Burgundia;
3755 3574 3814 3630 S.

2237 3673 2494 3734 Willrlmi
2527 3672 2672 3743 Elya:
2696 3669 3144 3741 Burdegalensis;
3185 3669 3246 3724 S.
3279 3666 3432 3722 Petri
3489 3666 3822 3722 viceeomitis

2238 3770 2305 3824 de
2326 3765 2655 3822 Castellione
2684 3779 2698 3828 ;
2728 3762 2788 3818 S.
2816 3761 3097 3824 Amanewi
3129 3760 3196 3815 de
3223 3757 3483 3830 Marciis;
3515 3758 3576 3812 S.
3617 3756 3818 3827 nodum

2239 3860 2306 3915 de
2333 3857 2532 3912 Sancto
2559 3854 2748 3924 Eligio.
2771 3873 2790 3907 ι

2310 3949 2396 4004 l9.
2436 3946 2807 4002 Particulatim
2841 3942 3173 4016 praescripsit
3206 3942 3330 4012 pius
3357 3940 3534 4002 abbas
3557 3939 3692 4010 quid
3712 3953 3804 4009 pro

2239 4039 2429 4111 (novis
2442 4037 2713 4101 defuncto,
2732 4036 2847 4092 sive
2863 4050 2930 4100 ex
2944 4033 3352 4098 monasteriisui
3371 4032 3686 4094 monachis,
3707 4030 3815 4084 sive

2240 4147 2305 4188 ex
2332 4130 2454 4186 aliis
2494 4129 2696 4188 findere
2742 4126 3009 4198 spirituali
3061 4125 3162 4197 ipsi
3193 4123 3526 4192 conjunctis,
3557 4129 3816 4192 prastat:-

2241 4224 2368 4279 dum
2397 4230 2563 4287 esset,
2610 4235 2734 4290 quae
2767 4218 2948 4280 omnia
3001 4218 3057 4283 in
3098 4215 3238 4272 libro
3284 4217 3351 4270 ad
3395 4215 3504 4270 hoc
3555 4213 3823 4268 destinate

552 4306 688 4372 Quia
713 4323 811 4378 pro
844 4322 930 4363 me
958 4320 1013 4366 et
1036 4315 1442 4371 successoribus
1483 4318 1621 4374 meis
1662 4317 1716 4372 in
1767 4319 2010 4388 capitulo
2053 4335 2146 4376 ve-
2242 4314 2475 4371 describi
2512 4313 2740 4369 curavit.
2791 4311 2849 4366 ln
2896 4307 3208 4378 necrologio
3253 4314 3441 4361 autem
3496 4319 3606 4370 non
3652 4301 3820 4360 solum

553 4407 669 4451 stro
689 4397 815 4453 talia
845 4400 1232 4467 eonﬁrmastis,
1258 4404 1401 4463 Deus
1429 4407 1584 4460 vobis
1626 4409 1908 4474 retribuat,
1939 4419 1996 4465 et
2024 4426 2140 4480 nos,

553 4489 603 4544 si
635 4489 744 4543 vita
773 4503 955 4547 comes
978 4491 1160 4558 fuerit,
1191 4509 1300 4550 non
1333 4497 1537 4556 erimus
1558 4497 1778 4570 ingrati.
1803 4499 1882 4556 Ad
1905 4517 2143 4572 praesens

558 4596 628 4634 ex
659 4581 984 4638 auctoritate
1013 4583 1108 4639 Dei
1140 4593 1196 4640 et
1219 4594 1408 4642 nostra
1459 4589 1848 4648 conﬁrmamus
1877 4600 1930 4647 et
1955 4603 2136 4662 poste-

558 4673 640 4728 ris
661 4673 862 4729 nostris
883 4673 1309 4733 conﬁrmandum
1338 4681 1709 4750 proponimus,
1737 4692 2004 4753 quatenus
2027 4699 2138 4741 om-

566 4766 658 4820 nia
691 4765 831 4822 dona
857 4783 982 4838 qua:
1013 4768 1131 4824 dedi
1156 4769 1328 4838 vobis,
1360 4772 1443 4828 vel
1471 4788 1591 4844 qua:
1621 4773 1847 4830 daturus
1889 4791 2018 4831 sum.
2038 4792 2139 4850 ego

553 4855 641 4911 rel
668 4859 871 4927 posteri
901 4860 1094 4926 nostri,
1144 4861 1217 4916 ita
1262 4861 1434 4918 libera
1485 4863 1595 4919 sint
1630 4864 1960 4936 ubicunque,
1995 4869 2138 4939 quod

537 4963 738 5018 .neque
760 4949 1128 5006 ecclesiastica
1155 4967 1408 5022 persona,
1439 4969 1616 5026 neque
1637 4956 1913 5012 surcularis
1942 4959 2140 5022 audeat

555 5041 882 5110 inquietare,
916 5041 1058 5100 sicut
1086 5055 1273 5100 nostra
1301 5047 1518 5118 propria
1543 5046 1747 5117 palatia
1774 5066 1788 5103 :
1831 5049 1876 5103 si
1906 5049 2029 5118 quis
2056 5049 2138 5104 in-

535 5136 880 5178 .n'iit-tavnrit
969 5151 1064 5178 tum
1117 5137 1544 5178 innuinlonlihnc
1591 5141 1925 5178 nnncnncnril
1997 5142 2133 5176 ἶνα-η

2243 4410 2496 4472 istorum,
2525 4408 2618 4462 sed
2668 4405 2831 4462 etiam
2864 4403 3096 4458 aliorum
3139 4397 3553 4463 benefactorum
3609 4393 3820 4452 nomine

2245 4501 2414 4556 inseri
2439 4499 2624 4562 voluit,
2655 4506 2714 4552 ut
2743 4497 2923 4567 aliqua
2953 4495 3146 4552 saltem
3165 4507 3354 4557 eorum
3383 4490 3649 4546 memoria
3671 4495 3822 4558 quote

2243 4593 2422 4662 annis,
2451 4591 2536 4646 die
2565 4604 2753 4646 eorum
2787 4587 2969 4646 obitus
3007 4587 3061 4642 in
3109 4583 3339 4651 fratrum
3403 4580 3822 4652 congregatione

2242 4681 2416 4750 ﬁeret.
2448 4679 2586 4749 Quid
2606 4693 2736 4734 vero
2761 4693 2859 4752 pro
2903 4692 3015 4732 suae
3057 4673 3497 4747 congregationis
3546 4669 3821 4726 monachis

2242 4774 2528 4830 dicendum
2578 4780 2672 4827 aut
2729 4771 3037 4825 faciendum
3078 4766 3403 4832 instituerit,
3451 4763 3718 4820 discimus
3759 4775 3822 4816 ex

2242 4866 2430 4923 notitia
2479 4879 2643 4934 quam
2672 4863 2897 4933 ipsemet
2925 4861 3118 4923 beatus
3136 4858 3304 4914 abbas
3329 4872 3398 4913 ea
3426 4856 3497 4912 de
3523 4871 3585 4910 re
3629 4853 3818 4912 edidit.

2316 4981 2337 5015 ι
2379 4960 2762 5030 Cognoscant,
2820 4956 3040 5024 inquit,
3108 4968 3301 5012 omnes
3361 4960 3477 5015 tam
3530 4957 3822 5018 prasentes

2239 5067 2401 5127 quam
2425 5047 2790 5113 subsecuturi,
2835 5045 2977 5116 quod
3001 5059 3102 5116 ego
3143 5042 3408 5099 Geraldus
3431 5041 3604 5096 abbas
3622 5045 3819 5094 saneta:

2241 5144 2422 5178 “ou-im
2475 5138 2882 5178 Qilum-"ninric
2955 5135 3202 5178 tmani:
3262 5132 3536 5178 inlliemns-
3604 5127 3817 5178 ιιιίιίΒῆ
