3960 5320
118 276 289 351 tori

1270 294 1460 354 'VITA.
1500 296 1993 355 —'OBSERVAT.
2024 296 2335 354 PR/EVIJE

3260 298 3403 357 1018

117 406 600 469 celebrabuntur;
635 418 710 460 ua
726 412 911 461 autem
938 413 999 461 ut
1031 406 1241 477 priores
1286 416 1495 479 septem
1542 408 1719 465 missa
1747 416 1796 475 Α
1822 408 2123 477 Natalibus,
2181 410 2394 465 laudato
2445 410 2799 471 [luberevalhs
2852 412 3252 487 Martyrologio,
3309 417 3403 485 ubi

112 510 196 559 et
214 500 417 571 vigilite
438 497 755 555 solenmiter
776 496 1005 567 pulsatis
1027 498 1199 569 signis
1246 500 1499 555 omnibus
1519 500 1726 570 persol-

116 601 375 655 vantur;
406 590 748 644 sacerdotum
771 602 898 641 vero
919 588 1285 659 unusquisque
1312 604 1409 659 pro
1430 604 1495 643 eo
1516 599 1725 660 septem

115 680 312 741 missa
335 677 641 749 perorabit;
672 677 762 748 qui
781 677 1037 733 sacerdos
1063 694 1170 732 non
1183 688 1285 745 est,
1305 679 1407 733 tria
1432 679 1720 748 psalteria;

114 773 231 840 qui
260 772 330 825 ad
354 768 665 840 psalterium
711 768 950 823 nondum
999 771 1265 840 pervenit,
1314 786 1484 841 usque
1522 773 1587 826 ad
1624 771 1722 825 iri.

114 866 290 936 ginta
316 864 431 919 dies
459 872 663 932 septem
687 861 922 931 psalmos
947 863 1186 931 quotidie
1205 864 1477 931 cantabit;
1504 863 1593 931 qui
1620 878 1722 919 aue

118 964 251 1011 tem
284 956 478 1019 nescit,
509 955 709 1023 septies
731 954 973 1023 quotidie
997 953 1281 1023 Miserere;
1313 956 1404 1028 qui
1436 971 1566 1013 vero
1619 970 1721 1012 nec

118 1048 413 1111 Miserere,
445 1047 646 1115 septies
689 1046 933 1115 quotidie
983 1043 1149 1100 Pater
1178 1036 1373 1112 noster,
1402 1066 1421 1101 ι
1459 1057 1563 1103 etc.
1620 1047 1723 1101 Re-

110 1148 433 1195 censentur
452 1147 641 1207 postea
668 1138 957 1195 societates
979 1136 1307 1191 Silvensium
1331 1139 1719 1193 monachorum

114 1247 262 1299 cum
285 1230 408 1293 aliis
434 1229 788 1293 ecclesiarum
815 1245 911 1284 seu
936 1229 1388 1293 monasteriorum
1441 1230 1721 1285 conventi-

114 1327 260 1391 bus,
294 1340 432 1395 quas
466 1325 637 1379 fusius
662 1325 749 1379 hic
778 1325 1027 1395 persequi
1055 1341 1160 1380 non
1187 1336 1365 1381 vacat.
1395 1327 1525 1383 Eam
1553 1343 1718 1397 quam

114 1416 253 1487 ipse
300 1415 565 1471 Geraldus
610 1430 733 1470 eum
779 1412 966 1470 Odone
1014 1417 1208 1471 abbate
1265 1419 1437 1472 sancti
1495 1404 1720 1473 Joannis

114 1508 557 1578 Angeriaeensis
583 1508 635 1562 in
665 1505 900 1577 capitulo
932 1507 1339 1578 Silvae-Majoris
1380 1510 1518 1573 iniit,
1552 1510 1718 1565 refert

116 1598 543 1667 Papehrochius
598 1598 649 1651 in
681 1599 1151 1659 observationibus
1180 1600 1393 1668 prteviis
1424 1601 1489 1655 ad
1542 1602 1716 1670 ipsam

115 1690 276 1757 beati
309 1689 526 1743 Geraldi
587 1691 760 1744 \‘itam
811 1707 956 1746 num.
993 1691 1075 1747 l8.
1109 1705 1268 1759 quam
1301 1691 1370 1744 ibi
1396 1692 1590 1759 cuique
1635 1692 1716 1744 vi-

116 1781 265 1834 dere
300 1780 449 1845 licet,
506 1780 646 1835 sicut
694 1790 749 1835 et
784 1781 999 1834 nomina
1041 1781 1424 1850 plerarumque
1459 1782 1716 1837 eeclesia-
1750 1758 1791 1816 Β

114 1887 252 1927 rum
286 1886 407 1940 qua:
436 1885 558 1925 cum
588 1870 959 1937 Silva-Majori
985 1886 1204 1941 precum
1246 1873 1562 1927 societatem
1614 1873 1716 1926 ha-

114 1961 357 2016 bebant.
404 1960 461 2014 ιιι
486 1961 571 2017 his
599 1969 779 2018 tamen
818 1962 1021 2032 aliquot
1063 1963 1258 2017 menda
1303 1964 1713 2019 amanuensium

114 2070 322 2117 errore
366 2054 731 2125 irrepserunt;
782 2054 861 2110 sic
912 2053 971 2109 S.
1029 2053 1335 2120 Mani-itii...
1402 2054 1712 2120 Usercensi,

114 2145 440 2206 Genevensi
515 2146 775 2217 scriptum
830 2153 955 2215 est,
1020 2161 1118 2216 pro
1170 2144 1228 2201 S.
1278 2145 1547 2212 Maurini,
1598 2162 1717 2216 quae

118 2236 353 2291 abhatia
408 2244 491 2290 est
521 2236 575 2292 in
612 2236 829 2289 dicecesi
857 2234 1179 2305 Agiunensi;
1214 2234 1517 2301 Usercensi,
1548 2236 1599 2290 id
1635 2242 1719 2289 est

125 2346 148 2385 ι
180 2328 468 2383 υιρτειιθι
527 2328 668 2395 apud
727 2326 1067 2395 Lemovices,
1097 2336 1151 2382 et
1186 2327 1506 2393 Generensi,
1558 2326 1719 2398 vulgo

126 2436 151 2477 ί
182 2418 246 2474 S.
279 2418 353 2473 Pe
377 2420 444 2473 de
472 2417 712 2473 Generez
732 2437 750 2470 ι
788 2417 841 2472 in
868 2417 1088 2472 ditecesi
1115 2416 1420 2471 Tarbeinsi.

198 2507 296 2562 20.
325 2506 544 2575 Geraldi
573 2507 778 2563 obitum
811 2506 877 2562 ad
907 2522 1107 2565 annum
1164 2506 1303 2563 i095
1350 2506 1591 2561 revocari
1622 2505 1717 2560 de-

119 2600 289 2664 bere,
318 2613 501 2662 nemo,
560 2608 619 2654 ut
665 2600 879 2668 quidem
930 2600 1176 2664 videtur,
1229 2599 1462 2654 inficiari
1520 2607 1715 2671 potest.

119 2689 186 2745 ld
231 2688 664 2758 quippedisertis
710 2689 891 2744 verbis
919 2689 1120 2743 habent
1160 2689 1407 2743 secunda:
1433 2688 1575 2742 Vitae
1618 2703 1709 2741 au-

121 2792 277 2847 ctor,
308 2780 463 2851 lingu
486 2780 912 2845 Flaviniacensis
944 2780 1123 2835 abbas
1148 2780 1198 2834 in
1226 2779 1495 2833 Chronico
1524 2777 1719 2833 Yirdu-

121 2875 293 2932 nensi
315 2875 550 2944 scriptor
575 2875 916 2945 synchronus
948 2873 1414 2934 accuratissimus,
1443 2883 1497 2926 et
1527 2879 1720 2925 auctor

122 2967 392 3023 Chronici
416 2965 788 3022 Malleacensis
814 2980 909 3020 seu
941 2965 1116 3019 sancti
1145 2964 1425 3018 Maxentii.
1455 2963 1571 3017 Non
1609 2961 1713 3016 mi-

120 3075 234 3114 nus
263 3068 449 3114 certus
478 3059 690 3113 videtur
716 3073 837 3115 esse
886 3058 1001 3112 dies
1056 3056 1171 3125 ejus
1218 3056 1431 3120 mortis,
1483 3069 1607 3109 cum
1658 3054 1711 3107 in

121 3156 366 3217 utraque
418 3148 540 3204 \‘ita
589 3148 721 3220 ipsis
774 3147 941 3203 Nonis
980 3146 1184 3217 Aprilis
1246 3147 1332 3201 vir
1365 3154 1587 3201 sanctus
1647 3146 1712 3199 ad

120 3256 364 3317 superos
382 3240 624 3303 evolasse
652 3240 895 3306 dicatur;
924 3255 1024 3293 nec
1054 3239 1305 3293 dissentit
1346 3238 1498 3309 llugo
1538 3237 1716 3291 Flavi-

123 3331 433 3400 niacensis,
460 3330 551 3399 qui
588 3330 916 3391 habetanno
944 3326 1101 3390 1095,
1134 3327 1266 3381 feria
1296 3338 1512 3397 quarta,
1551 3327 1637 3380 die
1661 3342 1715 3382 If

124 3421 321 3477 Nonas
348 3421 572 3491 Aprilis,
618 3436 647 3474 a
682 3420 859 3475 noctis
910 3418 1090 3472 medio
1122 3432 1295 3486 usque
1351 3418 1418 3471 ad
1462 3431 1715 3471 auroram

122 3518 319 3591 stellas
358 3534 389 3574 e
413 3517 550 3574 casio
597 3516 793 3572 cadere
822 3516 966 3575 visas
999 3513 1194 3585 fuisse;
1244 3523 1354 3568 tum
1386 3513 1662 3591 subjungit
1697 3530 1710 3566 :

130 3610 390 3675 glandem
440 3617 597 3662 nocte
648 3605 901 3667 Giraldus
953 3605 1121 3659 abbas
1154 3588 1717 3672 Silvae-Majoris‘mi-

123 3703 316 3774 gravit
358 3702 425 3757 ad
454 3700 756 3755 Dominum.
783 3719 801 3751 ι
834 3699 892 3753 Id
921 3706 1099 3752 tamen
1133 3698 1220 3752 die
1267 3696 1511 3766 sequenti
1543 3695 1719 3753 contig-

124 3800 278 3868 gisse
313 3797 503 3852 scribit
531 3805 719 3855 auctor
748 3794 1006 3851 Chronici
1038 3791 1438 3857 Malleacensis,
1471 3791 1560 3865 qui
1587 3805 1715 3845 san—

124 3890 203 3945 cti
227 3888 447 3942 Geraldi
482 3898 708 3944 mortem
738 3895 792 3941 et
816 3885 1095 3951 stellarum
1127 3898 1158 3938 e
1187 3882 1323 3949 coelo
1348 3897 1537 3937 casum
1586 3895 1709 3940 vm.

123 3982 258 4037 ldus
285 3979 484 4049 Aprilis
512 3980 810 4049 consignat.
844 3979 917 4032 At
963 3978 1012 4032 ei
1065 3992 1172 4031 non
1225 3974 1397 4030 solum
1450 3974 1711 4045 Hugonis,

123 4070 228 4129 sed
282 4077 340 4124 et
395 4068 681 4138 utriusque
731 4065 868 4132 Vitae
923 4066 1096 4133 sancti
1158 4063 1376 4131 Geraldi
1432 4063 1713 4132 scriptoris

124 4159 471 4231 przeferenda
498 4142 927 4215 est-auctoritas.
953 4156 1021 4211 Et
1060 4155 1277 4224 quidem
1326 4155 1429 4208 hac
1466 4154 1583 4223 ipsa
1624 4153 1711 4207 die

124 4258 470 4306 memoratur
508 4248 562 4313 in
596 4255 808 4305 vetusto
828 4245 1149 4316 Necrologio
1181 4244 1497 4300 monasterii
1525 4243 1709 4301 Sancti

123 4340 277 4415 Petri
322 4338 694 4394 Carnotensis.
740 4338 798 4393 in
831 4337 1151 4407 Necrologio
1183 4336 1499 4391 Corbeiensi
1523 4377 1536 4401 ,
1565 4336 1709 4406 quod

125 4450 236 4489 non
266 4431 438 4487 multo
466 4440 588 4502 post
628 4431 797 4502 ipsius
820 4430 1031 4497 Geraldi
1052 4431 1259 4499 obitum
1288 4438 1566 4483 exaratum
1604 4435 1709 4493 est,
1742 4452 1791 4512 ο

124 4526 246 4580 hac
266 4523 547 4592 leguntur:
571 4540 590 4575 ι
612 4520 986 4591 NonisAprilis
1005 4520 1140 4575 obiit
1161 4518 1424 4575 Geraldus
1446 4517 1704 4587 Stephani

125 4609 548 4678 Silvae-Majoris
576 4609 743 4665 abbas
770 4618 826 4664 et
858 4609 1158 4667 monachus
1184 4618 1386 4663 nostrai
1410 4622 1708 4677 congrega-

124 4701 314 4755 tionis.
351 4717 371 4751 ι
403 4699 604 4753 Eadem
638 4698 727 4754 die
762 4697 1031 4753 festivitas
1057 4698 1174 4768 ejus
1202 4697 1253 4751 in
1280 4704 1490 4753 vetusto
1521 4696 1709 4751 Silvae-

121 4793 345 4864 Majoris
360 4790 684 4849 Kaiendario
696 4789 1087 4861 prtescribitur.
1119 4788 1258 4843 llinc
1281 4790 1474 4843 merito
1490 4787 1706 4843 Geraidi

123 4901 323 4939 nomen
354 4884 508 4954 llugo
544 4883 832 4937 Menardus
865 4882 917 4935 in
957 4880 1337 4951 Martyrologio
1364 4880 1709 4939 Benedictino

125 4979 214 5032 dic
240 4977 273 5030 5
302 4976 505 5045 Aprilis
532 4974 893 5045 consignavit,
944 4974 1035 5027 ubi
1074 4991 1092 5023 ‹
1114 4987 1324 5041 magum
1353 4971 1627 5041 patientiae
1652 4982 1709 5025 et

128 5066 457 5137 humilitatis
481 5066 563 5120 vir
584 5084 603 5117 ι
641 5063 973 5133 appellatur;
1000 5062 1092 5131 qui
1108 5078 1234 5115 vero
1257 5061 1705 5131 ejus'memoriam

127 5158 195 5213 ad
221 5157 358 5225 alios
384 5156 501 5213 dies
536 5163 883 5215 revocarunt.
916 5154 1058 5207 hunc
1090 5152 1310 5219 beatum
1357 5152 1533 5205 virum
1585 5167 1707 5205 eum

127 5249 254 5315 aliis
279 5249 482 5305 sanctis
499 5244 914 5318 cognominibus
939 5241 1250 5301 confudisse
1264 5244 1538 5298 videntur.
1556 5240 1710 5308 Quod

1826 501 2000 557 sancti
2054 499 2273 557 Geraldi
2316 500 2642 557 confessoris
2682 505 2940 558 memoria
2994 506 3244 571 habetur,
3292 506 3402 563 Ges

1826 595 1962 650 raldi
2011 595 2179 650 nostri
2202 595 2386 650 laudes
2414 612 2480 652 ex
2520 598 2687 653 veteri
2717 606 2899 668 poeta,
2939 606 2995 653 et
3039 612 3106 652 ex
3153 598 3399 653 Lisiardo

1825 690 2194 762 prosequitur.
2253 691 2542 747 Ferrarius
2580 708 2710 747 vero
2761 694 2815 747 in
2863 691 3111 761 catalogo
3162 692 3403 763 generali

1826 791 2139 836 sanctorum
2171 781 2359 836 eadem
2391 783 2478 841 die
2522 782 2809 839 Geraldum
2842 791 3112 849 nostrum,
3141 798 3264 838 cum
3296 782 3404 843 Ge—

1824 873 1977 928 raldo
2004 872 2389 936 Auriliaceusi,
2442 884 2605 941 atque
2652 874 2815 927 alium
2869 872 3108 941 ejusdem
3162 873 3403 929 nominis

1822 963 2072 1027 abbatem
2128 963 2804 1027 Lcmovicensemlaudat;
2837 973 2893 1018 at
2933 964 3224 1020 Bueelinus
3269 964 3399 1020 licet

1821 1067 2069 1114 nostrum
2105 1055 2393 1113 Geraldum
2419 1056 2534 1125 jam
2565 1057 2650 1111 die
2680 1058 2713 1111 5
2761 1055 2962 1127 Aprilis
3008 1057 3401 1123 eonsignasset,

1822 1148 1938 1217 ejus
1970 1158 2149 1203 tamen
2193 1148 2511 1201 memoriam
2566 1147 2760 1200 iterum
2806 1145 3097 1216 repetiti3
3121 1143 3391 1201 Octobris.

1822 1236 1928 1292 Sed
1960 1237 2074 1291 haec
2100 1237 2351 1305 persequi
2385 1233 2558 1290 fusius
2596 1234 2729 1288 nihil
2764 1234 2935 1304 juvat.
2969 1234 3269 1289 Fatendum
3312 1244 3400 1289 est

1821 1336 2002 1384 tamen
2032 1328 2358 1398 praecipuam
2391 1327 2530 1381 beati
2577 1324 2794 1381 Geraldi
2844 1324 3198 1380 festivitatem
3259 1326 3404 1379 anti-

1820 1419 2002 1490 quitus
2028 1417 2351 1471 celebratam
2384 1414 2547 1471 fuisse
2574 1416 2659 1470 die
2682 1415 2747 1469 21
2789 1414 2954 1481 Junii,
3011 1416 3153 1484 quod
3201 1430 3261 1469 ea
3311 1414 3403 1470 die

1818 1528 2032 1569 sacrum
2059 1512 2381 1583 ejuscorpus
2406 1518 2590 1563 eterra
2619 1507 2852 1562 levatum
2883 1506 3155 1562 fuerit.ld.
3185 1514 3404 1561 constat

1817 1620 1880 1660 ex
1938 1604 2132 1663 litteris
2190 1602 2401 1658 Ottonis
2458 1600 2759 1671 Aquitaniae
2805 1600 3004 1665 ducis,
3050 1614 3185 1668 quas
3244 1597 3387 1654 infra

1817 1694 2209 1749 exhibebimus.
2244 1693 2446 1761 Duplex
2482 1691 2598 1760 ejus
2650 1691 2844 1746 festum
2869 1697 3258 1745 commemorat
3284 1688 3393 1742 Sil-

1822 1800 1985 1839 vense
2039 1783 2416 1839 Kalendarium
2447 1800 2459 1847 ς
2494 1782 2701 1835 scilicet
2739 1779 2856 1848 ejus
2884 1780 3085 1843 obitus,
3131 1786 3189 1832 ut
3235 1778 3397 1833 modo

1820 1876 2151 1939 dicebamus,
2170 1874 2254 1928 die
2281 1874 2314 1928 5
2333 1873 2619 1944 Aprilis,et
2641 1871 3020 1930 Revelationis.
3048 1869 3204 1924 die?!
3236 1868 3402 1923 Junii.

1820 2011 1829 2021 .
1886 1968 1975 2023 2|.
2001 1968 2169 2022 Porro
2196 1967 2331 2027 adeo
2352 1965 2583 2021 celebris
2598 1964 2774 2023 fuerat
2802 1964 2943 2017 beati
2968 1960 3206 2025 Geraidi,
3229 1961 3394 2014 etiam

1819 2059 1997 2123 adhuc
2037 2058 2289 2122 viventis,
2326 2057 2611 2121 sanctitas,
2661 2064 2721 2109 ut
2760 2055 2946 2109 statim
2991 2062 3115 2123 post
3169 2060 3400 2106 mortem

1820 2167 1978 2206 nemo
2033 2150 2362 2205 dubitaverit
2412 2164 2534 2203 eum
2572 2155 2818 2202 sanctum
2886 2145 3177 2215 appellare,
3226 2158 3290 2196 ac
3319 2157 3403 2195 re-

1820 2242 2015 2312 liquias
2039 2242 2155 2311 ejus
2196 2257 2258 2294 ac
2287 2240 2552 2294 tumulum
2582 2238 2858 2303 venerari,
2886 2237 3049 2291 etiam
3083 2236 3400 2306 priusquant

1820 2349 1849 2387 a
1872 2348 2085 2387 summo
2114 2332 2370 2402 pontitlce
2393 2332 2536 2385 inter
2561 2340 2781 2385 sanctos
2831 2329 3145 2384 authentiee
3199 2326 3402 2381 relatus

1817 2424 2031 2485 fuisset,
2058 2423 2114 2477 id
2136 2438 2241 2477 non
2268 2424 2441 2477 solum
2473 2436 2539 2476 ex
2566 2430 2797 2490 utroque
2839 2422 2957 2491 ejus
2988 2420 3125 2476 Vita:
3170 2425 3397 2471 auctore

1820 2530 2055 2585 constat,
2087 2520 2182 2574 sed
2209 2520 2374 2574 etiam
2404 2534 2471 2573 ev
2495 2518 2745 2573 Baldrico
2792 2525 2921 2572 tunc
2951 2516 3146 2570 abbate
3193 2512 3405 2583 Burgu-

1817 2613 1997 2675 licnsi.
2020 2622 2205 2683 postea
2238 2609 2645 2680 archiepiscopo
2688 2608 2935 2663 Dolensis
2987 2605 3267 2669 Ecclesiae,
3299 2604 3396 2674 qui

1818 2712 2041 2772 accepto
2068 2702 2209 2757 beati
2242 2702 2710 2772 abbatis,quiejus
2737 2699 2945 2754 amicus
2974 2699 3176 2762 fuerat,
3208 2696 3404 2752 mortis

1819 2794 2030 2857 nuntio,
2062 2793 2277 2857 statim,
2303 2808 2401 2862 pro
2433 2792 2647 2846 illorum
2681 2799 2981 2860 temporum
3008 2802 3180 2854 more,
3210 2801 3403 2843 versus

1819 2888 2141 2957 conscripsit
2176 2887 2227 2940 in
2268 2887 2450 2941 varias
2490 2884 2760 2940 Ecciesias
2808 2880 3297 2945 transmittendos.
3349 2879 3404 2933 in

1819 2979 2015 3047 quibus
2040 2977 2331 3033 Geraldum
2395 2996 2413 3029 ι
2436 2975 2842 3031 sanctissimum
2867 2992 2883 3024 ι
2920 2971 3179 3043 appellat.
3222 2970 3408 3039 aitque

1818 3086 1939 3125 eum
1971 3068 2243 3139 precibus,
2274 3076 2334 3122 ut
2383 3066 2475 3121 alii
2513 3065 2790 3129 defuncti,
2815 3078 2926 3118 non
2952 3063 3221 3130 indigere;
3274 3060 3405 3129 quin

1821 3168 1877 3215 et
1923 3160 2210 3223 eumdem,
2258 3168 2317 3213 ut
2366 3159 2469 3213 sibi
2517 3156 2746 3227 aliisque
2776 3155 3084 3211 viventibus
3107 3150 3405 3207 subvenire

1821 3268 1928 3308 non
1947 3252 2290 3322 dedignetur,
2307 3260 2517 3306 exorat.
2546 3250 2765 3319 Aliquot
2794 3247 2996 3302 existis
3018 3244 3267 3299 versibus
3293 3243 3401 3297 huc

1817 3344 2061 3414 proferre
2074 3342 2274 3400 nemini
2297 3342 2409 3397 fore
2425 3342 2697 3411 ingratum
2719 3354 3027 3396 censemus.
3051 3336 3291 3393 Caeteros
3312 3334 3403 3403 qui

1817 3434 1995 3502 legere
2043 3433 2217 3498 volet,
2262 3432 2453 3495 adeat,
2506 3430 2551 3485 si
2604 3430 2763 3494 libet,
2800 3428 3092 3484 Chesnium
3135 3436 3281 3480 tomo
3337 3422 3405 3477 IV

1817 3523 2066 3585 Historiae
2087 3522 2362 3577 Francica:
2391 3522 2765 3591 scriptorum.’

1887 3614 2021 3676 Cum
2052 3628 2149 3682 pro
2181 3612 2454 3667 defunctis
2477 3613 2684 3666 soleant
2709 3626 2870 3665 orare
2896 3610 3106 3674 fideles,

1993 3703 2208 3772 Proque
2239 3701 2341 3756 sibi
2366 3701 2551 3756 charis
2585 3708 2912 3771 perpetuent
2942 3700 3242 3771 lacrymas;

1886 3793 1993 3853 Pro
2015 3793 2178 3848 Patre
2199 3793 2431 3847 Gcraldo
2459 3792 2593 3845 nihil
2616 3799 2699 3846 est
2719 3791 3005 3859 utriusque
3036 3802 3279 3852 necesse,

1991 3888 2093 3953 Qui
2116 3886 2235 3941 cmli
2259 3886 2393 3941 civis
2415 3884 2591 3940 incola
2622 3883 2755 3937 vixit
2784 3883 2959 3938 humi.

1885 3977 2291 4047 Silvm-Majoris
2313 3976 2463 4046 jacet
2494 3977 2581 4032 hic
2612 3975 2990 4032 sanctissimus
3009 3974 3202 4038 abbas,

1993 4071 2259 4126 Abhatum
2289 4069 2566 4139 splendor,
2590 4078 2645 4123 et
2674 4066 2985 4123 monachile
3014 4066 3201 4120 decus.

1884 4157 2081 4227 Gallia,
2110 4159 2392 4229 congaude
2426 4157 2677 4221 Geraldo,
2710 4172 2871 4226 quem
2896 4154 3153 4224 genuisti,

1989 4250 2067 4305 Ac
2088 4249 2302 4305 cineres
2326 4258 2543 4304 sanctos
2572 4249 2659 4304 hic
2682 4262 2941 4303 venerare
2964 4246 3112 4303 sues.

1885 4340 1992 4398 Ora
2017 4356 2117 4410 pro
2149 4340 2327 4404 nobis,
2354 4339 2609 4405 Geraldc,
2637 4338 2800 4394 Pater
2826 4338 3119 4393 reverende
3157 4352 3176 4393 :

1994 4432 2111 4487 Non
2142 4447 2278 4500 opus
2304 4440 2387 4488 est
2413 4447 2511 4504 pro
2538 4440 2590 4487 te
2616 4447 2714 4487 nos
2734 4431 2878 4486 aliud
2907 4439 3113 4500 petere.

1883 4523 1975 4577 22.
2006 4522 2340 4579 Procedente
2385 4532 2629 4593 tempore
2674 4539 2797 4578 cum
2836 4522 3102 4577 miracula
3132 4520 3201 4576 ad
3251 4520 3398 4578 beati

1814 4614 2029 4682 Geraldi
2058 4614 2322 4670 tumulum
2353 4615 2667 4685 frequenter
2690 4613 3090 4679 flerent,visum
3118 4622 3201 4670 est
3221 4628 3400 4684 operte

1814 4708 2052 4776 pretium
2095 4720 2311 4760 sacrum
2365 4706 2482 4773 ejus
2530 4719 2748 4773 corpus,
2781 4718 2849 4758 ne
2894 4703 3013 4772 qui,
3065 4715 3128 4759 ut
3177 4703 3404 4758 innuere

1814 4796 2031 4853 videtur
2074 4795 2325 4850 secundae
2379 4793 2514 4849 Vita:
2565 4805 2781 4860 auctor,
2834 4794 3011 4863 ipsum
3064 4793 3403 4858 furarentur,

1813 4886 1919 4940 alio
1952 4884 2281 4951 transferre,
2299 4903 2318 4934 ι
2338 4885 2430 4939 ubi
2459 4887 2732 4941 secretius
2759 4894 2815 4939 et
2845 4884 3017 4939 tutius
3045 4884 3395 4940 haberetur.»

1809 4978 1866 5034 id
1898 4986 2143 5045 tempore
2195 4975 2343 5031 Petri
2402 4978 2620 5044 septimi
2669 4976 2901 5039 abbatis,
2935 4974 3026 5045 qui
3075 4975 3207 5030 olim
3258 4971 3405 5029 beati

1809 5066 1911 5121 viri
1944 5066 2239 5135 discipulus
2287 5072 2343 5118 et
2372 5064 2692 5133 capellanus
2736 5064 2935 5128 fuerat,
2987 5062 3196 5119 factum
3240 5060 3408 5115 fuisse

1812 5166 2000 5212 narrat
2051 5167 2280 5227 uterque
2320 5154 2456 5208 Vitze
2499 5167 2717 5222 auctor,
2772 5152 3085 5209 convocatis
3144 5150 3212 5205 ad
3264 5148 3407 5201 hanc

1812 5248 2212 5305 solemnitatem
2262 5245 2562 5317 episcopis.
2643 5246 2935 5305 abbatibus
2997 5251 3056 5298 et
3106 5241 3231 5297 aliis
3274 5235 3410 5291 viris
