3960 5320
579 317 750 401 ιοιθ,

1555 327 1952 392 διϐΕίίΑΙιΒΙ
1992 330 2285 388 ABDA'PlS
2325 331 2866 394 SlLVE-MAJORIS

3699 348 3826 408 i030

565 438 702 496 lensi
729 438 964 510 aliisque
977 437 1274 510 provincia:
1298 439 1588 513 episcopis,
1619 445 1908 502 abbatibus
1927 455 1985 502 et
2012 446 2145 503 viris
2173 445 2220 502 Α
2244 430 2571 507 Gmlestinus
2599 461 2744 507 anno
2775 450 2933 517 M91,
2963 464 3151 515 mense
3185 455 3385 527 Aprili,
3438 457 3498 514 in
3546 457 3826 527 (item

563 530 836 588 nobilibus
860 528 1116 599 scriptas,
1144 531 1342 600 quibus
1391 530 1608 588 Geraldi
1638 535 1902 593 sanctitas
1931 551 2146 597 assere-.-

561 630 730 688 retur,
758 636 921 692 quam
949 622 1249 693 incorrupti
1278 638 1460 680 mores
1505 625 1633 682 dum
1661 626 1892 690 viveret,
1933 636 1991 682 et
2019 626 2142 692 inii,—

559 713 1093 788 nitapropemodum
1122 715 1384 780 miracula
1412 717 1480 772 ab
1515 730 1580 773 eo
1603 724 1717 786 tum
1763 717 1980 772 vivente
2026 726 2142 776 tum

559 806 817 878 defuncto
844 815 1058 878 patrata
1093 807 1416 877 inconcusse
1466 809 1867 881 approbahanl._
1891 810 1988 866 llis
2010 827 2142 879 csa-3

559 898 778 967 minatis
810 913 873 954 ac
893 899 1227 968 ponderatis,
1257 915 1321 956 ac
1344 900 1729 974 nonnullorum
1755 902 2138 974 episcoporum

558 989 985 1058 Gallicanorum,
1039 991 1380 1064 aliorumque
1434 994 1529 1064 qui
1585 993 1732 1050 forte
1774 1003 1904 1060 tunc
1951 995 2141 1060 Romze

555 1083 805 1149 aderant,
833 1085 1139 1149 testimonio
1176 1087 1568 1157 comprobatis,
1612 1087 1852 1151 sancivit
1890 1089 2135 1159 pontifex

556 1171 773 1228 Gcraldi
809 1190 1008 1232 nomen
1037 1176 1090 1240 in
1129 1186 1456 1242 sanctorum,
1489 1178 1737 1250 catalogo
1779 1193 1903 1241 esse
1966 1181 2141 1241 ascrie

556 1263 815 1331 hendum,
843 1267 1070 1338 ejusque
1094 1267 1440 1324 festivitatem
1479 1269 1754 1340 deinceps.
1777 1271 1830 1325 in
1845 1271 2134 1340 provincia

555 1353 930 1428 Burdigalensi
963 1358 1081 1413 fieri
1116 1358 1386 1419 celebrem
1422 1358 1624 1425 voluit,
1651 1360 1778 1416 dato
1820 1360 2133 1429 diplomate,

555 1445 708 1513 quod.
749 1447 838 1502 hic
885 1447 1238 1522 exhibemus,
1295 1449 1438 1518 quod
1490 1447 1652 1520 hujus
1705 1449 2137 1513 canonizationis

554 1546 716 1605 gesta
739 1536 938 1602 clarius
962 1545 1220 1608 exponat.

631 1646 649 1678 ι
681 1625 1038 1684 Οωιεετιδυε
1049 1629 1356 1699 episcopus,
1378 1644 1862 1694 servusservorum
1881 1629 1998 1696 Dei,
2013 1631 2133 1686 uni.-

552 1716 726 1778 versis
739 1717 940 1788 Christi
964 1718 2138 1791 fidelibusperprovinciamBurdigalensem

2239 535 2315 592 ill
2353 537 2597 597 defuncti
2627 540 2809 598 locum
2837 545 3171 604 substitutus
3199 547 3388 606 fuerit.
3417 550 3576 609 Idem
3601 557 3827 626 pontifex

2243 630 2408 701 paulo
2433 641 2575 704 post,
2609 633 2664 690 id
2693 643 2779 691 est
2817 651 2870 692 vr
2921 637 3047 694 ldus
3083 639 3208 696 Maii
3258 640 3513 712 ejusdem
3557 649 3706 714 anni,
3753 651 3828 705 ia-

2243 720 2482 779 dictione
2507 739 2594 787 xv,
2628 725 2793 780 Petro
2837 725 3023 783 abbati
3058 728 3173 800 (qui
3205 741 3376 788 totum
3408 733 3521 791 hoc
3549 741 3827 795 canoniza-

2245 811 2409 898 tionis
2435 814 2622 870 sancti
2645 813 2865 876 Geraldi
2904 819 3180 890 negntium
3214 823 3501 893 praecipue
3524 836 3824 898 curaverat)

2240 897 2465 970 ejusque
2477 901 2737 964 fratribus
2751 905 3142 976 amplissimum
3169 910 3411 980 diploma
3425 919 3721 982 concessit,
3733 897 3825 989 quo

2239 990 2423 1052 omnia
2451 992 2728 1067 privilegia
2758 1003 2816 1049 et
2867 995 3032 1062 bona,
3079 1013 3202 1068 quae
3226 1001 3430 1058 ibidem
3460 1020 3823 1077 recensentur,

2246 1083 2578 1146 monasterio
2615 1082 2846 1141 Silvensi
2893 1098 3220 1144 asseruntur
3263 1099 3321 1148 et
3365 1095 3784 1154 conﬁrmantur.

2245 1227 2248 1230 .
2306 1172 2397 1228 25.
2468 1172 2699 1246 Scripsit
2770 1177 2909 1233 idem
2981 1181 3220 1249 pontifex
3289 1183 3480 1241 Ottoni
3538 1189 3824 1258 Aquini:

2238 1263 2386 1333 duci,
2416 1275 2475 1319 nt
2495 1280 2618 1321 eum
2646 1268 2850 1324 faceret
2891 1271 3180 1328 certiorem
3203 1276 3271 1331 de
3295 1277 3447 1333 beati
3476 1279 3700 1337 Geraldi
3740 1300 3822 1338 ca-

2237 1356 2601 1423 nonizatione,
2635 1359 2998 1432 invitaretqne
3025 1379 3146 1419 eum
3177 1369 3247 1422 ad
3273 1369 3672 1428 celebrandam
3705 1379 3821 1430 tanti

2236 1441 2337 1497 viri
2369 1440 2740 1501 festivitatem.
2789 1446 2898 1504 llas
2935 1449 3212 1509 Ccelestini
3240 1453 3458 1512 litteras
3502 1460 3697 1518 videre
3727 1479 3818 1517 non

2127 1585 2135 1596 ,,
2235 1533 2409 1602 licuit,
2447 1537 2544 1593 sed
2590 1554 2700 1608 prie
2729 1540 2977 1604 manibus
3017 1542 3280 1606 habemus
3309 1549 3446 1606 duas
3473 1551 3650 1621 ipsius
3684 1553 3820 1610 Otto-

2235 1625 2320 1685 nis
2370 1641 2433 1682 ea
2485 1628 2550 1684 de
2581 1644 2641 1688 re
2676 1631 2952 1701 epistolas,
2985 1634 3036 1688 in
3069 1649 3301 1705 quarum
3348 1640 3534 1709 prima
3568 1645 3821 1714 archiepi-

2235 1731 2450 1786 scopos,
2479 1720 2724 1792 aliosque
2751 1723 3056 1793 Aquitania:
3082 1727 3330 1793 prclatos
3359 1741 3572 1796 monet,
3604 1743 3664 1788 ut
3690 1734 3821 1790 festi-

551 1808 889 1878 constitntis,
933 1809 1164 1866 salutem
1190 1819 1246 1866 et
1277 1812 1628 1882 apostolicam
1675 1813 2132 1877 benedictionem,
2164 1798 2211 1858 B
2240 1809 2460 1866 vitalem
2490 1813 2664 1874 sancti
2711 1812 2925 1870 Geraidi
2963 1814 3018 1870 in
3048 1817 3160 1872 suis
3187 1819 3422 1890 synodis‘
3457 1816 3817 1895 ρωὶιιυιεαιίς

627 1919 648 1954 ι
683 1900 836 1967 Sicut
857 1903 1051 1972 phialae
1076 1903 1762 1976 auremodora'mentorum
1797 1906 1973 1977 plenae
2009 1923 2136 1963 ora.

553 1990 792 2047 tionibus
819 2001 1131 2047 sanctorum
1165 1992 1348 2064 (Apoc,
1382 2009 1436 2058 v,
1471 1995 1536 2063 8).
1558 1994 1612 2062 in
1651 1995 2136 2065 conspectuAltis-

553 2081 710 2147 simi,
761 2083 828 2138 ad
874 2083 1202 2155 cxpiandam
1229 2078 1522 2150 criminum
1569 2095 1882 2148 nostrorum
1935 2102 2138 2152 comta

558 2173 759 2242 ptelam
803 2175 1031 2232 odorem
1059 2176 1344 2244 suavitatis
1367 2179 1660 2245 emittunt;
1711 2179 1786 2235 ita
1829 2180 1988 2237 saluti
2042 2198 2137 2246 n01

551 2273 678 2324 stt-ae
701 2265 991 2336 plurimum
1018 2269 1291 2334 credimus
1309 2269 1594 2341 expedire,
1613 2270 1669 2327 si-
1687 2285 1876 2335 eorum
1894 2273 1946 2326 in
1975 2275 2136 2336 terris

552 2355 820 2424 Celebrent
880 2358 1188 2423 habeamus,
1222 2361 1587 2429 memoriam,
1649 2361 1892 2432 ipsorum
1937 2365 2131 2422 merita

550 2447 885 2505 solemnibus
905 2449 1193 2510 recolcndo
1237 2451 1558 2520 praeconiis,
1608 2467 1838 2523 quorum
1881 2454 1933 2508 in
1992 2455 2133 2520 coelo

549 2554 835 2610 speramus
865 2541 1348 2600 intercessionibus
1392 2545 1630 2610 assiduis
1675 2545 1942 2617 adjuvari.
1984 2546 2130 2605 Sane

547 2646 672 2688 cum
691 2631 871 2689 dilecti
897 2633 991 2690 filii
1019 2634 1087 2692 G.
1119 2645 1176 2691 et
1203 2635 1267 2696 Bt
1311 2637 1567 2693 monachi
1621 2635 2032 2708 Silvae-Majoris
2060 2642 2129 2710 ad

545 2723 731 2780 sedem
781 2727 1132 2796 apostolicam
1171 2729 1563 2796 accessissent,
1589 2739 1650 2785 et
1669 2731 1736 2786 de
1761 2742 1950 2789 sancta
1999 2749 2136 2798 con-_

547 2816 869 2878 versatione,
900 2817 1010 2872 vita
1038 2825 1094 2874 et
1117 2818 1488 2880 meritisbeati
1517 2819 1763 2892 Geraldi,
1815 2822 1989 2892 ipsius
2012 2839 2128 2880 mo-

544 2907 771 2964 nasterii
830 2907 1156 2978 fundatoris,
1211 2918 1329 2966 tam
1358 2926 1456 2980 per
1485 2911 1698 2976 litteras
1734 2915 2132 2983 venerabilium,

460 3042 467 3049 .
542 2994 774 3052 fratrum
819 3008 1136 3068 nostrorum.
1164 2998 1572 3074 Burdigalensis
1625 3003 2018 3076 archiepiscopi
2069 3016 2135 3064 et.

541 3087 1007 3161 sull'raganenrum
1029 3091 1173 3162 ejus,
1211 3108 1374 3165 quam
1397 3095 1661 3167 aliorum,
1682 3097 1942 3169 abbatum
1969 3101 2122 3157 vide-

540 3178 669 3236 licet
719 3190 777 3238 et
827 3183 1128 3250 nobilium,
1180 3200 1281 3242 nos
1326 3186 1572 3257 plenarie
1631 3189 2034 3264 instruxissent,
2067 3197 2122 3246 et

539 3270 771 3341 plurima
794 3283 944 3330 certe
973 3276 1174 3333 indicia
1203 3293 1391 3334 eorum
1415 3279 1575 3336 nobis
1597 3288 1652 3335 et
1677 3280 1941 3337 fratribus
1960 3283 2119 3339 obtu-

540 3363 764 3433 lisscnt,
795 3373 852 3421 et
875 3381 974 3437 per
1023 3370 1360 3426 venerabiles
1408 3369 1609 3426 fratres
1649 3381 1867 3428 nostros
1916 3373 2123 3441 Botho-

539 3468 850 3524 magensem
879 3456 1372 3529 archiepiscOpnm,
1406 3461 1857 3524 Catalaunensem
1909 3464 2122 3533 episcoe

537 3561 685 3615 pum,
715 3555 770 3602 et
796 3547 1056 3616 quosdam
1084 3549 1242 3619 alios,
1266 3549 1381 3621 (qui
1418 3551 1678 3633 miracula
1705 3568 1827 3623 qua:
1861 3553 2131 3621 Dominus,

537 3654 636 3708 per
665 3637 791 3696 illus
813 3641 990 3698 sancti
1023 3643 1126 3699 viri
1157 3644 1352 3701 merita
1382 3653 1642 3716 operatur
1669 3646 1886 3717 plenius
1917 3661 2123 3716 cogno-

535 3729 782 3801 verunt,)
811 3732 1077 3789 certiores
1109 3733 1403 3792 fuissemus
1447 3733 1660 3802 effecti;
1706 3723 1909 3793 auditis
1949 3738 2119 3793 etiam

537 3821 756 3880 virtutis
773 3810 897 3895 ejus
911 3835 968 3882 et
987 3827 1374 3884 miraculorum
1414 3827 1690 3899 insigniis,
1717 3838 1774 3884 et
1807 3830 1954 3900 quod
1981 3830 2123 3891 inter

536 3917 782 3976 carnales
802 3921 1165 3989 spiritualem,
1198 3921 1340 3978 inter
1361 3921 1612 3991 homines
1633 3922 1798 3978 etiam
1821 3922 2120 3992 angelicam

534 4011 1010 4068 conversationem
1062 4014 1360 4081 habuisset,
1385 4014 1584 4085 ipsum,
1630 4015 1722 4084 qni
1767 4014 2125 4086 corporaliter

536 4102 834 4164 dissolutus
893 4118 1020 4160 cum
1071 4105 1292 4162 Christo
1337 4121 1461 4163 esse
1507 4109 1730 4174 meruit,
1786 4106 1880 4178 (ne
1938 4107 2123 4163 debito

2239 1901 2296 1959 in
2331 1902 2501 1959 altera
2532 1905 2998 1975 verosuisipsius
3023 1904 3342 1968 ollicialihus
3369 1912 3603 1967 mandat
3630 1922 3691 1968 ut
3716 1916 3821 1970 uni-

2235 1994 2412 2053 versis
2455 1996 2522 2050 ad
2570 1995 2916 2058 festivitatem
2965 1997 3140 2060 sancti
3193 1997 3441 2066 Geraldi,
3481 2009 3560 2058 et,
3584 2002 3655 2057 ad
3702 2019 3820 2057 num

2235 2076 2392 2134 dinas
2419 2095 2555 2152 quas
2576 2095 2639 2135 ea
2669 2081 2955 2150 occasione
2975 2082 3195 2152 omnino
3219 2083 3426 2141 liberas
3456 2099 3816 2152 concesserat,

2234 2172 2684 2236 convenientibus
2729 2173 3078 2228 securitatem
3111 2189 3327 2230 omnem
3375 2188 3701 2247 procurent.
3728 2180 3818 2236 Ha:

2234 2273 2426 2321 etenus
2457 2266 2540 2320 hic
2564 2264 2759 2331 littera:
2785 2273 3068 2336 servantur
3094 2267 3428 2338 inArchivn
3447 2269 3714 2339 Silveusi,
3740 2273 3819 2332 ubi

2232 2359 2314 2429 sic
2338 2357 2610 2429 habentur.
2629 2376 2660 2420 ελ,

2309 2469 2328 2504 ι
2358 2449 2502 2508 Otho
2522 2449 2977 2522 dux,Aquitaniae,
3003 2468 3184 2512 comes
3204 2454 3821 2524 Pietaviznenerabilic

2230 2541 2334 2599 bus
2375 2543 2510 2600 viris
2555 2543 2980 2614 archiepiscopis
3029 2553 3085 2600 et
3129 2547 3422 2619 episcopis,
3449 2551 3685 2622 aliisque
3730 2554 3818 2608 Ec-

2230 2631 2520 2698 clesiarnm
2548 2632 2786 2702 prtelatis
2820 2632 2874 2687 in
2904 2633 3102 2694 ducatu
3138 2635 3454 2705 Aquitania:
3481 2641 3814 2702 constitutis.

2229 2724 2477 2780 salutem.
2515 2723 2714 2781 Sciatis
2732 2723 2878 2794 quod
2901 2724 3149 2783 dominus
3171 2742 3310 2797 papa
3333 2729 3674 2800 significavit
3697 2733 3814 2788 mihi

2226 2827 2325 2883 per
2355 2813 2566 2879 litteras
2599 2828 2728 2868 suas
2769 2822 3018 2877 sanctum
3049 2813 3341 2875 Geraldum
3374 2818 3622 2887 primum
3667 2822 3818 2877 abbas

2228 2907 2335 2964 tem
2365 2907 2420 2954 et
2449 2899 2792 2956 fundatorem
2829 2898 3140 2964 monasterii
3166 2899 3618 2975 Silvae-Majoris,
3647 2906 3816 2962 multis

2226 2999 2282 3047 et
2307 2992 2518 3063 magnis
2555 2992 2946 3051 attestantibus.
2979 2989 3147 3061 signis
3175 2991 3292 3061 ejus
3320 3004 3378 3050 et
3421 2997 3732 3064 miraculis,
3766 2999 3816 3054 in

2228 3083 2368 3146 cmlo
2391 3084 2709 3152 jamdudum
2752 3082 2924 3154 gloria
2955 3089 3010 3138 et
3034 3081 3241 3139 honore
3266 3097 3622 3154 coronatum,
3659 3106 3820 3161 nuper

2148 3155 2196 3220 ο
2225 3178 2308 3236 de.
2320 3177 2548 3234 consilio
2577 3187 2647 3242 et
2673 3192 2742 3234 ex
2782 3177 3002 3234 decreto
3032 3174 3289 3232 Romanae
3315 3177 3582 3236 Ecclesiae
3607 3182 3686 3237 ob
3715 3155 3816 3237 ii...

2221 3268 2451 3324 riturum
2481 3265 2598 3337 ejus
2625 3275 2789 3338 atque
2815 3267 3075 3324 virtutum
3121 3265 3356 3340 insignia
3416 3284 3544 3340 qua:
3567 3268 3708 3326 fecit
3731 3285 3819 3340 pet;

2220 3358 2369 3425 illum
2399 3360 2680 3427 Dominus,
2706 3361 2774 3417 ab
2799 3361 2988 3418 eadem
3030 3360 3272 3418 Ecclesia
3309 3360 3566 3428 Romana
3598 3363 3815 3418 canorus

2221 3460 2424 3518 zatum,
2481 3461 2538 3507 et
2586 3451 2641 3506 in
2699 3451 2959 3523 Catalogo
3009 3462 3334 3518 sanctorum
3373 3463 3812 3522 annumeratur,

2219 3543 2578 3614 praesentibus
2603 3545 3479 3616 quamplurimisarchiepiscopis
3513 3553 3574 3601 et
3612 3546 3816 3617 epist»:

2219 3635 2325 3706 pis,
2362 3635 2590 3706 aliisque
2618 3635 2981 3694 Ecclesiarum
3007 3637 3267 3709 praalatis,
3295 3637 3583 3707 ipsiusque
3626 3638 3811 3698 festum

2223 3741 2347 3784 cum
2377 3727 2574 3786 devoto
2602 3728 2778 3784 laudis
2820 3728 3082 3799 obsequio
3111 3728 3299 3784 Romae
3326 3728 3652 3790 solemniter
3682 3729 3816 3786 celes

2220 3819 2460 3886 hratum,
2507 3821 2773 3877 mandans
2844 3821 2978 3876 mihi
3029 3830 3314 3892 quatenus
3349 3819 3526 3879 festos
3576 3821 3718 3890 ejus,
3761 3831 3814 3875 ut

2222 3909 2391 3980 ipsius
2424 3913 2634 3969 meritis
2676 3914 2902 3971 debeam
2933 3925 2990 3972 et
3016 3916 3504 3982 intercessionibus
3553 3918 3811 3987 adjuvari,

2223 4002 2416 4059 devote
2457 4005 2746 4071 celebrem,
2776 4008 3139 4080 eumdemque
3178 4008 3274 4064 Dei
3303 4020 3561 4064 sanctum
3612 4011 3812 4064 sincera

2223 4092 2399 4148 colam
2426 4104 2484 4149 et
2530 4111 2760 4151 venerer
2785 4097 3090 4164 devotione,
3123 4107 3287 4168 atque
3314 4098 3453 4156 alios
3495 4100 3746 4170 exemplo
3765 4109 3814 4154 et

537 4193 706 4265 ipsius
758 4194 955 4256 honori
1004 4206 1061 4254 et
1104 4198 1294 4271 gloriae
1354 4199 1756 4271 quodammodo
1811 4200 2124 4256 videremur

2233 4184 2449 4273 hortatu.
2471 4188 2688 4250 meo.ad
2718 4189 2823 4246 hoc
2845 4189 3018 4261 ipsum
3049 4190 3320 4247 inducam.
3351 4189 3674 4247 Mandatum
3695 4207 3816 4262 ergo

534 4285 844 4354 detrahere,
873 4287 922 4344 si
942 4290 1340 4348 sanctificatum
1369 4306 1400 4347 a
1423 4292 1662 4348 Domino
1685 4292 2122 4364 permitteremus

2233 4279 2579 4350 apostolicum
2608 4281 2803 4337 devote
2827 4283 2883 4338 in
2925 4285 3029 4339 hac
3051 4295 3204 4354 parte
3239 4282 3554 4353 suscipiens
3579 4293 3638 4339 et
3667 4298 3809 4339 rere!

537 4376 1114 4437 nltcriumdevotionis
1141 4382 1393 4437 humanae
1418 4383 1791 4439 veneratione.
1820 4382 2031 4453 carere)
2057 4382 2126 4437 de
2225 4381 2412 4428 νεηιθι·
2459 4373 2814 4444 διηριθεῐθυεο
2867 4390 3000 4446 τοεο
3045 4391 3142 4432 V05
3187 4384 3460 4446 ειυειθιιιισ
3501 4376 3563 4432 in
3603 4374 3810 4448 εῐηοδίί

533 4465 767 4525 fratrum
837 4481 1151 4528 nostrorum
1227 4472 1454 4529 consilio
1519 4472 1962 4529 canonizavimus
1994 4511 2010 4537 ,
2065 4479 2120 4527 et
2148 4506 2196 4567 ο
2221 4464 2420 4568 vestris
2447 4473 2504 4568 et
2529 4465 2584 4520 in
2611 4466 2860 4523 ecclesiis
2883 4476 2936 4523 et
2966 4468 3322 4568 conventibus
3349 4467 3454 4568 hoc
3479 4467 3662 4568 ipsum
3687 4467 3810 4568 fide:

533 4559 878 4618 decrevimus
938 4564 1115 4632 ipsum
1170 4564 1226 4619 in
1273 4573 1585 4621 sanctorum
1637 4566 1889 4637 catalogo
1925 4583 2110 4627 numea

2233 4557 2361 4614 libus
2379 4557 2536 4613 vobis
2553 4559 2863 4615 commissis
2880 4561 2949 4616 ob
2974 4559 3336 4616 reverentiam
3366 4558 3626 4628 ejusdem
3647 4558 3808 4616 sancti

533 4652 791 4708 randum.
821 4651 956 4709 Cum
987 4667 1119 4726 ergo
1147 4653 1366 4711 lucerna
1391 4653 1508 4725 ejus
1553 4656 1634 4712 sic
1668 4658 1866 4712 arserit
1909 4660 1962 4712 in
2013 4659 2138 4715 hoei
2220 4649 2550 4706 denuntielis
2595 4649 2904 4706 [πίθοι]οω
2933 4659 3008 4707 ·θι
3051 4651 3340 4722 diligenter
3390 4651 3804 4715 Observandum.

532 4744 760 4812 mundo,
806 4745 950 4816 quod
977 4761 1076 4816 per
1117 4746 1212 4802 Dei
1235 4747 1466 4818 gratiam
1498 4745 1614 4816 jam
1644 4762 1752 4804 non
1781 4749 1883 4804 sub
1912 4749 2116 4818 modio,

2233 4750 2281 4796 ut
2336 4757 2438 4813 pro
2493 4742 2648 4798 nobis
2703 4744 2958 4800 omnibus
3017 4743 3318 4799 intercedat
3369 4743 3439 4798 ad
3506 4742 3806 4798 Dominum.

529 4833 629 4888 scd
648 4847 812 4906 super
834 4836 1217 4894 candelabrum
1244 4836 1396 4910 (Luc.
1439 4853 1516 4907 xi,
1538 4836 1629 4909 33)
1671 4840 1934 4900 meruerit
1956 4839 2122 4896 collo-
2223 4834 2488 4891 Omnibus
2518 4843 2722 4900 autem,
2770 4835 3078 4906 quicunque
3109 4836 3178 4891 ad
3205 4835 3543 4891 visitandum
3571 4844 3809 4893 sanctum

535 4923 687 4990 cari,
742 4934 805 4981 ut
859 4927 913 4983 in
938 4943 1000 4985 se
1039 4928 1241 4985 ardens
1282 4944 1378 4999 per
1411 4943 1578 5000 opera
1601 4929 1903 4992 charitatis,
1945 4930 2126 4986 luceat
2225 4941 2424 4998 corpus
2461 4926 2580 4996 ejus
2606 4935 2663 4982 et
2689 4927 2758 4987 ad
2794 4926 2910 4983 dies
2937 4926 3105 4983 festos
3133 4927 3325 4997 ipsius,
3362 4928 3482 4983 sive
3523 4928 3593 4984 ad
3631 4927 3808 4982 feriam

529 5015 653 5072 aliis
683 5031 782 5087 per
799 5019 1104 5090 exemplum
1125 5039 1140 5074 :
1163 5020 1569 5078 universitatem
1591 5031 1828 5078 vestram
1841 5031 2139 5094 rogamus,‘
2227 5021 2283 5068 ei
2323 5015 2391 5070 ad
2420 5014 2690 5070 nundinas
2724 5012 2991 5078 νθιιθνίηιν
3037 5027 3175 5084 quas
3199 5013 3443 5068 οοηοθάο
3478 5013 3659 5068 eidem
3701 5025 3809 5065 ¹¹³θ⁸

527 5123 841 5177 monemus,
871 5119 927 5166 et
953 5111 1278 5168 auctoritate
1301 5127 1410 5183 qua
1453 5112 1729 5186 fungimur
1755 5115 2119 5186 praecipiendo

2233 5105 2466 5163 nasterio
2499 5105 2716 5177 penitus
2745 5105 2966 5170 liberas,
2990 5113 3048 5160 et
3067 5104 3142 5160 ibi
3171 5104 3446 5161 constituo
3463 5103 3804 5160 celebrandas

522 5202 876 5270 ῃιειιιιηιπιιιε,
905 5210 1180 5264 quatenus
1195 5204 1264 5260 ad
1287 5206 1692 5262 venerationem
1726 5206 1896 5277 ipsius
1920 5208 2115 5263 devote
2219 5198 2443 5270 sing-:5:
2494 5198 2652 5255 ξτες-,ἓξ
2699 5198 2754 5252 in
2779 5197 2866 5254 die
2896 5195 3265 5252 Revelationis
3295 5194 3391 5267 [ι’.⁹
3427 5189 3803 5262 Relevatiosis}
