3960 5320
79 345 238 413 ιωι

1167 349 1350 406 vm.
1383 380 1449 390 —
1483 346 1877 418 cassum.
1926 349 2253 416 PB/EVIAZ.

3237 357 3379 414 1οΞ9.

69 461 389 517 observent
418 455 820 527 inviolabiliter,
845 465 901 514 et
929 457 1136 531 faciant
1177 459 1248 524 ab
1273 459 1394 532 aliis
1433 460 1687 517 similiter
1713 465 1763 522 A
1791 459 2025 522 alliciunt
2081 463 2358 534 publicum
2393 465 2448 520 in
2504 463 2623 536 ejus
2675 467 2936 525 honorem
2985 457 3246 528 celebrari
3293 474 3379 530 in-

73 550 407 619 observari.
431 566 450 612 ι

154 645 262 701 24.
327 644 544 707 Similes
587 643 800 716 litteras
836 642 977 721 idem
1020 640 1147 706 Otto
1185 643 1252 701 ad
1287 658 1413 703 suos
1438 642 1695 704 oliicialcs

69 748 145 789 ea
181 735 256 791 de
288 749 349 790 re
376 734 612 802 scripsit.

165 845 187 878 ι
231 827 381 902 Otho
405 825 512 902 dux
540 808 864 902 Aquitania,
897 840 1080 882 comes
1123 825 1400 893 Pictaviae,
1445 827 1696 883 omnibus

71 900 450 993 senest-aleis,
510 900 812 984 priepositis
865 922 921 968 et
969 915 1181 970 ballivis
1229 916 1344 972 suis
1394 916 1447 972 in
1498 917 1694 976 ducatu

69 1006 403 1076 Aquitania:
430 1005 761 1081 constitutis,
793 1007 1042 1064 salutem.
1075 1007 1289 1072 Sciatis,
1322 1028 1341 1061 ι
1383 1017 1514 1075 etc.,
1550 1019 1610 1064 ut
1639 1011 1693 1068 in

73 1083 374 1166 prioribus
420 1096 638 1152 litteris.
709 1115 727 1147 ι
794 1097 944 1168 Rogo
993 1114 1091 1167 vos
1132 1108 1404 1168 quatenus
1443 1101 1693 1164 eutmlcm

73 1189 347 1242 Sanctum
388 1203 484 1258 pro
526 1187 701 1246 salute
735 1197 912 1246 vestra
943 1192 1190 1264 exemplo
1227 1192 1332 1246 mei
1365 1193 1552 1247 debito
1598 1194 1690 1248 bo-

75 1293 230 1359 nore
259 1280 618 1353 veneremini,
645 1288 702 1335 ut
725 1295 824 1355 pro
847 1281 1001 1335 nobis
1022 1282 1274 1336 omnibus
1308 1282 1607 1341 intercedat
1627 1283 1694 1337 aal

77 1369 411 1435 Dominum.
470 1369 640 1424 Vobis
684 1371 848 1424 etiam
909 1379 964 1426 et
1020 1372 1290 1428 universis
1344 1373 1692 1439 senescalcis,

74 1459 407 1529 pra-positis
454 1470 511 1515 et
560 1459 770 1514 ballivis
802 1460 936 1516 meis
991 1461 1217 1517 firmiter
1247 1464 1520 1535 praecipio,
1561 1479 1697 1534 qua-

79 1558 260 1615 tenus
311 1564 435 1605 cum
496 1549 740 1620 rcquisiti
797 1550 1010 1606 fueritis
1058 1568 1088 1606 a
1145 1552 1404 1609 fratribus
1450 1555 1691 1626 ejusdem

77 1640 441 1706 monasterii,
489 1639 685 1695 festum
736 1640 904 1710 ipsius
940 1641 1124 1697 Sancti
1162 1651 1216 1697 et
1263 1644 1454 1698 feriam
1506 1645 1560 1699 in
1607 1645 1694 1700 die

77 1731 470 1788 Revelalionis
521 1731 638 1800 ejus
686 1743 876 1802 quarta
936 1733 1022 1789 die
1085 1744 1210 1790 ante
1262 1724 1460 1800 festum
1518 1737 1691 1793 sancti

1794 553 1980 624 coepit.

1864 639 1955 694 26.
2008 639 2076 694 Et
2104 639 2321 710 quidem
2376 643 2444 699 de
2472 642 2818 711 lectionibus,
2844 647 3155 720 antiphonis
3182 661 3238 708 et
3258 652 3379 709 aliis

1795 729 1965 786 divini
2013 729 2176 786 ollicii
2224 734 2494 803 precibus,
2541 736 2594 792 id
2625 746 2836 793 certum
2889 747 2972 795 est
3019 756 3084 796 ex
3136 743 3381 814 epistolis

1796 822 2057 893 Stephani
2095 823 2456 883 Tornacensis
2489 828 2744 900 episcopi,
2780 829 2882 884 viri
2933 832 3136 900 pietate
3177 843 3233 888 et
3285 835 3380 889 do-

1795 915 1968 970 ctrina
2016 921 2146 970 tunc
2193 915 2446 982 celebris,
2477 919 2570 988 qui
2598 920 2666 974 ad
2698 920 2814 976 haec
2843 921 2896 975 in
2933 923 3108 978 sancti
3157 923 3378 980 Geraldi

1794 1007 2052 1063 honorem
2079 1011 2449 1078 componenda
2480 1013 2549 1066 ab
2577 1011 2773 1067 abbate
2799 1022 2853 1068 et
2887 1015 3170 1071 monachis
3195 1016 3381 1072 Silva:-

1796 1098 2015 1168 Majoris
2042 1099 2386 1166 sollicitatus,
2413 1115 2600 1157 eorum
2631 1103 2884 1172 precibus
2927 1120 3209 1162 assensum
3241 1123 3380 1178 prae-

1793 1191 1928 1246 buit.
1971 1190 2028 1246 Id
2070 1191 2183 1261 ipse
2211 1201 2442 1247 testatur
2471 1192 2794 1262 Stephanus,
2826 1195 3055 1264 cpistola
3091 1197 3218 1263 277,
3256 1215 3276 1249 ς
3312 1197 3380 1251 ad

1795 1279 2046 1339 abbatem
2087 1290 2142 1336 et
2178 1282 2472 1352 capitulum
2519 1282 2928 1354 Silvae-Majoris
2987 1304 3007 1338 ι
3051 1287 3278 1356 scripta.
3322 1286 3380 1340 lu

1794 1371 2041 1441 sequenti
2086 1385 2238 1436 vero,
2268 1387 2389 1442 qua:
2438 1371 2581 1426 male
2615 1390 2634 1424 ι
2690 1373 3074 1429 archidiacono
3119 1375 3384 1445 Burdiga-

1795 1460 1930 1516 lcnsi
1966 1479 1987 1512 ι
2027 1460 2345 1517 inscribitur
2384 1480 2399 1518 :
2430 1478 2556 1518 nam
2587 1463 2789 1533 scripta
2831 1474 2914 1518 est
2943 1464 3012 1519 ab
3057 1465 3175 1535 ipso
3203 1466 3383 1520 archi-

1795 1551 2022 1606 diacono
2050 1551 2118 1609 ad
2147 1549 2502 1621 Stephanum,
2531 1561 2591 1607 ut
2621 1554 2688 1608 ab
2712 1568 2799 1619 eo,
2820 1554 3039 1609 nomine
3079 1555 3290 1610 abbatis
3327 1563 3388 1608 et

1795 1640 2184 1695 monachorum
2241 1641 2653 1713 Silvae-Maioris
2677 1684 2692 1708 ,
2740 1643 2850 1698 imo
2893 1644 3055 1699 totius
3085 1663 3105 1697 ι
3134 1645 3384 1700 dimcesis

1794 1731 2218 1804 Burdigalensis,
2256 1755 2274 1784 ι
2311 1734 2629 1804 postularet,
2656 1755 2675 1787 ι
2705 1746 2764 1790 ιιι
2784 1738 3079 1792 secundum
3099 1738 3326 1808 gratiam
3353 1755 3376 1789 ι

77 1823 323 1878 Joannis
353 1823 606 1895 Baptista:
659 1824 871 1880 faciatis
919 1825 970 1880 in
1019 1824 1154 1889 locis
1192 1841 1221 1885 a
1251 1842 1338 1882 me
1364 1828 1515 1888 vobis
1545 1843 1690 1882 com-
1724 1827 1766 1884 Β
1795 1839 1950 1894 quam
1977 1825 2232 1880 dataerat
2257 1844 2276 1879 ι
2304 1826 2424 1896 ipsi,
2453 1846 2471 1878 ι
2501 1827 2555 1881 in
2588 1829 2896 1899 antiphonis
2932 1844 3096 1899 super
3125 1827 3380 1899 psalmos,

78 1915 288 1994 missis
325 1915 571 1988 mandari
604 1925 656 1989 et
698 1915 1018 1990 praeconari.
1063 1916 1324 1988 Omnibus
1362 1928 1540 1989 autem
1571 1918 1691 1988 qui-

80 2019 337 2074 cunque,
367 2011 472 2059 etc.
507 2003 822 2060 Mandamus
849 2005 1004 2060 vobis
1031 2015 1091 2060 ut
1120 1997 1398 2062 libertates
1423 2009 1696 2085 etsecuril-

86 2104 242 2151 tates
284 2095 610 2151 constitutas
638 2096 1021 2152 inviolabiliter
1061 2098 1365 2154 observetis
1393 2107 1446 2154 et
1485 2099 1696 2155 faciatis

82 2187 162 2257 ab
194 2186 322 2243 aliis
343 2186 574 2242 firmiter
603 2187 903 2243 observari.
932 2188 1093 2244 Teste
1122 2203 1208 2244 me
1239 2189 1374 2259 ipso,
1403 2191 1545 2260 apud
1593 2191 1686 2245 Va-

83 2287 302 2344 satum,
334 2293 475 2334 nono
507 2279 594 2334 die
623 2277 823 2333 Martii.
849 2297 869 2332 ι

163 2369 263 2424 25.
311 2369 368 2424 In
405 2370 488 2424 his
528 2369 723 2424 litteris
780 2369 1003 2425 innucre
1046 2370 1262 2426 videtur
1306 2369 1432 2426 Otto
1487 2369 1697 2426 festivi-

90 2471 244 2516 tates
275 2460 463 2516 saltem
489 2461 647 2528 duas,
683 2478 702 2512 ι
729 2461 896 2516 fcstos
920 2482 938 2511 ι
965 2463 1162 2532 quippe
1189 2461 1443 2532 appellat,
1477 2462 1529 2516 in
1553 2461 1698 2516 beati

89 2552 326 2628 Ger-aldi
373 2554 635 2626 honorem
672 2553 787 2623 jam
823 2565 950 2610 tunc
978 2555 1243 2611 celebrari
1273 2555 1464 2611 solitas
1507 2553 1698 2621 fuisse,

88 2646 200 2700 sed
221 2661 254 2701 a
285 2660 391 2716 quo
417 2646 679 2706 instituta:
703 2646 907 2705 fuerint
960 2663 1067 2703 non
1105 2646 1446 2703 memoravit.
1476 2646 1638 2703 Certe
1665 2661 1697 2702 ιι

90 2753 235 2792 vcrn
293 2738 581 2814 aberravit-
625 2738 686 2793 P.
743 2738 1169 2811 Papebrochius,
1223 2738 1316 2810 qui
1370 2739 1701 2795 existimavit

91 2830 455 2886 Caelestinum
485 2830 816 2901 pontiﬁcem,
850 2831 903 2886 in
931 2845 996 2888 ca
1025 2831 1192 2898 bulla,
1226 2847 1389 2901 quam
1418 2845 1583 2902 supra
1616 2847 1701 2887 re-

94 2924 352 3000 tulimus,
377 2923 786 2994 archiepiscopo
810 2923 1229 2994 [tothoma‘gcnsi
1255 2931 1312 2988 et
1327 2923 1581 2994 episcopo
1592 2923 1699 2978 Ca—

94 3015 413 3072 talauncnsi
441 3016 495 3071 in
523 3015 796 3086 mandatis
840 3016 1073 3081 dedisse,
1103 3028 1161 3071 ut
1187 3015 1385 3072 festum
1411 3016 1556 3072 beati
1595 3015 1700 3070 Gc-

92 3108 239 3164 raldi
268 3108 681 3168 constituerent.
714 3106 860 3162 Nihil
883 3109 1026 3163 enim
1061 3124 1124 3164 ea
1152 3108 1220 3164 de
1245 3124 1306 3163 re
1333 3107 1498 3162 habet
1525 3107 1701 3162 Carle-

93 3183 284 3257 stinus
338 3201 391 3256 in
448 3200 592 3256 bulla
637 3199 889 3260 laudata;
947 3214 1048 3253 nec
1076 3197 1338 3254 instituta:
1364 3199 1434 3252 ab
1486 3197 1566 3253 eis
1611 3197 1700 3252 die

96 3309 202 3348 xm
235 3290 492 3347 Octobris
515 3290 845 3354 festivitatis,
881 3298 940 3344 ut
963 3289 1050 3344 ille
1080 3288 1376 3347 arbitratus
1405 3297 1507 3364 est,
1532 3287 1700 3343 ullum

95 3393 356 3460 superest
399 3384 454 3440 in
501 3384 761 3454 antiquis,
795 3392 891 3438 aut
935 3384 1249 3439 recentibus
1292 3382 1701 3452 SilvmoMajoris

95 3478 432 3551 Breviariis,
463 3477 860 3550 Martyrologiis
901 3486 995 3533 aut
1025 3476 1362 3548 Necrologiis
1390 3474 1699 3544 vestigium.

98 3567 276 3633 Multo
297 3567 652 3624 verisimilius
677 3561 783 3622 cst'
805 3567 924 3622 illas
965 3568 1108 3622 beati
1138 3566 1350 3621 abbatis
1381 3564 1704 3620 festivitates

98 3661 175 3736 ab
207 3660 624 3731 archiepiscopo
649 3660 1054 3731 Burdegalensi,
1081 3668 1174 3714 aut
1202 3673 1335 3714 sane
1360 3659 1428 3714 ab
1453 3659 1704 3714 omnibus

97 3753 418 3823 Aquitania:
465 3751 786 3826 praesulibus
831 3751 1201 3822 promulgatas
1228 3748 1392 3804 fuisse
1439 3748 1492 3803 in
1524 3747 1702 3817 aliqua

100 3845 319 3916 synodo
361 3842 702 3912 provinciali,
735 3841 973 3908 tametsi,
999 3849 1058 3896 ut
1079 3841 1222 3910 quod
1251 3855 1316 3894 ea
1346 3839 1414 3894 de
1443 3855 1502 3893 re
1529 3839 1704 3894 sentio

102 3937 348 4007 ingenue
380 3935 584 4003 dicam,
614 3933 938 3990 crediderim
970 3934 1151 4003 potius
1191 3933 1380 3987 ambas
1407 3931 1548 3985 beati
1595 3931 1704 3986 Ge-

100 4027 247 4092 raldi
277 4026 624 4090 festivitates,
650 4022 1006 4093 depositionis
1029 4021 1238 4078 scilicet
1263 4021 1404 4091 ejus,
1426 4033 1481 4076 et
1507 4021 1707 4075 releva-

104 4118 278 4172 tionis
304 4130 401 4173 seu
433 4114 825 4180 translationis,
853 4123 980 4170 ante
1019 4112 1193 4169 sancti
1228 4110 1442 4168 Geraldi
1487 4111 1706 4165 canoni-

105 4208 390 4268 sationem
416 4205 720 4261 celebratas
766 4203 957 4268 fuisse,
990 4203 1230 4258 maximo
1257 4201 1451 4256 saltem
1485 4201 1708 4271 populo-

105 4314 234 4370 rum
262 4311 558 4370 concursu.
586 4296 720 4351 Cum
747 4295 892 4352 enim
915 4309 985 4358 ex
1010 4304 1240 4362 utraque
1283 4291 1400 4360 ejus
1439 4293 1550 4346 vita
1591 4307 1709 4345 cer-

105 4402 223 4455 tum
251 4374 578 4458 sit'populos
605 4388 673 4442 ad
699 4385 816 4456 ejus
860 4383 1124 4450 tumulum
1183 4382 1352 4441 etiam
1393 4395 1461 4436 ex
1503 4381 1708 4436 dissitis

105 4499 148 4535 rt
168 4481 430 4553 gionibus
455 4478 767 4548 frequenter
786 4476 1126 4538 convenisse,
1159 4473 1302 4530 haud
1332 4473 1555 4528 dubium
1577 4473 1707 4543 quin

104 4575 158 4631 id
187 4574 374 4643 potius
405 4572 560 4626 ﬁeret
588 4570 643 4634 in
672 4568 1047 4631 anniversario
1075 4564 1192 4634 ejus
1216 4564 1590 4635 depositionis,
1617 4573 1713 4637 aut

1798 1929 1852 1973 ct
1889 1919 1940 1974 in
1975 1921 2338 1989 responsoriis
2382 1936 2548 1991 super
2592 1921 2875 1988 lectiones,
2911 1932 2965 1978 et
3013 1924 3067 1978 in
3119 1937 3279 1994 prosa
3327 1930 3386 1977 et

1793 2009 2023 2085 collecta
2055 2010 2406 2066 olliciaretur.
2441 2030 2461 2064 ι
2493 2011 2645 2078 Quod
2691 2028 2815 2067 cum
2861 2023 3148 2069 exsecutus
3193 2013 3388 2069 fuisset

1800 2099 2131 2170 Stephanus,
2159 2101 2299 2156 idem
2329 2102 2498 2157 abbas
2529 2112 2583 2158 ct
2611 2111 2755 2158 totus
2796 2104 3112 2159 monasterii
3153 2120 3388 2160 conven-

1800 2199 1908 2255 tus,
1938 2191 2256 2246 transmisso
2283 2191 2351 2246 ad
2383 2191 2716 2261 Stephanum
2761 2192 2952 2247 baculo
2990 2195 3300 2265 cypressino
3331 2195 3386 2249 in

1797 2280 2262 2351 xenium,gratias
2282 2281 2332 2336 ei
2355 2297 2518 2352 quam
2560 2282 2825 2338 maximas
2863 2283 3183 2349 retulerunt,
3227 2286 3386 2353 eique

1805 2385 1824 2419 ι
1870 2365 2269 2424 fraternitatem
2328 2371 2637 2425 monasterii
2693 2371 2747 2426 in
2805 2371 3040 2442 generali
3091 2373 3326 2444 capitulo
3358 2392 3379 2426 ι

1799 2468 2209 2523 concesserunt,
2265 2459 2319 2513 id
2358 2468 2440 2514 est
2488 2467 2796 2514 consortem
2825 2475 2948 2515 cum
2999 2461 3388 2517 feceruntom-

1799 2548 1948 2603 nium
2002 2549 2268 2604 bonorum
2322 2565 2568 2620 operum,
2634 2567 2654 2602 ‹
2717 2559 2828 2604 tam
2875 2551 2930 2605 in
2977 2551 3088 2605 vita
3133 2551 3297 2622 quam
3333 2552 3388 2607 in

1801 2650 1996 2706 morte,
2029 2660 2049 2694 ι
2084 2657 2205 2711 qua:
2233 2655 2264 2696 a
2293 2641 2628 2696 Silvensibus
2660 2641 2943 2696 monachis
2982 2642 3197 2707 flerent,
3231 2642 3302 2697 ita
3329 2651 3392 2697 ut

1798 2740 1920 2800 post
1948 2731 2064 2800 ejus
2094 2744 2322 2787 inertem
2357 2732 2558 2787 etcdcm
2602 2746 2794 2803 preces
2831 2746 2929 2802 pro
2953 2746 3019 2787 eo
3045 2731 3392 2786 solverentur

1800 2838 1921 2892 quae
1941 2839 2038 2893 pro
2067 2822 2332 2880 fratribus
2351 2821 2592 2892 ejusdem
2625 2823 2940 2879 monasterii
2973 2823 3225 2878 solebant
3251 2823 3390 2878 ﬁeri.

1803 2914 1930 2970 llaec
1976 2914 2150 2972 fusius
2194 2914 2248 2969 in
2279 2914 2505 2984 epistola
2553 2915 2868 2969 corumdem
2912 2914 3057 2970 inter
3097 2914 3234 2969 alias
3270 2915 3394 2970 Ste-

1801 3005 1988 3076 phani,
2039 3021 2189 3060 num.
2225 3005 2352 3060 279.
2405 3004 2652 3061 Ofﬁcium
2682 3019 2813 3059 vero
2857 3006 2925 3058 ab
2970 3005 3090 3076 ipso
3114 3003 3395 3074 Stephano

1803 3096 2181 3166 compositum,
2232 3096 2284 3150 id
2342 3105 2426 3151 est
2473 3095 2761 3161 lectiones,
2795 3096 3004 3166 hymni,
3051 3094 3279 3151 collecta
3335 3104 3394 3150 et

1727 3176 1774 3238 C
1805 3202 1969 3276 unum
2002 3187 2408 3257 responsorium
2441 3187 2496 3240 in
2528 3196 2851 3242 cancrorum
2893 3187 3165 3257 specimen
3189 3187 3395 3242 editum

1801 3288 1884 3337 est
1911 3279 2136 3336 Parisiis
2162 3293 2308 3334 anno
2339 3278 2498 3345 1679,
2529 3281 2596 3334 ad
2628 3279 2832 3334 calcem
2858 3277 3100 3347 ejusdem
3131 3277 3393 3349 Stephani

1801 3371 2170 3442 epistolarum,
2205 3386 2346 3441 quas
2385 3371 2530 3427 notis
2557 3380 2614 3427 ct
2640 3371 3116 3428 observationibus
3161 3371 3397 3427 illustra-

1802 3465 1880 3519 vit
1907 3465 1974 3519 Β.
2018 3464 2080 3520 Ρ.
2111 3463 2370 3520 Claudius
2403 3466 2473 3521 du
2503 3464 2751 3532 Molinet,
2801 3463 3102 3520 canonicos
3129 3463 3396 3536 regularis

1801 3553 2238 3623 congregationis
2268 3552 2578 3610 Gallicanae.
3113 3571 3126 3596 .-
3375 3569 3382 3584 λ

1871 3643 1961 3696 27.
2045 3642 2310 3700 Cancrum
2391 3644 2810 3701 archidiaconus
2882 3644 3286 3718 Burdigalensis
3337 3645 3394 3701 in

1803 3734 2052 3806 epistola,
2084 3750 2250 3805 quam
2296 3737 2458 3809 modo
2506 3736 2878 3801 laudabamus,
2909 3753 3016 3792 non
3069 3738 3242 3793 solum
3289 3737 3398 3793 Ge-

1805 3827 1938 3883 raldi
1964 3829 2311 3884 sanctitatem
2340 3827 2584 3898 pluribus
2607 3827 2836 3893 extollit,
2861 3842 3046 3882 verum
3072 3827 3235 3884 etiam
3277 3842 3398 3882 mm-

1805 3926 2010 3982 nachos
2063 3924 2338 3980 Silvenses
2388 3923 2594 3989 laudat,
2647 3921 2790 3991 quod
2851 3931 3081 3977 creteros
3132 3921 3250 3990 ejus
3297 3919 3399 3975 arvi

1808 4017 1954 4072 viros
1982 4016 2262 4088 religiosos
2301 4015 2574 4086 regularis
2610 4013 2908 4083 disciplinae
2952 4012 3296 4069 observantia
3345 4023 3400 4067 ct

1807 4111 2016 4176 ordinis
2040 4112 2226 4183 vigore
2255 4109 2658 4167 antecederent.
2688 4107 2817 4179 Ejus
2837 4107 3001 4162 verba
3030 4104 3279 4176 proferre
3313 4102 3397 4172 jn-

1807 4211 1902 4259 vat
1949 4204 2003 4258 in
2053 4202 2195 4258 beati
2247 4202 2460 4258 abbatis
2507 4201 2733 4271 ejusque
2811 4199 3048 4255 filiorum
3115 4197 3396 4253 honorem.

1816 4311 1834 4360 ι
1869 4293 2066 4349 Beatus
2091 4291 2356 4350 Geraldus
2399 4292 2466 4347 de
2502 4289 2770 4360 partibus,
2801 4307 2822 4342 ι
2855 4289 3028 4358 inquit
3054 4305 3075 4340 ι
3107 4286 3401 4343 Gallicanis

1813 4387 2033 4444 trahens
2071 4386 2358 4456 originem,
2389 4383 2545 4452 cujus
2573 4383 2682 4439 vita
2718 4397 2901 4439 coram
2933 4381 3242 4436 hominibus
3285 4379 3402 4434 lau-

1814 4477 2008 4534 dabilis
2035 4476 2234 4542 floruit,
2269 4483 2325 4529 et
2354 4475 2598 4544 speciosa
2628 4473 2975 4544 pretiosaque
3003 4486 3151 4526 mors
3178 4471 3232 4526 in
3273 4485 3402 4525 con-

1813 4578 2000 4638 spectu
2041 4566 2256 4622 Domini
2288 4566 2457 4637 signis
2487 4563 2872 4620 attestantibus
2915 4561 3112 4627 radiat,
3144 4568 3201 4616 et
3238 4559 3403 4615 mira-

105 4675 262 4720 ccrtc
299 4661 681 4728 translationis
728 4667 872 4732 (quae
903 4659 1120 4727 quidem
1152 4656 1440 4712 translatio
1468 4656 1718 4712 celeber-
1814 4661 1997 4715 culosa
2034 4656 2283 4727 refulget.
2317 4657 2418 4723 Qui
2467 4656 2534 4710 ad
2564 4667 2749 4726 partes
2795 4651 3206 4724 Burdigalenses
3251 4665 3404 4706 acce-

104 4757 250 4814 Izima
277 4751 479 4822 fuerat)
513 4766 678 4821 quam
702 4750 823 4816 aliis
847 4748 1072 4815 diebus;
1107 4748 1235 4803 licet
1260 4747 1404 4802 enim
1433 4745 1578 4801 beati
1609 4745 1713 4800 viri

107 4843 450 4901 festivitates
479 4841 719 4907 nondum
747 4840 964 4910 publico
997 4837 1174 4896 cilicio
1218 4837 1272 4890 in
1301 4835 1418 4906 ejus
1449 4835 1711 4890 honorem

106 4938 266 4993 edito
295 4935 729 4998 celebrarentur,
762 4933 848 4988 his
895 4938 1079 4990 tamen
1127 4929 1358 4985 laudatis
1390 4927 1604 4992 diebus,
1635 4926 1711 4982 uti

105 5027 390 5098 conjicere
437 5034 544 5090 est,
572 5023 834 5088 memoria
855 5021 982 5092 ,ejus
1025 5020 1284 5084 solemnis
1321 5019 1509 5081 fiebat,
1537 5017 1714 5086 qualis

104 5102 467 5178 hodienuein
506 5117 782 5178 plerisque
814 5114 1020 5177 ordinis
1051 5111 1224 5170 nostri
1266 5110 1552 5173 monasteri
1571 5110 1618 5160 is
1645 5124 1714 5165 εει

1815 4751 1948 4806 dens
1977 4750 2367 4805 monasterium
2397 4745 2810 4817 Silvae-Majoris
2855 4753 2912 4800 et
2957 4761 2987 4799 a
3021 4745 3197 4812 primo
3229 4740 3405 4812 lapide

1816 4841 2085 4905 fundavit,
2137 4850 2193 4897 et
2243 4837 2582 4908 regularibus
2613 4835 2917 4904 disciplinis
2957 4832 3274 4888 reformavit
3304 4831 3406 4884 hoc
3447 4867 3450 4870 .

1816 4945 1960 4988 anno
1985 4946 2014 4984 a
2039 4929 2260 4985 domino
2287 4942 2424 4998 papa
2451 4926 2636 4980 Itonia:
2676 4923 2862 4980 debita
2893 4923 3181 4979 missarum
3208 4918 3408 4975 solenne

1821 5025 1994 5084 nitate
2023 5021 2447 5083 authenticatus,
2489 5019 2540 5072 in
2571 5017 2831 5086 Catalogo
2876 5022 3187 5070 sanctorum
3213 5007 3414 5064 meruit

1819 5115 2038 5174 ascribi.
2067 5111 2313 5178 Qualiter
2341 5118 2522 5164 autem
2559 5123 2657 5178 per
2685 5107 2780 5164 Dei
2808 5107 3046 5175 gratiam
3074 5102 3128 5156 in
3160 5100 3418 5172 pnedicto
