3960 5320
540 282 708 393 tota

1529 322 1589 380 s.
1625 321 1929 381 GERALDI
1968 318 2262 383 ALBATIS
2301 304 2847 392 δεινῶ-Μυσίης

3683 340 3811 407 {025

537 400 993 525 conversatione
1027 431 1315 525 frequenti,
1344 424 1513 505 quam
1545 435 1690 525 circa
1741 449 1840 492 vos
1885 433 2138 493 habuisse
2239 439 2552 511 Geraldum,
2585 447 2855 525 abbatiam
2887 446 3311 522 Silvae-Majoris,
3337 460 3394 510 et
3436 452 3542 508 fuit
3570 454 3659 511 ihi-

562 522 597 583 d
620 521 1346 594 gnoscimur,indubitanter
1371 524 1732 598 agnoscimus,
1763 540 1860 581 vos
1890 533 2145 597 tanquam

542 613 876 684 spirituales
901 616 1043 670 viros
1069 628 1190 684 qua:
1208 613 1336 671 Jesu
1363 616 1537 671 Citisti
1564 624 1692 683 sunt
1718 615 1969 688 amplecti
2000 631 2145 671 sem-

540 720 663 779 ,per
707 716 763 762 et
791 722 1053 776 quaerere,
1085 717 1141 764 et
1188 707 1243 763 in
1300 707 1368 765 iis
1419 724 1539 780 qua:
1581 711 1649 766 ad
1672 725 1836 782 opera
1868 709 2149 777 charitatis

566 800 864 870 respiciunt
909 814 1007 856 vos
1045 798 1247 871 jugiter
1272 802 1588 870 exerceri,»
1641 810 1748 857 etc.
1786 801 1928 856 ldem
1975 799 2149 867 ferme

565 891 806 945 occurrit
855 891 908 945 in
946 890 1111 946 variis
1157 890 1394 967 chartis,
1430 906 1567 963 quas
1605 906 1711 948 non
1766 901 1924 948 vacat
1960 892 2149 965 singil-

552 981 719 1038 latim
748 980 986 1038 laudare.
1014 980 1120 1039 Sed
1143 984 1559 1054 praetermittere
1579 998 1684 1039 non
1705 983 1855 1040 licuit
1882 984 2146 1056 insignem

567 1072 746 1130 locum
792 1073 1145 1135 instrumenti
1165 1074 1490 1137 visitationis
1517 1091 1549 1132 a
1580 1074 1802 1131 Simone
1827 1075 2147 1132 Bituricensi

569 1163 981 1234 archiepiscopo
1048 1180 1194 1227 anno
1245 1164 1385 1222 5284
1442 1181 1537 1238 per
1586 1167 1893 1237 provincias
1952 1167 2151 1223 Bituri-

568 1270 787 1313 censem
835 1265 892 1311 ct
918 1256 1356 1328 Burdigalensem
1402 1259 1575 1315 factas.
1624 1259 1697 1315 lbi
1728 1259 1873 1316 enim
1916 1259 2153 1333 refertur

568 1347 711 1418 quod
743 1363 864 1405 cum
890 1349 1326 1421 archiepiscopus
1354 1351 1422 1406 ad
1453 1350 1939 1421 Silvam-Ilajorem
1968 1366 2151 1408 acces-

568 1440 750 1505 sisset,
778 1450 1000 1500 coactus
1039 1440 1204 1498 fuerit
1250 1456 1411 1513 supra
1448 1444 1761 1500 monasterii
1784 1442 2007 1512 janua‘m
2053 1460 2153 1501 co-

569 1532 814 1598 medere,
838 1534 981 1605 quod
1034 1535 1175 1589 intra
1215 1536 1316 1593 loci
1366 1545 1514 1608 septa
1559 1537 1810 1603 carnibus
1857 1538 2001 1593 vesci
2042 1552 2149 1603 non

569 1623 793 1691 liceret;
825 1626 963 1695 iano,
997 1635 1058 1682 ut
1092 1626 1173 1682 ibi:
1193 1629 1427 1694 additur,
1458 1645 1580 1684 cum
1626 1631 1876 1686 monachi
1909 1631 2153 1691 I‘CSClVlS?

560 1724 692 1781 sent
719 1717 968 1783 abbatem
1002 1717 1187 1774 Sancti
1215 1719 1447 1788 Sulpicii.
1483 1736 1605 1776 cum
1633 1704 2038 1791 archiepiscopo
2082 1722 2149 1777 ad

2247 542 2359 588 tum
2386 534 2683 595 honoriﬁce
2711 549 2765 594 et
2792 540 3105 597 solemniter
3125 552 3397 615 receptus.
3428 543 3575 600 Sunt
3610 545 3687 601 ibi
3714 562 3815 601 mo-

2246 625 2400 682 nachi
2446 629 2605 700 nigri,
2638 640 2691 687 et
2723 640 2807 687 est
2856 631 3259 697 locus_multum
3292 635 3547 707 insignis,
3597 645 3652 692 et
3702 639 3817 707 quia

2246 733 2353 771 non
2384 720 2744 776 comednntur
2768 722 2822 776 in
2851 738 3077 793 corpore
3113 725 3343 781 abbatis:
3389 742 3613 791 carnes,
3658 727 3819 783 domi-

2247 825 2348 863 nus
2371 825 2492 866 cum
2520 811 2633 867 suis
2660 813 2829 869 sociis
2848 815 3083 871 comedit
3104 831 3262 887 supra
3291 825 3536 887 portam,
3567 806 3619 873 et
3652 833 3819 872 come.

2246 897 2325 954 dit
2374 898 2446 954 ibi
2500 916 2708 957 carnes.
2742 903 2810 958 Et
2856 916 3132 969 venerunt.
3166 906 3234 962 ad
3280 907 3569 963 dominum
3614 908 3829 978 quidam

2247 992 2497 1048 monachi
2522 992 2827 1052 inhibentes
2844 997 3024 1052 abbati
3052 997 3235 1054 Sancti
3264 997 3521 1069 Sulpicii,
3546 1014 3616 1055 ne
3641 1015 3837 1061 canes

2247 1083 2558 1139 comedet-et
2599 1084 2695 1148 ibi.
2723 1086 2848 1156 quia
2880 1086 2995 1157 ipse
3036 1086 3237 1143 faceret
3260 1096 3451 1143 contra
3492 1088 3825 1143 constitutio-

2248 1187 2371 1228 nem
2423 1174 2628 1231 ordinis
2662 1175 2766 1232 sui.
2822 1195 2841 1230 ι
2890 1175 2990 1232 llic
3031 1186 3151 1232 erat
3195 1176 3360 1233 etiam
3403 1177 3678 1232 extremis

2250 1265 2583 1336 temporibus
2613 1268 3011 1347 monachorum
3049 1266 3369 1324 Silventium
3415 1267 3623 1323 fervor.
3670 1268 3825 1322 Porro

2239 1348 2634 1412 monasterium
2679 1356 3271 1425 Silvae-Maiorisetiam
3295 1375 3443 1423 nunc
3470 1357 3695 1415 celebre
3716 1359 3827 1411 sub-

2249 1445 2413 1510 sistit,
2480 1457 2680 1503 nostrai
2726 1448 3131 1520 congregationi
3163 1449 3348 1504 Sancti
3380 1447 3562 1503 Mauri
3606 1448 3824 1510 unitum,

2248 1538 2338 1593 ubi
2376 1539 2517 1595 inter
2563 1541 2665 1595 alia
2698 1556 2852 1595 sacra
2890 1539 3098 1595 cimolia
3141 1550 3397 1597 servatur
3442 1556 3653 1607 corpus
3698 1537 3825 1593 beati

2250 1628 2501 1702 Gcraldi,~
2542 1632 2595 1686 in
2647 1631 2817 1688 veteri
2867 1632 3017 1687 theca
3066 1631 3280 1687 laminis
3326 1630 3489 1685 :ereis
3546 1638 3604 1684 et
3653 1629 3827 1683 statuis

2252 1720 2617 1790 deargentatis
2663 1731 2853 1778 ornata
2901 1720 3184 1780 inclusum.
3233 1721 3467 1776 Sacrum
3517 1735 3654 1774 vero
3706 1718 3825 1773 illius

560 1823 815 1867 meusam
844 1809 1051 1875 sedere,
1080 1819 1135 1867 et
1174 1826 1296 1868 cum
1324 1827 1397 1869 eo
1434 1827 1628 1868 carnes
1668 1814 1981 1884 comedere,
2010 1815 2149 1872 hanc
2182 1804 2227 1865 B
2257 1821 2419 1880 caput
2443 1827 2470 1865 a
2493 1812 2699 1881 reliquo
2721 1827 2948 1882 corpore
2969 1810 3267 1879 sejunctttm
3291 1811 3348 1865 in
3373 1825 3472 1865 vas
3500 1817 3823 1881 argenteum,

442 1916 453 1922 ·
572 1899 1173 1969 t;cgul:e.in[ractionetn
1203 1918 1346 1974 :ngre
1387 1903 1645 1960 tulerunt.
1682 1921 1715 1965 ι,
1736 1903 1919 1969 Venit,
1952 1922 1975 1957 ι
2008 1914 2066 1959 ut
2094 1904 2147 1959 in

571 1987 1077 2075 ipsoinstrumento
1106 1993 1319 2065 legitur,
1369 2013 1401 2055 ι,
1424 1995 1675 2063 dominus
1700 1996 1840 2066 apud
1889 1995 2150 2071 Sanctum

608 2176 706 2219 llv';
774 2209 791 2217 ν-
867 2211 871 2214 ~
954 2212 979 2221 νη
1044 2207 1052 2216 ¹
1090 2213 1123 2221 --.
1319 2218 1322 2220 ν
1390 2212 1429 2221 ι.
1576 2218 1613 2221 .ν
1721 2180 1741 2222 i.
1792 2218 1797 2222 .
1848 2216 1867 2221 ..
2004 2216 2014 2222 .
2067 2217 2071 2220 ι
2505 2181 2516 2222 Ξ
2596 2217 2600 2221 -
2660 2220 2663 2221 ν
3462 2218 3463 2221 η

1188 2322 1544 2441 VlTA
1631 2320 1757 2433 s.
1842 2268 2455 2436 GERALDI
2556 2254 3217 2442 ABBATlS‘...

2254 1900 2370 1970 eius
2419 1901 2653 1988 etligiem
2697 1903 2998 1974 referens,
3029 1903 3097 1967 ab
3147 1901 3371 1970 aliquot,
3415 1899 3585 1955 annis
3644 1898 3825 1952 illatum

2255 2003 2382 2055 est...

643 2524 699 2580 1.
727 2522 967 2581 Auctoris
989 2484 1138 2577 tetas.
1161 2548 1233 2562 --
1258 2519 1584 2577 Christiana:
1605 2520 1884 2592 religionis
1905 2521 2150 2575 habitum
2180 2520 2235 2578 Αι
2252 2521 2347 2575 sed
2375 2519 2441 2575 ad
2471 2520 2815 2591 Dei'gloriam
2844 2522 2983 2577 facta
3017 2532 3102 2579 est
3125 2524 3247 2579 hac
3263 2524 3571 2595 descriptio
3606 2544 3620 2578 :
3647 2524 3829 2581 nemini

563 2627 775 2691 gerens
803 2654 827 2680 ι
876 2613 1119 2671 omnium
1177 2611 1270 2668 Dei
1320 2611 1568 2673 fidelium
1630 2611 1855 2682 cupiens
1906 2611 2161 2677 salutem,

573 2708 851 2765 universas
905 2704 1159 2772 Ecclesiae
1209 2703 1441 2759 salutem
1492 2703 1546 2759 in
1597 2702 1845 2758 Domino.
1895 2701 2161 2769 Quoniam

576 2800 739 2857 video
793 2797 963 2863 multa
1004 2795 1298 2877 prateritis
1350 2804 1483 2863 acta,
1523 2796 1855 2866 temporibus
1898 2794 2182 2859 chartulis.

566 2888 957 2948 commendata
996 2928 1019 2955 ι
1083 2903 1152 2944 ne
1225 2886 1499 2952 oblivione
1576 2886 1857 2942 deleantur
1888 2925 1904 2952 ,
1960 2885 2163 2957 placuit

570 2996 818 3052 quoque,
853 2989 915 3037 ut
947 2992 1067 3051 qua
1112 2978 1257 3041 facta
1308 2979 1511 3040 diebus,
1553 2978 1756 3034 nostris
1790 2988 1939 3043 sunt,
1988 2978 2162 3034 nostri

573 3073 753 3132 adicio
821 3073 1076 3146 ingenioli
1134 3074 1204 3129 ad
1254 3082 1507 3144 posteros
1566 3072 2025 3129 transntittantur.
2096 3070 2161 3127 Si

572 3164 728 3223 enim
810 3164 888 3220 illi
965 3173 1151 3234 patres
1213 3164 1430 3229 nostri,
1480 3179 1602 3234 quae
1649 3164 1817 3225 solius
1885 3163 2163 3235 iactantia:

572 3268 748 3313 causa
805 3254 1007 3311 ﬁebant
1029 3295 1045 3319 ,
1101 3263 1253 3314 tanto
1298 3256 1499 3312 sudore
1541 3255 1699 3312 nobis
1744 3270 2003 3311 curavere
2058 3271 2160 3313 no-

578 3345 796 3400 tilicare
824 3380 840 3407 ,
909 3353 1120 3416 quanto
1162 3347 1338 3417 magis
1405 3360 1512 3402 nos
1554 3359 1674 3416 qua:
1719 3345 1815 3403 Dei
1862 3354 1988 3402 sunt
2014 3387 2030 3410 ,
2090 3360 2161 3402 ne

570 3436 800 3495 silentio
862 3436 1261 3507 deprimantur,
1294 3435 1556 3494 debemus
1625 3437 1931 3495 elaborare.
1994 3440 2163 3511 Igitur

578 3543 769 3585 eorum
799 3527 1047 3598 cxempla
1092 3528 1145 3583 in
1190 3528 1392 3585 bonum
1422 3530 1581 3587 nobis
1607 3540 1904 3598 vertamus,
1935 3542 1989 3588 et
2016 3533 2160 3603 quod

578 3623 659 3680 illi
690 3624 758 3678 ad
786 3622 1080 3678 humanum
1114 3621 1379 3689 favorem,
1411 3638 1511 3679 nos
1540 3625 1608 3679 ad
1631 3623 1864 3695 gloriam
1897 3623 2160 3681 faciamus

580 3712 845 3767 divinam.
900 3712 1300 3784 Aggrediamur
1364 3714 1549 3784 itaque
1618 3714 1764 3785 quod
1837 3716 2161 3786 inempilttus

574 3820 864 3868 enarrare.
895 3815 950 3862 et
985 3821 1094 3863 non
1144 3808 1304 3864 nobis
1347 3807 1505 3864 dulce
1549 3808 1622 3864 sit
1669 3808 1905 3879 amplius
1938 3817 2161 3879 accepto

2260 2617 2448 2675 autem
2480 2625 2643 2689 grave
2666 2612 2912 2676 videatur
2926 2613 3010 2668 vel
3040 2612 3338 2684 indignum,
3364 2623 3581 2669 tantum
3617 2614 3828 2682 Spiritus

2263 2699 2439 2758 sancti
2468 2700 3037 2759 habitaculum'vocari
3058 2714 3329 2770 sanctum,
3364 2706 3495 2776 quia
3527 2708 3576 2761 si
3600 2706 3831 2776 cognovit

2261 2801 2318 2849 et
2358 2792 2813 2863 fecitsjustitiam.
2857 2803 2911 2851 et
2936 2782 3374 2859 viditmirabilia
3418 2812 3621 2867 magna
3663 2806 3718 2851 et
3748 2810 3828 2849 ει-

2259 2884 2813 2952 oravitAltissimum,
2837 2887 2958 2941 sine
2974 2886 3139 2942 dubio
3161 2886 3416 2942 inventus
3436 2888 3595 2942 estin
3629 2902 3829 2941 norma

2261 2984 2597 3032 sanctorum.
2666 2978 2985 3048 Quicunque
3042 2979 3161 3034 haec
3196 2977 3413 3049 legerit,
3456 2978 3549 3034 vel
3595 2977 3826 3041 audierit,

2262 3068 2582 3140 ignorantiae
2611 3072 2894 3143 scriptoris
2917 3073 3159 3142 ignoscat
3183 3113 3199 3139 ,
3243 3081 3435 3134 etnon
3487 3071 3643 3142 quali
3693 3071 3831 3141 style,

2260 3160 2357 3214 sed
2388 3161 2456 3215 de
2484 3176 2629 3229 quo;
2661 3176 2763 3232 per
2803 3176 2962 3230 quem
3011 3159 3215 3217 factum
3263 3160 3337 3216 sit
3364 3176 3510 3231 opus
3557 3159 3839 3241 [attendah‘

2260 3246 2352 3315 et}
2385 3250 2649 3306 artiﬁcem
2719 3250 2923 3306 codicis
2985 3265 3093 3305 non
3152 3251 3421 3318 requirat.
3480 3248 3665 3304 Nemo
3710 3247 3833 3303 enim

2261 3355 2455 3403 sanum
2482 3343 2701 3412 sapiens
2739 3343 3023 3414 phalerata
3068 3343 3360 3401 verborum
3414 3342 3677 3414 ﬁgmenta
3724 3339 3825 3414 [ει.

2262 3432 2833 3507 concinentiat]=debet
2858 3436 3160 3500 attendere,
3189 3434 3286 3489 sed
3308 3442 3496 3488 utrum
3526 3433 3837 3489 catholicum

2260 3526 2352 3591 sit,
2380 3527 2525 3597 quod
2555 3528 3021 3584 attenditmentis
3065 3528 3261 3583 intuitu
3303 3527 3587 3583 subtiliter
3634 3525 3822 3596 perspi-

2260 3630 2407 3675 cere.
2433 3616 2593 3673 lstius
2615 3631 2745 3673 vero
2762 3617 3007 3680 veritatis
3039 3617 3205 3681 Deum
3227 3617 3611 3688 intprecando,
3643 3626 3829 3681 testem,

2258 3706 2542 3763 veniamus
2563 3708 2631 3763 ad
2664 3707 3053 3763 narrationem.
3335 3695 3343 3701 ’

2329 3795 2385 3851 2.
2426 3793 2941 3858 Geraldtu'Corim'ar
2965 3805 3139 3854 natus.
3185 3797 3272 3853 Ibi
3294 3800 3353 3854 in
3378 3802 3706 3856 monasterio
3727 3800 3830 3854 etil-

576 3913 747 3968 opere
774 3899 1018 3972 evagari.
1058 3899 1302 3956 Primum
1350 3901 1572 3972 quidem
1618 3900 1881 3957 factorem
1917 3902 2158 3957 omnium

2265 3896 2435 3944 catur.
2465 3886 2523 3943 S.
2554 3886 2779 3943 Nicoiao
2798 3889 3009 3944 similis.
3039 3919 3104 3930 —
3124 3888 3395 3946 Gcraldus
3426 3892 3597 3962 igitur
3614 3891 3843 3947 Corbeit.

578 3998 640 4049 .et
667 3990 1090 4062 Redemptorem
1120 3994 1497 4061 deprecamur,
1549 4000 1612 4047 ut
1654 3992 1814 4048 nobis
1864 4006 2017 4048 mare
2047 3999 2167 4047 tanc.

578 4087 701 4134 tum
768 4078 1203 4150 ingredientibus
1258 4095 1481 4135 manum
1539 4082 1792 4152 dignetur
1834 4081 2114 4153 porrigere
2144 4120 2161 4148 ,

580 4181 855 4243 quatenus
876 4171 1111 4242 qualiter
1148 4172 1497 4230 beatissimus
1523 4172 1809 4240 Geraldns,
1854 4173 2165 4230 Silvae-Mea

575 4263 717 4335 loris
765 4265 934 4321 abbas
978 4266 1214 4336 primus,
1264 4265 1321 4321 in
1372 4266 1491 4338 ejus
1534 4266 1663 4322 vita:
1685 4266 1879 4323 exsilio
1925 4264 2161 4333 vixerit,

572 4363 928 4425 quantasque
964 4356 1292 4412 tentationes
1330 4356 1381 4412 ei
1413 4356 1671 4427 antiquus
1696 4354 1869 4413 hostis
1900 4355 2164 4422 intulerit,

586 4460 862 4515 quamque
905 4445 1122 4503 fortiter
1146 4454 1339 4503 contra
1367 4446 1483 4516 eius
1536 4456 1868 4503 tentamenta
1901 4485 1918 4512 ,
1961 4447 2163 4505 auxilio

585 4538 832 4594 munitus
879 4538 1066 4595 divino
1093 4580 1108 4605 ,
1148 4540 1490 4610 pugnaverit,
1534 4546 1905 4611 quantamque
1955 4538 2168 4596 miseri-

584 4627 832 4683 cordiam
870 4627 1222 4685 'eiDominns
1245 4629 1588 4700 omnipotens
1615 4628 1944 4695 contulerit,
1973 4627 2019 4682 si
2060 4642 2167 4684 non

586 4726 653 4772 ut
685 4716 929 4789 deceret,
967 4720 1330 4792 qualicunque
1356 4721 1549 4778 saltem
1592 4720 1753 4778 modo
1781 4720 2167 4791 explanantes.

588 4810 883 4869 charitatis
929 4814 1118 4871 carina
1158 4814 1433 4880 subvecti,
1469 4813 1775 4870 velillcante
1817 4812 1941 4878 inde,
1992 4812 2169 4869 sancti

587 4899 829 4971 Spiritus
868 4904 1045 4974 gratia
1086 4904 1315 4960 carbasa
1347 4912 1532 4960 nostra
1559 4903 1843 4974 perflante,
1872 4918 1974 4976 per
2008 4902 2167 4975 justi-

589 4993 684 5048 tia:
710 4993 963 5049 semitam
992 4995 1062 5050 ad
1082 5003 1297 5064 portum
1322 4996 1516 5051 salutis
1540 4995 1815 5051 valeamus
1836 4997 2167 5068 pertingere.

587 5081 825 5141 Proinde
854 5084 1028 5141 lector
1071 5084 1314 5140 imitetur
1358 5086 1411 5141 in
1460 5085 1556 5142 Dei
1589 5101 1747 5143 servo
1787 5098 2167 5153 constantiam,

537 5190 543 5201 ί
590 5173 647 5212 ἰπὶ
678 5174 896 5212 inﬁrma
923 5173 1242 5212 nolianﬁam
1303 5175 1358 5212 in
1389 5174 1629 5212 nation“:
1678 5175 2142 5212 Innnnninsilalnm

2265 3979 2582 4048 parentibus
2631 3993 2736 4034 non
2783 3979 2980 4050 ignotis
3009 3981 3293 4048 oriundus,
3351 3983 3407 4038 in
3454 3984 3577 4054 ipso
3618 3984 3842 4040 Duritia.

2262 4068 2512 4127 cmnobio
2542 4070 2610 4125 ad
2638 4070 2748 4125 Deo
2776 4071 3125 4131 serviendum
3167 4086 3198 4127 a
3246 4075 3581 4144 parentibus
3622 4086 3705 4130 est
3740 4084 3829 4128 tra-

2263 4161 2429 4225 ditus,
2452 4160 2543 4216 ubi
2588 4162 2667 4218 sic
2694 4161 2747 4219 in
2776 4172 2975 4225 sancta
2994 4163 3413 4220 conversatione
3453 4166 3710 4234 pueritia:
3732 4178 3822 4219 se:

2264 4266 2440 4311 annos
2488 4252 2759 4318 exercuit,
2809 4259 2876 4313 ut.
2917 4253 2986 4308 ab
3030 4252 3357 4322 huiusmodi
3395 4255 3825 4314 delectationibus

2264 4359 2402 4414 quas
2429 4343 2682 4413 amplecti
2726 4342 2903 4399 solent
2948 4344 3103 4413 pueri
3132 4346 3356 4400 omnino
3392 4345 3617 4402 alienus
3644 4346 3821 4402 videm-

2267 4441 2373 4498 tur,
2402 4434 2548 4489 etab
2575 4434 2826 4489 onmibus
2849 4434 2941 4503 qui
2971 4433 3025 4488 in
3055 4433 3159 4495 hoc
3186 4433 3375 4489 eodem
3411 4436 3677 4497 ϐατιδοωο
3699 4440 3825 4491 erat

2268 4525 2498 4596 amplius
2525 4541 2687 4599 quam
2711 4525 2960 4581 coetanei
3006 4525 3090 4580 sui
3138 4525 3477 4604 diligeretur.
3527 4526 3684 4583 Hunc
3706 4540 3825 4581 am-

2254 4619 2399 4673 ~bant
2421 4618 2594 4689 pueri,
2624 4617 2749 4686 quia
2794 4630 2993 4687 pueros
3016 4615 3083 4679 ad
3107 4629 3268 4671 omne
3292 4616 3499 4671 bonum
3538 4616 3820 4671 invitabat:

2267 4708 2412 4770 hunc
2435 4708 2662 4778 juvenes
2689 4708 3001 4778 diligebant,
3030 4708 3166 4777 quia.
3189 4707 3240 4761 in
3272 4721 3341 4764 eo
3371 4708 3543 4763 totius
3569 4703 3833 4777 probitati!

2268 4808 2325 4855 et
2356 4799 2628 4869 patientiae
2647 4798 2894 4870 exempla
2926 4799 3216 4869 capiebant
3255 4816 3271 4850 :
3301 4797 3453 4852 illum
3474 4828 3477 4831 -
3497 4811 3662 4854 senes
3687 4796 3825 4849 uir:-

2269 4893 2491 4957 bantnr,
2518 4891 2647 4962 quia
2677 4905 2800 4947 eum
2832 4889 2972 4949 ultra
3001 4904 3115 4944 sua:
3155 4888 3336 4944 aetatis
3363 4888 3515 4953 vires
3555 4887 3688 4944 uniti
3730 4897 3825 4954 spc-

2270 4983 2612 5040 culahantur.
2687 4982 2827 5051 Quid
2882 4981 3087 5042 ultra!
3114 4980 3199 5036 ita
3246 4982 3315 5037 ab
3353 4980 3613 5036 omnibus
3659 4978 3741 5047 qui
3781 4973 3821 5027 in

2269 5076 2519 5133 ccenobio
2545 5084 2725 5143 erant,
2756 5082 2864 5133 tam
2907 5073 3197 5129 monachis
3221 5087 3386 5143 quam
3420 5071 3576 5129 laicis
3600 5067 3822 5137 diligeb-

2273 5172 2397 5212 εἶπέ
2424 5174 2486 5212 :;:
2512 5165 2671 5212 '31:;13
2699 5166 2751 5212 in
2789 5179 2856 5212 eo
2893 5164 3240 5212 omnimtees
3267 5171 3323 5212 et
3358 5162 3628 5212 mirabilis
3663 5156 3821 5212 madi-
