3960 5320
129 227 170 281 1
187 225 326 283 0‘25
1690 224 1767 282 Vl'

3305 219 3446 282 l896

129 342 378 398 exsilio
425 341 794 397 descenderat.
831 339 971 395 Vere
1025 354 1154 410 puer
1205 339 1462 394 Altissimi
1512 338 1758 405 effectus,
1791 343 1836 400 Α
1863 337 2103 393 claustro
2129 352 2402 410 egressus,
2429 346 2485 394 ct
2511 336 2576 392 ad
2607 335 2882 409 publicum
2907 339 3223 410 productus,
3255 342 3444 398 malt's

132 431 226 487 in
263 444 530 503 quantum
561 445 794 504 poterat,
833 434 1018 489 Jesum
1067 435 1120 488 in
1151 449 1209 489 se
1241 433 1539 488 mirabiletn
1585 441 1766 492 osten-
1870 430 2176 500 exemplum
2205 430 2491 502 probitatis
2523 431 2754 497 futurus,
2787 433 3086 502 custodiam
3134 435 3235 489 sibi
3266 435 3444 503 Spiri-

135 522 366 579 debat.
405 525 537 593 Quis
567 541 800 595 unquam
847 525 939 581 Dei
969 524 1238 580 mirabilia
1287 526 1420 580 satis
1449 524 1650 596 poterit
1675 524 1770 579 ad-
1871 528 1984 575 tum
2019 529 2264 575 sanctum
2293 522 2595 586 constituit,
2627 522 2718 592 qui
2747 539 2870 578 eum
2897 525 2964 579 ab
2993 525 3140 579 omni
3185 527 3448 597 concupi-

137 616 416 671 ntirari?
461 617 604 672 Nihil
649 619 792 674 enim
815 626 898 673 est
941 617 1050 674 Deo
1079 617 1312 680 difficile,
1345 616 1429 671 vel
1461 616 1514 671 in
1557 616 1766 686 paucis,
1871 613 2078 668 scentia
2114 613 2358 671 surculari
2390 617 2682 672 immunem
2711 627 3096 687 extorremque
3130 620 3445 675 custodivit.

139 705 264 759 vel
301 707 359 760 in
398 707 697 778 majoribus
726 707 865 763 sicut
902 708 1166 779 placuerit
1213 706 1469 778 operari;
1498 706 1625 775 quia
1654 707 1769 762 sive
1809 701 1811 703 ’
1871 705 2005 760 Nam
2036 721 2363 776 quocunque
2402 723 2461 762 se
2509 716 2766 774 verteret,
2819 718 2877 762 ut
2907 709 2959 763 in
3000 711 3334 766 monasterio
3364 728 3449 766 suo

142 812 338 866 puer,
365 799 481 853 sive
509 800 562 853 in
603 815 929 871 quacunque
972 809 1160 864 aetate,
1195 814 1418 854 necesse
1445 809 1528 854 est
1555 815 1766 865 omnes,
1870 796 2000 851 litus
2047 805 2184 863 erat,
2227 796 2449 865 jejuniis
2487 806 2541 854 et
2593 801 2958 866 orationibus,
3016 809 3075 854 ut
3131 810 3342 872 tempus
3391 811 3448 858 et

143 890 214 943 si
256 890 498 944 voluerit
539 899 594 945 et
629 890 853 958 ju‘verit,
899 890 950 944 ei
979 891 1203 945 omnino
1252 890 1520 944 famulari.
1546 890 1770 944 Audivi-
1869 885 2002 941 liora
2033 886 2360 954 patiebatur,
2385 885 2642 952 intentus,
2670 904 2830 944 omne
2861 889 3172 960 psaltnodize
3194 906 3442 962 pensum,

145 993 306 1034 ηιιιε
357 988 607 1036 sanctum
659 963 940 1035 Nicolaum
993 981 1058 1032 ad
1129 979 1322 1033 matris
1375 979 1551 1035 adhuc
1603 979 1767 1034 ubera
1871 989 1938 1029 ne
1969 974 2260 1043 aliquando
2289 977 2433 1044 quod
2471 977 2582 1032 Deo
2611 977 2937 1048 promiserat
2987 980 3283 1047 deﬁceret,
3319 982 3448 1035 redo'

149 1069 570 1136 pendentem,
645 1079 841 1138 quarta
913 1078 966 1123 et
1037 1078 1189 1124 sexta
1258 1069 1393 1124 feria
1480 1070 1647 1124 semel
1713 1072 1767 1125 in

147 1158 271 1213 die
335 1175 600 1216 mammas
657 1161 890 1225 bibere,
959 1170 1016 1215 et
1083 1161 1189 1216 hac
1262 1161 1381 1215 vice
1445 1170 1765 1215 contentum

1869 1068 1998 1124 dere
2055 1071 2392 1134 conabatur;
2443 1086 2564 1125 cum
2613 1088 2742 1128 vero
2798 1073 2866 1129 ad
2938 1077 3126 1130 matris
3183 1077 3446 1148 gremium

1869 1160 2086 1228 expleto
2112 1160 2398 1230 diligenter
2426 1177 2691 1231 responso
2718 1165 3014 1231 remeabat,
3049 1167 3449 1236 parvipendens

141 1259 298 1304 tota
352 1253 441 1306 die
496 1266 886 1320 perseverare;
936 1261 990 1306 et
1039 1251 1131 1306 Dei
1185 1266 1351 1321 opera
1418 1253 1769 1307 consideran-
1870 1267 1990 1320 qua:
2017 1250 2152 1306 foris
2184 1253 2411 1316 viderat,
2443 1255 2644 1325 vigiliis
2673 1265 2724 1310 et
2752 1260 3089 1315 orationibus
3133 1248 3188 1316 et
3224 1261 3447 1332 jcjnniis

154 1351 266 1396 tes
315 1358 424 1397 non
475 1359 761 1413 possmnns
791 1345 1110 1399 conticere:
1165 1344 1308 1398 hunc
1369 1359 1498 1398 vero
1539 1360 1766 1414 puerum

151 1437 391 1491 nostris
421 1437 752 1508 temporibus
779 1439 914 1492 adeo
942 1438 1283 1492 benedictum
1318 1436 1477 1491 talem
1506 1452 1564 1491 se
1594 1436 1770 1492 omni-

153 1526 283 1580 bus
308 1527 590 1592 exhibere,
636 1537 694 1582 ut
739 1529 808 1582 ab
835 1527 1086 1582 omnibus
1134 1536 1430 1594 amaretur,
1466 1530 1766 1595 audientes,

145 1635 291 1674 non
323 1621 439 1675 ausi
466 1637 653 1675 sumus
685 1621 776 1675 Dei
823 1621 1090 1676 mirabilia
1124 1638 1228 1675 non
1278 1622 1595 1692 praedicare.
1629 1622 1770 1676 Lau-

1870 1361 2089 1400 carnem
2123 1345 2335 1401 fortiter
2365 1347 2652 1418 afﬂigebat.

1939 1436 1995 1489 4.
2034 1437 2292 1492 Mirandis
2323 1440 2567 1495 miranda
2605 1441 2925 1497 succedunt.
2977 1443 3066 1500 Sic
3097 1447 3453 1504 SiBClllttl'ibltS

1871 1529 2104 1597 negotiis
2131 1529 2328 1594 inerat,
2359 1541 2416 1584 ut
2445 1535 2746 1588 custodiam
2776 1536 2974 1590 mentis
2995 1553 3099 1592 non
3131 1540 3399 1594 amitteret
3429 1558 3447 1595 :

1863 1617 2058 1687 sicque
2087 1618 2311 1688 jejuniis
2353 1631 2408 1674 et
2434 1623 2769 1678 orationibus
2809 1625 3142 1695 invigilabat,
3180 1637 3236 1682 ιιι
3269 1640 3448 1684 tamen

155 1709 376 1764 demus
403 1711 686 1766 Dominum
731 1711 783 1764 in
809 1711 1154 1766 sanctissimo
1184 1711 1426 1776 Nicolao,
1455 1713 1765 1780 magnifice-
1796 1705 1840 1764 Β
1867 1711 2110 1764 ecclesia:
2174 1712 2498 1767 utilitatibus
2565 1729 2953 1786 usquequaque
2997 1719 3343 1775 discurreret.
3389 1722 3449 1777 Si

157 1816 306 1855 mus
333 1802 495 1856 etiam
521 1817 643 1856 cum
679 1803 730 1856 in
757 1803 856 1857 hoc
884 1817 1072 1872 puero,
1102 1811 1210 1856 tam
1245 1803 1566 1858 mirabiliter
1592 1806 1766 1860 sancti

147 1889 422 1960 Spiritus
468 1893 644 1961 gratia
691 1892 896 1960 repleto
938 1908 951 1945 :
1003 1906 1108 1946 non
1155 1900 1334 1945 autem
1386 1891 1534 1946 illum
1581 1902 1768 1946 sancto

159 1983 408 2038 Nicolao
437 1984 700 2038 audemus
742 1985 1098 2054 mqttiparare,
1149 1983 1244 2038 sed
1295 1984 1347 2037 in
1398 1993 1626 2052 utroque
1672 1984 1766 2039 Dei

158 2075 452 2130 mirabilia
480 2076 726 2131 volumus
754 2075 1066 2144 przedicare.
1095 2073 1354 2129 Hirabilis
1384 2075 1526 2128 enim
1551 2075 1691 2130 Deus
1713 2075 1766 2130 in

161 2166 390 2220 sanctis
420 2166 534 2220 suis
561 2164 733 2237 (Prol.
769 2168 974 2234 van),
1013 2174 1068 2220 et
1097 2181 1240 2219 nunc
1283 2179 1522 2234 semper,
1569 2175 1623 2220 et
1670 2177 1768 2236 per

153 2256 396 2310 infinita
427 2257 749 2311 saeculorum
780 2256 999 2311 macula.

252 2350 313 2404 5.
353 2349 581 2404 Fulconi
611 2349 784 2404 abbati
813 2352 1026 2405 chorus.
1058 2350 1423 2404 Exterioribus
1454 2351 1761 2420 prce/icitur.

163 2462 252 2480 εν
293 2440 654 2510 Temporibus
682 2453 862 2496 autem
906 2441 1030 2503 illis,
1073 2441 1278 2512 legibus
1302 2441 1492 2496 mortis
1523 2442 1765 2496 inviden-

167 2532 350 2598 tibus,
399 2533 649 2586 abbatem
681 2531 1012 2586 ltichardnm
1047 2533 1122 2601 (ι)
1165 2531 1328 2586 Fulco
1353 2529 1590 2598 ejusdem
1623 2534 1765 2589 sedis

165 2631 234 2678 et
281 2623 505 2678 honoris
547 2624 777 2678 sortitus
817 2631 902 2677 est
951 2623 1269 2678 hmredinm.
1317 2621 1606 2692 Postquam
1638 2639 1764 2678 vero

167 2714 477 2784 praedictus
516 2726 651 2784 puer
699 2713 1078 2770 adolescentia:
1122 2731 1296 2770 annos
1340 2716 1614 2786 ingressus
1658 2726 1760 2780 est,

165 2824 292 2864 non
317 2809 518 2863 oblitus
562 2822 683 2876 qua:
712 2807 764 2862 in
795 2807 1024 2877 pueritia
1072 2819 1336 2876 gesserat,
1377 2808 1442 2862 ad
1474 2808 1666 2863 altiora
1705 2821 1764 2864 se

163 2901 457 2979 extendit;
481 2908 537 2953 et
566 2901 633 2953 de
668 2901 869 2955 virtute
901 2900 955 2953 in
992 2901 1246 2954 virtutem
1279 2900 1370 2955 Dei
1401 2901 1602 2955 auxilio
1634 2915 1763 2956 con-

165 2991 470 3055 scandens,
513 2991 764 3045 omnibus
800 2991 954 3044 bonis
999 3007 1058 3046 se
1109 2991 1336 3045 formam
1384 2999 1440 3044 et
1486 2991 1762 3060 speculum

169 3085 450 3140 exhibuit.
477 3083 903 3138 Justificationes
942 3082 1152 3137 Domini
1191 3083 1624 3138 adolescentulus
1654 3098 1761 3136 non
1790 3053 1834 3113 θ

167 3176 530 3240 obliviscens,
578 3177 647 3230 ab
684 3175 820 3244 ipso,
846 3184 905 3229 ut
930 3176 1158 3238 viveret,
1190 3175 1518 3230 intellectum
1546 3185 1766 3245 expete-

173 3271 299 3334 bat,
344 3270 435 3339 qui
489 3285 612 3324 cum
667 3278 779 3324 toto
811 3269 1006 3323 ment-is
1036 3267 1228 3322 affectu
1259 3270 1624 3336 quaerentibus
1674 3271 1766 3324 dat

173 3360 488 3426 afﬂuenter,
516 3370 572 3416 et
595 3375 703 3417 non
737 3355 1086 3430 lmpropcrat.
1112 3358 1253 3415 Vere
1275 3361 1490 3429 quidem
1516 3379 1654 3416 unus
1697 3380 1766 3419 ex

175 3455 459 3526 agricolis,
504 3457 701 3524 quibus
731 3456 900 3510 vinea:
945 3455 1236 3510 commissa
1281 3468 1409 3506 cura
1453 3454 1763 3520 Dominicm,

175 3547 276 3615 qui
312 3545 546 3600 fructum
575 3546 800 3600 Domino
843 3561 940 3600 suo
967 3559 1204 3612 congruo
1242 3544 1534 3613 reportavit
1559 3543 1610 3596 in
1637 3554 1770 3598 tem-

175 3653 338 3708 pore,
386 3638 571 3691 talenti
615 3637 778 3692 etiam
825 3635 1098 3691 commissi
1145 3635 1231 3689 die
1284 3643 1550 3703 noctuque
1594 3635 1772 3688 ilices-

181 3739 373 3784 santer
394 3729 664 3783 meditans
695 3729 934 3792 lucrum;
984 3735 1039 3781 et
1074 3726 1215 3780 illius
1245 3725 1432 3778 inertis
1463 3727 1626 3788 servi,
1675 3725 1767 3794 qui

179 3820 387 3875 domini
420 3821 502 3874 sui
534 3821 820 3890 pecuniam
857 3819 1174 3883 abscondit,
1203 3827 1450 3871 metuens
1481 3818 1770 3872 vehemen-

182 3923 272 3967 ter
293 3913 552 3983 elogium,
579 3911 706 3966 felix
730 3927 835 3966 non
859 3911 1154 3966 desistebat
1176 3922 1432 3964 exercere
1456 3909 1766 3978 negotium:

180 4014 456 4076 quatenus
484 4003 706 4058 domino
746 4018 864 4067 suo,
902 4002 1029 4055 dum
1063 4001 1302 4062 veniret,
1352 3999 1766 4068 multiplicatum

181 4107 467 4168 reportare
515 4105 700 4167 posset
733 4095 995 4150 talentum
1037 4092 1253 4163 (Matth.
1286 4107 1400 4155 χχι,
1437 4093 1586 4160 xxv).
1633 4089 1768 4144 Cum

183 4200 374 4246 autem
411 4189 580 4244 abbas
604 4188 704 4243 sub
735 4201 842 4256 quo
885 4185 1132 4256 degebat,
1162 4181 1371 4235 videret
1398 4196 1521 4235 cum
1568 4181 1665 4247 ita,
1711 4189 1773 4235 ut

182 4283 446 4346 diximus,
476 4280 544 4334 ab
571 4278 822 4333 omnibus
855 4273 1138 4338 admirari,
1170 4288 1352 4327 secum
1395 4271 1559 4341 erepit
1582 4280 1639 4326 ut
1682 4285 1770 4326 sa.

1870 1803 2032 1856 dictis
2061 1805 2389 1874 evangelicis
2419 1807 2770 1874 attendimus,
2820 1825 2928 1864 non
2959 1820 3042 1866 est
3088 1813 3394 1868 tnirandmn
3430 1833 3447 1870 :

1867 1897 2117 1966 promisit
2186 1898 2328 1951 enim
2384 1896 2524 1953 Dens
2601 1902 2851 1956 omnibus
2913 1903 2966 1957 in
3025 1918 3147 1958 eum
3207 1907 3451 1962 creditu-

1870 1985 1946 2040 ris
1987 2001 2046 2040 se
2076 1997 2276 2056 prarsto
2306 1987 2653 2055 adfuturum;
2689 1991 2821 2046 dicit
2856 1995 2999 2048 enim
3033 1995 3086 2049 in
3115 1997 3448 2069 EVangelio:

1870 2077 2048 2132 Nolite
2078 2080 2276 2146 timere,
2326 2081 2586 2135 vobiscum
2631 2085 2778 2137 enim
2821 2102 2936 2138 sum
2982 2087 3222 2140 omnibus
3269 2090 3449 2144 diebus

1867 2171 1984 2225 uitta
2007 2180 2202 2226 vestra:
2219 2189 2380 2242 usque
2404 2177 2472 2226 ad
2500 2177 2999 2231 consummationem
3023 2179 3204 2233 strettli
3226 2179 3445 2249 (Much.

1868 2263 2084 2333 xxvm).
2146 2262 2211 2316 Et
2266 2263 2394 2317 alibi
2456 2280 2470 2317 :
2525 2263 2830 2334 Couﬁdite,
2881 2284 2972 2338 ego
3033 2269 3132 2322 vici
3196 2272 3446 2324 uirtutium

1867 2352 2052 2423 (Joan.
2092 2353 2168 2424 x).
2227 2355 2292 2408 Et
2336 2357 2528 2408 iterum
2578 2373 2592 2410 :
2658 2355 2832 2411 Venite
2878 2359 2947 2410 ad
2987 2375 3086 2426 me,
3139 2376 3315 2413 omnes
3357 2361 3447 2432 qui

1863 2445 2116 2500 laboratis
2138 2457 2184 2501 ct
2211 2447 2412 2501 onerati
2432 2451 2575 2512 estis,
2625 2459 2672 2502 et
2719 2467 2811 2518 ego
2862 2450 3093 2518 reﬁciam
3136 2463 3332 2516 vos;et
3368 2454 3449 2507 tti-

1864 2539 1992 2592 scite
2021 2555 2052 2590 α
2085 2554 2166 2594 me
2194 2540 2319 2608 quia
2347 2541 2486 2592 ruitis
2532 2557 2648 2593 sum
2679 2551 2728 2594 et
2759 2541 2972 2594 Immitis
3006 2543 3183 2608 corde,
3227 2555 3275 2597 et
3307 2546 3453 2600 ἔπιε-ι

1863 2631 2018 2685 uictis
2044 2632 2266 2700 requiem
2297 2631 2573 2685 animabus
2603 2634 2805 2686 vestris.
2843 2631 3044 2703 Iugum
3094 2635 3230 2690 enim
3276 2655 3447 2690 meum

1863 2739 2022 2776 suave
2051 2732 2124 2775 est
2151 2732 2198 2774 et
2231 2738 2362 2777 onus
2392 2739 2562 2776 meum
2588 2723 2692 2778 fere
2716 2723 2932 2783 (Matth.
2963 2728 3063 2798 ιι).
3105 2727 3250 2793 Quas
3281 2743 3448 2782 voces

1864 2811 2175 2868 Dominicas
2227 2813 2542 2870 adolescens
2589 2817 2934 2886 supradictus
2985 2817 3312 2887 intelligens,
3355 2818 3449 2872 de-

1863 2918 2020 2963 votus
2045 2908 2336 2979 acquievit,
2363 2918 2417 2963 et
2446 2911 2512 2964 ad
2534 2924 2658 2964 eum
2687 2921 2744 2963 ut
2763 2925 2825 2966 ea
2854 2912 3121 2980 promissa
3152 2899 3449 2981 Compleret

1867 3002 2160 3071 gaudenter
2187 3002 2444 3056 accurrit.
2493 2984 2812 3072 Superbiam
2863 3013 2918 3059 et
2961 3019 3213 3075 pompam
3264 3005 3446 3060 sa'cnli

1865 3094 2086 3149 omnino
2123 3092 2522 3162 derelinquens,
2567 3093 2682 3162 ejus
2718 3110 2776 3150 se
2827 3104 2996 3150 totum
3045 3105 3317 3166 praacepto
3348 3097 3450 3151 htt-

1866 3184 2112 3244 miliavit,
2147 3193 2201 3239 ct
2228 3193 2287 3238 ut
2314 3185 2431 3238 ovis
2458 3196 2793 3251 mansuetus,
2833 3187 3042 3242 Domini
3089 3177 3446 3244 institutioni-

1865 3275 1966 3330 bus
2018 3275 2150 3329 uiliél
2211 3275 2466 3330 haesitans
2510 3279 2879 3348 mancipavit;
2941 3279 3096 3348 cujus
3147 3289 3292 3335 tanta
3346 3281 3451 3337 fuit

1865 3383 1992 3437 erga
2023 3369 2271 3422 abbatem
2300 3367 2590 3434 δυ1›]οαιὶο,
2615 3377 2674 3422 ιιι
2715 3386 2906 3425 omnes
2949 3373 3280 3440 przccelleret
3320 3387 3453 3444 erga

1865 3474 1988 3513 eum
2017 3458 2226 3511 abbatis
2258 3459 2478 3513 dilectio
2513 3477 2526 3512 :
2559 3461 2747 3529 sicque
2774 3462 2901 3515 licet
2927 3462 3121 3532 impar,
3152 3463 3325 3517 honor
3353 3479 3460 3532 par

1869 3557 2048 3602 tamen
2076 3563 2213 3601 onus
2244 3547 2430 3619 [Boll.,
2483 3534 2660 3621 oneri]
2709 3561 2859 3613 erat,
2888 3551 3014 3604 dum
3065 3569 3459 3624 usquequaque

1866 3657 2110 3712 praesens
2161 3651 2349 3707 esset,
2421 3643 2564 3696 sicut
2638 3658 2697 3697 se
2761 3644 2926 3698 habet
2977 3646 3106 3700 illud
3162 3647 3323 3702 ruinis
3349 3645 3458 3702 eri?

1869 3747 2059 3802 genus.

1938 3825 1991 3877 5.
2036 3822 2274 3877 Nimium
2304 3823 2578 3892 fatigatus.
2615 3821 2814 3891 Capitis
2844 3823 3074 3879 dolorem
3112 3825 3350 3878 incurrit.
3380 3852 3452 3864 --

1870 3919 1937 3974 Et
1972 3918 2099 3988 quia
2139 3917 2288 3972 locus
2318 3925 2436 3971 erat
2458 3915 2852 3985 aliquantulum
2882 3916 3194 3978 destitutus,
3225 3914 3454 3984 penuria

1871 4017 2174 4079 temporum
2211 4007 2288 4078 (ἃ)
2332 4017 2387 4062 et
2419 4016 2734 4078 tempestate
2768 4005 3054 4071 bellorum,
3089 4007 3252 4074 (ωρίι
3286 4006 3452 4060 abbas

1869 4101 2125 4157 omnibus
2152 4101 2300 4155 horis
2333 4100 2482 4154 omni
2512 4097 2725 4169 ingenio
2755 4099 2958 4152 instare
2985 4099 3054 4151 ad
3081 4097 3455 4152 relevandum.

1871 4194 1990 4250 Non
2013 4208 2146 4259 nox,
2173 4203 2267 4248 aut
2289 4203 2453 4247 asstus
2477 4191 2606 4251 diei.
2631 4198 2724 4244 aut
2745 4189 2880 4244 hora
2898 4189 3090 4244 edendi
3120 4196 3214 4241 aut
3233 4186 3450 4241 bibendi

1872 4287 2252 4342 remorabatur
2277 4300 2374 4340 eos
2403 4285 2472 4338 ab
2503 4282 2739 4337 utilitate
2775 4281 2902 4347 loci,
2934 4276 3250 4333 tnutata'est
3274 4279 3456 4360 omnis

181 4375 343 4446 piens
368 4371 645 4436 meditari,
687 4370 813 4438 quia
844 4368 896 4421 in
943 4381 1009 4421 eo
1052 4366 1097 4419 si
1135 4365 1340 4420 viveret
1366 4405 1380 4430 ,
1411 4364 1535 4419 boni
1566 4363 1767 4433 aliquid

1872 4381 2102 4450 pristina
2132 4377 2490 4438 consuetudo,
2516 4374 2805 4444 aliquando
2832 4373 3022 4428 horam
3051 4370 3449 4443 przeveniemfo,

183 4474 511 4531 excusaret;
543 4472 600 4518 et
633 4463 822 4527 Deum,
867 4459 1022 4528 cujus
1051 4458 1268 4513 videbat
1309 4456 1449 4526 quod
1497 4464 1620 4511 erat
1669 4456 1768 4511 do-

179 4577 340 4626 num,
371 4560 566 4614 devote
591 4555 871 4626 deprecari
896 4596 911 4619 ,
947 4562 1007 4609 ut
1033 4561 1447 4609 conservaretur
1473 4559 1528 4604 et
1568 4548 1622 4602 in
1654 4561 1770 4602 me-

183 4652 289 4708 lius
340 4648 657 4720 proficeret.
721 4645 964 4714 Denique
1019 4657 1142 4697 eum
1198 4642 1265 4695 ad
1336 4655 1394 4695 se
1469 4638 1765 4702 asciscens,

183 4739 586 4809 famulatuique
624 4750 724 4792 suo
747 4744 811 4790 ut
842 4735 1166 4790 monachum
1200 4731 1476 4792 addicens,
1505 4729 1669 4796 erepit
1713 4736 1773 4782 ιιι

183 4832 376 4889 solitus
407 4816 530 4884 erat
556 4841 888 4897 quocunque
913 4841 1013 4896 pro
1057 4823 1304 4879 ecclesia!
1335 4836 1448 4880 snas
1498 4819 1773 4889 responsis

182 4922 558 4980 necessarium
599 4918 835 4974 habebat
869 4930 1211 4987 percurrere,
1245 4929 1371 4972 eum
1404 4912 1508 4969 sibi
1559 4913 1772 4981 adjuto-

178 5034 316 5083 mm,
352 5024 410 5072 et
437 5016 492 5069 in
531 5011 733 5083 quibus
771 5018 984 5082 poterat
1013 5007 1294 5078 providum
1329 5003 1768 5069 consiliatorem,

179 5111 476 5167 deducere.
549 5103 720 5159 Bonie
779 5101 976 5158 indolis
1044 5097 1356 5156 adolescens
1415 5095 1771 5162 corporaliter

247 5289 325 5320 ιιι
367 5281 708 5320 mutuum"...
733 5279 892 5320 tum»
939 5276 1070 5320 aliam.
1096 5272 1260 5320 ΐοιῑρίς
1285 5270 1573 5320 memorim.
1597 5269 1764 5320 abba-

1872 4469 2168 4540 aliquando
2183 4468 2452 4540 jejunium
2477 4465 2814 4535 protelando‘,
2831 4463 3119 4534 aliquando
3138 4463 3255 4532 plus
3272 4461 3454 4523 solita,"

1872 4560 2165 4630 aliquando
2203 4558 2382 4613 minus
2413 4556 2698 4621 sumendo,
2727 4565 2782 4610 et
2813 4555 3033 4623 insuper
3059 4561 3306 4607 naturam
3335 4551 3457 4603 dor-

1873 4650 2074 4705 miendi
2119 4647 2458 4717 inmqualiter
2501 4643 2949 4715 transgrediendo
2995 4659 3009 4695 :
3061 4641 3204 4710 quod
3254 4655 3459 4709 nequa-

1873 4755 2037 4813 quam
2069 4739 2186 4794 fieri
2217 4737 2391 4808 potuit
2420 4736 2538 4790 sine
2564 4735 2712 4804 gravi
2742 4732 3003 4802 periculo.
3039 4731 3151 4786 Ilac
3177 4744 3305 4798 ergo
3334 4745 3457 4782 mu-

1877 4832 2084 4888 tatione
2105 4843 2335 4900 uterque
2358 4843 2608 4896 magnam
2631 4823 3003 4881 inﬁrmitatem
3027 4822 3338 4884 incurrere;
3363 4817 3463 4874 sed

1878 4923 2140 4992 majorem
2158 4920 2410 4990 juvenis,
2439 4918 2566 4989 quia
2612 4915 2952 4972 immaturior
2981 4921 3103 4968 erat
3132 4913 3374 4968 moribus
3411 4917 3468 4964 ct

1875 5024 2057 5072 aetate.
2095 5014 2282 5071 Talem
2311 5011 2454 5065 enim
2491 5016 2546 5062 et
2572 5017 2779 5062 tantam
2803 5004 3185 5059 infirmitatem
3213 4999 3476 5060 incurrit,

1874 5104 2095 5178 qualem
2117 5115 2172 5163 et
2191 5111 2450 5176 quantam
2476 5098 2657 5154 nullus
2671 5095 2948 5152 hominum
2972 5093 3252 5162 explicare
3273 5087 3487 5157 possit,

1872 5263 2009 5320 Enn:
2039 5263 2193 5320 :aalti
2239 5259 2306 5314 ad
2333 5269 2533 5312 annum
2575 5253 2713 5310 1097
2740 5247 3056 5320 pervenisse
3081 5234 3488 5320 ρυιειςιιιι-ιξνεάι
