  <div class='ocr_page' id='page_1' title='image "/cluster/home/n/w/nwhite01/storage/ocr_20150623/147/hvd.32044010574002/519.png"; bbox 0 0 3960 5320; ppageno 0'>
   <div class='ocr_carea' id='block_1_1' title="bbox 555 198 697 258">
    <p class='ocr_par' dir='ltr' id='par_1_1' title="bbox 555 198 697 258">
     <span class='ocr_line' id='line_1_1' title="bbox 555 198 697 258; baseline 0.021 -3"><span class='ocrx_word' id='word_1_1' title='bbox 555 198 697 258; x_wconf 64' lang='grc' dir='ltr'><strong>ίῦῒι</strong></span> 
     </span>
    </p>
   </div>
   <div class='ocr_carea' id='block_1_2' title="bbox 1519 209 2856 300">
    <p class='ocr_par' dir='ltr' id='par_1_2' title="bbox 1519 209 2856 300">
     <span class='ocr_line' id='line_1_2' title="bbox 1519 209 2856 300; baseline 0.013 -36"><span class='ocrx_word' id='word_1_2' title='bbox 1519 209 1575 264; x_wconf 89' lang='lat' dir='ltr'><strong>S.</strong></span> <span class='ocrx_word' id='word_1_3' title='bbox 1627 209 1930 268; x_wconf 77' lang='lat' dir='ltr'><strong>GERALDI</strong></span> <span class='ocrx_word' id='word_1_4' title='bbox 1970 213 2263 300; x_wconf 73' lang='lat' dir='ltr'><strong>ABBATIS</strong></span> <span class='ocrx_word' id='word_1_5' title='bbox 2293 217 2856 282; x_wconf 54' lang='lat' dir='ltr'><strong>SliA’xE-MAJORIS</strong></span> 
     </span>
    </p>
   </div>
   <div class='ocr_carea' id='block_1_3' title="bbox 3714 239 3831 296">
    <p class='ocr_par' dir='ltr' id='par_1_3' title="bbox 3714 239 3831 296">
     <span class='ocr_line' id='line_1_3' title="bbox 3714 239 3831 296; baseline 0.017 -1"><span class='ocrx_word' id='word_1_6' title='bbox 3714 239 3831 296; x_wconf 58' lang='grc' dir='ltr'><strong>ΜΞ</strong></span> 
     </span>
    </p>
   </div>
   <div class='ocr_carea' id='block_1_4' title="bbox 555 315 3829 425">
    <p class='ocr_par' dir='ltr' id='par_1_4' title="bbox 555 315 3829 425">
     <span class='ocr_line' id='line_1_4' title="bbox 555 315 3829 425; baseline 0.012 -53"><span class='ocrx_word' id='word_1_7' title='bbox 555 331 664 372; x_wconf 89' lang='lat' dir='ltr'><strong>non</strong></span> <span class='ocrx_word' id='word_1_8' title='bbox 693 315 896 389; x_wconf 78' lang='lat' dir='ltr'><strong>lingua,</strong></span> <span class='ocrx_word' id='word_1_9' title='bbox 930 332 1037 375; x_wconf 88' lang='lat' dir='ltr'><strong>non</strong></span> <span class='ocrx_word' id='word_1_10' title='bbox 1077 319 1312 392; x_wconf 87' lang='lat' dir='ltr'><strong>scripto,</strong></span> <span class='ocrx_word' id='word_1_11' title='bbox 1345 337 1449 379; x_wconf 91' lang='lat' dir='ltr'><strong>non</strong></span> <span class='ocrx_word' id='word_1_12' title='bbox 1485 322 1716 394; x_wconf 79' lang='lat' dir='ltr'><strong>alicujus</strong></span> <span class='ocrx_word' id='word_1_13' title='bbox 1748 327 2138 385; x_wconf 83' lang='lat' dir='ltr'><strong>tractitationis</strong></span> <span class='ocrx_word' id='word_1_14' title='bbox 2168 335 2213 394; x_wconf 80' lang='grc' dir='ltr'><strong>Α</strong></span> <span class='ocrx_word' id='word_1_15' title='bbox 2245 331 2413 388; x_wconf 89' lang='lat' dir='ltr'><strong>Deum</strong></span> <span class='ocrx_word' id='word_1_16' title='bbox 2456 338 2651 406; x_wconf 77' lang='lat' dir='ltr'><strong>quaerit</strong></span> <span class='ocrx_word' id='word_1_17' title='bbox 2703 340 2969 396; x_wconf 80' lang='lat' dir='ltr'><strong>medi-cum</strong></span> <span class='ocrx_word' id='word_1_18' title='bbox 3017 342 3354 405; x_wconf 87' lang='lat' dir='ltr'><strong>inﬁrmitatis</strong></span> <span class='ocrx_word' id='word_1_19' title='bbox 3409 364 3542 407; x_wconf 68' lang='lat' dir='ltr'><strong>sure.</strong></span> <span class='ocrx_word' id='word_1_20' title='bbox 3594 351 3829 425; x_wconf 77' lang='lat' dir='ltr'><strong>Deniqu</strong></span> 
     </span>
    </p>
   </div>
   <div class='ocr_carea' id='block_1_5' title="bbox 555 405 2151 486">
    <p class='ocr_par' dir='ltr' id='par_1_5' title="bbox 555 405 2151 486">
     <span class='ocr_line' id='line_1_5' title="bbox 555 405 2151 486; baseline 0.008 -22"><span class='ocrx_word' id='word_1_21' title='bbox 555 405 753 479; x_wconf 76' lang='lat' dir='ltr'><strong>[Bolt.,</strong></span> <span class='ocrx_word' id='word_1_22' title='bbox 793 411 1156 486; x_wconf 71' lang='lat' dir='ltr'><strong>tractationis]</strong></span> <span class='ocrx_word' id='word_1_23' title='bbox 1201 415 1382 472; x_wconf 88' lang='lat' dir='ltr'><strong>modo.</strong></span> <span class='ocrx_word' id='word_1_24' title='bbox 1437 413 1628 472; x_wconf 79' lang='lat' dir='ltr'><strong>Modus</strong></span> <span class='ocrx_word' id='word_1_25' title='bbox 1665 419 1812 472; x_wconf 89' lang='lat' dir='ltr'><strong>enim</strong></span> <span class='ocrx_word' id='word_1_26' title='bbox 1870 433 1976 476; x_wconf 89' lang='lat' dir='ltr'><strong>non</strong></span> <span class='ocrx_word' id='word_1_27' title='bbox 2033 429 2151 476; x_wconf 88' lang='lat' dir='ltr'><strong>erat</strong></span> 
     </span>
    </p>
   </div>
   <div class='ocr_carea' id='block_1_6' title="bbox 553 497 2147 580">
    <p class='ocr_par' dir='ltr' id='par_1_6' title="bbox 553 497 2147 580">
     <span class='ocr_line' id='line_1_6' title="bbox 553 497 2147 580; baseline 0.01 -26"><span class='ocrx_word' id='word_1_28' title='bbox 553 497 757 568; x_wconf 81' lang='lat' dir='ltr'><strong>aliquis</strong></span> <span class='ocrx_word' id='word_1_29' title='bbox 795 500 1161 570; x_wconf 90' lang='lat' dir='ltr'><strong>inﬁrmitatis,</strong></span> <span class='ocrx_word' id='word_1_30' title='bbox 1201 519 1364 576; x_wconf 84' lang='lat' dir='ltr'><strong>quem</strong></span> <span class='ocrx_word' id='word_1_31' title='bbox 1403 505 1548 565; x_wconf 82' lang='lat' dir='ltr'><strong>ferre</strong></span> <span class='ocrx_word' id='word_1_32' title='bbox 1589 510 1871 580; x_wconf 81' lang='lat' dir='ltr'><strong>nequiret,</strong></span> <span class='ocrx_word' id='word_1_33' title='bbox 1911 512 2014 568; x_wconf 89' lang='lat' dir='ltr'><strong>nisi</strong></span> <span class='ocrx_word' id='word_1_34' title='bbox 2053 513 2147 570; x_wconf 84' lang='lat' dir='ltr'><strong>Dei</strong></span> 
     </span>
    </p>
   </div>
   <div class='ocr_carea' id='block_1_7' title="bbox 552 587 2150 669">
    <p class='ocr_par' dir='ltr' id='par_1_7' title="bbox 552 587 2150 669">
     <span class='ocr_line' id='line_1_7' title="bbox 552 587 2150 669; baseline 0.01 -27"><span class='ocrx_word' id='word_1_35' title='bbox 552 587 848 646; x_wconf 89' lang='lat' dir='ltr'><strong>clementia</strong></span> <span class='ocrx_word' id='word_1_36' title='bbox 887 589 1211 667; x_wconf 79' lang='lat' dir='ltr'><strong>[sustentus]</strong></span> <span class='ocrx_word' id='word_1_37' title='bbox 1246 597 1554 652; x_wconf 78' lang='lat' dir='ltr'><strong>mortalium</strong></span> <span class='ocrx_word' id='word_1_38' title='bbox 1587 598 1803 669; x_wconf 85' lang='lat' dir='ltr'><strong>aliquis.</strong></span> <span class='ocrx_word' id='word_1_39' title='bbox 1840 599 2150 658; x_wconf 79' lang='lat' dir='ltr'><strong>[labebatur</strong></span> 
     </span>
    </p>
   </div>
   <div class='ocr_carea' id='block_1_8' title="bbox 551 683 2147 772">
    <p class='ocr_par' dir='ltr' id='par_1_8' title="bbox 551 683 2147 772">
     <span class='ocr_line' id='line_1_8' title="bbox 551 683 2147 772; baseline 0.009 -36"><span class='ocrx_word' id='word_1_40' title='bbox 551 692 739 738; x_wconf 88' lang='lat' dir='ltr'><strong>autem</strong></span> <span class='ocrx_word' id='word_1_41' title='bbox 775 683 827 738; x_wconf 93' lang='lat' dir='ltr'><strong>in</strong></span> <span class='ocrx_word' id='word_1_42' title='bbox 863 685 1073 755; x_wconf 84' lang='lat' dir='ltr'><strong>capite,</strong></span> <span class='ocrx_word' id='word_1_43' title='bbox 1107 689 1197 757; x_wconf 86' lang='lat' dir='ltr'><strong>qui</strong></span> <span class='ocrx_word' id='word_1_44' title='bbox 1227 687 1381 745; x_wconf 91' lang='lat' dir='ltr'><strong>locus</strong></span> <span class='ocrx_word' id='word_1_45' title='bbox 1409 697 1628 759; x_wconf 71' lang='lat' dir='ltr'><strong>quantm</strong></span> <span class='ocrx_word' id='word_1_46' title='bbox 1655 691 1943 772; x_wconf 76' lang='lat' dir='ltr'><strong>gravitatis</strong></span> <span class='ocrx_word' id='word_1_47' title='bbox 1971 695 2064 761; x_wconf 90' lang='lat' dir='ltr'><strong>sit,</strong></span> <span class='ocrx_word' id='word_1_48' title='bbox 2094 696 2147 751; x_wconf 89' lang='lat' dir='ltr'><strong>in</strong></span> 
     </span>
    </p>
   </div>
   <div class='ocr_carea' id='block_1_9' title="bbox 551 769 2144 852">
    <p class='ocr_par' dir='ltr' id='par_1_9' title="bbox 551 769 2144 852">
     <span class='ocr_line' id='line_1_9' title="bbox 551 769 2144 852; baseline 0.01 -26"><span class='ocrx_word' id='word_1_49' title='bbox 551 769 663 828; x_wconf 84' lang='lat' dir='ltr'><strong>hoc</strong></span> <span class='ocrx_word' id='word_1_50' title='bbox 698 783 922 844; x_wconf 90' lang='lat' dir='ltr'><strong>apparet</strong></span> <span class='ocrx_word' id='word_1_51' title='bbox 959 777 1106 846; x_wconf 86' lang='lat' dir='ltr'><strong>quod</strong></span> <span class='ocrx_word' id='word_1_52' title='bbox 1141 791 1204 834; x_wconf 90' lang='lat' dir='ltr'><strong>ea</strong></span> <span class='ocrx_word' id='word_1_53' title='bbox 1239 795 1365 850; x_wconf 90' lang='lat' dir='ltr'><strong>pars</strong></span> <span class='ocrx_word' id='word_1_54' title='bbox 1388 782 1636 852; x_wconf 89' lang='lat' dir='ltr'><strong>corporis</strong></span> <span class='ocrx_word' id='word_1_55' title='bbox 1669 769 2144 842; x_wconf 34' lang='lat' dir='ltr'><strong>cmtera&#39;membra</strong></span> 
     </span>
    </p>
   </div>
   <div class='ocr_carea' id='block_1_10' title="bbox 554 862 2147 946">
    <p class='ocr_par' dir='ltr' id='par_1_10' title="bbox 554 862 2147 946">
     <span class='ocr_line' id='line_1_10' title="bbox 554 862 2147 946; baseline 0.009 -26"><span class='ocrx_word' id='word_1_56' title='bbox 554 862 694 920; x_wconf 82' lang='lat' dir='ltr'><strong>solet</strong></span> <span class='ocrx_word' id='word_1_57' title='bbox 743 867 1016 937; x_wconf 82' lang='lat' dir='ltr'><strong>dirigere;</strong></span> <span class='ocrx_word' id='word_1_58' title='bbox 1072 885 1172 926; x_wconf 90' lang='lat' dir='ltr'><strong>nec</strong></span> <span class='ocrx_word' id='word_1_59' title='bbox 1216 880 1303 927; x_wconf 91' lang='lat' dir='ltr'><strong>est</strong></span> <span class='ocrx_word' id='word_1_60' title='bbox 1361 873 1544 944; x_wconf 90' lang='lat' dir='ltr'><strong>aliqua</strong></span> <span class='ocrx_word' id='word_1_61' title='bbox 1599 874 1762 946; x_wconf 82' lang='lat' dir='ltr'><strong>hujus</strong></span> <span class='ocrx_word' id='word_1_62' title='bbox 1812 875 2147 936; x_wconf 85' lang='lat' dir='ltr'><strong>inﬁrmitatis</strong></span> 
     </span>
    </p>
   </div>
   <div class='ocr_carea' id='block_1_11' title="bbox 551 958 2149 1039">
    <p class='ocr_par' dir='ltr' id='par_1_11' title="bbox 551 958 2149 1039">
     <span class='ocr_line' id='line_1_11' title="bbox 551 958 2149 1039; baseline 0.011 -30"><span class='ocrx_word' id='word_1_63' title='bbox 551 958 916 1027; x_wconf 90' lang='lat' dir='ltr'><strong>comparatio,</strong></span> <span class='ocrx_word' id='word_1_64' title='bbox 948 960 1034 1016; x_wconf 89' lang='lat' dir='ltr'><strong>ubi</strong></span> <span class='ocrx_word' id='word_1_65' title='bbox 1068 961 1346 1030; x_wconf 80' lang='lat' dir='ltr'><strong>videlicet,</strong></span> <span class='ocrx_word' id='word_1_66' title='bbox 1371 964 1416 1020; x_wconf 92' lang='lat' dir='ltr'><strong>si</strong></span> <span class='ocrx_word' id='word_1_67' title='bbox 1449 963 1565 1021; x_wconf 87' lang='lat' dir='ltr'><strong>ﬁeri</strong></span> <span class='ocrx_word' id='word_1_68' title='bbox 1588 975 1793 1036; x_wconf 85' lang='lat' dir='ltr'><strong>posset,</strong></span> <span class='ocrx_word' id='word_1_69' title='bbox 1823 969 2149 1039; x_wconf 87' lang='lat' dir='ltr'><strong>decapitatio</strong></span> 
     </span>
    </p>
   </div>
   <div class='ocr_carea' id='block_1_12' title="bbox 551 1048 2147 1134">
    <p class='ocr_par' dir='ltr' id='par_1_12' title="bbox 551 1048 2147 1134">
     <span class='ocr_line' id='line_1_12' title="bbox 551 1048 2147 1134; baseline 0.013 -33"><span class='ocrx_word' id='word_1_70' title='bbox 551 1048 716 1103; x_wconf 87' lang='lat' dir='ltr'><strong>unica</strong></span> <span class='ocrx_word' id='word_1_71' title='bbox 755 1049 1036 1108; x_wconf 78' lang='lat' dir='ltr'><strong>videretur</strong></span> <span class='ocrx_word' id='word_1_72' title='bbox 1064 1053 1270 1115; x_wconf 83' lang='lat' dir='ltr'><strong>doloris</strong></span> <span class='ocrx_word' id='word_1_73' title='bbox 1297 1057 1571 1115; x_wconf 88' lang='lat' dir='ltr'><strong>remissio.</strong></span> <span class='ocrx_word' id='word_1_74' title='bbox 1608 1060 1652 1114; x_wconf 79' lang='grc' dir='ltr'>Α</span> <span class='ocrx_word' id='word_1_75' title='bbox 1689 1071 1874 1116; x_wconf 91' lang='lat' dir='ltr'><strong>mento</strong></span> <span class='ocrx_word' id='word_1_76' title='bbox 1912 1063 2147 1134; x_wconf 82' lang='lat' dir='ltr'><strong>denique</strong></span> 
     </span>
    </p>
   </div>
   <div class='ocr_carea' id='block_1_13' title="bbox 552 1143 2143 1223">
    <p class='ocr_par' dir='ltr' id='par_1_13' title="bbox 552 1143 2143 1223">
     <span class='ocr_line' id='line_1_13' title="bbox 552 1143 2143 1223; baseline 0.012 -31"><span class='ocrx_word' id='word_1_77' title='bbox 552 1154 728 1211; x_wconf 84' lang='lat' dir='ltr'><strong>usque</strong></span> <span class='ocrx_word' id='word_1_78' title='bbox 771 1143 838 1197; x_wconf 90' lang='lat' dir='ltr'><strong>ad</strong></span> <span class='ocrx_word' id='word_1_79' title='bbox 870 1145 1126 1202; x_wconf 86' lang='lat' dir='ltr'><strong>verticem</strong></span> <span class='ocrx_word' id='word_1_80' title='bbox 1159 1165 1267 1204; x_wconf 91' lang='lat' dir='ltr'><strong>non</strong></span> <span class='ocrx_word' id='word_1_81' title='bbox 1302 1149 1452 1215; x_wconf 87' lang='lat' dir='ltr'><strong>ferri,</strong></span> <span class='ocrx_word' id='word_1_82' title='bbox 1481 1151 1576 1208; x_wconf 91' lang='lat' dir='ltr'><strong>sed</strong></span> <span class='ocrx_word' id='word_1_83' title='bbox 1609 1167 1728 1223; x_wconf 84' lang='lat' dir='ltr'><strong>quae</strong></span> <span class='ocrx_word' id='word_1_84' title='bbox 1754 1153 1971 1223; x_wconf 78' lang='lat' dir='ltr'><strong>gravior</strong></span> <span class='ocrx_word' id='word_1_85' title='bbox 2005 1165 2143 1221; x_wconf 83' lang='lat' dir='ltr'><strong>erat,</strong></span> 
     </span>
    </p>
   </div>
   <div class='ocr_carea' id='block_1_14' title="bbox 553 1227 2143 1314">
    <p class='ocr_par' dir='ltr' id='par_1_14' title="bbox 553 1227 2143 1314">
     <span class='ocr_line' id='line_1_14' title="bbox 553 1227 2143 1314; baseline 0.013 -31"><span class='ocrx_word' id='word_1_86' title='bbox 553 1227 890 1289; x_wconf 90' lang='lat' dir='ltr'><strong>inlirmitatis</strong></span> <span class='ocrx_word' id='word_1_87' title='bbox 940 1234 1140 1307; x_wconf 82' lang='lat' dir='ltr'><strong>ligatus</strong></span> <span class='ocrx_word' id='word_1_88' title='bbox 1187 1238 1450 1310; x_wconf 85' lang='lat' dir='ltr'><strong>vallagia,</strong></span> <span class='ocrx_word' id='word_1_89' title='bbox 1510 1257 1778 1312; x_wconf 83' lang='lat' dir='ltr'><strong>nusquam</strong></span> <span class='ocrx_word' id='word_1_90' title='bbox 1830 1254 1992 1314; x_wconf 90' lang='lat' dir='ltr'><strong>caput</strong></span> <span class='ocrx_word' id='word_1_91' title='bbox 2040 1248 2143 1304; x_wconf 86' lang='lat' dir='ltr'><strong>nisi</strong></span> 
     </span>
    </p>
   </div>
   <div class='ocr_carea' id='block_1_15' title="bbox 553 1326 2141 1397">
    <p class='ocr_par' dir='ltr' id='par_1_15' title="bbox 553 1326 2141 1397">
     <span class='ocr_line' id='line_1_15' title="bbox 553 1326 2141 1397; baseline 0.009 -19"><span class='ocrx_word' id='word_1_92' title='bbox 553 1337 677 1379; x_wconf 85' lang='lat' dir='ltr'><strong>cum</strong></span> <span class='ocrx_word' id='word_1_93' title='bbox 721 1326 890 1382; x_wconf 82' lang='lat' dir='ltr'><strong>totius</strong></span> <span class='ocrx_word' id='word_1_94' title='bbox 935 1329 1181 1397; x_wconf 89' lang='lat' dir='ltr'><strong>corporis</strong></span> <span class='ocrx_word' id='word_1_95' title='bbox 1213 1330 1572 1388; x_wconf 89' lang='lat' dir='ltr'><strong>circumferre</strong></span> <span class='ocrx_word' id='word_1_96' title='bbox 1613 1333 1828 1390; x_wconf 85' lang='lat' dir='ltr'><strong>valebat</strong></span> <span class='ocrx_word' id='word_1_97' title='bbox 1871 1337 2141 1393; x_wconf 83' lang='lat' dir='ltr'><strong>machina.</strong></span> 
     </span>
    </p>
   </div>
   <div class='ocr_carea' id='block_1_16' title="bbox 553 1414 2142 1499">
    <p class='ocr_par' dir='ltr' id='par_1_16' title="bbox 553 1414 2142 1499">
     <span class='ocr_line' id='line_1_16' title="bbox 553 1414 2142 1499; baseline 0.01 -31"><span class='ocrx_word' id='word_1_98' title='bbox 553 1414 756 1470; x_wconf 86' lang='lat' dir='ltr'><strong>Omnes</strong></span> <span class='ocrx_word' id='word_1_99' title='bbox 783 1416 1150 1474; x_wconf 74' lang='lat' dir='ltr'><strong>adamantina:</strong></span> <span class='ocrx_word' id='word_1_100' title='bbox 1196 1434 1346 1475; x_wconf 73' lang='lat' dir='ltr'><strong>vena:</strong></span> <span class='ocrx_word' id='word_1_101' title='bbox 1387 1422 1580 1492; x_wconf 67' lang='lat' dir='ltr'><strong>capitis</strong></span> <span class='ocrx_word' id='word_1_102' title='bbox 1621 1425 1947 1494; x_wconf 88' lang='lat' dir='ltr'><strong>torquebant</strong></span> <span class='ocrx_word' id='word_1_103' title='bbox 1985 1428 2142 1499; x_wconf 90' lang='lat' dir='ltr'><strong>juve-</strong></span> 
     </span>
    </p>
   </div>
   <div class='ocr_carea' id='block_1_17' title="bbox 553 1505 2146 1584">
    <p class='ocr_par' dir='ltr' id='par_1_17' title="bbox 553 1505 2146 1584">
     <span class='ocr_line' id='line_1_17' title="bbox 553 1505 2146 1584; baseline 0.011 -26"><span class='ocrx_word' id='word_1_104' title='bbox 553 1518 679 1558; x_wconf 89' lang='lat' dir='ltr'><strong>nem</strong></span> <span class='ocrx_word' id='word_1_105' title='bbox 702 1505 820 1560; x_wconf 86' lang='lat' dir='ltr'><strong>sine</strong></span> <span class='ocrx_word' id='word_1_106' title='bbox 842 1505 1273 1575; x_wconf 87' lang='lat' dir='ltr'><strong>intermissione,</strong></span> <span class='ocrx_word' id='word_1_107' title='bbox 1292 1510 1438 1566; x_wconf 87' lang='lat' dir='ltr'><strong>nulla</strong></span> <span class='ocrx_word' id='word_1_108' title='bbox 1463 1512 1668 1568; x_wconf 90' lang='lat' dir='ltr'><strong>doloris</strong></span> <span class='ocrx_word' id='word_1_109' title='bbox 1697 1516 1935 1584; x_wconf 84' lang='lat' dir='ltr'><strong>requies,</strong></span> <span class='ocrx_word' id='word_1_110' title='bbox 1954 1531 2146 1575; x_wconf 90' lang='lat' dir='ltr'><strong>omnes</strong></span> 
     </span>
    </p>
   </div>
   <div class='ocr_carea' id='block_1_18' title="bbox 553 1596 2141 1677">
    <p class='ocr_par' dir='ltr' id='par_1_18' title="bbox 553 1596 2141 1677">
     <span class='ocr_line' id='line_1_18' title="bbox 553 1596 2141 1677; baseline 0.008 -25"><span class='ocrx_word' id='word_1_111' title='bbox 553 1596 702 1652; x_wconf 77' lang='lat' dir='ltr'><strong>hora:</strong></span> <span class='ocrx_word' id='word_1_112' title='bbox 731 1597 838 1652; x_wconf 88' lang='lat' dir='ltr'><strong>diei</strong></span> <span class='ocrx_word' id='word_1_113' title='bbox 887 1599 1217 1670; x_wconf 65' lang='lat' dir='ltr'><strong>inaequales;</strong></span> <span class='ocrx_word' id='word_1_114' title='bbox 1271 1617 1434 1660; x_wconf 88' lang='lat' dir='ltr'><strong>omne</strong></span> <span class='ocrx_word' id='word_1_115' title='bbox 1483 1613 1694 1675; x_wconf 88' lang='lat' dir='ltr'><strong>tempus</strong></span> <span class='ocrx_word' id='word_1_116' title='bbox 1737 1606 2141 1677; x_wconf 88' lang='lat' dir='ltr'><strong>importunum,</strong></span> 
     </span>
    </p>
   </div>
   <div class='ocr_carea' id='block_1_19' title="bbox 2254 424 3832 514">
    <p class='ocr_par' dir='ltr' id='par_1_19' title="bbox 2254 424 3832 514">
     <span class='ocr_line' id='line_1_19' title="bbox 2254 424 3832 514; baseline 0.015 -38"><span class='ocrx_word' id='word_1_117' title='bbox 2254 424 2482 494; x_wconf 78' lang='lat' dir='ltr'><strong>prmfato</strong></span> <span class='ocrx_word' id='word_1_118' title='bbox 2517 431 2784 486; x_wconf 87' lang='lat' dir='ltr'><strong>servitore</strong></span> <span class='ocrx_word' id='word_1_119' title='bbox 2828 448 2926 488; x_wconf 90' lang='lat' dir='ltr'><strong>suo</strong></span> <span class='ocrx_word' id='word_1_120' title='bbox 2972 443 3181 493; x_wconf 87' lang='lat' dir='ltr'><strong>tantum</strong></span> <span class='ocrx_word' id='word_1_121' title='bbox 3226 441 3483 507; x_wconf 81' lang='lat' dir='ltr'><strong>conscio,</strong></span> <span class='ocrx_word' id='word_1_122' title='bbox 3535 424 3832 514; x_wconf 66' lang='lat' dir='ltr'><strong>ubieunqm</strong></span> 
     </span>
    </p>
   </div>
   <div class='ocr_carea' id='block_1_20' title="bbox 2253 509 3833 593">
    <p class='ocr_par' dir='ltr' id='par_1_20' title="bbox 2253 509 3833 593">
     <span class='ocr_line' id='line_1_20' title="bbox 2253 509 3833 593; baseline 0.015 -31"><span class='ocrx_word' id='word_1_123' title='bbox 2253 509 2414 576; x_wconf 87' lang='lat' dir='ltr'><strong>valet,</strong></span> <span class='ocrx_word' id='word_1_124' title='bbox 2454 521 2510 567; x_wconf 92' lang='lat' dir='ltr'><strong>et</strong></span> <span class='ocrx_word' id='word_1_125' title='bbox 2530 528 2865 586; x_wconf 64' lang='lat' dir='ltr'><strong>quaecunque</strong></span> <span class='ocrx_word' id='word_1_126' title='bbox 2902 521 3048 577; x_wconf 90' lang='lat' dir='ltr'><strong>valet</strong></span> <span class='ocrx_word' id='word_1_127' title='bbox 3090 523 3364 580; x_wconf 81' lang='lat' dir='ltr'><strong>subtrahit</strong></span> <span class='ocrx_word' id='word_1_128' title='bbox 3411 527 3495 583; x_wconf 88' lang='lat' dir='ltr'><strong>ori</strong></span> <span class='ocrx_word' id='word_1_129' title='bbox 3537 543 3668 593; x_wconf 76' lang='lat' dir='ltr'><strong>suo,</strong></span> <span class='ocrx_word' id='word_1_130' title='bbox 3698 509 3833 586; x_wconf 27' lang='lat' dir='ltr'><strong>etiis</strong></span> 
     </span>
    </p>
   </div>
   <div class='ocr_carea' id='block_1_21' title="bbox 2251 604 3831 678">
    <p class='ocr_par' dir='ltr' id='par_1_21' title="bbox 2251 604 3831 678">
     <span class='ocr_line' id='line_1_21' title="bbox 2251 604 3831 678; baseline 0.014 -23"><span class='ocrx_word' id='word_1_131' title='bbox 2251 604 2588 672; x_wconf 74' lang='lat' dir='ltr'><strong>pauperibus</strong></span> <span class='ocrx_word' id='word_1_132' title='bbox 2611 606 2889 665; x_wconf 76' lang='lat' dir='ltr'><strong>ministrat</strong></span> <span class='ocrx_word' id='word_1_133' title='bbox 2911 612 3146 670; x_wconf 88' lang='lat' dir='ltr'><strong>Christo.</strong></span> <span class='ocrx_word' id='word_1_134' title='bbox 3169 615 3478 673; x_wconf 82' lang='lat' dir='ltr'><strong>Occasione</strong></span> <span class='ocrx_word' id='word_1_135' title='bbox 3505 620 3831 678; x_wconf 74' lang='lat' dir='ltr'><strong>medicorum</strong></span> 
     </span>
    </p>
   </div>
   <div class='ocr_carea' id='block_1_22' title="bbox 2252 691 3834 781">
    <p class='ocr_par' dir='ltr' id='par_1_22' title="bbox 2252 691 3834 781">
     <span class='ocr_line' id='line_1_22' title="bbox 2252 691 3834 781; baseline 0.015 -37"><span class='ocrx_word' id='word_1_136' title='bbox 2252 691 2321 745; x_wconf 89' lang='lat' dir='ltr'><strong>ab</strong></span> <span class='ocrx_word' id='word_1_137' title='bbox 2352 691 2544 748; x_wconf 81' lang='lat' dir='ltr'><strong>amicis</strong></span> <span class='ocrx_word' id='word_1_138' title='bbox 2582 709 2811 765; x_wconf 70' lang='lat' dir='ltr'><strong>qumque</strong></span> <span class='ocrx_word' id='word_1_139' title='bbox 2845 700 2988 756; x_wconf 89' lang='lat' dir='ltr'><strong>valet</strong></span> <span class='ocrx_word' id='word_1_140' title='bbox 3013 704 3234 775; x_wconf 82' lang='lat' dir='ltr'><strong>accipit,</strong></span> <span class='ocrx_word' id='word_1_141' title='bbox 3259 716 3322 762; x_wconf 88' lang='lat' dir='ltr'><strong>et</strong></span> <span class='ocrx_word' id='word_1_142' title='bbox 3344 708 3552 764; x_wconf 74' lang='lat' dir='ltr'><strong>exinde</strong></span> <span class='ocrx_word' id='word_1_143' title='bbox 3583 719 3703 765; x_wconf 79' lang='lat' dir='ltr'><strong>tres</strong></span> <span class='ocrx_word' id='word_1_144' title='bbox 3721 727 3834 781; x_wconf 60' lang='lat' dir='ltr'><strong>pauo</strong></span> 
     </span>
    </p>
   </div>
   <div class='ocr_carea' id='block_1_23' title="bbox 2251 785 3834 855">
    <p class='ocr_par' dir='ltr' id='par_1_23' title="bbox 2251 785 3834 855">
     <span class='ocr_line' id='line_1_23' title="bbox 2251 785 3834 855; baseline 0.013 -20"><span class='ocrx_word' id='word_1_145' title='bbox 2251 797 2410 852; x_wconf 74' lang='lat' dir='ltr'><strong>pet-es</strong></span> <span class='ocrx_word' id='word_1_146' title='bbox 2451 785 2518 839; x_wconf 86' lang='lat' dir='ltr'><strong>ad</strong></span> <span class='ocrx_word' id='word_1_147' title='bbox 2568 786 2926 844; x_wconf 83' lang='lat' dir='ltr'><strong>imitationem</strong></span> <span class='ocrx_word' id='word_1_148' title='bbox 2961 792 3253 851; x_wconf 75' lang='lat' dir='ltr'><strong>Dominirzr.</strong></span> <span class='ocrx_word' id='word_1_149' title='bbox 3290 813 3466 854; x_wconf 64' lang='lat' dir='ltr'><strong>caena:</strong></span> <span class='ocrx_word' id='word_1_150' title='bbox 3503 799 3609 853; x_wconf 83' lang='lat' dir='ltr'><strong>sibi</strong></span> <span class='ocrx_word' id='word_1_151' title='bbox 3648 803 3834 855; x_wconf 41' lang='lat' dir='ltr'><strong>coasti‘</strong></span> 
     </span>
    </p>
   </div>
   <div class='ocr_carea' id='block_1_24' title="bbox 2256 877 3830 961">
    <p class='ocr_par' dir='ltr' id='par_1_24' title="bbox 2256 877 3830 961">
     <span class='ocr_line' id='line_1_24' title="bbox 2256 877 3830 961; baseline 0.012 -35"><span class='ocrx_word' id='word_1_152' title='bbox 2256 881 2435 938; x_wconf 89' lang='lat' dir='ltr'><strong>tuens,</strong></span> <span class='ocrx_word' id='word_1_153' title='bbox 2470 877 2634 944; x_wconf 85' lang='lat' dir='ltr'><strong>pedes</strong></span> <span class='ocrx_word' id='word_1_154' title='bbox 2667 893 2858 934; x_wconf 90' lang='lat' dir='ltr'><strong>eorum</strong></span> <span class='ocrx_word' id='word_1_155' title='bbox 2883 884 3123 950; x_wconf 90' lang='lat' dir='ltr'><strong>quotidie</strong></span> <span class='ocrx_word' id='word_1_156' title='bbox 3159 887 3350 952; x_wconf 88' lang='lat' dir='ltr'><strong>abluit,</strong></span> <span class='ocrx_word' id='word_1_157' title='bbox 3386 888 3658 959; x_wconf 78' lang='lat' dir='ltr'><strong>laerymis</strong></span> <span class='ocrx_word' id='word_1_158' title='bbox 3687 893 3830 961; x_wconf 71' lang='lat' dir='ltr'><strong>rigat,</strong></span> 
     </span>
    </p>
   </div>
   <div class='ocr_carea' id='block_1_25' title="bbox 2250 963 3826 1051">
    <p class='ocr_par' dir='ltr' id='par_1_25' title="bbox 2250 963 3826 1051">
     <span class='ocr_line' id='line_1_25' title="bbox 2250 963 3826 1051; baseline 0.011 -34"><span class='ocrx_word' id='word_1_159' title='bbox 2250 963 2462 1031; x_wconf 86' lang='lat' dir='ltr'><strong>capillis</strong></span> <span class='ocrx_word' id='word_1_160' title='bbox 2501 973 2554 1021; x_wconf 90' lang='lat' dir='ltr'><strong>et</strong></span> <span class='ocrx_word' id='word_1_161' title='bbox 2579 968 2804 1025; x_wconf 84' lang='lat' dir='ltr'><strong>camisia</strong></span> <span class='ocrx_word' id='word_1_162' title='bbox 2835 974 3020 1042; x_wconf 81' lang='lat' dir='ltr'><strong>tergit,</strong></span> <span class='ocrx_word' id='word_1_163' title='bbox 3051 989 3293 1032; x_wconf 87' lang='lat' dir='ltr'><strong>mensam</strong></span> <span class='ocrx_word' id='word_1_164' title='bbox 3322 988 3378 1032; x_wconf 90' lang='lat' dir='ltr'><strong>et</strong></span> <span class='ocrx_word' id='word_1_165' title='bbox 3403 980 3568 1036; x_wconf 74' lang='lat' dir='ltr'><strong>cibos</strong></span> <span class='ocrx_word' id='word_1_166' title='bbox 3591 985 3826 1051; x_wconf 82' lang='lat' dir='ltr'><strong>apponit;</strong></span> 
     </span>
    </p>
   </div>
   <div class='ocr_carea' id='block_1_26' title="bbox 2249 1053 3827 1142">
    <p class='ocr_par' dir='ltr' id='par_1_26' title="bbox 2249 1053 3827 1142">
     <span class='ocr_line' id='line_1_26' title="bbox 2249 1053 3827 1142; baseline 0.013 -35"><span class='ocrx_word' id='word_1_167' title='bbox 2249 1053 2449 1113; x_wconf 87' lang='lat' dir='ltr'><strong>deinde</strong></span> <span class='ocrx_word' id='word_1_168' title='bbox 2472 1059 2766 1130; x_wconf 87' lang='lat' dir='ltr'><strong>projieiens</strong></span> <span class='ocrx_word' id='word_1_169' title='bbox 2788 1078 2846 1118; x_wconf 91' lang='lat' dir='ltr'><strong>se</strong></span> <span class='ocrx_word' id='word_1_170' title='bbox 2872 1065 2925 1118; x_wconf 90' lang='lat' dir='ltr'><strong>in</strong></span> <span class='ocrx_word' id='word_1_171' title='bbox 2949 1066 3134 1122; x_wconf 88' lang='lat' dir='ltr'><strong>eodem</strong></span> <span class='ocrx_word' id='word_1_172' title='bbox 3163 1068 3279 1124; x_wconf 87' lang='lat' dir='ltr'><strong>loco</strong></span> <span class='ocrx_word' id='word_1_173' title='bbox 3304 1080 3446 1127; x_wconf 81' lang='lat' dir='ltr'><strong>ante</strong></span> <span class='ocrx_word' id='word_1_174' title='bbox 3458 1075 3633 1142; x_wconf 81' lang='lat' dir='ltr'><strong>pedes</strong></span> <span class='ocrx_word' id='word_1_175' title='bbox 3659 1087 3827 1128; x_wconf 72' lang='lat' dir='ltr'><strong>eorum</strong></span> 
     </span>
    </p>
   </div>
   <div class='ocr_carea' id='block_1_27' title="bbox 2250 1145 3828 1226">
    <p class='ocr_par' dir='ltr' id='par_1_27' title="bbox 2250 1145 3828 1226">
     <span class='ocr_line' id='line_1_27' title="bbox 2250 1145 3828 1226; baseline 0.015 -29"><span class='ocrx_word' id='word_1_176' title='bbox 2250 1145 2318 1200; x_wconf 89' lang='lat' dir='ltr'><strong>ad</strong></span> <span class='ocrx_word' id='word_1_177' title='bbox 2348 1147 2653 1203; x_wconf 89' lang='lat' dir='ltr'><strong>orationem</strong></span> <span class='ocrx_word' id='word_1_178' title='bbox 2678 1190 2693 1215; x_wconf 91' lang='lat'><strong>,</strong></span> <span class='ocrx_word' id='word_1_179' title='bbox 2728 1153 2884 1221; x_wconf 87' lang='lat' dir='ltr'><strong>quasi</strong></span> <span class='ocrx_word' id='word_1_180' title='bbox 2916 1155 2989 1210; x_wconf 87' lang='lat' dir='ltr'><strong>ibi</strong></span> <span class='ocrx_word' id='word_1_181' title='bbox 3019 1160 3441 1226; x_wconf 66' lang='lat' dir='ltr'><strong>praesentialiter</strong></span> <span class='ocrx_word' id='word_1_182' title='bbox 3473 1164 3695 1218; x_wconf 77' lang='lat' dir='ltr'><strong>videret</strong></span> <span class='ocrx_word' id='word_1_183' title='bbox 3721 1180 3828 1220; x_wconf 75' lang='lat' dir='ltr'><strong>san-</strong></span> 
     </span>
    </p>
   </div>
   <div class='ocr_carea' id='block_1_28' title="bbox 2249 1238 3825 1317">
    <p class='ocr_par' dir='ltr' id='par_1_28' title="bbox 2249 1238 3825 1317">
     <span class='ocr_line' id='line_1_28' title="bbox 2249 1238 3825 1317; baseline 0.011 -27"><span class='ocrx_word' id='word_1_184' title='bbox 2249 1243 2392 1292; x_wconf 83' lang='lat' dir='ltr'><strong>ctum</strong></span> <span class='ocrx_word' id='word_1_185' title='bbox 2426 1238 2751 1298; x_wconf 89' lang='lat' dir='ltr'><strong>Trinitatem</strong></span> <span class='ocrx_word' id='word_1_186' title='bbox 2783 1261 2796 1298; x_wconf 92' lang='lat'><strong>:</strong></span> <span class='ocrx_word' id='word_1_187' title='bbox 2833 1264 2851 1296; x_wconf 80' lang='grc' dir='ltr'><strong>ι</strong></span> <span class='ocrx_word' id='word_1_188' title='bbox 2887 1243 3085 1302; x_wconf 89' lang='lat' dir='ltr'><strong>Sancta</strong></span> <span class='ocrx_word' id='word_1_189' title='bbox 3117 1249 3382 1317; x_wconf 85' lang='lat' dir='ltr'><strong>Trinitas,</strong></span> <span class='ocrx_word' id='word_1_190' title='bbox 3411 1251 3696 1308; x_wconf 78' lang='lat' dir='ltr'><strong>clamabat</strong></span> <span class='ocrx_word' id='word_1_191' title='bbox 3721 1271 3825 1308; x_wconf 73' lang='lat' dir='ltr'><strong>Clin</strong></span> 
     </span>
    </p>
   </div>
   <div class='ocr_carea' id='block_1_29' title="bbox 2250 1325 3828 1413">
    <p class='ocr_par' dir='ltr' id='par_1_29' title="bbox 2250 1325 3828 1413">
     <span class='ocr_line' id='line_1_29' title="bbox 2250 1325 3828 1413; baseline 0.011 -34"><span class='ocrx_word' id='word_1_192' title='bbox 2250 1325 2528 1398; x_wconf 70' lang='lat' dir='ltr'><strong>larrymis,</strong></span> <span class='ocrx_word' id='word_1_193' title='bbox 2553 1332 2710 1388; x_wconf 87' lang='lat' dir='ltr'><strong>aufer</strong></span> <span class='ocrx_word' id='word_1_194' title='bbox 2741 1349 2770 1388; x_wconf 88' lang='lat' dir='ltr'><strong>a</strong></span> <span class='ocrx_word' id='word_1_195' title='bbox 2803 1349 2891 1390; x_wconf 93' lang='lat' dir='ltr'><strong>me</strong></span> <span class='ocrx_word' id='word_1_196' title='bbox 2919 1335 3058 1392; x_wconf 86' lang='lat' dir='ltr'><strong>hanc</strong></span> <span class='ocrx_word' id='word_1_197' title='bbox 3086 1353 3248 1408; x_wconf 87' lang='lat' dir='ltr'><strong>quam</strong></span> <span class='ocrx_word' id='word_1_198' title='bbox 3277 1342 3425 1398; x_wconf 85' lang='lat' dir='ltr'><strong>ferre</strong></span> <span class='ocrx_word' id='word_1_199' title='bbox 3448 1358 3672 1413; x_wconf 84' lang='lat' dir='ltr'><strong>nequeo</strong></span> <span class='ocrx_word' id='word_1_200' title='bbox 3699 1342 3828 1397; x_wconf 78' lang='lat' dir='ltr'><strong>inﬁr-</strong></span> 
     </span>
    </p>
   </div>
   <div class='ocr_carea' id='block_1_30' title="bbox 2248 1421 3827 1501">
    <p class='ocr_par' dir='ltr' id='par_1_30' title="bbox 2248 1421 3827 1501">
     <span class='ocr_line' id='line_1_30' title="bbox 2248 1421 3827 1501; baseline 0.008 -25"><span class='ocrx_word' id='word_1_201' title='bbox 2248 1421 2514 1479; x_wconf 91' lang='lat' dir='ltr'><strong>mitatem.</strong></span> <span class='ocrx_word' id='word_1_202' title='bbox 2557 1424 2659 1481; x_wconf 91' lang='lat' dir='ltr'><strong>Ubi</strong></span> <span class='ocrx_word' id='word_1_203' title='bbox 2713 1437 2829 1495; x_wconf 92' lang='lat' dir='ltr'><strong>est,</strong></span> <span class='ocrx_word' id='word_1_204' title='bbox 2873 1430 3034 1496; x_wconf 89' lang='lat' dir='ltr'><strong>Deus,</strong></span> <span class='ocrx_word' id='word_1_205' title='bbox 3075 1433 3409 1500; x_wconf 90' lang='lat' dir='ltr'><strong>promissum</strong></span> <span class='ocrx_word' id='word_1_206' title='bbox 3459 1436 3665 1489; x_wconf 81' lang='lat' dir='ltr'><strong>tuum?</strong></span> <span class='ocrx_word' id='word_1_207' title='bbox 3701 1435 3827 1501; x_wconf 75' lang='lat' dir='ltr'><strong>Qua-</strong></span> 
     </span>
    </p>
   </div>
   <div class='ocr_carea' id='block_1_31' title="bbox 2248 1515 3824 1584">
    <p class='ocr_par' dir='ltr' id='par_1_31' title="bbox 2248 1515 3824 1584">
     <span class='ocr_line' id='line_1_31' title="bbox 2248 1515 3824 1584; baseline 0.008 -18"><span class='ocrx_word' id='word_1_208' title='bbox 2248 1526 2464 1582; x_wconf 87' lang='lat' dir='ltr'><strong>cnuqne</strong></span> <span class='ocrx_word' id='word_1_209' title='bbox 2494 1515 2628 1571; x_wconf 89' lang='lat' dir='ltr'><strong>hora</strong></span> <span class='ocrx_word' id='word_1_210' title='bbox 2659 1533 2746 1574; x_wconf 90' lang='lat' dir='ltr'><strong>me</strong></span> <span class='ocrx_word' id='word_1_211' title='bbox 2779 1518 3183 1584; x_wconf 66' lang='lat' dir='ltr'><strong>in&#39;vocaveritis,</strong></span> <span class='ocrx_word' id='word_1_212' title='bbox 3215 1522 3394 1578; x_wconf 88' lang='lat' dir='ltr'><strong>dicam</strong></span> <span class='ocrx_word' id='word_1_213' title='bbox 3425 1542 3442 1579; x_wconf 89' lang='lat'><strong>:</strong></span> <span class='ocrx_word' id='word_1_214' title='bbox 3476 1525 3626 1580; x_wconf 82' lang='lat' dir='ltr'><strong>Ecce</strong></span> <span class='ocrx_word' id='word_1_215' title='bbox 3653 1525 3824 1579; x_wconf 78' lang='lat' dir='ltr'><strong>adsum</strong></span> 
     </span>
    </p>
   </div>
   <div class='ocr_carea' id='block_1_32' title="bbox 2249 1598 3828 1677">
    <p class='ocr_par' dir='ltr' id='par_1_32' title="bbox 2249 1598 3828 1677">
     <span class='ocr_line' id='line_1_32' title="bbox 2249 1598 3828 1677; baseline 0.008 -24"><span class='ocrx_word' id='word_1_216' title='bbox 2249 1598 2420 1670; x_wconf 74' lang='lat' dir='ltr'><strong>(Paul.</strong></span> <span class='ocrx_word' id='word_1_217' title='bbox 2454 1606 2601 1676; x_wconf 84' lang='lat' dir='ltr'><strong>cxv).</strong></span> <span class='ocrx_word' id='word_1_218' title='bbox 2638 1603 2736 1660; x_wconf 87' lang='lat' dir='ltr'><strong>Ubi</strong></span> <span class='ocrx_word' id='word_1_219' title='bbox 2774 1616 2903 1662; x_wconf 90' lang='lat' dir='ltr'><strong>sunt</strong></span> <span class='ocrx_word' id='word_1_220' title='bbox 2943 1616 3023 1663; x_wconf 90' lang='lat' dir='ltr'><strong>tot</strong></span> <span class='ocrx_word' id='word_1_221' title='bbox 3053 1610 3474 1677; x_wconf 66' lang='lat' dir='ltr'><strong>misericordia),</strong></span> <span class='ocrx_word' id='word_1_222' title='bbox 3506 1622 3592 1668; x_wconf 86' lang='lat' dir='ltr'><strong>tot</strong></span> <span class='ocrx_word' id='word_1_223' title='bbox 3620 1615 3828 1668; x_wconf 64' lang='lat' dir='ltr'><strong>miser:-</strong></span> 
     </span>
    </p>
   </div>
   <div class='ocr_carea' id='block_1_33' title="bbox 549 1688 2135 1775">
    <p class='ocr_par' dir='ltr' id='par_1_33' title="bbox 549 1688 2134 1759">
     <span class='ocr_line' id='line_1_33' title="bbox 549 1688 2134 1759; baseline 0.011 -17"><span class='ocrx_word' id='word_1_224' title='bbox 549 1689 732 1744; x_wconf 87' lang='lat' dir='ltr'><strong>omnis</strong></span> <span class='ocrx_word' id='word_1_225' title='bbox 780 1688 933 1746; x_wconf 91' lang='lat' dir='ltr'><strong>locus</strong></span> <span class='ocrx_word' id='word_1_226' title='bbox 973 1703 1164 1748; x_wconf 86' lang='lat' dir='ltr'><strong>auctor</strong></span> <span class='ocrx_word' id='word_1_227' title='bbox 1211 1694 1478 1750; x_wconf 91' lang='lat' dir='ltr'><strong>dolorum.</strong></span> <span class='ocrx_word' id='word_1_228' title='bbox 1537 1696 1593 1752; x_wconf 91' lang='lat' dir='ltr'><strong>Si</strong></span> <span class='ocrx_word' id='word_1_229' title='bbox 1645 1700 1790 1754; x_wconf 90' lang='lat' dir='ltr'><strong>enim</strong></span> <span class='ocrx_word' id='word_1_230' title='bbox 1844 1702 2018 1757; x_wconf 67' lang='lat' dir='ltr'><strong>exiret</strong></span> <span class='ocrx_word' id='word_1_231' title='bbox 2065 1705 2134 1759; x_wconf 88' lang='lat' dir='ltr'><strong>ad</strong></span> 
     </span>
    </p>
   </div>
   <div class='ocr_carea' id='block_1_34' title="bbox 2240 1688 3824 1775">
    <p class='ocr_par' dir='ltr' id='par_1_34' title="bbox 2243 1692 3824 1775">
     <span class='ocr_line' id='line_1_34' title="bbox 2243 1692 3824 1775; baseline 0.008 -29"><span class='ocrx_word' id='word_1_232' title='bbox 2243 1692 2439 1758; x_wconf 88' lang='lat' dir='ltr'><strong>tiones,</strong></span> <span class='ocrx_word' id='word_1_233' title='bbox 2471 1703 2553 1750; x_wconf 92' lang='lat' dir='ltr'><strong>tot</strong></span> <span class='ocrx_word' id='word_1_234' title='bbox 2582 1695 2882 1752; x_wconf 68' lang='lat' dir='ltr'><strong>clementiae</strong></span> <span class='ocrx_word' id='word_1_235' title='bbox 2913 1708 3015 1755; x_wconf 72' lang='lat' dir='ltr'><strong>ture</strong></span> <span class='ocrx_word' id='word_1_236' title='bbox 3040 1699 3063 1753; x_wconf 86' lang='lat'><strong>?</strong></span> <span class='ocrx_word' id='word_1_237' title='bbox 3092 1699 3197 1757; x_wconf 92' lang='lat' dir='ltr'><strong>Sed</strong></span> <span class='ocrx_word' id='word_1_238' title='bbox 3223 1701 3443 1770; x_wconf 70' lang='lat' dir='ltr'><strong>sull‘ers,</strong></span> <span class='ocrx_word' id='word_1_239' title='bbox 3473 1706 3610 1775; x_wconf 85' lang='lat' dir='ltr'><strong>quia</strong></span> <span class='ocrx_word' id='word_1_240' title='bbox 3630 1706 3722 1775; x_wconf 79' lang='lat' dir='ltr'><strong>pia</strong></span> <span class='ocrx_word' id='word_1_241' title='bbox 3754 1705 3824 1759; x_wconf 74' lang='lat' dir='ltr'><strong>ia-</strong></span> 
     </span>
    </p>
   </div>
   <div class='ocr_carea' id='block_1_35' title="bbox 551 1780 2141 1853">
    <p class='ocr_par' dir='ltr' id='par_1_35' title="bbox 551 1780 2141 1853">
     <span class='ocr_line' id='line_1_35' title="bbox 551 1780 2141 1853; baseline 0.012 -19"><span class='ocrx_word' id='word_1_242' title='bbox 551 1780 763 1847; x_wconf 87' lang='lat' dir='ltr'><strong>solem,</strong></span> <span class='ocrx_word' id='word_1_243' title='bbox 800 1783 1087 1839; x_wconf 88' lang='lat' dir='ltr'><strong>videbatur</strong></span> <span class='ocrx_word' id='word_1_244' title='bbox 1125 1787 1225 1842; x_wconf 89' lang='lat' dir='ltr'><strong>sibi</strong></span> <span class='ocrx_word' id='word_1_245' title='bbox 1273 1789 1458 1844; x_wconf 84' lang='lat' dir='ltr'><strong>videre</strong></span> <span class='ocrx_word' id='word_1_246' title='bbox 1504 1799 1674 1846; x_wconf 87' lang='lat' dir='ltr'><strong>totmn</strong></span> <span class='ocrx_word' id='word_1_247' title='bbox 1717 1797 1975 1850; x_wconf 87' lang='lat' dir='ltr'><strong>mundum</strong></span> <span class='ocrx_word' id='word_1_248' title='bbox 2015 1813 2141 1853; x_wconf 81' lang='lat' dir='ltr'><strong>ver-</strong></span> 
     </span>
    </p>
   </div>
   <div class='ocr_carea' id='block_1_36' title="bbox 550 1872 2144 1952">
    <p class='ocr_par' dir='ltr' id='par_1_36' title="bbox 550 1872 2144 1952">
     <span class='ocr_line' id='line_1_36' title="bbox 550 1872 2144 1952; baseline 0.013 -30"><span class='ocrx_word' id='word_1_249' title='bbox 550 1877 793 1938; x_wconf 88' lang='lat' dir='ltr'><strong>tentem;</strong></span> <span class='ocrx_word' id='word_1_250' title='bbox 841 1872 888 1928; x_wconf 90' lang='lat' dir='ltr'><strong>si</strong></span> <span class='ocrx_word' id='word_1_251' title='bbox 934 1875 1228 1945; x_wconf 87' lang='lat' dir='ltr'><strong>respiceret</strong></span> <span class='ocrx_word' id='word_1_252' title='bbox 1277 1878 1475 1934; x_wconf 78' lang='lat' dir='ltr'><strong>cmlum</strong></span> <span class='ocrx_word' id='word_1_253' title='bbox 1525 1883 1807 1952; x_wconf 87' lang='lat' dir='ltr'><strong>superius,</strong></span> <span class='ocrx_word' id='word_1_254' title='bbox 1862 1886 2144 1944; x_wconf 86' lang='lat' dir='ltr'><strong>videbatur</strong></span> 
     </span>
    </p>
   </div>
   <div class='ocr_carea' id='block_1_37' title="bbox 550 1959 2142 2043">
    <p class='ocr_par' dir='ltr' id='par_1_37' title="bbox 550 1959 2142 2043">
     <span class='ocr_line' id='line_1_37' title="bbox 550 1959 2142 2043; baseline 0.014 -31"><span class='ocrx_word' id='word_1_255' title='bbox 550 1959 657 2014; x_wconf 79' lang='lat' dir='ltr'><strong>sibi</strong></span> <span class='ocrx_word' id='word_1_256' title='bbox 691 1975 849 2016; x_wconf 89' lang='lat' dir='ltr'><strong>ruere</strong></span> <span class='ocrx_word' id='word_1_257' title='bbox 891 1978 1056 2034; x_wconf 88' lang='lat' dir='ltr'><strong>super</strong></span> <span class='ocrx_word' id='word_1_258' title='bbox 1083 1975 1246 2036; x_wconf 91' lang='lat' dir='ltr'><strong>caput</strong></span> <span class='ocrx_word' id='word_1_259' title='bbox 1281 1967 1542 2037; x_wconf 78' lang='lat' dir='ltr'><strong>inferius;</strong></span> <span class='ocrx_word' id='word_1_260' title='bbox 1587 1973 1633 2026; x_wconf 89' lang='lat' dir='ltr'><strong>si</strong></span> <span class='ocrx_word' id='word_1_261' title='bbox 1671 1974 1962 2043; x_wconf 83' lang='lat' dir='ltr'><strong>equitaret,</strong></span> <span class='ocrx_word' id='word_1_262' title='bbox 1992 1977 2142 2034; x_wconf 85' lang='lat' dir='ltr'><strong>vide-</strong></span> 
     </span>
    </p>
   </div>
   <div class='ocr_carea' id='block_1_38' title="bbox 548 2049 2143 2134">
    <p class='ocr_par' dir='ltr' id='par_1_38' title="bbox 548 2049 2143 2134">
     <span class='ocr_line' id='line_1_38' title="bbox 548 2049 2143 2134; baseline 0.014 -31"><span class='ocrx_word' id='word_1_263' title='bbox 548 2049 710 2105; x_wconf 81' lang='lat' dir='ltr'><strong>batur</strong></span> <span class='ocrx_word' id='word_1_264' title='bbox 737 2053 838 2107; x_wconf 82' lang='lat' dir='ltr'><strong>stbi</strong></span> <span class='ocrx_word' id='word_1_265' title='bbox 861 2066 1148 2125; x_wconf 90' lang='lat' dir='ltr'><strong>suspectus</strong></span> <span class='ocrx_word' id='word_1_266' title='bbox 1171 2073 1242 2115; x_wconf 92' lang='lat' dir='ltr'><strong>ne</strong></span> <span class='ocrx_word' id='word_1_267' title='bbox 1279 2059 1334 2115; x_wconf 91' lang='lat' dir='ltr'><strong>in</strong></span> <span class='ocrx_word' id='word_1_268' title='bbox 1366 2076 1612 2133; x_wconf 71' lang='lat' dir='ltr'><strong>prmceps</strong></span> <span class='ocrx_word' id='word_1_269' title='bbox 1636 2066 1885 2134; x_wconf 86' lang='lat' dir='ltr'><strong>caderet;</strong></span> <span class='ocrx_word' id='word_1_270' title='bbox 1915 2068 1958 2122; x_wconf 93' lang='lat' dir='ltr'><strong>si</strong></span> <span class='ocrx_word' id='word_1_271' title='bbox 1987 2070 2143 2125; x_wconf 85' lang='lat' dir='ltr'><strong>sede-</strong></span> 
     </span>
    </p>
   </div>
   <div class='ocr_carea' id='block_1_39' title="bbox 453 2141 2138 2231">
    <p class='ocr_par' dir='ltr' id='par_1_39' title="bbox 453 2141 2138 2231">
     <span class='ocr_line' id='line_1_39' title="bbox 453 2141 2138 2231; baseline 0.013 -38"><span class='ocrx_word' id='word_1_272' title='bbox 453 2177 456 2180; x_wconf 63' lang='grc'><strong>›</strong></span> <span class='ocrx_word' id='word_1_273' title='bbox 553 2141 744 2196; x_wconf 88' lang='lat' dir='ltr'><strong>ret-in</strong></span> <span class='ocrx_word' id='word_1_274' title='bbox 796 2152 940 2199; x_wconf 89' lang='lat' dir='ltr'><strong>tecto</strong></span> <span class='ocrx_word' id='word_1_275' title='bbox 996 2155 1091 2201; x_wconf 89' lang='lat' dir='ltr'><strong>aut</strong></span> <span class='ocrx_word' id='word_1_276' title='bbox 1143 2148 1196 2202; x_wconf 90' lang='lat' dir='ltr'><strong>in</strong></span> <span class='ocrx_word' id='word_1_277' title='bbox 1255 2153 1587 2208; x_wconf 82' lang='lat' dir='ltr'><strong>monasterio</strong></span> <span class='ocrx_word' id='word_1_278' title='bbox 1641 2153 1772 2226; x_wconf 87' lang='lat' dir='ltr'><strong>[al.,</strong></span> <span class='ocrx_word' id='word_1_279' title='bbox 1817 2157 2138 2231; x_wconf 82' lang='lat' dir='ltr'><strong>domicilio},</strong></span> 
     </span>
    </p>
   </div>
   <div class='ocr_carea' id='block_1_40' title="bbox 551 2233 2141 2308">
    <p class='ocr_par' dir='ltr' id='par_1_40' title="bbox 551 2233 2141 2308">
     <span class='ocr_line' id='line_1_40' title="bbox 551 2233 2141 2308; baseline 0.014 -23"><span class='ocrx_word' id='word_1_280' title='bbox 551 2233 839 2290; x_wconf 81' lang='lat' dir='ltr'><strong>videbatur</strong></span> <span class='ocrx_word' id='word_1_281' title='bbox 871 2237 970 2290; x_wconf 91' lang='lat' dir='ltr'><strong>sibi</strong></span> <span class='ocrx_word' id='word_1_282' title='bbox 1003 2239 1160 2308; x_wconf 91' lang='lat' dir='ltr'><strong>quasi</strong></span> <span class='ocrx_word' id='word_1_283' title='bbox 1194 2249 1364 2296; x_wconf 89' lang='lat' dir='ltr'><strong>totam</strong></span> <span class='ocrx_word' id='word_1_284' title='bbox 1402 2243 1598 2298; x_wconf 91' lang='lat' dir='ltr'><strong>molem</strong></span> <span class='ocrx_word' id='word_1_285' title='bbox 1627 2245 1843 2303; x_wconf 77' lang='lat' dir='ltr'><strong>tediﬁcii</strong></span> <span class='ocrx_word' id='word_1_286' title='bbox 1871 2250 2141 2308; x_wconf 86' lang='lat' dir='ltr'><strong>sustinere</strong></span> 
     </span>
    </p>
   </div>
   <div class='ocr_carea' id='block_1_41' title="bbox 551 2324 2136 2398">
    <p class='ocr_par' dir='ltr' id='par_1_41' title="bbox 551 2324 2136 2398">
     <span class='ocr_line' id='line_1_41' title="bbox 551 2324 2136 2398; baseline 0.015 -23"><span class='ocrx_word' id='word_1_287' title='bbox 551 2324 737 2392; x_wconf 86' lang='lat' dir='ltr'><strong>capite</strong></span> <span class='ocrx_word' id='word_1_288' title='bbox 760 2340 880 2380; x_wconf 88' lang='lat' dir='ltr'><strong>suo.</strong></span> <span class='ocrx_word' id='word_1_289' title='bbox 905 2326 1268 2385; x_wconf 79' lang='lat' dir='ltr'><strong>Existimabat</strong></span> <span class='ocrx_word' id='word_1_290' title='bbox 1296 2343 1476 2387; x_wconf 86' lang='lat' dir='ltr'><strong>autem</strong></span> <span class='ocrx_word' id='word_1_291' title='bbox 1507 2334 1648 2392; x_wconf 90' lang='lat' dir='ltr'><strong>hanc</strong></span> <span class='ocrx_word' id='word_1_292' title='bbox 1676 2352 1734 2393; x_wconf 92' lang='lat' dir='ltr'><strong>se</strong></span> <span class='ocrx_word' id='word_1_293' title='bbox 1761 2338 2136 2398; x_wconf 83' lang='lat' dir='ltr'><strong>inﬁrmitatem</strong></span> 
     </span>
    </p>
   </div>
   <div class='ocr_carea' id='block_1_42' title="bbox 549 2408 2138 2499">
    <p class='ocr_par' dir='ltr' id='par_1_42' title="bbox 549 2408 2138 2499">
     <span class='ocr_line' id='line_1_42' title="bbox 549 2408 2138 2499; baseline 0.016 -35"><span class='ocrx_word' id='word_1_294' title='bbox 549 2408 871 2480; x_wconf 82' lang='lat' dir='ltr'><strong>incurrisse,</strong></span> <span class='ocrx_word' id='word_1_295' title='bbox 904 2414 1115 2472; x_wconf 88' lang='lat' dir='ltr'><strong>insueta</strong></span> <span class='ocrx_word' id='word_1_296' title='bbox 1150 2417 1406 2488; x_wconf 86' lang='lat' dir='ltr'><strong>videlicet</strong></span> <span class='ocrx_word' id='word_1_297' title='bbox 1436 2423 1543 2479; x_wconf 89' lang='lat' dir='ltr'><strong>cibi</strong></span> <span class='ocrx_word' id='word_1_298' title='bbox 1580 2433 1850 2499; x_wconf 80' lang='lat' dir='ltr'><strong>potusque</strong></span> <span class='ocrx_word' id='word_1_299' title='bbox 1881 2439 1938 2486; x_wconf 87' lang='lat' dir='ltr'><strong>et</strong></span> <span class='ocrx_word' id='word_1_300' title='bbox 1961 2433 2138 2490; x_wconf 84' lang='lat' dir='ltr'><strong>somni</strong></span> 
     </span>
    </p>
   </div>
   <div class='ocr_carea' id='block_1_43' title="bbox 548 2507 2135 2599">
    <p class='ocr_par' dir='ltr' id='par_1_43' title="bbox 548 2507 2135 2599">
     <span class='ocr_line' id='line_1_43' title="bbox 548 2507 2135 2599; baseline 0.019 -43"><span class='ocrx_word' id='word_1_301' title='bbox 548 2507 889 2587; x_wconf 85' lang='lat' dir='ltr'><strong>mutatione;</strong></span> <span class='ocrx_word' id='word_1_302' title='bbox 923 2511 1041 2576; x_wconf 90' lang='lat' dir='ltr'><strong>sed,</strong></span> <span class='ocrx_word' id='word_1_303' title='bbox 1073 2511 1215 2568; x_wconf 87' lang='lat' dir='ltr'><strong>sicut</strong></span> <span class='ocrx_word' id='word_1_304' title='bbox 1240 2520 1634 2576; x_wconf 86' lang='lat' dir='ltr'><strong>monstrabitur</strong></span> <span class='ocrx_word' id='word_1_305' title='bbox 1671 2523 1723 2578; x_wconf 90' lang='lat' dir='ltr'><strong>in</strong></span> <span class='ocrx_word' id='word_1_306' title='bbox 1755 2529 2135 2599; x_wconf 80' lang='lat' dir='ltr'><strong>sequentibus,</strong></span> 
     </span>
    </p>
   </div>
   <div class='ocr_carea' id='block_1_44' title="bbox 545 2599 2136 2689">
    <p class='ocr_par' dir='ltr' id='par_1_44' title="bbox 545 2599 2136 2689">
     <span class='ocr_line' id='line_1_44' title="bbox 545 2599 2136 2689; baseline 0.017 -41"><span class='ocrx_word' id='word_1_307' title='bbox 545 2608 741 2651; x_wconf 83' lang='lat' dir='ltr'><strong>revera</strong></span> <span class='ocrx_word' id='word_1_308' title='bbox 772 2599 932 2655; x_wconf 89' lang='lat' dir='ltr'><strong>ﬁebat</strong></span> <span class='ocrx_word' id='word_1_309' title='bbox 968 2604 1168 2659; x_wconf 88' lang='lat' dir='ltr'><strong>summi</strong></span> <span class='ocrx_word' id='word_1_310' title='bbox 1201 2606 1409 2665; x_wconf 79' lang='lat' dir='ltr'><strong>Judicis</strong></span> <span class='ocrx_word' id='word_1_311' title='bbox 1446 2613 1799 2684; x_wconf 68' lang='lat' dir='ltr'><strong>prmjudiciali</strong></span> <span class='ocrx_word' id='word_1_312' title='bbox 1835 2618 2136 2689; x_wconf 75' lang='lat' dir='ltr'><strong>voluntate,</strong></span> 
     </span>
    </p>
   </div>
   <div class='ocr_carea' id='block_1_45' title="bbox 547 2693 2136 2782">
    <p class='ocr_par' dir='ltr' id='par_1_45' title="bbox 547 2693 2136 2782">
     <span class='ocr_line' id='line_1_45' title="bbox 547 2693 2136 2782; baseline 0.018 -43"><span class='ocrx_word' id='word_1_313' title='bbox 547 2700 864 2767; x_wconf 85' lang='lat' dir='ltr'><strong>quanquam</strong></span> <span class='ocrx_word' id='word_1_314' title='bbox 907 2693 1024 2750; x_wconf 65' lang='lat' dir='ltr'><strong>haec</strong></span> <span class='ocrx_word' id='word_1_315' title='bbox 1053 2698 1237 2753; x_wconf 88' lang='lat' dir='ltr'><strong>omnia</strong></span> <span class='ocrx_word' id='word_1_316' title='bbox 1269 2701 1511 2769; x_wconf 87' lang='lat' dir='ltr'><strong>peccatis</strong></span> <span class='ocrx_word' id='word_1_317' title='bbox 1532 2704 1646 2760; x_wconf 89' lang='lat' dir='ltr'><strong>suis</strong></span> <span class='ocrx_word' id='word_1_318' title='bbox 1676 2705 1920 2764; x_wconf 87' lang='lat' dir='ltr'><strong>studeret</strong></span> <span class='ocrx_word' id='word_1_319' title='bbox 1956 2710 2136 2782; x_wconf 87' lang='lat' dir='ltr'><strong>impu-</strong></span> 
     </span>
    </p>
   </div>
   <div class='ocr_carea' id='block_1_46' title="bbox 546 2789 2139 2859">
    <p class='ocr_par' dir='ltr' id='par_1_46' title="bbox 546 2789 2139 2859">
     <span class='ocr_line' id='line_1_46' title="bbox 546 2789 2139 2859; baseline 0.017 -27"><span class='ocrx_word' id='word_1_320' title='bbox 546 2789 704 2834; x_wconf 87' lang='lat' dir='ltr'><strong>tare:</strong></span> <span class='ocrx_word' id='word_1_321' title='bbox 745 2791 800 2836; x_wconf 88' lang='lat' dir='ltr'><strong>et</strong></span> <span class='ocrx_word' id='word_1_322' title='bbox 839 2798 1056 2854; x_wconf 87' lang='lat' dir='ltr'><strong>quoquo</strong></span> <span class='ocrx_word' id='word_1_323' title='bbox 1101 2789 1262 2844; x_wconf 90' lang='lat' dir='ltr'><strong>modo</strong></span> <span class='ocrx_word' id='word_1_324' title='bbox 1305 2790 1494 2859; x_wconf 88' lang='lat' dir='ltr'><strong>ﬁeret,</strong></span> <span class='ocrx_word' id='word_1_325' title='bbox 1534 2809 1696 2852; x_wconf 90' lang='lat' dir='ltr'><strong>nemo</strong></span> <span class='ocrx_word' id='word_1_326' title='bbox 1733 2808 1854 2854; x_wconf 89' lang='lat' dir='ltr'><strong>erat</strong></span> <span class='ocrx_word' id='word_1_327' title='bbox 1887 2802 2139 2859; x_wconf 87' lang='lat' dir='ltr'><strong>conscius</strong></span> 
     </span>
    </p>
   </div>
   <div class='ocr_carea' id='block_1_47' title="bbox 547 2877 2136 2956">
    <p class='ocr_par' dir='ltr' id='par_1_47' title="bbox 547 2877 2136 2956">
     <span class='ocr_line' id='line_1_47' title="bbox 547 2877 2136 2956; baseline 0.018 -33"><span class='ocrx_word' id='word_1_328' title='bbox 547 2880 754 2939; x_wconf 89' lang='lat' dir='ltr'><strong>quanta</strong></span> <span class='ocrx_word' id='word_1_329' title='bbox 799 2877 1051 2945; x_wconf 78' lang='lat' dir='ltr'><strong>angustia</strong></span> <span class='ocrx_word' id='word_1_330' title='bbox 1096 2877 1403 2949; x_wconf 87' lang='lat' dir='ltr'><strong>laboraret,</strong></span> <span class='ocrx_word' id='word_1_331' title='bbox 1439 2896 1670 2956; x_wconf 75' lang='lat' dir='ltr'><strong>excepto</strong></span> <span class='ocrx_word' id='word_1_332' title='bbox 1713 2903 1825 2946; x_wconf 89' lang='lat' dir='ltr'><strong>uno</strong></span> <span class='ocrx_word' id='word_1_333' title='bbox 1871 2893 2136 2951; x_wconf 89' lang='lat' dir='ltr'><strong>servitore</strong></span> 
     </span>
    </p>
   </div>
   <div class='ocr_carea' id='block_1_48' title="bbox 542 2963 2135 3040">
    <p class='ocr_par' dir='ltr' id='par_1_48' title="bbox 542 2963 2135 3040">
     <span class='ocr_line' id='line_1_48' title="bbox 542 2963 2135 3040; baseline 0.016 -26"><span class='ocrx_word' id='word_1_334' title='bbox 542 2973 644 3018; x_wconf 81' lang='lat' dir='ltr'><strong>suo</strong></span> <span class='ocrx_word' id='word_1_335' title='bbox 687 2963 968 3040; x_wconf 67' lang='lat' dir='ltr'><strong>aequi-voco</strong></span> <span class='ocrx_word' id='word_1_336' title='bbox 1017 2983 1147 3036; x_wconf 81' lang='lat' dir='ltr'><strong>suo,</strong></span> <span class='ocrx_word' id='word_1_337' title='bbox 1189 2986 1350 3040; x_wconf 89' lang='lat' dir='ltr'><strong>quem</strong></span> <span class='ocrx_word' id='word_1_338' title='bbox 1389 2987 1456 3029; x_wconf 88' lang='lat' dir='ltr'><strong>ea</strong></span> <span class='ocrx_word' id='word_1_339' title='bbox 1495 2977 1768 3035; x_wconf 89' lang='lat' dir='ltr'><strong>asciverat</strong></span> <span class='ocrx_word' id='word_1_340' title='bbox 1810 2981 1915 3038; x_wconf 85' lang='lat' dir='ltr'><strong>sibi</strong></span> <span class='ocrx_word' id='word_1_341' title='bbox 1979 2983 2135 3040; x_wconf 84' lang='lat' dir='ltr'><strong>fami-</strong></span> 
     </span>
    </p>
   </div>
   <div class='ocr_carea' id='block_1_49' title="bbox 2247 1786 2786 1844">
    <p class='ocr_par' dir='ltr' id='par_1_49' title="bbox 2247 1786 2786 1844">
     <span class='ocr_line' id='line_1_49' title="bbox 2247 1786 2786 1844; baseline 0.004 -5"><span class='ocrx_word' id='word_1_342' title='bbox 2247 1786 2487 1841; x_wconf 84' lang='lat' dir='ltr'><strong>tentione</strong></span> <span class='ocrx_word' id='word_1_343' title='bbox 2513 1787 2716 1844; x_wconf 64' lang='lat' dir='ltr'><strong>diliers.</strong></span> <span class='ocrx_word' id='word_1_344' title='bbox 2767 1808 2786 1841; x_wconf 72' lang='grc' dir='ltr'><strong>ι</strong></span> 
     </span>
    </p>
   </div>
   <div class='ocr_carea' id='block_1_50' title="bbox 2314 1875 3820 1946">
    <p class='ocr_par' dir='ltr' id='par_1_50' title="bbox 2314 1875 3820 1946">
     <span class='ocr_line' id='line_1_50' title="bbox 2314 1875 3820 1946; baseline 0.011 -17"><span class='ocrx_word' id='word_1_345' title='bbox 2314 1875 2367 1930; x_wconf 90' lang='lat'><strong>7.</strong></span> <span class='ocrx_word' id='word_1_346' title='bbox 2409 1877 2660 1933; x_wconf 75' lang='lat' dir='ltr'><strong>Abbatcm</strong></span> <span class='ocrx_word' id='word_1_347' title='bbox 2700 1879 2923 1936; x_wconf 83' lang='lat' dir='ltr'><strong>Rontam</strong></span> <span class='ocrx_word' id='word_1_348' title='bbox 2953 1897 3159 1941; x_wconf 79' lang='lat' dir='ltr'><strong>euntem</strong></span> <span class='ocrx_word' id='word_1_349' title='bbox 3200 1887 3508 1944; x_wconf 78' lang='lat' dir='ltr'><strong>comitatur.</strong></span> <span class='ocrx_word' id='word_1_350' title='bbox 3540 1918 3617 1929; x_wconf 95' lang='lat'><strong>—</strong></span> <span class='ocrx_word' id='word_1_351' title='bbox 3647 1889 3820 1946; x_wconf 76' lang='lat' dir='ltr'><strong>Adhuc</strong></span> 
     </span>
    </p>
   </div>
   <div class='ocr_carea' id='block_1_51' title="bbox 2237 1969 3820 2049">
    <p class='ocr_par' dir='ltr' id='par_1_51' title="bbox 2237 1969 3820 2049">
     <span class='ocr_line' id='line_1_51' title="bbox 2237 1969 3820 2049; baseline 0.009 -30"><span class='ocrx_word' id='word_1_352' title='bbox 2237 1979 2378 2037; x_wconf 82' lang='lat' dir='ltr'><strong>ergo</strong></span> <span class='ocrx_word' id='word_1_353' title='bbox 2405 1969 2611 2024; x_wconf 89' lang='lat' dir='ltr'><strong>recenti</strong></span> <span class='ocrx_word' id='word_1_354' title='bbox 2635 1969 2900 2028; x_wconf 91' lang='lat' dir='ltr'><strong>incisione</strong></span> <span class='ocrx_word' id='word_1_355' title='bbox 2921 1973 3200 2046; x_wconf 75' lang='lat' dir='ltr'><strong>plagarum</strong></span> <span class='ocrx_word' id='word_1_356' title='bbox 3223 1986 3280 2033; x_wconf 91' lang='lat' dir='ltr'><strong>et</strong></span> <span class='ocrx_word' id='word_1_357' title='bbox 3301 1979 3638 2049; x_wconf 83' lang='lat' dir='ltr'><strong>gravissima</strong></span> <span class='ocrx_word' id='word_1_358' title='bbox 3661 1981 3820 2036; x_wconf 81' lang='lat' dir='ltr'><strong>inccn-</strong></span> 
     </span>
    </p>
   </div>
   <div class='ocr_carea' id='block_1_52' title="bbox 2241 2059 3818 2135">
    <p class='ocr_par' dir='ltr' id='par_1_52' title="bbox 2241 2059 3818 2135">
     <span class='ocr_line' id='line_1_52' title="bbox 2241 2059 3818 2135; baseline 0.007 -20"><span class='ocrx_word' id='word_1_359' title='bbox 2241 2059 2396 2115; x_wconf 86' lang='lat' dir='ltr'><strong>sioue</strong></span> <span class='ocrx_word' id='word_1_360' title='bbox 2422 2063 2768 2126; x_wconf 86' lang='lat' dir='ltr'><strong>arteriarum.</strong></span> <span class='ocrx_word' id='word_1_361' title='bbox 2796 2065 2967 2120; x_wconf 88' lang='lat' dir='ltr'><strong>abbas</strong></span> <span class='ocrx_word' id='word_1_362' title='bbox 3003 2068 3191 2135; x_wconf 86' lang='lat' dir='ltr'><strong>Fulco,</strong></span> <span class='ocrx_word' id='word_1_363' title='bbox 3218 2079 3470 2126; x_wconf 89' lang='lat' dir='ltr'><strong>statuens</strong></span> <span class='ocrx_word' id='word_1_364' title='bbox 3501 2072 3586 2128; x_wconf 89' lang='lat' dir='ltr'><strong>ire</strong></span> <span class='ocrx_word' id='word_1_365' title='bbox 3613 2071 3818 2126; x_wconf 70' lang='lat' dir='ltr'><strong>Romam</strong></span> 
     </span>
    </p>
   </div>
   <div class='ocr_carea' id='block_1_53' title="bbox 2239 2151 3817 2233">
    <p class='ocr_par' dir='ltr' id='par_1_53' title="bbox 2239 2151 3817 2233">
     <span class='ocr_line' id='line_1_53' title="bbox 2239 2151 3817 2233; baseline 0.006 -27"><span class='ocrx_word' id='word_1_366' title='bbox 2239 2151 2630 2226; x_wconf 67' lang='lat' dir='ltr'><strong>ecclesiasticae</strong></span> <span class='ocrx_word' id='word_1_367' title='bbox 2667 2156 2914 2211; x_wconf 87' lang='lat' dir='ltr'><strong>utilitatis</strong></span> <span class='ocrx_word' id='word_1_368' title='bbox 2945 2167 3001 2214; x_wconf 90' lang='lat' dir='ltr'><strong>et</strong></span> <span class='ocrx_word' id='word_1_369' title='bbox 3039 2161 3214 2230; x_wconf 83' lang='lat' dir='ltr'><strong>gratia</strong></span> <span class='ocrx_word' id='word_1_370' title='bbox 3244 2161 3566 2216; x_wconf 83' lang='lat' dir='ltr'><strong>orationum</strong></span> <span class='ocrx_word' id='word_1_371' title='bbox 3587 2205 3606 2229; x_wconf 91' lang='lat'><strong>,</strong></span> <span class='ocrx_word' id='word_1_372' title='bbox 3641 2162 3817 2233; x_wconf 56' lang='lat' dir='ltr'><strong>prnlio</strong></span> 
     </span>
    </p>
   </div>
   <div class='ocr_carea' id='block_1_54' title="bbox 2239 2242 3816 2316">
    <p class='ocr_par' dir='ltr' id='par_1_54' title="bbox 2239 2242 3816 2316">
     <span class='ocr_line' id='line_1_54' title="bbox 2239 2242 3816 2316; baseline 0.006 -21"><span class='ocrx_word' id='word_1_373' title='bbox 2239 2250 2388 2296; x_wconf 92' lang='lat' dir='ltr'><strong>ctum</strong></span> <span class='ocrx_word' id='word_1_374' title='bbox 2416 2242 2675 2313; x_wconf 86' lang='lat' dir='ltr'><strong>juvenem</strong></span> <span class='ocrx_word' id='word_1_375' title='bbox 2702 2259 2883 2301; x_wconf 88' lang='lat' dir='ltr'><strong>secum</strong></span> <span class='ocrx_word' id='word_1_376' title='bbox 2913 2260 3095 2306; x_wconf 91' lang='lat' dir='ltr'><strong>monet</strong></span> <span class='ocrx_word' id='word_1_377' title='bbox 3120 2250 3219 2316; x_wconf 91' lang='lat' dir='ltr'><strong>ire,</strong></span> <span class='ocrx_word' id='word_1_378' title='bbox 3241 2263 3303 2306; x_wconf 86' lang='lat' dir='ltr'><strong>ut</strong></span> <span class='ocrx_word' id='word_1_379' title='bbox 3329 2252 3551 2308; x_wconf 89' lang='lat' dir='ltr'><strong>ﬁdelem</strong></span> <span class='ocrx_word' id='word_1_380' title='bbox 3577 2255 3816 2308; x_wconf 68' lang='lat' dir='ltr'><strong>anticum.</strong></span> 
     </span>
    </p>
   </div>
   <div class='ocr_carea' id='block_1_55' title="bbox 2239 2331 3816 2415">
    <p class='ocr_par' dir='ltr' id='par_1_55' title="bbox 2239 2331 3816 2415">
     <span class='ocr_line' id='line_1_55' title="bbox 2239 2331 3816 2415; baseline 0.008 -29"><span class='ocrx_word' id='word_1_381' title='bbox 2239 2331 2312 2386; x_wconf 78' lang='lat' dir='ltr'><strong>At</strong></span> <span class='ocrx_word' id='word_1_382' title='bbox 2343 2331 2431 2387; x_wconf 90' lang='lat' dir='ltr'><strong>ille</strong></span> <span class='ocrx_word' id='word_1_383' title='bbox 2469 2332 2703 2389; x_wconf 87' lang='lat' dir='ltr'><strong>libenter</strong></span> <span class='ocrx_word' id='word_1_384' title='bbox 2743 2337 3004 2396; x_wconf 86' lang='lat' dir='ltr'><strong>obediens</strong></span> <span class='ocrx_word' id='word_1_385' title='bbox 3041 2352 3290 2412; x_wconf 80' lang='lat' dir='ltr'><strong>paratum</strong></span> <span class='ocrx_word' id='word_1_386' title='bbox 3331 2358 3395 2399; x_wconf 88' lang='lat' dir='ltr'><strong>se</strong></span> <span class='ocrx_word' id='word_1_387' title='bbox 3433 2347 3748 2415; x_wconf 70' lang='lat' dir='ltr'><strong>respondet,</strong></span> <span class='ocrx_word' id='word_1_388' title='bbox 3772 2355 3816 2398; x_wconf 81' lang='lat' dir='ltr'><strong>et</strong></span> 
     </span>
    </p>
   </div>
   <div class='ocr_carea' id='block_1_56' title="bbox 2236 2424 3816 2495">
    <p class='ocr_par' dir='ltr' id='par_1_56' title="bbox 2236 2424 3816 2495">
     <span class='ocr_line' id='line_1_56' title="bbox 2236 2424 3816 2495; baseline 0.006 -16"><span class='ocrx_word' id='word_1_389' title='bbox 2236 2424 2285 2479; x_wconf 75' lang='lat' dir='ltr'><strong>si</strong></span> <span class='ocrx_word' id='word_1_390' title='bbox 2315 2439 2544 2495; x_wconf 84' lang='lat' dir='ltr'><strong>corpore</strong></span> <span class='ocrx_word' id='word_1_391' title='bbox 2567 2457 2584 2492; x_wconf 89' lang='lat'><strong>,—</strong></span> <span class='ocrx_word' id='word_1_392' title='bbox 2610 2427 2703 2483; x_wconf 92' lang='lat' dir='ltr'><strong>sed</strong></span> <span class='ocrx_word' id='word_1_393' title='bbox 2741 2444 2846 2484; x_wconf 86' lang='lat' dir='ltr'><strong>non</strong></span> <span class='ocrx_word' id='word_1_394' title='bbox 2891 2432 3034 2488; x_wconf 82' lang='lat' dir='ltr'><strong>bona</strong></span> <span class='ocrx_word' id='word_1_395' title='bbox 3073 2433 3352 2491; x_wconf 87' lang='lat' dir='ltr'><strong>voluntate</strong></span> <span class='ocrx_word' id='word_1_396' title='bbox 3399 2436 3687 2492; x_wconf 83' lang='lat' dir='ltr'><strong>deﬁciens.</strong></span> <span class='ocrx_word' id='word_1_397' title='bbox 3727 2436 3816 2490; x_wconf 66' lang='lat' dir='ltr'><strong>Sel</strong></span> 
     </span>
    </p>
   </div>
   <div class='ocr_carea' id='block_1_57' title="bbox 2237 2521 3814 2597">
    <p class='ocr_par' dir='ltr' id='par_1_57' title="bbox 2237 2521 3814 2597">
     <span class='ocr_line' id='line_1_57' title="bbox 2237 2521 3814 2597; baseline 0.001 -19"><span class='ocrx_word' id='word_1_398' title='bbox 2237 2538 2363 2578; x_wconf 88' lang='lat' dir='ltr'><strong>cum</strong></span> <span class='ocrx_word' id='word_1_399' title='bbox 2382 2523 2564 2579; x_wconf 90' lang='lat' dir='ltr'><strong>abbati</strong></span> <span class='ocrx_word' id='word_1_400' title='bbox 2589 2525 2656 2580; x_wconf 88' lang='lat' dir='ltr'><strong>ab</strong></span> <span class='ocrx_word' id='word_1_401' title='bbox 2677 2527 2951 2582; x_wconf 78' lang='lat' dir='ltr'><strong>exteriora</strong></span> <span class='ocrx_word' id='word_1_402' title='bbox 2974 2526 3282 2582; x_wconf 89' lang='lat' dir='ltr'><strong>videntibus</strong></span> <span class='ocrx_word' id='word_1_403' title='bbox 3303 2521 3628 2597; x_wconf 71' lang='lat' dir='ltr'><strong>suggestum</strong></span> <span class='ocrx_word' id='word_1_404' title='bbox 3649 2527 3814 2581; x_wconf 62' lang='lat' dir='ltr'><strong>luis-&#39;1</strong></span> 
     </span>
    </p>
   </div>
   <div class='ocr_carea' id='block_1_58' title="bbox 2237 2615 3811 2690">
    <p class='ocr_par' dir='ltr' id='par_1_58' title="bbox 2237 2615 3811 2690">
     <span class='ocr_line' id='line_1_58' title="bbox 2237 2615 3811 2690; baseline 0.004 -21"><span class='ocrx_word' id='word_1_405' title='bbox 2237 2616 2380 2685; x_wconf 85' lang='lat' dir='ltr'><strong>quod</strong></span> <span class='ocrx_word' id='word_1_406' title='bbox 2407 2615 2595 2685; x_wconf 86' lang='lat' dir='ltr'><strong>juveni</strong></span> <span class='ocrx_word' id='word_1_407' title='bbox 2624 2617 2901 2674; x_wconf 88' lang='lat' dir='ltr'><strong>itineratio</strong></span> <span class='ocrx_word' id='word_1_408' title='bbox 2923 2627 3074 2674; x_wconf 84' lang='lat' dir='ltr'><strong>tanta</strong></span> <span class='ocrx_word' id='word_1_409' title='bbox 3100 2619 3408 2690; x_wconf 81' lang='lat' dir='ltr'><strong>periculosa</strong></span> <span class='ocrx_word' id='word_1_410' title='bbox 3439 2620 3605 2687; x_wconf 86' lang='lat' dir='ltr'><strong>foret,</strong></span> <span class='ocrx_word' id='word_1_411' title='bbox 3635 2623 3811 2676; x_wconf 75' lang='lat' dir='ltr'><strong>iterum</strong></span> 
     </span>
    </p>
   </div>
   <div class='ocr_carea' id='block_1_59' title="bbox 2237 2708 3815 2778">
    <p class='ocr_par' dir='ltr' id='par_1_59' title="bbox 2237 2708 3815 2778">
     <span class='ocr_line' id='line_1_59' title="bbox 2237 2708 3815 2778; baseline 0.004 -18"><span class='ocrx_word' id='word_1_412' title='bbox 2237 2713 2300 2760; x_wconf 90' lang='lat' dir='ltr'><strong>ut</strong></span> <span class='ocrx_word' id='word_1_413' title='bbox 2325 2708 2573 2778; x_wconf 89' lang='lat' dir='ltr'><strong>quiescat</strong></span> <span class='ocrx_word' id='word_1_414' title='bbox 2623 2709 2933 2766; x_wconf 83' lang='lat' dir='ltr'><strong>amabiliter</strong></span> <span class='ocrx_word' id='word_1_415' title='bbox 2979 2718 3185 2766; x_wconf 89' lang='lat' dir='ltr'><strong>monet.</strong></span> <span class='ocrx_word' id='word_1_416' title='bbox 3231 2710 3325 2766; x_wconf 83' lang='lat' dir='ltr'><strong>Ille</strong></span> <span class='ocrx_word' id='word_1_417' title='bbox 3377 2727 3515 2770; x_wconf 79' lang='lat' dir='ltr'><strong>vero</strong></span> <span class='ocrx_word' id='word_1_418' title='bbox 3556 2713 3815 2768; x_wconf 82' lang='lat' dir='ltr'><strong>humiliter</strong></span> 
     </span>
    </p>
   </div>
   <div class='ocr_carea' id='block_1_60' title="bbox 2239 2797 3812 2869">
    <p class='ocr_par' dir='ltr' id='par_1_60' title="bbox 2239 2797 3812 2869">
     <span class='ocr_line' id='line_1_60' title="bbox 2239 2797 3812 2869; baseline 0.004 -17"><span class='ocrx_word' id='word_1_419' title='bbox 2239 2803 2383 2852; x_wconf 87' lang='lat' dir='ltr'><strong>totus</strong></span> <span class='ocrx_word' id='word_1_420' title='bbox 2417 2797 2670 2866; x_wconf 89' lang='lat' dir='ltr'><strong>obsistit,</strong></span> <span class='ocrx_word' id='word_1_421' title='bbox 2700 2814 2764 2854; x_wconf 90' lang='lat' dir='ltr'><strong>ea</strong></span> <span class='ocrx_word' id='word_1_422' title='bbox 2803 2809 3015 2856; x_wconf 90' lang='lat' dir='ltr'><strong>tantum</strong></span> <span class='ocrx_word' id='word_1_423' title='bbox 3046 2800 3350 2857; x_wconf 88' lang='lat' dir='ltr'><strong>intentione</strong></span> <span class='ocrx_word' id='word_1_424' title='bbox 3379 2810 3461 2869; x_wconf 88' lang='lat' dir='ltr'><strong>ut,</strong></span> <span class='ocrx_word' id='word_1_425' title='bbox 3497 2804 3546 2859; x_wconf 88' lang='lat' dir='ltr'><strong>si</strong></span> <span class='ocrx_word' id='word_1_426' title='bbox 3579 2805 3812 2859; x_wconf 71' lang='lat' dir='ltr'><strong>humanis</strong></span> 
     </span>
    </p>
   </div>
   <div class='ocr_carea' id='block_1_61' title="bbox 2237 2888 3813 2962">
    <p class='ocr_par' dir='ltr' id='par_1_61' title="bbox 2237 2888 3813 2962">
     <span class='ocr_line' id='line_1_61' title="bbox 2237 2888 3813 2962; baseline 0.004 -20"><span class='ocrx_word' id='word_1_427' title='bbox 2237 2888 2562 2956; x_wconf 87' lang='lat' dir='ltr'><strong>decederet,</strong></span> <span class='ocrx_word' id='word_1_428' title='bbox 2595 2889 2737 2945; x_wconf 87' lang='lat' dir='ltr'><strong>Deus</strong></span> <span class='ocrx_word' id='word_1_429' title='bbox 2769 2890 3123 2948; x_wconf 80' lang='lat' dir='ltr'><strong>misereretur</strong></span> <span class='ocrx_word' id='word_1_430' title='bbox 3148 2892 3268 2962; x_wconf 87' lang='lat' dir='ltr'><strong>ejus</strong></span> <span class='ocrx_word' id='word_1_431' title='bbox 3297 2893 3526 2960; x_wconf 65' lang='lat' dir='ltr'><strong>anima;</strong></span> <span class='ocrx_word' id='word_1_432' title='bbox 3567 2895 3616 2950; x_wconf 80' lang='lat' dir='ltr'><strong>si</strong></span> <span class='ocrx_word' id='word_1_433' title='bbox 3651 2905 3813 2949; x_wconf 72' lang='lat' dir='ltr'><strong>autem</strong></span> 
     </span>
    </p>
   </div>
   <div class='ocr_carea' id='block_1_62' title="bbox 2236 2979 3810 3053">
    <p class='ocr_par' dir='ltr' id='par_1_62' title="bbox 2236 2979 3810 3053">
     <span class='ocr_line' id='line_1_62' title="bbox 2236 2979 3810 3053; baseline 0.003 -20"><span class='ocrx_word' id='word_1_434' title='bbox 2236 2979 2334 3034; x_wconf 92' lang='lat' dir='ltr'><strong>Dei</strong></span> <span class='ocrx_word' id='word_1_435' title='bbox 2374 2979 2664 3036; x_wconf 90' lang='lat' dir='ltr'><strong>clementia</strong></span> <span class='ocrx_word' id='word_1_436' title='bbox 2703 2981 2932 3036; x_wconf 81' lang='lat' dir='ltr'><strong>Romam</strong></span> <span class='ocrx_word' id='word_1_437' title='bbox 2973 2983 3312 3053; x_wconf 84' lang='lat' dir='ltr'><strong>perveniret,</strong></span> <span class='ocrx_word' id='word_1_438' title='bbox 3345 2999 3378 3039; x_wconf 87' lang='lat' dir='ltr'><strong>a</strong></span> <span class='ocrx_word' id='word_1_439' title='bbox 3418 2992 3616 3040; x_wconf 87' lang='lat' dir='ltr'><strong>sancto</strong></span> <span class='ocrx_word' id='word_1_440' title='bbox 3649 2985 3810 3052; x_wconf 80' lang='lat' dir='ltr'><strong>Petro,</strong></span> 
     </span>
    </p>
   </div>
   <div class='ocr_carea' id='block_1_63' title="bbox 549 3048 3860 3148">
    <p class='ocr_par' dir='ltr' id='par_1_63' title="bbox 549 3048 3860 3148">
     <span class='ocr_line' id='line_1_63' title="bbox 549 3048 3860 3148; baseline 0.005 -34"><span class='ocrx_word' id='word_1_441' title='bbox 549 3048 818 3128; x_wconf 73' lang='lat' dir='ltr'><strong>liarilule.</strong></span> <span class='ocrx_word' id='word_1_442' title='bbox 870 3068 930 3113; x_wconf 86' lang='grc' dir='ltr'>υι</span> <span class='ocrx_word' id='word_1_443' title='bbox 985 3060 1090 3116; x_wconf 87' lang='lat' dir='ltr'><strong>sibi</strong></span> <span class='ocrx_word' id='word_1_444' title='bbox 1137 3076 1488 3144; x_wconf 77' lang='lat' dir='ltr'><strong>succurreret</strong></span> <span class='ocrx_word' id='word_1_445' title='bbox 1538 3067 1594 3123; x_wconf 88' lang='lat' dir='ltr'><strong>in</strong></span> <span class='ocrx_word' id='word_1_446' title='bbox 1643 3069 1748 3132; x_wconf 87' lang='lat' dir='ltr'><strong>hoc</strong></span> <span class='ocrx_word' id='word_1_447' title='bbox 1803 3073 2133 3143; x_wconf 76' lang='lat' dir='ltr'><strong>praejudicio,</strong></span> <span class='ocrx_word' id='word_1_448' title='bbox 2164 3061 2206 3120; x_wconf 89' lang='lat' dir='ltr'><strong>C</strong></span> <span class='ocrx_word' id='word_1_449' title='bbox 2240 3066 2393 3136; x_wconf 90' lang='lat' dir='ltr'><strong>cujus</strong></span> <span class='ocrx_word' id='word_1_450' title='bbox 2444 3079 2562 3124; x_wconf 87' lang='lat' dir='ltr'><strong>erat</strong></span> <span class='ocrx_word' id='word_1_451' title='bbox 2614 3084 2836 3137; x_wconf 90' lang='lat' dir='ltr'><strong>servus,</strong></span> <span class='ocrx_word' id='word_1_452' title='bbox 2874 3072 3307 3130; x_wconf 88' lang='lat' dir='ltr'><strong>misericordiam</strong></span> <span class='ocrx_word' id='word_1_453' title='bbox 3346 3075 3604 3132; x_wconf 87' lang='lat' dir='ltr'><strong>sanitatis</strong></span> <span class='ocrx_word' id='word_1_454' title='bbox 3643 3076 3813 3147; x_wconf 76' lang='lat' dir='ltr'><strong>impio-</strong></span> <span class='ocrx_word' id='word_1_455' title='bbox 3856 3143 3860 3148; x_wconf 90' lang='lat'><strong><em>_</em></strong></span> 
     </span>
    </p>
   </div>
   <div class='ocr_carea' id='block_1_64' title="bbox 550 3144 2134 3235">
    <p class='ocr_par' dir='ltr' id='par_1_64' title="bbox 550 3144 2134 3235">
     <span class='ocr_line' id='line_1_64' title="bbox 550 3144 2134 3235; baseline 0.017 -38"><span class='ocrx_word' id='word_1_456' title='bbox 550 3144 909 3219; x_wconf 76' lang='lat' dir='ltr'><strong>itemanserat</strong></span> <span class='ocrx_word' id='word_1_457' title='bbox 967 3150 1239 3221; x_wconf 66' lang='lat' dir='ltr'><strong>siquidem</strong></span> <span class='ocrx_word' id='word_1_458' title='bbox 1296 3156 1352 3210; x_wconf 91' lang='lat' dir='ltr'><strong>in</strong></span> <span class='ocrx_word' id='word_1_459' title='bbox 1390 3157 1594 3227; x_wconf 81' lang='lat' dir='ltr'><strong>juvene</strong></span> <span class='ocrx_word' id='word_1_460' title='bbox 1642 3163 1864 3230; x_wconf 86' lang='lat' dir='ltr'><strong>quidam</strong></span> <span class='ocrx_word' id='word_1_461' title='bbox 1912 3168 2134 3235; x_wconf 88' lang='lat' dir='ltr'><strong>pudoris</strong></span> 
     </span>
    </p>
   </div>
   <div class='ocr_carea' id='block_1_65' title="bbox 541 3243 2134 3326">
    <p class='ocr_par' dir='ltr' id='par_1_65' title="bbox 541 3243 2134 3326">
     <span class='ocr_line' id='line_1_65' title="bbox 541 3243 2134 3326; baseline 0.016 -40"><span class='ocrx_word' id='word_1_462' title='bbox 541 3243 848 3302; x_wconf 83' lang='lat' dir='ltr'><strong>respectus,</strong></span> <span class='ocrx_word' id='word_1_463' title='bbox 880 3252 1006 3292; x_wconf 87' lang='lat' dir='ltr'><strong>eum</strong></span> <span class='ocrx_word' id='word_1_464' title='bbox 1037 3250 1235 3297; x_wconf 68' lang='lat' dir='ltr'><strong>cratera</strong></span> <span class='ocrx_word' id='word_1_465' title='bbox 1271 3246 1454 3299; x_wconf 87' lang='lat' dir='ltr'><strong>omnia</strong></span> <span class='ocrx_word' id='word_1_466' title='bbox 1484 3247 1719 3302; x_wconf 89' lang='lat' dir='ltr'><strong>laterent</strong></span> <span class='ocrx_word' id='word_1_467' title='bbox 1741 3290 1755 3316; x_wconf 92' lang='lat'><strong>,</strong></span> <span class='ocrx_word' id='word_1_468' title='bbox 1785 3262 1985 3319; x_wconf 61' lang='lat' dir='ltr'><strong>praeter</strong></span> <span class='ocrx_word' id='word_1_469' title='bbox 2013 3271 2134 3326; x_wconf 74' lang='lat' dir='ltr'><strong>quaI</strong></span> 
     </span>
    </p>
   </div>
   <div class='ocr_carea' id='block_1_66' title="bbox 543 3321 2133 3416">
    <p class='ocr_par' dir='ltr' id='par_1_66' title="bbox 543 3321 2133 3416">
     <span class='ocr_line' id='line_1_66' title="bbox 543 3321 2133 3416; baseline 0.019 -41"><span class='ocrx_word' id='word_1_470' title='bbox 543 3321 898 3391; x_wconf 85' lang='lat' dir='ltr'><strong>portendebat</strong></span> <span class='ocrx_word' id='word_1_471' title='bbox 928 3324 1155 3386; x_wconf 84' lang='lat' dir='ltr'><strong>sull&#39;usio</strong></span> <span class='ocrx_word' id='word_1_472' title='bbox 1184 3333 1468 3390; x_wconf 90' lang='lat' dir='ltr'><strong>oculorum</strong></span> <span class='ocrx_word' id='word_1_473' title='bbox 1518 3347 1573 3392; x_wconf 91' lang='lat' dir='ltr'><strong>et</strong></span> <span class='ocrx_word' id='word_1_474' title='bbox 1600 3355 1803 3396; x_wconf 82' lang='lat' dir='ltr'><strong>mceror</strong></span> <span class='ocrx_word' id='word_1_475' title='bbox 1825 3343 2133 3416; x_wconf 79' lang='lat' dir='ltr'><strong>languentis</strong></span> 
     </span>
    </p>
   </div>
   <div class='ocr_carea' id='block_1_67' title="bbox 543 3415 2128 3494">
    <p class='ocr_par' dir='ltr' id='par_1_67' title="bbox 543 3415 2128 3494">
     <span class='ocr_line' id='line_1_67' title="bbox 543 3415 2128 3494; baseline 0.018 -27"><span class='ocrx_word' id='word_1_476' title='bbox 543 3415 751 3472; x_wconf 85' lang='lat' dir='ltr'><strong>vultus.</strong></span> <span class='ocrx_word' id='word_1_477' title='bbox 778 3418 1045 3476; x_wconf 84' lang='lat' dir='ltr'><strong>Omnibus</strong></span> <span class='ocrx_word' id='word_1_478' title='bbox 1075 3424 1220 3479; x_wconf 89' lang='lat' dir='ltr'><strong>enim</strong></span> <span class='ocrx_word' id='word_1_479' title='bbox 1252 3425 1527 3485; x_wconf 87' lang='lat' dir='ltr'><strong>devitabat</strong></span> <span class='ocrx_word' id='word_1_480' title='bbox 1555 3415 1943 3492; x_wconf 82' lang='lat' dir='ltr'><strong>conscientiam</strong></span> <span class='ocrx_word' id='word_1_481' title='bbox 1975 3454 2128 3494; x_wconf 88' lang='lat' dir='ltr'><strong>suam</strong></span> 
     </span>
    </p>
   </div>
   <div class='ocr_carea' id='block_1_68' title="bbox 545 3507 2134 3601">
    <p class='ocr_par' dir='ltr' id='par_1_68' title="bbox 545 3507 2134 3601">
     <span class='ocr_line' id='line_1_68' title="bbox 545 3507 2134 3601; baseline 0.017 -39"><span class='ocrx_word' id='word_1_482' title='bbox 545 3507 846 3580; x_wconf 83' lang='lat' dir='ltr'><strong>insinuare,</strong></span> <span class='ocrx_word' id='word_1_483' title='bbox 877 3528 944 3568; x_wconf 87' lang='lat' dir='ltr'><strong>ne</strong></span> <span class='ocrx_word' id='word_1_484' title='bbox 976 3515 1192 3571; x_wconf 85' lang='lat' dir='ltr'><strong>mollior</strong></span> <span class='ocrx_word' id='word_1_485' title='bbox 1214 3516 1338 3590; x_wconf 84' lang='lat' dir='ltr'><strong>[al.,</strong></span> <span class='ocrx_word' id='word_1_486' title='bbox 1369 3521 1580 3590; x_wconf 87' lang='lat' dir='ltr'><strong>melior,</strong></span> <span class='ocrx_word' id='word_1_487' title='bbox 1638 3542 1731 3580; x_wconf 76' lang='lat' dir='ltr'><strong>seu</strong></span> <span class='ocrx_word' id='word_1_488' title='bbox 1766 3527 1944 3601; x_wconf 88' lang='lat' dir='ltr'><strong>vilior]</strong></span> <span class='ocrx_word' id='word_1_489' title='bbox 1979 3530 2134 3588; x_wconf 88' lang='lat' dir='ltr'><strong>ﬁeret</strong></span> 
     </span>
    </p>
   </div>
   <div class='ocr_carea' id='block_1_69' title="bbox 545 3599 2133 3695">
    <p class='ocr_par' dir='ltr' id='par_1_69' title="bbox 545 3599 2133 3695">
     <span class='ocr_line' id='line_1_69' title="bbox 545 3599 2133 3695; baseline 0.016 -42"><span class='ocrx_word' id='word_1_490' title='bbox 545 3599 662 3667; x_wconf 82' lang='lat' dir='ltr'><strong>ipsa</strong></span> <span class='ocrx_word' id='word_1_491' title='bbox 697 3601 1034 3660; x_wconf 82' lang='lat' dir='ltr'><strong>inﬁrmitatis</strong></span> <span class='ocrx_word' id='word_1_492' title='bbox 1075 3608 1382 3666; x_wconf 80' lang='lat' dir='ltr'><strong>devotione.</strong></span> <span class='ocrx_word' id='word_1_493' title='bbox 1417 3614 1555 3681; x_wconf 85' lang='lat' dir='ltr'><strong>Quid</strong></span> <span class='ocrx_word' id='word_1_494' title='bbox 1595 3630 1726 3688; x_wconf 86' lang='lat' dir='ltr'><strong>ergo</strong></span> <span class='ocrx_word' id='word_1_495' title='bbox 1764 3599 1990 3690; x_wconf 82' lang='lat' dir='ltr'><strong>faceret,</strong></span> <span class='ocrx_word' id='word_1_496' title='bbox 2024 3639 2133 3695; x_wconf 90' lang='lat' dir='ltr'><strong>quo</strong></span> 
     </span>
    </p>
   </div>
   <div class='ocr_carea' id='block_1_70' title="bbox 543 3694 2130 3778">
    <p class='ocr_par' dir='ltr' id='par_1_70' title="bbox 543 3694 2130 3778">
     <span class='ocr_line' id='line_1_70' title="bbox 543 3694 2130 3778; baseline 0.018 -35"><span class='ocrx_word' id='word_1_497' title='bbox 543 3703 604 3744; x_wconf 86' lang='lat' dir='ltr'><strong>se</strong></span> <span class='ocrx_word' id='word_1_498' title='bbox 631 3701 868 3750; x_wconf 82' lang='lat' dir='ltr'><strong>verteret</strong></span> <span class='ocrx_word' id='word_1_499' title='bbox 891 3694 911 3749; x_wconf 74' lang='lat'><strong>.7</strong></span> <span class='ocrx_word' id='word_1_500' title='bbox 935 3706 1055 3752; x_wconf 93' lang='lat' dir='ltr'><strong>erat</strong></span> <span class='ocrx_word' id='word_1_501' title='bbox 1077 3699 1354 3766; x_wconf 83' lang='lat' dir='ltr'><strong>miseriam</strong></span> <span class='ocrx_word' id='word_1_502' title='bbox 1377 3712 1433 3758; x_wconf 86' lang='lat' dir='ltr'><strong>et</strong></span> <span class='ocrx_word' id='word_1_503' title='bbox 1452 3705 1694 3763; x_wconf 89' lang='lat' dir='ltr'><strong>dolorem</strong></span> <span class='ocrx_word' id='word_1_504' title='bbox 1717 3709 1925 3778; x_wconf 90' lang='lat' dir='ltr'><strong>videre,</strong></span> <span class='ocrx_word' id='word_1_505' title='bbox 1943 3694 2130 3770; x_wconf 85' lang='lat' dir='ltr'><strong>florem</strong></span> 
     </span>
    </p>
   </div>
   <div class='ocr_carea' id='block_1_71' title="bbox 541 3782 2132 3871">
    <p class='ocr_par' dir='ltr' id='par_1_71' title="bbox 541 3782 2132 3871">
     <span class='ocr_line' id='line_1_71' title="bbox 541 3782 2132 3871; baseline 0.016 -36"><span class='ocrx_word' id='word_1_506' title='bbox 541 3782 759 3838; x_wconf 85' lang='lat' dir='ltr'><strong>scilicet</strong></span> <span class='ocrx_word' id='word_1_507' title='bbox 809 3785 1000 3855; x_wconf 66' lang='lat' dir='ltr'><strong>prima:</strong></span> <span class='ocrx_word' id='word_1_508' title='bbox 1048 3789 1354 3859; x_wconf 85' lang='lat' dir='ltr'><strong>juventutis</strong></span> <span class='ocrx_word' id='word_1_509' title='bbox 1405 3810 1512 3850; x_wconf 92' lang='lat' dir='ltr'><strong>non</strong></span> <span class='ocrx_word' id='word_1_510' title='bbox 1560 3797 1680 3853; x_wconf 89' lang='lat' dir='ltr'><strong>sine</strong></span> <span class='ocrx_word' id='word_1_511' title='bbox 1728 3802 1879 3871; x_wconf 80' lang='lat' dir='ltr'><strong>gravi</strong></span> <span class='ocrx_word' id='word_1_512' title='bbox 1933 3804 2132 3860; x_wconf 91' lang='lat' dir='ltr'><strong>damno</strong></span> 
     </span>
    </p>
   </div>
   <div class='ocr_carea' id='block_1_72' title="bbox 540 3879 2131 3968">
    <p class='ocr_par' dir='ltr' id='par_1_72' title="bbox 540 3879 2131 3968">
     <span class='ocr_line' id='line_1_72' title="bbox 540 3879 2131 3968; baseline 0.017 -41"><span class='ocrx_word' id='word_1_513' title='bbox 540 3889 903 3933; x_wconf 80' lang='lat' dir='ltr'><strong>marcescere.</strong></span> <span class='ocrx_word' id='word_1_514' title='bbox 952 3879 1008 3935; x_wconf 87' lang='lat' dir='ltr'><strong>Si</strong></span> <span class='ocrx_word' id='word_1_515' title='bbox 1053 3883 1177 3952; x_wconf 86' lang='lat' dir='ltr'><strong>quis</strong></span> <span class='ocrx_word' id='word_1_516' title='bbox 1218 3887 1364 3940; x_wconf 90' lang='lat' dir='ltr'><strong>enim</strong></span> <span class='ocrx_word' id='word_1_517' title='bbox 1399 3888 1608 3945; x_wconf 88' lang='lat' dir='ltr'><strong>videret</strong></span> <span class='ocrx_word' id='word_1_518' title='bbox 1648 3893 1836 3950; x_wconf 89' lang='lat' dir='ltr'><strong>oculos</strong></span> <span class='ocrx_word' id='word_1_519' title='bbox 1874 3894 2131 3968; x_wconf 80' lang='lat' dir='ltr'><strong>lacrymis</strong></span> 
     </span>
    </p>
   </div>
   <div class='ocr_carea' id='block_1_73' title="bbox 538 3966 2132 4052">
    <p class='ocr_par' dir='ltr' id='par_1_73' title="bbox 538 3966 2132 4052">
     <span class='ocr_line' id='line_1_73' title="bbox 538 3966 2132 4052; baseline 0.016 -31"><span class='ocrx_word' id='word_1_520' title='bbox 538 3966 774 4025; x_wconf 72' lang='lat' dir='ltr'><strong>snﬁ‘usos</strong></span> <span class='ocrx_word' id='word_1_521' title='bbox 815 3970 956 4043; x_wconf 62' lang='lat' dir='ltr'><strong>{com</strong></span> <span class='ocrx_word' id='word_1_522' title='bbox 1000 3975 1049 4040; x_wconf 81' lang='lat' dir='ltr'><strong>l,</strong></span> <span class='ocrx_word' id='word_1_523' title='bbox 1090 3976 1396 4052; x_wconf 85' lang='lat' dir='ltr'><strong>sull&#39;ossos],</strong></span> <span class='ocrx_word' id='word_1_524' title='bbox 1426 3991 1481 4037; x_wconf 92' lang='lat' dir='ltr'><strong>et</strong></span> <span class='ocrx_word' id='word_1_525' title='bbox 1509 3984 1715 4041; x_wconf 76' lang='lat' dir='ltr'><strong>vultum</strong></span> <span class='ocrx_word' id='word_1_526' title='bbox 1755 3987 1986 4044; x_wconf 87' lang='lat' dir='ltr'><strong>dolentis</strong></span> <span class='ocrx_word' id='word_1_527' title='bbox 2015 4007 2132 4046; x_wconf 91' lang='lat' dir='ltr'><strong>mu-</strong></span> 
     </span>
    </p>
   </div>
   <div class='ocr_carea' id='block_1_74' title="bbox 543 4062 2130 4151">
    <p class='ocr_par' dir='ltr' id='par_1_74' title="bbox 543 4062 2130 4151">
     <span class='ocr_line' id='line_1_74' title="bbox 543 4062 2130 4151; baseline 0.015 -37"><span class='ocrx_word' id='word_1_528' title='bbox 543 4067 750 4116; x_wconf 85' lang='lat' dir='ltr'><strong>tantem</strong></span> <span class='ocrx_word' id='word_1_529' title='bbox 784 4062 994 4120; x_wconf 86' lang='lat' dir='ltr'><strong>colores</strong></span> <span class='ocrx_word' id='word_1_530' title='bbox 1018 4067 1220 4135; x_wconf 89' lang='lat' dir='ltr'><strong>varios,</strong></span> <span class='ocrx_word' id='word_1_531' title='bbox 1247 4085 1354 4124; x_wconf 91' lang='lat' dir='ltr'><strong>non</strong></span> <span class='ocrx_word' id='word_1_532' title='bbox 1380 4071 1457 4126; x_wconf 92' lang='lat' dir='ltr'><strong>illi</strong></span> <span class='ocrx_word' id='word_1_533' title='bbox 1489 4075 1711 4133; x_wconf 90' lang='lat' dir='ltr'><strong>dubium</strong></span> <span class='ocrx_word' id='word_1_534' title='bbox 1758 4087 1899 4135; x_wconf 89' lang='lat' dir='ltr'><strong>esset</strong></span> <span class='ocrx_word' id='word_1_535' title='bbox 1926 4092 2130 4151; x_wconf 86' lang='lat' dir='ltr'><strong>quanta</strong></span> 
     </span>
    </p>
   </div>
   <div class='ocr_carea' id='block_1_75' title="bbox 539 4155 1842 4224">
    <p class='ocr_par' dir='ltr' id='par_1_75' title="bbox 539 4155 1842 4224">
     <span class='ocr_line' id='line_1_75' title="bbox 539 4155 1842 4224; baseline 0.013 -17"><span class='ocrx_word' id='word_1_536' title='bbox 539 4155 791 4224; x_wconf 72' lang='lat' dir='ltr'><strong>aiigustia</strong></span> <span class='ocrx_word' id='word_1_537' title='bbox 823 4165 880 4210; x_wconf 91' lang='lat' dir='ltr'><strong>et</strong></span> <span class='ocrx_word' id='word_1_538' title='bbox 911 4157 1133 4213; x_wconf 87' lang='lat' dir='ltr'><strong>tristitia</strong></span> <span class='ocrx_word' id='word_1_539' title='bbox 1168 4174 1292 4216; x_wconf 91' lang='lat' dir='ltr'><strong>eum</strong></span> <span class='ocrx_word' id='word_1_540' title='bbox 1324 4161 1554 4222; x_wconf 89' lang='lat' dir='ltr'><strong>interius</strong></span> <span class='ocrx_word' id='word_1_541' title='bbox 1576 4167 1842 4224; x_wconf 88' lang='lat' dir='ltr'><strong>turbaret.</strong></span> 
     </span>
    </p>
   </div>
   <div class='ocr_carea' id='block_1_76' title="bbox 611 4246 2129 4319">
    <p class='ocr_par' dir='ltr' id='par_1_76' title="bbox 611 4246 2129 4319">
     <span class='ocr_line' id='line_1_76' title="bbox 611 4246 2129 4319; baseline 0.014 -22"><span class='ocrx_word' id='word_1_542' title='bbox 611 4246 666 4298; x_wconf 86' lang='lat'><strong>6.</strong></span> <span class='ocrx_word' id='word_1_543' title='bbox 706 4247 788 4300; x_wconf 82' lang='lat' dir='ltr'><strong>Ad</strong></span> <span class='ocrx_word' id='word_1_544' title='bbox 829 4248 1058 4303; x_wconf 71' lang='lat' dir='ltr'><strong>medicos</strong></span> <span class='ocrx_word' id='word_1_545' title='bbox 1109 4250 1308 4319; x_wconf 74' lang='lat' dir='ltr'><strong>{rustra</strong></span> <span class='ocrx_word' id='word_1_546' title='bbox 1344 4256 1591 4311; x_wconf 79' lang='lat' dir='ltr'><strong>recurrit.</strong></span> <span class='ocrx_word' id='word_1_547' title='bbox 1630 4258 1673 4312; x_wconf 83' lang='lat' dir='ltr'><strong><em>A</em></strong></span> <span class='ocrx_word' id='word_1_548' title='bbox 1718 4258 1829 4314; x_wconf 86' lang='lat' dir='ltr'><strong>Deo</strong></span> <span class='ocrx_word' id='word_1_549' title='bbox 1877 4263 2129 4318; x_wconf 74' lang='lat' dir='ltr'><strong>medelam</strong></span> 
     </span>
    </p>
   </div>
   <div class='ocr_carea' id='block_1_77' title="bbox 538 4339 2122 4420">
    <p class='ocr_par' dir='ltr' id='par_1_77' title="bbox 538 4339 2122 4420">
     <span class='ocr_line' id='line_1_77' title="bbox 538 4339 2122 4420; baseline 0.011 -30"><span class='ocrx_word' id='word_1_550' title='bbox 538 4346 826 4404; x_wconf 70' lang='lat' dir='ltr'><strong>exspectat.</strong></span> <span class='ocrx_word' id='word_1_551' title='bbox 868 4366 941 4378; x_wconf 90' lang='lat'><strong>-—</strong></span> <span class='ocrx_word' id='word_1_552' title='bbox 976 4339 1218 4396; x_wconf 88' lang='lat' dir='ltr'><strong>Tandem</strong></span> <span class='ocrx_word' id='word_1_553' title='bbox 1268 4356 1376 4398; x_wconf 88' lang='lat' dir='ltr'><strong>non</strong></span> <span class='ocrx_word' id='word_1_554' title='bbox 1427 4345 1615 4402; x_wconf 88' lang='lat' dir='ltr'><strong>valens</strong></span> <span class='ocrx_word' id='word_1_555' title='bbox 1661 4349 1891 4418; x_wconf 89' lang='lat' dir='ltr'><strong>amplius</strong></span> <span class='ocrx_word' id='word_1_556' title='bbox 1943 4351 2122 4420; x_wconf 89' lang='lat' dir='ltr'><strong>ferre,</strong></span> 
     </span>
    </p>
   </div>
   <div class='ocr_carea' id='block_1_78' title="bbox 2234 3161 3810 3233">
    <p class='ocr_par' dir='ltr' id='par_1_78' title="bbox 2234 3161 3810 3233">
     <span class='ocr_line' id='line_1_78' title="bbox 2234 3161 3810 3233; baseline 0.004 -19"><span class='ocrx_word' id='word_1_557' title='bbox 2234 3169 2401 3215; x_wconf 88' lang='lat' dir='ltr'><strong>raret.</strong></span> <span class='ocrx_word' id='word_1_558' title='bbox 2443 3161 2582 3228; x_wconf 81' lang='lat' dir='ltr'><strong>Quid</strong></span> <span class='ocrx_word' id='word_1_559' title='bbox 2619 3177 2751 3233; x_wconf 85' lang='lat' dir='ltr'><strong>ergo</strong></span> <span class='ocrx_word' id='word_1_560' title='bbox 2781 3163 2804 3216; x_wconf 77' lang='grc' dir='ltr'><em>ἳ</em></span> <span class='ocrx_word' id='word_1_561' title='bbox 2838 3163 2970 3220; x_wconf 89' lang='lat' dir='ltr'><strong>vicit</strong></span> <span class='ocrx_word' id='word_1_562' title='bbox 3006 3164 3284 3220; x_wconf 89' lang='lat' dir='ltr'><strong>humilitas</strong></span> <span class='ocrx_word' id='word_1_563' title='bbox 3318 3166 3372 3220; x_wconf 91' lang='lat' dir='ltr'><strong>in</strong></span> <span class='ocrx_word' id='word_1_564' title='bbox 3415 3167 3559 3232; x_wconf 89' lang='lat' dir='ltr'><strong>isto,</strong></span> <span class='ocrx_word' id='word_1_565' title='bbox 3589 3168 3810 3223; x_wconf 75' lang='lat' dir='ltr'><strong>amicitia</strong></span> 
     </span>
    </p>
   </div>
   <div class='ocr_carea' id='block_1_79' title="bbox 2233 3249 3812 3328">
    <p class='ocr_par' dir='ltr' id='par_1_79' title="bbox 2233 3249 3812 3328">
     <span class='ocr_line' id='line_1_79' title="bbox 2233 3249 3812 3328; baseline 0.003 -23"><span class='ocrx_word' id='word_1_566' title='bbox 2233 3250 2289 3305; x_wconf 88' lang='lat' dir='ltr'><strong>in</strong></span> <span class='ocrx_word' id='word_1_567' title='bbox 2333 3249 2454 3316; x_wconf 88' lang='lat' dir='ltr'><strong>illo;</strong></span> <span class='ocrx_word' id='word_1_568' title='bbox 2495 3255 2772 3321; x_wconf 63' lang='lat' dir='ltr'><strong>praedatur</strong></span> <span class='ocrx_word' id='word_1_569' title='bbox 2815 3253 3042 3320; x_wconf 90' lang='lat' dir='ltr'><strong>amicos,</strong></span> <span class='ocrx_word' id='word_1_570' title='bbox 3083 3253 3272 3323; x_wconf 80' lang='lat' dir='ltr'><strong>diripit</strong></span> <span class='ocrx_word' id='word_1_571' title='bbox 3310 3256 3380 3310; x_wconf 89' lang='lat' dir='ltr'><strong>ab</strong></span> <span class='ocrx_word' id='word_1_572' title='bbox 3417 3256 3502 3311; x_wconf 86' lang='lat' dir='ltr'><strong>eis</strong></span> <span class='ocrx_word' id='word_1_573' title='bbox 3543 3258 3812 3328; x_wconf 79' lang='lat' dir='ltr'><strong>diligenter</strong></span> 
     </span>
    </p>
   </div>
   <div class='ocr_carea' id='block_1_80' title="bbox 2233 3343 3808 3420">
    <p class='ocr_par' dir='ltr' id='par_1_80' title="bbox 2233 3343 3808 3420">
     <span class='ocr_line' id='line_1_80' title="bbox 2233 3343 3808 3420; baseline 0.003 -23"><span class='ocrx_word' id='word_1_574' title='bbox 2233 3360 2512 3411; x_wconf 90' lang='lat' dir='ltr'><strong>nummos,</strong></span> <span class='ocrx_word' id='word_1_575' title='bbox 2541 3343 2610 3399; x_wconf 92' lang='lat' dir='ltr'><strong>de</strong></span> <span class='ocrx_word' id='word_1_576' title='bbox 2639 3346 2836 3414; x_wconf 88' lang='lat' dir='ltr'><strong>quibus</strong></span> <span class='ocrx_word' id='word_1_577' title='bbox 2858 3361 2956 3417; x_wconf 92' lang='lat' dir='ltr'><strong>per</strong></span> <span class='ocrx_word' id='word_1_578' title='bbox 2997 3347 3140 3402; x_wconf 87' lang='lat' dir='ltr'><strong>viam</strong></span> <span class='ocrx_word' id='word_1_579' title='bbox 3181 3346 3387 3404; x_wconf 90' lang='lat' dir='ltr'><strong>relevet</strong></span> <span class='ocrx_word' id='word_1_580' title='bbox 3416 3349 3722 3420; x_wconf 79' lang='lat' dir='ltr'><strong>aporiates.</strong></span> <span class='ocrx_word' id='word_1_581' title='bbox 3748 3349 3808 3403; x_wconf 81' lang='lat' dir='ltr'><strong>ita</strong></span> 
     </span>
    </p>
   </div>
   <div class='ocr_carea' id='block_1_81' title="bbox 2234 3437 3809 3514">
    <p class='ocr_par' dir='ltr' id='par_1_81' title="bbox 2234 3437 3809 3514">
     <span class='ocr_line' id='line_1_81' title="bbox 2234 3437 3809 3514; baseline 0.001 -23"><span class='ocrx_word' id='word_1_582' title='bbox 2234 3437 2376 3492; x_wconf 90' lang='lat' dir='ltr'><strong>viam</strong></span> <span class='ocrx_word' id='word_1_583' title='bbox 2421 3437 2746 3504; x_wconf 75' lang='lat' dir='ltr'><strong>ingreditur,</strong></span> <span class='ocrx_word' id='word_1_584' title='bbox 2781 3449 2840 3494; x_wconf 90' lang='lat' dir='ltr'><strong>et</strong></span> <span class='ocrx_word' id='word_1_585' title='bbox 2878 3440 3023 3510; x_wconf 90' lang='lat' dir='ltr'><strong>quod</strong></span> <span class='ocrx_word' id='word_1_586' title='bbox 3064 3440 3389 3497; x_wconf 80' lang='lat' dir='ltr'><strong>sanissimus</strong></span> <span class='ocrx_word' id='word_1_587' title='bbox 3427 3442 3707 3514; x_wconf 79' lang='lat' dir='ltr'><strong>quispiam</strong></span> <span class='ocrx_word' id='word_1_588' title='bbox 3738 3443 3809 3494; x_wconf 77' lang='lat' dir='ltr'><strong>vix</strong></span> 
     </span>
    </p>
   </div>
   <div class='ocr_carea' id='block_1_82' title="bbox 2233 3529 3809 3605">
    <p class='ocr_par' dir='ltr' id='par_1_82' title="bbox 2233 3529 3809 3605">
     <span class='ocr_line' id='line_1_82' title="bbox 2233 3529 3809 3605; baseline 0.001 -23"><span class='ocrx_word' id='word_1_589' title='bbox 2233 3529 2460 3596; x_wconf 89' lang='lat' dir='ltr'><strong>valeret,</strong></span> <span class='ocrx_word' id='word_1_590' title='bbox 2503 3529 2753 3586; x_wconf 90' lang='lat' dir='ltr'><strong>inﬁrmus</strong></span> <span class='ocrx_word' id='word_1_591' title='bbox 2799 3531 3147 3603; x_wconf 77' lang='lat' dir='ltr'><strong>aggreditur,</strong></span> <span class='ocrx_word' id='word_1_592' title='bbox 3176 3531 3390 3587; x_wconf 86' lang='lat' dir='ltr'><strong>laborat</strong></span> <span class='ocrx_word' id='word_1_593' title='bbox 3425 3534 3616 3589; x_wconf 86' lang='lat' dir='ltr'><strong>dolore</strong></span> <span class='ocrx_word' id='word_1_594' title='bbox 3647 3535 3809 3605; x_wconf 66' lang='lat' dir='ltr'><strong>plagi-</strong></span> 
     </span>
    </p>
   </div>
   <div class='ocr_carea' id='block_1_83' title="bbox 2232 3618 3810 3692">
    <p class='ocr_par' dir='ltr' id='par_1_83' title="bbox 2232 3618 3810 3692">
     <span class='ocr_line' id='line_1_83' title="bbox 2232 3618 3810 3692; baseline 0.003 -18"><span class='ocrx_word' id='word_1_595' title='bbox 2232 3635 2390 3685; x_wconf 90' lang='lat' dir='ltr'><strong>rum,</strong></span> <span class='ocrx_word' id='word_1_596' title='bbox 2422 3629 2476 3674; x_wconf 90' lang='lat' dir='ltr'><strong>et</strong></span> <span class='ocrx_word' id='word_1_597' title='bbox 2510 3619 2791 3676; x_wconf 88' lang='lat' dir='ltr'><strong>nimietate</strong></span> <span class='ocrx_word' id='word_1_598' title='bbox 2829 3618 3233 3678; x_wconf 85' lang='lat' dir='ltr'><strong>inﬁrmitatum.</strong></span> <span class='ocrx_word' id='word_1_599' title='bbox 3272 3621 3505 3692; x_wconf 78' lang='lat' dir='ltr'><strong>Semper</strong></span> <span class='ocrx_word' id='word_1_600' title='bbox 3547 3625 3698 3679; x_wconf 78' lang='lat' dir='ltr'><strong>solus</strong></span> <span class='ocrx_word' id='word_1_601' title='bbox 3741 3641 3810 3679; x_wconf 75' lang='lat' dir='ltr'><strong>rc-</strong></span> 
     </span>
    </p>
   </div>
   <div class='ocr_carea' id='block_1_84' title="bbox 2234 3713 3807 3783">
    <p class='ocr_par' dir='ltr' id='par_1_84' title="bbox 2234 3713 3807 3783">
     <span class='ocr_line' id='line_1_84' title="bbox 2234 3713 3807 3783; baseline 0.001 -18"><span class='ocrx_word' id='word_1_602' title='bbox 2234 3719 2473 3766; x_wconf 90' lang='lat' dir='ltr'><strong>trorsum</strong></span> <span class='ocrx_word' id='word_1_603' title='bbox 2507 3713 2807 3780; x_wconf 88' lang='lat' dir='ltr'><strong>equitabat,</strong></span> <span class='ocrx_word' id='word_1_604' title='bbox 2835 3713 2962 3782; x_wconf 90' lang='lat' dir='ltr'><strong>quia</strong></span> <span class='ocrx_word' id='word_1_605' title='bbox 2996 3728 3117 3783; x_wconf 67' lang='lat' dir='ltr'><strong>qua:</strong></span> <span class='ocrx_word' id='word_1_606' title='bbox 3151 3713 3398 3768; x_wconf 87' lang='lat' dir='ltr'><strong>levamen</strong></span> <span class='ocrx_word' id='word_1_607' title='bbox 3428 3728 3554 3770; x_wconf 88' lang='lat' dir='ltr'><strong>esse</strong></span> <span class='ocrx_word' id='word_1_608' title='bbox 3582 3715 3807 3776; x_wconf 73' lang='lat' dir='ltr'><strong>deberet,</strong></span> 
     </span>
    </p>
   </div>
   <div class='ocr_carea' id='block_1_85' title="bbox 2233 3802 3808 3875">
    <p class='ocr_par' dir='ltr' id='par_1_85' title="bbox 2233 3802 3808 3875">
     <span class='ocr_line' id='line_1_85' title="bbox 2233 3802 3808 3875; baseline -0.001 -17"><span class='ocrx_word' id='word_1_609' title='bbox 2233 3803 2398 3858; x_wconf 89' lang='lat' dir='ltr'><strong>etiam</strong></span> <span class='ocrx_word' id='word_1_610' title='bbox 2432 3802 2642 3872; x_wconf 89' lang='lat' dir='ltr'><strong>loquela</strong></span> <span class='ocrx_word' id='word_1_611' title='bbox 2671 3803 2942 3858; x_wconf 91' lang='lat' dir='ltr'><strong>sociorum</strong></span> <span class='ocrx_word' id='word_1_612' title='bbox 2975 3802 3078 3858; x_wconf 91' lang='lat' dir='ltr'><strong>sibi</strong></span> <span class='ocrx_word' id='word_1_613' title='bbox 3115 3803 3300 3874; x_wconf 84' lang='lat' dir='ltr'><strong>gravis</strong></span> <span class='ocrx_word' id='word_1_614' title='bbox 3327 3811 3470 3868; x_wconf 87' lang='lat' dir='ltr'><strong>erat,</strong></span> <span class='ocrx_word' id='word_1_615' title='bbox 3503 3812 3689 3875; x_wconf 74' lang='lat' dir='ltr'><strong>utpote</strong></span> <span class='ocrx_word' id='word_1_616' title='bbox 3711 3804 3808 3874; x_wconf 86' lang='lat' dir='ltr'><strong>qui,</strong></span> 
     </span>
    </p>
   </div>
   <div class='ocr_carea' id='block_1_86' title="bbox 2231 3892 3810 3966">
    <p class='ocr_par' dir='ltr' id='par_1_86' title="bbox 2231 3892 3810 3966">
     <span class='ocr_line' id='line_1_86' title="bbox 2231 3892 3810 3966; baseline 0.001 -19"><span class='ocrx_word' id='word_1_617' title='bbox 2231 3893 2334 3948; x_wconf 88' lang='lat' dir='ltr'><strong>nisi</strong></span> <span class='ocrx_word' id='word_1_618' title='bbox 2376 3892 2469 3947; x_wconf 89' lang='lat' dir='ltr'><strong>Dei</strong></span> <span class='ocrx_word' id='word_1_619' title='bbox 2519 3907 2578 3947; x_wconf 89' lang='lat' dir='ltr'><strong>se</strong></span> <span class='ocrx_word' id='word_1_620' title='bbox 2626 3893 2916 3950; x_wconf 87' lang='lat' dir='ltr'><strong>clementia</strong></span> <span class='ocrx_word' id='word_1_621' title='bbox 2953 3894 3244 3966; x_wconf 81' lang='lat' dir='ltr'><strong>detineret,</strong></span> <span class='ocrx_word' id='word_1_622' title='bbox 3279 3909 3420 3964; x_wconf 92' lang='lat' dir='ltr'><strong>pene</strong></span> <span class='ocrx_word' id='word_1_623' title='bbox 3455 3904 3614 3950; x_wconf 78' lang='lat' dir='ltr'><strong>extra</strong></span> <span class='ocrx_word' id='word_1_624' title='bbox 3642 3911 3700 3950; x_wconf 86' lang='lat' dir='ltr'><strong>se</strong></span> <span class='ocrx_word' id='word_1_625' title='bbox 3730 3895 3810 3949; x_wconf 86' lang='lat' dir='ltr'><strong>aii-</strong></span> 
     </span>
    </p>
   </div>
   <div class='ocr_carea' id='block_1_87' title="bbox 2235 3975 3809 4058">
    <p class='ocr_par' dir='ltr' id='par_1_87' title="bbox 2235 3975 3809 4058">
     <span class='ocr_line' id='line_1_87' title="bbox 2235 3975 3809 4058; baseline 0.003 -20"><span class='ocrx_word' id='word_1_626' title='bbox 2235 3985 2456 4055; x_wconf 89' lang='lat' dir='ltr'><strong>quando</strong></span> <span class='ocrx_word' id='word_1_627' title='bbox 2491 3984 2680 4040; x_wconf 87' lang='lat' dir='ltr'><strong>ﬁebat.</strong></span> <span class='ocrx_word' id='word_1_628' title='bbox 2708 3984 2954 4056; x_wconf 87' lang='lat' dir='ltr'><strong>Cumque</strong></span> <span class='ocrx_word' id='word_1_629' title='bbox 2984 3996 3164 4042; x_wconf 88' lang='lat' dir='ltr'><strong>tamen</strong></span> <span class='ocrx_word' id='word_1_630' title='bbox 3194 3975 3443 4043; x_wconf 84' lang='lat' dir='ltr'><strong>obviaret</strong></span> <span class='ocrx_word' id='word_1_631' title='bbox 3473 3990 3809 4058; x_wconf 81' lang='lat' dir='ltr'><strong>pauperibus,</strong></span> 
     </span>
    </p>
   </div>
   <div class='ocr_carea' id='block_1_88' title="bbox 2231 4075 3809 4148">
    <p class='ocr_par' dir='ltr' id='par_1_88' title="bbox 2231 4075 3809 4148">
     <span class='ocr_line' id='line_1_88' title="bbox 2231 4075 3809 4148; baseline 0.002 -21"><span class='ocrx_word' id='word_1_632' title='bbox 2231 4075 2434 4130; x_wconf 87' lang='lat' dir='ltr'><strong>virtute</strong></span> <span class='ocrx_word' id='word_1_633' title='bbox 2467 4090 2571 4144; x_wconf 88' lang='lat' dir='ltr'><strong>qua</strong></span> <span class='ocrx_word' id='word_1_634' title='bbox 2599 4084 2836 4146; x_wconf 87' lang='lat' dir='ltr'><strong>poterat,</strong></span> <span class='ocrx_word' id='word_1_635' title='bbox 2863 4077 3196 4132; x_wconf 88' lang='lat' dir='ltr'><strong>descendens</strong></span> <span class='ocrx_word' id='word_1_636' title='bbox 3223 4077 3289 4132; x_wconf 91' lang='lat' dir='ltr'><strong>de</strong></span> <span class='ocrx_word' id='word_1_637' title='bbox 3317 4093 3464 4148; x_wconf 87' lang='lat' dir='ltr'><strong>equo</strong></span> <span class='ocrx_word' id='word_1_638' title='bbox 3498 4093 3752 4135; x_wconf 69' lang='lat' dir='ltr'><strong>turmam:</strong></span> <span class='ocrx_word' id='word_1_639' title='bbox 3767 4086 3809 4132; x_wconf 85' lang='lat' dir='ltr'><strong>et</strong></span> 
     </span>
    </p>
   </div>
   <div class='ocr_carea' id='block_1_89' title="bbox 2231 4166 3808 4234">
    <p class='ocr_par' dir='ltr' id='par_1_89' title="bbox 2231 4166 3808 4234">
     <span class='ocr_line' id='line_1_89' title="bbox 2231 4166 3808 4234; baseline 0.001 -12"><span class='ocrx_word' id='word_1_640' title='bbox 2231 4167 2623 4222; x_wconf 88' lang='lat' dir='ltr'><strong>semiuummos</strong></span> <span class='ocrx_word' id='word_1_641' title='bbox 2652 4167 2792 4222; x_wconf 79' lang='lat' dir='ltr'><strong>clam</strong></span> <span class='ocrx_word' id='word_1_642' title='bbox 2831 4166 3115 4224; x_wconf 88' lang='lat' dir='ltr'><strong>claudebat</strong></span> <span class='ocrx_word' id='word_1_643' title='bbox 3145 4168 3199 4222; x_wconf 91' lang='lat' dir='ltr'><strong>in</strong></span> <span class='ocrx_word' id='word_1_644' title='bbox 3232 4182 3426 4222; x_wconf 88' lang='lat' dir='ltr'><strong>eorum</strong></span> <span class='ocrx_word' id='word_1_645' title='bbox 3465 4168 3738 4234; x_wconf 60' lang='lat' dir='ltr'><strong>tuendus,</strong></span> <span class='ocrx_word' id='word_1_646' title='bbox 3765 4175 3808 4223; x_wconf 85' lang='lat' dir='ltr'><strong>et</strong></span> 
     </span>
    </p>
   </div>
   <div class='ocr_carea' id='block_1_90' title="bbox 2230 4257 3806 4328">
    <p class='ocr_par' dir='ltr' id='par_1_90' title="bbox 2230 4257 3806 4328">
     <span class='ocr_line' id='line_1_90' title="bbox 2230 4257 3806 4328; baseline -0.001 -15"><span class='ocrx_word' id='word_1_647' title='bbox 2230 4257 2460 4314; x_wconf 88' lang='lat' dir='ltr'><strong>dulciter</strong></span> <span class='ocrx_word' id='word_1_648' title='bbox 2510 4258 2874 4324; x_wconf 82' lang='lat' dir='ltr'><strong>exosculans,</strong></span> <span class='ocrx_word' id='word_1_649' title='bbox 2932 4257 3090 4327; x_wconf 87' lang='lat' dir='ltr'><strong>quasi</strong></span> <span class='ocrx_word' id='word_1_650' title='bbox 3143 4257 3211 4312; x_wconf 89' lang='lat' dir='ltr'><strong>ad</strong></span> <span class='ocrx_word' id='word_1_651' title='bbox 3270 4268 3602 4328; x_wconf 71' lang='lat' dir='ltr'><strong>praesentem</strong></span> <span class='ocrx_word' id='word_1_652' title='bbox 3658 4260 3806 4314; x_wconf 78' lang='lat' dir='ltr'><strong>Deum</strong></span> 
     </span>
    </p>
   </div>
   <div class='ocr_carea' id='block_1_91' title="bbox 2229 4347 3796 4422">
    <p class='ocr_par' dir='ltr' id='par_1_91' title="bbox 2229 4347 3796 4422">
     <span class='ocr_line' id='line_1_91' title="bbox 2229 4347 3796 4422; baseline 0.001 -20"><span class='ocrx_word' id='word_1_653' title='bbox 2229 4347 2324 4420; x_wconf 78' lang='lat' dir='ltr'><strong>[aL</strong></span> <span class='ocrx_word' id='word_1_654' title='bbox 2339 4388 2353 4413; x_wconf 91' lang='lat'><strong>,</strong></span> <span class='ocrx_word' id='word_1_655' title='bbox 2387 4347 2720 4420; x_wconf 89' lang='lat' dir='ltr'><strong>Dominum],</strong></span> <span class='ocrx_word' id='word_1_656' title='bbox 2741 4357 2799 4402; x_wconf 90' lang='lat' dir='ltr'><strong>ut</strong></span> <span class='ocrx_word' id='word_1_657' title='bbox 2830 4350 3101 4403; x_wconf 89' lang='lat' dir='ltr'><strong>veraciter</strong></span> <span class='ocrx_word' id='word_1_658' title='bbox 3123 4359 3262 4414; x_wconf 89' lang='lat' dir='ltr'><strong>erat,</strong></span> <span class='ocrx_word' id='word_1_659' title='bbox 3285 4365 3413 4406; x_wconf 88' lang='lat' dir='ltr'><strong>cum</strong></span> <span class='ocrx_word' id='word_1_660' title='bbox 3439 4351 3734 4422; x_wconf 78' lang='lat' dir='ltr'><strong>gemitibus</strong></span> <span class='ocrx_word' id='word_1_661' title='bbox 3749 4360 3796 4404; x_wconf 87' lang='lat' dir='ltr'><strong>et</strong></span> 
     </span>
    </p>
   </div>
   <div class='ocr_carea' id='block_1_92' title="bbox 478 4427 2135 4514">
    <p class='ocr_par' dir='ltr' id='par_1_92' title="bbox 478 4427 2124 4514">
     <span class='ocr_line' id='line_1_92' title="bbox 478 4427 2124 4514; baseline 0.013 -36"><span class='ocrx_word' id='word_1_662' title='bbox 478 4463 480 4465; x_wconf 58' lang='grc'><strong>›</strong></span> <span class='ocrx_word' id='word_1_663' title='bbox 537 4427 707 4506; x_wconf 64' lang='lat' dir='ltr'><strong>coepit</strong></span> <span class='ocrx_word' id='word_1_664' title='bbox 759 4428 1088 4482; x_wconf 89' lang='lat' dir='ltr'><strong>sententiam</strong></span> <span class='ocrx_word' id='word_1_665' title='bbox 1139 4431 1475 4489; x_wconf 89' lang='lat' dir='ltr'><strong>medicorum</strong></span> <span class='ocrx_word' id='word_1_666' title='bbox 1525 4436 1842 4506; x_wconf 90' lang='lat' dir='ltr'><strong>inquirere;</strong></span> <span class='ocrx_word' id='word_1_667' title='bbox 1893 4449 1949 4496; x_wconf 92' lang='lat' dir='ltr'><strong>et</strong></span> <span class='ocrx_word' id='word_1_668' title='bbox 1997 4444 2124 4514; x_wconf 88' lang='lat' dir='ltr'><strong>quia</strong></span> 
     </span>
    </p>
   </div>
   <div class='ocr_carea' id='block_1_93' title="bbox 2240 4427 3806 4514">
    <p class='ocr_par' dir='ltr' id='par_1_93' title="bbox 2240 4436 3806 4509">
     <span class='ocr_line' id='line_1_93' title="bbox 2240 4436 3806 4509; baseline 0.003 -19"><span class='ocrx_word' id='word_1_669' title='bbox 2240 4437 2490 4509; x_wconf 73' lang='lat' dir='ltr'><strong>lacrymis</strong></span> <span class='ocrx_word' id='word_1_670' title='bbox 2527 4436 2772 4493; x_wconf 84' lang='lat' dir='ltr'><strong>clamans</strong></span> <span class='ocrx_word' id='word_1_671' title='bbox 2813 4437 3033 4494; x_wconf 87' lang='lat' dir='ltr'><strong>aiebat:</strong></span> <span class='ocrx_word' id='word_1_672' title='bbox 3073 4439 3304 4494; x_wconf 90' lang='lat' dir='ltr'><strong>Domine</strong></span> <span class='ocrx_word' id='word_1_673' title='bbox 3339 4439 3518 4505; x_wconf 88' lang='lat' dir='ltr'><strong>Deus,</strong></span> <span class='ocrx_word' id='word_1_674' title='bbox 3565 4455 3806 4496; x_wconf 75' lang='lat' dir='ltr'><strong>succurre</strong></span> 
     </span>
    </p>
   </div>
   <div class='ocr_carea' id='block_1_94' title="bbox 537 4518 2125 4594">
    <p class='ocr_par' dir='ltr' id='par_1_94' title="bbox 537 4518 2125 4594">
     <span class='ocr_line' id='line_1_94' title="bbox 537 4518 2125 4594; baseline 0.015 -25"><span class='ocrx_word' id='word_1_675' title='bbox 537 4518 682 4585; x_wconf 88' lang='lat' dir='ltr'><strong>quod</strong></span> <span class='ocrx_word' id='word_1_676' title='bbox 719 4518 970 4572; x_wconf 89' lang='lat' dir='ltr'><strong>homines</strong></span> <span class='ocrx_word' id='word_1_677' title='bbox 1003 4529 1080 4574; x_wconf 91' lang='lat' dir='ltr'><strong>tot</strong></span> <span class='ocrx_word' id='word_1_678' title='bbox 1121 4525 1438 4594; x_wconf 85' lang='lat' dir='ltr'><strong>sententiae,</strong></span> <span class='ocrx_word' id='word_1_679' title='bbox 1476 4543 1619 4586; x_wconf 89' lang='lat' dir='ltr'><strong>unus</strong></span> <span class='ocrx_word' id='word_1_680' title='bbox 1656 4533 1852 4588; x_wconf 85' lang='lat' dir='ltr'><strong>asserit</strong></span> <span class='ocrx_word' id='word_1_681' title='bbox 1877 4549 2002 4590; x_wconf 92' lang='lat' dir='ltr'><strong>eum</strong></span> <span class='ocrx_word' id='word_1_682' title='bbox 2033 4554 2125 4593; x_wconf 84' lang='lat' dir='ltr'><strong>cu-</strong></span> 
     </span>
    </p>
   </div>
   <div class='ocr_carea' id='block_1_95' title="bbox 537 4607 2122 4696">
    <p class='ocr_par' dir='ltr' id='par_1_95' title="bbox 537 4607 2122 4696">
     <span class='ocr_line' id='line_1_95' title="bbox 537 4607 2122 4696; baseline 0.016 -34"><span class='ocrx_word' id='word_1_683' title='bbox 537 4607 768 4662; x_wconf 87' lang='lat' dir='ltr'><strong>randum</strong></span> <span class='ocrx_word' id='word_1_684' title='bbox 799 4623 949 4666; x_wconf 69' lang='lat' dir='ltr'><strong>vena:</strong></span> <span class='ocrx_word' id='word_1_685' title='bbox 987 4609 1241 4669; x_wconf 88' lang='lat' dir='ltr'><strong>frontalis</strong></span> <span class='ocrx_word' id='word_1_686' title='bbox 1267 4615 1564 4686; x_wconf 86' lang='lat' dir='ltr'><strong>incisione;</strong></span> <span class='ocrx_word' id='word_1_687' title='bbox 1601 4619 1786 4696; x_wconf 84' lang='lat' dir='ltr'><strong>[alius]</strong></span> <span class='ocrx_word' id='word_1_688' title='bbox 1819 4627 2122 4687; x_wconf 87' lang='lat' dir='ltr'><strong>adhibendo</strong></span> 
     </span>
    </p>
   </div>
   <div class='ocr_carea' id='block_1_96' title="bbox 539 4699 2121 4784">
    <p class='ocr_par' dir='ltr' id='par_1_96' title="bbox 539 4699 2121 4784">
     <span class='ocr_line' id='line_1_96' title="bbox 539 4699 2121 4784; baseline 0.015 -31"><span class='ocrx_word' id='word_1_689' title='bbox 539 4699 884 4770; x_wconf 82' lang='lat' dir='ltr'><strong>pationes._et</strong></span> <span class='ocrx_word' id='word_1_690' title='bbox 937 4705 1104 4763; x_wconf 84' lang='lat' dir='ltr'><strong>totius</strong></span> <span class='ocrx_word' id='word_1_691' title='bbox 1147 4709 1359 4778; x_wconf 85' lang='lat' dir='ltr'><strong>species</strong></span> <span class='ocrx_word' id='word_1_692' title='bbox 1411 4713 1711 4770; x_wconf 66' lang='lat' dir='ltr'><strong>medicinae.</strong></span> <span class='ocrx_word' id='word_1_693' title='bbox 1762 4717 1892 4784; x_wconf 74' lang='lat' dir='ltr'><strong>Qua:</strong></span> <span class='ocrx_word' id='word_1_694' title='bbox 1939 4721 2121 4776; x_wconf 89' lang='lat' dir='ltr'><strong>omnia</strong></span> 
     </span>
    </p>
   </div>
   <div class='ocr_carea' id='block_1_97' title="bbox 537 4791 2115 4878">
    <p class='ocr_par' dir='ltr' id='par_1_97' title="bbox 537 4791 2115 4878">
     <span class='ocr_line' id='line_1_97' title="bbox 537 4791 2115 4878; baseline 0.015 -34"><span class='ocrx_word' id='word_1_695' title='bbox 537 4791 626 4847; x_wconf 89' lang='lat' dir='ltr'><strong>ille</strong></span> <span class='ocrx_word' id='word_1_696' title='bbox 658 4792 868 4851; x_wconf 87' lang='lat' dir='ltr'><strong>ferebat</strong></span> <span class='ocrx_word' id='word_1_697' title='bbox 901 4798 1127 4868; x_wconf 90' lang='lat' dir='ltr'><strong>patienti</strong></span> <span class='ocrx_word' id='word_1_698' title='bbox 1170 4801 1376 4858; x_wconf 89' lang='lat' dir='ltr'><strong>animo.</strong></span> <span class='ocrx_word' id='word_1_699' title='bbox 1409 4803 1464 4858; x_wconf 88' lang='lat' dir='ltr'><strong>Si</strong></span> <span class='ocrx_word' id='word_1_700' title='bbox 1496 4805 1642 4861; x_wconf 90' lang='lat' dir='ltr'><strong>enim</strong></span> <span class='ocrx_word' id='word_1_701' title='bbox 1683 4809 1836 4864; x_wconf 89' lang='lat' dir='ltr'><strong>vivus</strong></span> <span class='ocrx_word' id='word_1_702' title='bbox 1879 4812 2115 4878; x_wconf 88' lang='lat' dir='ltr'><strong>arderet,</strong></span> 
     </span>
    </p>
   </div>
   <div class='ocr_carea' id='block_1_98' title="bbox 536 4881 2122 4972">
    <p class='ocr_par' dir='ltr' id='par_1_98' title="bbox 536 4881 2122 4972">
     <span class='ocr_line' id='line_1_98' title="bbox 536 4881 2122 4972; baseline 0.016 -38"><span class='ocrx_word' id='word_1_703' title='bbox 536 4881 764 4939; x_wconf 87' lang='lat' dir='ltr'><strong>haberet</strong></span> <span class='ocrx_word' id='word_1_704' title='bbox 800 4889 957 4956; x_wconf 87' lang='lat' dir='ltr'><strong>quasi</strong></span> <span class='ocrx_word' id='word_1_705' title='bbox 986 4905 1087 4960; x_wconf 88' lang='lat' dir='ltr'><strong>pro</strong></span> <span class='ocrx_word' id='word_1_706' title='bbox 1116 4893 1379 4961; x_wconf 88' lang='lat' dir='ltr'><strong>remedio,</strong></span> <span class='ocrx_word' id='word_1_707' title='bbox 1409 4909 1532 4950; x_wconf 89' lang='lat' dir='ltr'><strong>cum</strong></span> <span class='ocrx_word' id='word_1_708' title='bbox 1571 4913 1732 4954; x_wconf 90' lang='lat' dir='ltr'><strong>omne</strong></span> <span class='ocrx_word' id='word_1_709' title='bbox 1761 4900 2033 4972; x_wconf 84' lang='lat' dir='ltr'><strong>ingenium</strong></span> <span class='ocrx_word' id='word_1_710' title='bbox 2066 4913 2122 4959; x_wconf 91' lang='lat' dir='ltr'><strong>ct</strong></span> 
     </span>
    </p>
   </div>
   <div class='ocr_carea' id='block_1_99' title="bbox 535 4972 2118 5060">
    <p class='ocr_par' dir='ltr' id='par_1_99' title="bbox 535 4972 2118 5060">
     <span class='ocr_line' id='line_1_99' title="bbox 535 4972 2118 5060; baseline 0.013 -32"><span class='ocrx_word' id='word_1_711' title='bbox 535 4972 801 5030; x_wconf 79' lang='lat' dir='ltr'><strong>industria</strong></span> <span class='ocrx_word' id='word_1_712' title='bbox 871 4981 1202 5036; x_wconf 89' lang='lat' dir='ltr'><strong>medicorum</strong></span> <span class='ocrx_word' id='word_1_713' title='bbox 1286 4984 1505 5040; x_wconf 86' lang='lat' dir='ltr'><strong>cederet.</strong></span> <span class='ocrx_word' id='word_1_714' title='bbox 1575 4993 1906 5046; x_wconf 85' lang='lat' dir='ltr'><strong>econtrario.</strong></span> <span class='ocrx_word' id='word_1_715' title='bbox 1978 4994 2118 5060; x_wconf 88' lang='lat' dir='ltr'><strong>Quid</strong></span> 
     </span>
    </p>
   </div>
   <div class='ocr_carea' id='block_1_100' title="bbox 531 5063 2119 5150">
    <p class='ocr_par' dir='ltr' id='par_1_100' title="bbox 531 5063 2119 5150">
     <span class='ocr_line' id='line_1_100' title="bbox 531 5063 2119 5150; baseline 0.013 -31"><span class='ocrx_word' id='word_1_716' title='bbox 531 5065 677 5136; x_wconf 79' lang='lat' dir='ltr'><strong>enim</strong></span> <span class='ocrx_word' id='word_1_717' title='bbox 706 5063 781 5120; x_wconf 91' lang='lat' dir='ltr'><strong>illi</strong></span> <span class='ocrx_word' id='word_1_718' title='bbox 809 5067 1139 5136; x_wconf 79' lang='lat' dir='ltr'><strong>proficerent</strong></span> <span class='ocrx_word' id='word_1_719' title='bbox 1161 5071 1440 5127; x_wconf 89' lang='lat' dir='ltr'><strong>hominum</strong></span> <span class='ocrx_word' id='word_1_720' title='bbox 1464 5076 1766 5143; x_wconf 64' lang='lat' dir='ltr'><strong>medicinae,</strong></span> <span class='ocrx_word' id='word_1_721' title='bbox 1791 5095 1950 5150; x_wconf 88' lang='lat' dir='ltr'><strong>quem</strong></span> <span class='ocrx_word' id='word_1_722' title='bbox 1980 5082 2119 5140; x_wconf 82' lang='lat' dir='ltr'><strong>Deus</strong></span> 
     </span>
    </p>
   </div>
   <div class='ocr_carea' id='block_1_101' title="bbox 533 5158 2117 5242">
    <p class='ocr_par' dir='ltr' id='par_1_101' title="bbox 533 5158 2117 5242">
     <span class='ocr_line' id='line_1_101' title="bbox 533 5158 2117 5242; baseline 0.011 -32"><span class='ocrx_word' id='word_1_723' title='bbox 533 5159 710 5211; x_wconf 78' lang='lat' dir='ltr'><strong>sancti</strong></span> <span class='ocrx_word' id='word_1_724' title='bbox 751 5158 1045 5214; x_wconf 80' lang='lat' dir='ltr'><strong>Adalhardi</strong></span> <span class='ocrx_word' id='word_1_725' title='bbox 1085 5161 1384 5216; x_wconf 90' lang='lat' dir='ltr'><strong>curandum</strong></span> <span class='ocrx_word' id='word_1_726' title='bbox 1414 5168 1731 5223; x_wconf 87' lang='lat' dir='ltr'><strong>reservabat</strong></span> <span class='ocrx_word' id='word_1_727' title='bbox 1767 5172 2117 5242; x_wconf 84' lang='lat' dir='ltr'><strong>magniﬁcen-</strong></span> 
     </span>
    </p>
   </div>
   <div class='ocr_carea' id='block_1_102' title="bbox 533 5247 2117 5320">
    <p class='ocr_par' dir='ltr' id='par_1_102' title="bbox 533 5247 2117 5320">
     <span class='ocr_line' id='line_1_102' title="bbox 533 5247 2117 5320; baseline 0.01 -18"><span class='ocrx_word' id='word_1_728' title='bbox 533 5247 668 5303; x_wconf 76' lang='lat' dir='ltr'><strong>tiaz?</strong></span> <span class='ocrx_word' id='word_1_729' title='bbox 703 5249 876 5320; x_wconf 62' lang='lat' dir='ltr'><strong>(inin,</strong></span> <span class='ocrx_word' id='word_1_730' title='bbox 919 5267 975 5305; x_wconf 88' lang='grc' dir='ltr'>ιι.</span> <span class='ocrx_word' id='word_1_731' title='bbox 1011 5247 1124 5320; x_wconf 70' lang='grc'><strong>14.)</strong></span> <span class='ocrx_word' id='word_1_732' title='bbox 1177 5250 1341 5305; x_wconf 75' lang='lat' dir='ltr'><strong>Multa</strong></span> <span class='ocrx_word' id='word_1_733' title='bbox 1369 5253 1553 5320; x_wconf 87' lang='lat' dir='ltr'><strong>itaque</strong></span> <span class='ocrx_word' id='word_1_734' title='bbox 1599 5257 1718 5313; x_wconf 91' lang='lat' dir='ltr'><strong>sine</strong></span> <span class='ocrx_word' id='word_1_735' title='bbox 1761 5260 1991 5318; x_wconf 86' lang='lat' dir='ltr'><strong>utilitate</strong></span> <span class='ocrx_word' id='word_1_736' title='bbox 2034 5262 2117 5320; x_wconf 85' lang='lat' dir='ltr'><strong>sui</strong></span> 
     </span>
    </p>
   </div>
   <div class='ocr_carea' id='block_1_103' title="bbox 2230 4528 3806 4591">
    <p class='ocr_par' dir='ltr' id='par_1_103' title="bbox 2230 4528 3806 4591">
     <span class='ocr_line' id='line_1_103' title="bbox 2230 4528 3806 4591; baseline 0.003 -7"><span class='ocrx_word' id='word_1_737' title='bbox 2230 4528 2362 4584; x_wconf 88' lang='lat' dir='ltr'><strong>mihi</strong></span> <span class='ocrx_word' id='word_1_738' title='bbox 2394 4530 2446 4583; x_wconf 90' lang='lat' dir='ltr'><strong>in</strong></span> <span class='ocrx_word' id='word_1_739' title='bbox 2480 4531 2694 4585; x_wconf 87' lang='lat' dir='ltr'><strong>cunctis</strong></span> <span class='ocrx_word' id='word_1_740' title='bbox 2731 4531 2839 4586; x_wconf 85' lang='lat' dir='ltr'><strong>tuis</strong></span> <span class='ocrx_word' id='word_1_741' title='bbox 2878 4531 3340 4587; x_wconf 85' lang='lat' dir='ltr'><strong>miserationibus.</strong></span> <span class='ocrx_word' id='word_1_742' title='bbox 3379 4532 3451 4586; x_wconf 88' lang='lat' dir='ltr'><strong>Et</strong></span> <span class='ocrx_word' id='word_1_743' title='bbox 3480 4533 3566 4589; x_wconf 89' lang='lat' dir='ltr'><strong>sic</strong></span> <span class='ocrx_word' id='word_1_744' title='bbox 3597 4549 3806 4591; x_wconf 77' lang='lat' dir='ltr'><strong>ascenso</strong></span> 
     </span>
    </p>
   </div>
   <div class='ocr_carea' id='block_1_104' title="bbox 2228 4621 3804 4692">
    <p class='ocr_par' dir='ltr' id='par_1_104' title="bbox 2228 4621 3804 4692">
     <span class='ocr_line' id='line_1_104' title="bbox 2228 4621 3804 4692; baseline 0.003 -18"><span class='ocrx_word' id='word_1_745' title='bbox 2228 4633 2370 4690; x_wconf 86' lang='lat' dir='ltr'><strong>equo</strong></span> <span class='ocrx_word' id='word_1_746' title='bbox 2401 4621 2736 4690; x_wconf 84' lang='lat' dir='ltr'><strong>stupefactus</strong></span> <span class='ocrx_word' id='word_1_747' title='bbox 2760 4621 2894 4688; x_wconf 88' lang='lat' dir='ltr'><strong>ibat,</strong></span> <span class='ocrx_word' id='word_1_748' title='bbox 2941 4629 3252 4691; x_wconf 90' lang='lat' dir='ltr'><strong>menteque,</strong></span> <span class='ocrx_word' id='word_1_749' title='bbox 3277 4635 3400 4692; x_wconf 72' lang='lat' dir='ltr'><strong>qua:</strong></span> <span class='ocrx_word' id='word_1_750' title='bbox 3435 4637 3576 4678; x_wconf 88' lang='lat' dir='ltr'><strong>sana</strong></span> <span class='ocrx_word' id='word_1_751' title='bbox 3616 4635 3804 4680; x_wconf 78' lang='lat' dir='ltr'><strong>tantum</strong></span> 
     </span>
    </p>
   </div>
   <div class='ocr_carea' id='block_1_105' title="bbox 2227 4713 3250 4782">
    <p class='ocr_par' dir='ltr' id='par_1_105' title="bbox 2227 4713 3250 4782">
     <span class='ocr_line' id='line_1_105' title="bbox 2227 4713 3250 4782; baseline 0.003 -16"><span class='ocrx_word' id='word_1_752' title='bbox 2227 4721 2590 4776; x_wconf 87' lang='lat' dir='ltr'><strong>remanserat,</strong></span> <span class='ocrx_word' id='word_1_753' title='bbox 2623 4727 2839 4782; x_wconf 88' lang='lat' dir='ltr'><strong>semper</strong></span> <span class='ocrx_word' id='word_1_754' title='bbox 2868 4713 3095 4774; x_wconf 67' lang='lat' dir='ltr'><strong>haerens</strong></span> <span class='ocrx_word' id='word_1_755' title='bbox 3118 4713 3250 4769; x_wconf 87' lang='lat' dir='ltr'><strong>Deo.</strong></span> 
     </span>
    </p>
   </div>
   <div class='ocr_carea' id='block_1_106' title="bbox 2295 4804 3803 4874">
    <p class='ocr_par' dir='ltr' id='par_1_106' title="bbox 2295 4804 3803 4874">
     <span class='ocr_line' id='line_1_106' title="bbox 2295 4804 3803 4874; baseline 0.001 -14"><span class='ocrx_word' id='word_1_756' title='bbox 2295 4804 2349 4860; x_wconf 92' lang='lat'><strong>8.</strong></span> <span class='ocrx_word' id='word_1_757' title='bbox 2403 4804 2557 4874; x_wconf 75' lang='lat' dir='ltr'><strong>Alpes</strong></span> <span class='ocrx_word' id='word_1_758' title='bbox 2602 4807 2925 4860; x_wconf 70' lang='lat' dir='ltr'><strong>conscendit.</strong></span> <span class='ocrx_word' id='word_1_759' title='bbox 2958 4835 3029 4846; x_wconf 89' lang='lat'><strong>--</strong></span> <span class='ocrx_word' id='word_1_760' title='bbox 3061 4805 3390 4863; x_wconf 87' lang='lat' dir='ltr'><strong>Pervenitur</strong></span> <span class='ocrx_word' id='word_1_761' title='bbox 3431 4808 3527 4864; x_wconf 90' lang='lat' dir='ltr'><strong>ubi</strong></span> <span class='ocrx_word' id='word_1_762' title='bbox 3569 4809 3803 4864; x_wconf 84' lang='lat' dir='ltr'><strong>dicuntur</strong></span> 
     </span>
    </p>
   </div>
   <div class='ocr_carea' id='block_1_107' title="bbox 2225 4895 3802 4968">
    <p class='ocr_par' dir='ltr' id='par_1_107' title="bbox 2225 4895 3802 4968">
     <span class='ocr_line' id='line_1_107' title="bbox 2225 4895 3802 4968; baseline 0.003 -17"><span class='ocrx_word' id='word_1_763' title='bbox 2225 4895 2416 4951; x_wconf 86' lang='lat' dir='ltr'><strong>Sancti</strong></span> <span class='ocrx_word' id='word_1_764' title='bbox 2457 4897 2696 4968; x_wconf 84' lang='lat' dir='ltr'><strong>Dionysii</strong></span> <span class='ocrx_word' id='word_1_765' title='bbox 2749 4898 3006 4968; x_wconf 90' lang='lat' dir='ltr'><strong>hospitia,</strong></span> <span class='ocrx_word' id='word_1_766' title='bbox 3037 4900 3215 4954; x_wconf 86' lang='lat' dir='ltr'><strong>adhuc</strong></span> <span class='ocrx_word' id='word_1_767' title='bbox 3265 4901 3545 4956; x_wconf 85' lang='lat' dir='ltr'><strong>celebrata</strong></span> <span class='ocrx_word' id='word_1_768' title='bbox 3594 4918 3663 4958; x_wconf 76' lang='lat' dir='ltr'><strong>ex</strong></span> <span class='ocrx_word' id='word_1_769' title='bbox 3719 4917 3802 4958; x_wconf 81' lang='lat' dir='ltr'><strong>no-</strong></span> 
     </span>
    </p>
   </div>
   <div class='ocr_carea' id='block_1_108' title="bbox 2224 4985 3799 5058">
    <p class='ocr_par' dir='ltr' id='par_1_108' title="bbox 2224 4985 3799 5058">
     <span class='ocr_line' id='line_1_108' title="bbox 2224 4985 3799 5058; baseline 0.001 -18"><span class='ocrx_word' id='word_1_770' title='bbox 2224 4986 2370 5040; x_wconf 83' lang='lat' dir='ltr'><strong>mine</strong></span> <span class='ocrx_word' id='word_1_771' title='bbox 2420 4985 2574 5054; x_wconf 89' lang='lat' dir='ltr'><strong>ejus,</strong></span> <span class='ocrx_word' id='word_1_772' title='bbox 2623 4986 2804 5056; x_wconf 68' lang='lat' dir='ltr'><strong>ibijue</strong></span> <span class='ocrx_word' id='word_1_773' title='bbox 2851 4987 3114 5051; x_wconf 89' lang='lat' dir='ltr'><strong>servitor,</strong></span> <span class='ocrx_word' id='word_1_774' title='bbox 3164 4987 3253 5042; x_wconf 87' lang='lat' dir='ltr'><strong>cui</strong></span> <span class='ocrx_word' id='word_1_775' title='bbox 3297 4989 3624 5058; x_wconf 88' lang='lat' dir='ltr'><strong>deputatum</strong></span> <span class='ocrx_word' id='word_1_776' title='bbox 3672 4999 3799 5052; x_wconf 79' lang='lat' dir='ltr'><strong>erat.</strong></span> 
     </span>
    </p>
   </div>
   <div class='ocr_carea' id='block_1_109' title="bbox 2223 5076 3796 5146">
    <p class='ocr_par' dir='ltr' id='par_1_109' title="bbox 2223 5076 3796 5146">
     <span class='ocr_line' id='line_1_109' title="bbox 2223 5076 3796 5146; baseline 0.003 -14"><span class='ocrx_word' id='word_1_777' title='bbox 2223 5076 2489 5146; x_wconf 83' lang='lat' dir='ltr'><strong>respectis</strong></span> <span class='ocrx_word' id='word_1_778' title='bbox 2541 5085 2598 5132; x_wconf 92' lang='lat' dir='ltr'><strong>ut</strong></span> <span class='ocrx_word' id='word_1_779' title='bbox 2651 5077 2864 5132; x_wconf 85' lang='lat' dir='ltr'><strong>solebat</strong></span> <span class='ocrx_word' id='word_1_780' title='bbox 2911 5078 3312 5134; x_wconf 88' lang='lat' dir='ltr'><strong>incisionibus:</strong></span> <span class='ocrx_word' id='word_1_781' title='bbox 3359 5080 3477 5136; x_wconf 81' lang='lat' dir='ltr'><strong>lleu</strong></span> <span class='ocrx_word' id='word_1_782' title='bbox 3504 5121 3521 5146; x_wconf 90' lang='lat'><strong>,</strong></span> <span class='ocrx_word' id='word_1_783' title='bbox 3571 5082 3796 5145; x_wconf 83' lang='lat' dir='ltr'><strong>domine,</strong></span> 
     </span>
    </p>
   </div>
   <div class='ocr_carea' id='block_1_110' title="bbox 2222 5169 3796 5242">
    <p class='ocr_par' dir='ltr' id='par_1_110' title="bbox 2222 5169 3796 5242">
     <span class='ocr_line' id='line_1_110' title="bbox 2222 5169 3796 5242; baseline 0.002 -20"><span class='ocrx_word' id='word_1_784' title='bbox 2222 5170 2330 5234; x_wconf 91' lang='lat' dir='ltr'><strong>ait,</strong></span> <span class='ocrx_word' id='word_1_785' title='bbox 2365 5182 2454 5223; x_wconf 89' lang='lat' dir='ltr'><strong>res</strong></span> <span class='ocrx_word' id='word_1_786' title='bbox 2494 5177 2584 5223; x_wconf 85' lang='lat' dir='ltr'><strong>tua</strong></span> <span class='ocrx_word' id='word_1_787' title='bbox 2623 5169 2867 5238; x_wconf 90' lang='lat' dir='ltr'><strong>quotidie</strong></span> <span class='ocrx_word' id='word_1_788' title='bbox 2903 5170 3046 5224; x_wconf 90' lang='lat' dir='ltr'><strong>cedit</strong></span> <span class='ocrx_word' id='word_1_789' title='bbox 3085 5170 3139 5223; x_wconf 91' lang='lat' dir='ltr'><strong>in</strong></span> <span class='ocrx_word' id='word_1_790' title='bbox 3186 5170 3452 5226; x_wconf 85' lang='lat' dir='ltr'><strong>deterius.</strong></span> <span class='ocrx_word' id='word_1_791' title='bbox 3493 5171 3615 5226; x_wconf 84' lang='lat' dir='ltr'><strong>Non</strong></span> <span class='ocrx_word' id='word_1_792' title='bbox 3665 5182 3796 5242; x_wconf 82' lang='lat' dir='ltr'><strong>pote-</strong></span> 
     </span>
    </p>
   </div>
   <div class='ocr_carea' id='block_1_111' title="bbox 2222 5257 3796 5320">
    <p class='ocr_par' dir='ltr' id='par_1_111' title="bbox 2222 5257 3796 5320">
     <span class='ocr_line' id='line_1_111' title="bbox 2222 5257 3796 5320; baseline 0 -6"><span class='ocrx_word' id='word_1_793' title='bbox 2222 5259 2342 5315; x_wconf 85' lang='lat' dir='ltr'><strong>ritis</strong></span> <span class='ocrx_word' id='word_1_794' title='bbox 2382 5257 2526 5312; x_wconf 88' lang='lat' dir='ltr'><strong>viam</strong></span> <span class='ocrx_word' id='word_1_795' title='bbox 2570 5258 2860 5320; x_wconf 81' lang='lat' dir='ltr'><strong>perﬁcere;</strong></span> <span class='ocrx_word' id='word_1_796' title='bbox 2909 5275 3130 5315; x_wconf 86' lang='lat' dir='ltr'><strong>necesse</strong></span> <span class='ocrx_word' id='word_1_797' title='bbox 3170 5269 3254 5315; x_wconf 88' lang='lat' dir='ltr'><strong>est</strong></span> <span class='ocrx_word' id='word_1_798' title='bbox 3294 5276 3393 5316; x_wconf 83' lang='lat' dir='ltr'><strong>vos</strong></span> <span class='ocrx_word' id='word_1_799' title='bbox 3426 5277 3556 5316; x_wconf 87' lang='lat' dir='ltr'><strong>cum</strong></span> <span class='ocrx_word' id='word_1_800' title='bbox 3603 5262 3796 5318; x_wconf 81' lang='lat' dir='ltr'><strong>seniore</strong></span> 
     </span>
    </p>
   </div>
  </div>
