3960 5320
83 115 252 172 1099

1594 107 1786 163 V’iTA.

3249 109 3386 168 i050

79 230 234 296 hat,
263 244 390 287 cum
432 229 608 285 adhuc
641 229 956 287 interiorem
994 227 1368 285 infirmitatem
1403 222 1684 289 nesciens,
1718 227 1763 286 Α
1791 220 2010 290 quendi,
2039 236 2144 278 non
2172 219 2475 278 amittendo
2497 217 2896 288 infirmitatem,
2927 221 3024 280 sed
3047 221 3385 282 admittendo

82 331 324 376 tantum
355 321 682 376 exteriorem
713 320 952 386 videbat,
987 319 1263 377 celaverat
1296 317 1444 374 enim
1476 314 1619 371 sicut
1643 323 1700 370 et

77 412 353 482 reliquos
407 427 524 466 rem
575 427 729 467 suam
779 411 1031 467 abbatem
1083 427 1276 476 suum,
1329 424 1392 467 ea
1449 408 1701 464 videlicet

84 516 300 563 causa.
336 516 408 557 ne
445 500 734 570 impediret
774 502 880 556 iter
921 511 1183 573 coeptum.
1207 501 1377 572 Cujus
1411 499 1698 558 munitioni

83 591 405 647 humiliter
425 592 698 647 obsistens
738 591 1064 646 omnimodis
1103 592 1356 662 precibus
1385 609 1398 646 :
1433 591 1572 658 Non,
1601 591 1696 658 ait,

88 681 370 744 domine,
421 697 582 738 causa
629 681 1095 752 retrogradiendi,
1137 682 1232 737 sed
1271 697 1436 738 causa
1485 681 1701 752 profici-

83 772 324 837 scendi,
362 771 409 826 si
448 771 590 830 Deus
628 781 683 828 et
732 787 829 828 vos
865 771 1252 842 permiseritis,
1289 786 1408 827 sum
1455 772 1558 828 hoc
1596 772 1701 827 iter

79 880 419 936 aggressus.
467 865 600 921 Veni
641 865 871 935 iussioni
915 875 1108 921 vestra:
1140 865 1471 930 obediendo,
1505 875 1700 936 praeter

85 968 233 1009 eam
255 954 425 1010 etiam
463 953 568 1009 alia
598 964 771 1010 restat
796 955 1098 1011 necessitas
1130 955 1184 1010 in
1210 955 1528 1026 supplendo.
1557 956 1701 1024 Qua-

79 1054 551 1116 propterprecor
586 1046 640 1102 in
683 1047 778 1101 Dei
811 1061 996 1103 amore
1026 1057 1260 1104 vestram
1292 1049 1696 1120 paternitatetn,

83 1150 170 1191 ne
212 1135 395 1190 reditu
424 1149 547 1191 eam
572 1135 864 1207 imponatis
889 1138 1042 1205 mihi,
1073 1139 1162 1194 cui
1191 1139 1565 1195 contradicere
1592 1154 1698 1194 non

79 1225 345 1292 valeam,
384 1224 708 1295 iussionem.
749 1227 830 1282 Ad
863 1227 978 1284 haec
1014 1227 1206 1283 videns
1241 1228 1408 1283 abbas
1447 1243 1699 1298 perseve-

87 1317 348 1374 rantiam
391 1316 629 1386 juvenis,
669 1317 860 1373 annuit
893 1319 1012 1389 ejus
1037 1318 1305 1373 voluntati
1337 1329 1393 1374 et
1429 1317 1700 1374 desiderio

82 1409 260 1464 bonae
318 1409 661 1465 intentionis.
716 1409 850 1465 Cum
903 1417 1084 1466 autem
1137 1409 1205 1464 ad
1255 1419 1493 1465 montem
1551 1409 1700 1465 .lovis

79 1499 438 1573 (Montjoux)
466 1502 868 1572 pervenissent,
900 1503 1149 1559 ascendit
1168 1511 1406 1558 montem
1438 1518 1544 1558 non
1575 1511 1694 1557 tan-

1804 313 1857 368 in
1889 312 2161 378 deterius;
2189 312 2330 368 unde
2365 311 2410 368 si
2434 310 2584 381 prius
2605 324 2821 381 graves,
2847 313 3192 382 postmodum
3216 315 3381 371 susti—

1781 403 1921 459 nuit
1945 403 2225 474 angustias
2251 403 2548 472 graviores.
2580 401 2716 470 Quia
2744 403 2890 458 enim
2938 403 3081 460 inter
3108 403 3384 461 Romanos

1801 501 1858 548 et
1903 493 2199 563 Apulioues
2250 493 2599 550 inhorruerat
2652 492 2814 550 solito
2863 494 3116 565 superius
3193 493 3385 567 [Bo:’l.,

1802 583 2096 656 asperius]
2158 594 2452 655 tempestas
2506 584 2768 642 bellorum
2803 600 2926 641 cum
2963 587 3202 642 maximo
3246 589 3384 657 peri-

1799 674 1954 738 culo,
2005 675 2311 746 equitautcs
2375 673 2618 744 quotidie
2691 676 3086 746 exspectabant
3154 675 3385 734 fortuna:

1799 775 2075 822 eventum.
2105 764 2216 822 Nec
2271 765 2440 820 defuit
2493 765 2724 822 fortuna:
2774 767 3034 838 Sll'Opha;
3083 766 3386 824 inridentes

1798 857 1998 927 quippe
2046 856 2101 912 in
2157 854 2401 911 latrones
2451 855 2633 910 omnia
2690 871 2788 912 sua
2845 857 3151 928 perdidere.
3201 859 3384 916 Ahhas

1797 948 2073 1020 projectus
2097 948 2166 1004 de
2201 963 2363 1018 equo,
2418 963 2688 1018 nusquam
2730 957 3003 1004 terrarum
3051 965 3158 1006 non
3214 951 3385 1007 fuisse

1779 1039 2060 1096 .voluisset
2090 1049 2216 1095 tunc
2245 1039 2507 1096 libentius
2526 1055 2690 1110 quam
2716 1040 2827 1095 illo.
2859 1041 3123 1098 Geraldus
3143 1057 3378 1112 quoque,

1797 1131 1938 1187 sicut
1973 1147 2190 1204 semper
2220 1133 2448 1198 solebat,
2487 1140 2785 1188 retrorsum
2831 1132 2982 1190 solus
3010 1143 3066 1189 ct
3114 1134 3383 1204 pendulus

1796 1225 2094 1294 equitabat,
2119 1240 2311 1279 aurmn
2343 1225 2508 1280 etiam
2533 1234 2588 1280 et
2626 1232 2907 1294 argentum
2947 1225 3161 1282 abbatis
3191 1241 3377 1282 secum

1798 1316 2062 1383 habebat;
2090 1317 2184 1372 sed
2211 1317 2340 1386 quid
2371 1315 2610 1371 faceret?
2647 1316 2919 1386 quomodo
2965 1317 3262 1372 evaderet?
3290 1316 3379 1371 In-

1797 1413 2038 1478 vaditur,
2071 1411 2138 1468 de
2166 1427 2309 1484 equo
2330 1409 2638 1480 projicitur,
2670 1410 3013 1471 distrahitur.
3062 1408 3381 1480 impellitur,

1798 1504 2092 1574 spoliatur;
2147 1512 2203 1558 et
2259 1502 2327 1557 ad
2384 1509 2732 1572 augmentum
2800 1499 3153 1563 infirmitatis,
3215 1498 3379 1556 etiam

81 1600 214 1647 tum
244 1591 402 1648 Jovis
427 1593 522 1649 sed
561 1593 724 1650 etiam
761 1594 1060 1660 Bardonis,
1089 1609 1192 1650 nec
1226 1609 1368 1664 equo
1401 1595 1494 1649 sed
1530 1594 1694 1664 pede;
1731 1584 1774 1639 Β
1802 1595 2042 1664 graviter
2069 1592 2393 1665 ﬂagellatur.
2443 1592 2534 1647 Sui
2567 1592 2784 1662 quippe,
2816 1601 2876 1644 ut
2905 1587 3097 1644 melius
3149 1589 3380 1660 quisque

85 1696 202 1737 nec
237 1682 442 1738 anima}
470 1691 679 1738 tantum
705 1698 893 1748 causa,
924 1691 1186 1753 quantum
1217 1681 1493 1739 flectenda:
1522 1683 1684 1754 pieta-

81 1772 160 1828 tis
199 1770 300 1828 Dei
343 1773 401 1828 in
447 1774 818 1845 recuperanda
861 1773 1056 1829 salute.
1097 1774 1272 1830 Tanta
1310 1782 1431 1829 erat
1463 1774 1544 1830 vis
1594 1775 1692 1830 do-

51 1865 256 1930 .ioris,
295 1873 483 1921 tantus
529 1881 684 1921 amor
729 1865 1091 1937 adipiscenda:
1139 1867 1412 1933 sanitatis,
1441 1867 1496 1922 in
1537 1872 1692 1938 cujus

84 1956 517 2026 comparatione
543 1956 815 2012 viluerant
855 1957 1037 2013 omnia
1072 1973 1193 2028 quae
1227 1967 1510 2014 creaverat
1550 1958 1691 2015 Con-

81 2045 243 2101 diZOI‘
264 2045 440 2100 orbis.
467 2044 569 2102 Ubi
593 2060 724 2102 vero
748 2045 996 2102 ascendit
1020 2045 1214 2102 Gaudii
1242 2057 1503 2113 montem,
1531 2049 1690 2105 nudis

74 2135 326 2206 pedibus
363 2145 419 2192 et
460 2135 711 2194 cuculato
763 2138 952 2207 capite
1001 2138 1288 2205 incedens,
1333 2139 1589 2213 lacrymis
1636 2149 1692 2198 et

77 2228 429 2298 singultibus
451 2229 669 2285 occulte
707 2229 968 2300 pascebat
997 2229 1262 2288 dolorem.

161 2321 220 2376 9.
247 2319 477 2375 Romam
491 2322 744 2390 peruenit.
767 2347 839 2361 ο-
860 2320 1118 2378 Pervenit
1138 2321 1399 2390 Romam;
1425 2323 1583 2392 cujus
1605 2340 1692 2380 ar-

83 2411 238 2468 dens
259 2409 560 2476 desiderio,
591 2421 721 2482 quot
760 2413 1013 2482 passibus
1056 2422 1136 2470 tot
1167 2415 1433 2487 angustiis
1461 2417 1688 2486 qurcsie-

85 2511 182 2557 rat
212 2517 363 2566 eam.
412 2503 678 2572 quaeritur
733 2503 1050 2574 hospitium,
1105 2505 1215 2561 itur
1265 2515 1502 2563 oratum.
1557 2509 1691 2575 Quis

75 2604 284 2664 posset
319 2592 528 2650 referre
558 2604 787 2664 quantas
830 2594 1096 2667 lacrymas
1127 2596 1200 2651 ibi
1226 2595 1366 2652 fudit
1410 2607 1539 2653 ante
1587 2598 1691 2654 Do-

85 2686 308 2739 minum
340 2685 537 2740 suum?
560 2687 674 2740 Non
695 2695 818 2757 eget
847 2686 1076 2752 referre,
1109 2686 1154 2742 si
1184 2687 1308 2756 quis
1351 2704 1594 2744 amorem
1631 2697 1687 2745 et

86 2773 368 2838 dolorem,
399 2773 732 2828 desiderium
765 2785 821 2830 et
847 2775 1221 2830 infirmitatem
1251 2775 1382 2832 velit
1414 2778 1686 2834 conferre.

85 2865 421 2921 Manserunt
448 2866 520 2920 ibi
545 2865 736 2921 diebus
765 2875 912 2932 octo,
966 2867 1058 2922 ubi
1100 2865 1320 2935 juvenis
1365 2868 1688 2924 satisfacere

1796 1692 2035 1753 poterat,
2064 1681 2372 1754 fugiebant;
2407 1681 2541 1736 nihil
2592 1689 2845 1750 putantes
2875 1679 3175 1749 perdidisse
3214 1693 3282 1734 ex
3311 1694 3381 1735 eo

1795 1777 1937 1848 quod
1966 1775 2140 1830 adhuc
2168 1775 2442 1832 vivebant.
2488 1772 2844 1843 Recuperatis
2893 1785 3024 1826 vero
3078 1769 3235 1840 cquis
3282 1785 3380 1840 per

1794 1869 2081 1939 quemdam
2105 1867 2352 1930 militem,
2378 1862 2818 1935 perveneruntad
2836 1871 3073 1917 montem
3096 1859 3378 1922 Casinum,

1793 1959 2123 2028 uhijuvenis
2175 1958 2370 2012 iterum
2404 1955 2568 2026 pedes
2622 1968 2744 2008 cum
2787 1951 3044 2023 lacrymis
3092 1949 3380 2021 requisivit

1795 2054 2056 2125 Sanctum
2079 2053 2452 2117 Benedictum,
2476 2066 2710 2121 cumque
2727 2050 2798 2105 ibi
2816 2057 3160 2104 morarentur
3187 2049 3376 2109 biduo.

1792 2146 1975 2200 abbati
2007 2145 2174 2215 ipsius
2206 2144 2312 2200 loci
2369 2143 2744 2199 infirmitatem
2790 2156 2946 2196 suam
2982 2139 3272 2196 rintimavit
3309 2154 3377 2194 ex

1792 2237 2038 2291 consilio.
2069 2235 2166 2291 Cui
2219 2235 2311 2290 ille
2355 2250 2480 2290 cum
2528 2233 2784 2304 iacrymis
2812 2243 2868 2287 et
2892 2230 3144 2300 suspiriis
3175 2231 3379 2284 condo-

1792 2324 1951 2381 lendo
1977 2344 1990 2379 :
2018 2324 2134 2379 lleu
2166 2323 2359 2391 frater,
2387 2324 2484 2389 ait,
2512 2324 2612 2378 sub
2641 2331 2848 2392 quanto
2869 2322 3082 2376 laboras
3102 2319 3369 2391 periculo!

1791 2416 2036 2472 eamdem
2069 2431 2232 2485 quam
2281 2424 2338 2470 et
2361 2425 2417 2469 tu
2470 2405 2677 2484 pateris
2727 2412 3100 2467 infirmitatem
3149 2411 3370 2480 quidam

1778 2524 1860 2576 ,εχ
1891 2507 2153 2561 fratribus
2182 2507 2383 2561 nostris
2415 2504 2669 2570 incurrit,
2717 2518 2880 2572 quam
2905 2511 3054 2556 tanta
3085 2500 3378 2556 aillictione

1775 2613 1846 2659 .et
1903 2610 2052 2656 tanta
2093 2579 2358 2672 passione.
2394 2598 2560 2660 miser
2606 2596 2866 2652 susuuuit
2924 2593 3150 2660 diutius,
3196 2593 3374 2647 donec

1794 2697 1954 2752 modo
1984 2695 2049 2750 ad
2079 2695 2324 2748 ultimum
2377 2692 2557 2748 omnis
2611 2707 2804 2746 sensus
2833 2699 2888 2744 et
2925 2689 3104 2744 omnis
3139 2690 3374 2744 humans

1778 2786 2023 2844 intentio
2049 2784 2152 2839 sibi
2177 2799 2282 2837 non
2323 2783 2440 2838 sine
2471 2783 2712 2837 maximo
2766 2781 2969 2836 damno
3000 2779 3262 2835 decurrit.
3292 2779 3378 2833 Ad

1792 2878 1910 2932 haze
1938 2875 2028 2930 ille
2059 2874 2418 2944 stupefactus,
2441 2888 2470 2925 a
2503 2888 2613 2942 quo
2664 2871 2906 2943 speravit
2933 2871 3210 2926 discedere
3247 2885 3380 2926 cou-

79 2958 314 3028 putavit
339 2958 594 3030 lacrymis
621 2959 732 3014 suis
758 2967 814 3014 et
840 2968 998 3028 voto;
1032 2959 1127 3015 sed
1173 2961 1443 3030 quomodo
1471 2961 1687 3016 satisfa-
1713 2941 1758 3002 Ο
1789 2971 1986 3036 saltus,
2015 2941 2243 3024 recessit
2268 2966 2607 3044 deSpei-atior
2629 2941 2823 3020 factus.

90 3059 275 3118 ceret,
309 3051 551 3121 quandiu
589 3067 712 3108 eum
745 3061 897 3107 tanta
948 3053 1198 3124 angustia
1229 3054 1547 3124 premeret?
1579 3055 1683 3110 Ve-

89 3144 288 3200 niebat
310 3144 554 3214 quotidie
605 3145 672 3200 ad
710 3145 1024 3209 ecclesiam,
1075 3153 1132 3201 et
1165 3147 1320 3216 quasi
1367 3161 1462 3201 ore
1516 3149 1582 3200 ad
1624 3162 1688 3202 os

91 3235 332 3290 deberet
363 3234 598 3304 colloqui
621 3244 812 3290 sancto
837 3233 1019 3300 Petro,
1048 3235 1232 3290 lumbo
1255 3245 1413 3290 tenus
1445 3236 1690 3291 intrabat

89 3326 399 3383 sanctuarii
441 3341 626 3381 arcam
656 3327 758 3398 (3),
799 3327 890 3381 ubi
915 3326 1140 3397 pulsans
1174 3325 1296 3380 fidei
1327 3327 1548 3395 pietate,
1581 3343 1688 3382 non

90 3421 280 3476 solum
309 3418 505 3475 affectu
533 3420 735 3484 cordis,
777 3434 967 3474 verum
1007 3419 1174 3473 etiam
1215 3426 1365 3472 motu
1417 3420 1687 3488 corporis,

89 3508 397 3582 patbfactis
447 3511 723 3566 memoria:
751 3511 982 3575 ostiolis,
1029 3511 1144 3566 Deo
1193 3517 1249 3566 et
1293 3519 1482 3564 sancto
1527 3510 1690 3566 Petro

92 3606 238 3660 solis
284 3603 535 3668 testibus,
593 3605 776 3659 omnia
827 3603 937 3660 illic
990 3603 1140 3669 lavit,
1191 3603 1387 3674 rigavit
1436 3603 1690 3675 lacrymis

98 3703 161 3749 et
183 3693 434 3758 fletibus;
461 3693 582 3749 aliis
607 3694 1000 3749 dormientibus
1024 3693 1140 3764 ipse
1164 3695 1444 3764 vigilabat,
1471 3705 1526 3749 et
1549 3694 1689 3750 clam

96 3803 363 3859 surgens,
396 3787 590 3844 locatis
630 3787 708 3859 (ὦ)
764 3787 1102 3854 custodibus,
1161 3788 1420 3842 Sanctum
1467 3787 1689 3843 Petrum

95 3879 404 3936 revisebat.
430 3878 562 3933 Erat
585 3890 765 3934 autem
794 3879 910 3934 haec
939 3893 1151 3932 summa
1176 3878 1456 3948 petitionis
1499 3893 1610 3932 sua:
1633 3887 1692 3932 ut

92 3977 151 4031 si
182 3988 292 4029 non
333 3979 636 4027 mereretur
683 3970 911 4040 adipisci
963 3969 1212 4036 salutem,
1271 3969 1693 4039 impedientibus

99 4064 351 4138 peccatis
372 4063 511 4129 suis,
537 4063 620 4119 vel
639 4063 782 4118 hanc
797 4063 898 4118 sibi
919 4061 1114 4118 Petrus
1137 4061 1454 4133 impetraret
1473 4063 1688 4117 veniam

99 4156 248 4225 apud
282 4153 654 4219 clementiam
711 4152 908 4208 summi
953 4147 1181 4218 iudicis,
1230 4167 1332 4207 nec
1384 4153 1530 4208 illam
1572 4169 1692 4225 qua:

99 4248 287 4302 adhuc
327 4253 450 4298 erat
481 4242 828 4298 scintillulam
867 4241 1145 4297 amitteret
1205 4257 1349 4298 same
1375 4242 1592 4298 mentis.
1646 4242 1690 4298 Ο

102 4339 343 4394 altitudo
369 4337 686 4392 divitiarum
714 4334 994 4403 sapientia:
1019 4341 1073 4389 et
1099 4333 1341 4389 scientia:
1367 4333 1496 4388 Dei!
1529 4349 1689 4404 quam

103 4428 487 4487 inscrutabilia
543 4436 670 4483 sunt
725 4426 927 4497 judicia
981 4434 1092 4490 tua,
1139 4425 1399 4481 Domine!
1451 4426 1569 4482 Non
1616 4427 1699 4482 vis

103 4522 236 4575 dare
257 4521 426 4576 Petro
451 4517 640 4572 Romae
669 4517 812 4587 quod
834 4517 1152 4573 reservabas
1173 4527 1364 4574 sancto
1385 4516 1698 4574 Adalhardo

105 4609 378 4665 Corheiaa.

181 4700 268 4754 10.
321 4697 393 4752 1η
441 4695 647 4768 Apulia:
692 4679 912 4762 itinere,
969 4712 1002 4750 a
1059 4693 1349 4749 latronibus
1405 4694 1698 4750 invaditur.

108 4790 363 4846 Casinum
392 4788 588 4843 invisit.
641 4817 712 4829 —
764 4787 1006 4856 Expletis
1067 4785 1252 4856 itaque
1304 4794 1430 4841 octo
1479 4787 1694 4851 diebus,

107 4883 277 4954 gratia
307 4878 702 4938 ecclesiastica:
726 4877 978 4933 utilitatis
1011 4876 1181 4931 tendit
1223 4877 1394 4933 abbas
1443 4874 1695 4944 ulterius,

107 4983 362 5028 sanetum
391 4969 632 5025 Leonem
659 4981 874 5036 papam,
906 4967 996 5036 qui
1029 4974 1154 5019 tunc
1177 4975 1297 5020 erat
1319 4977 1513 5017 versus
1547 4980 1699 5020 mon—

105 5077 208 5122 tem
241 5063 584 5132 Garganum,
611 5066 860 5113 secutus.
901 5057 1030 5112 Illuc
1071 5053 1259 5124 etiam,
1295 5055 1427 5109 licet
1481 5053 1700 5112 deﬁciat

101 5175 329 5232 corpus,
358 5153 550 5226 juveni
593 5159 774 5206 tamen
821 5149 1048 5221 amplior
1094 5151 1296 5209 crescit
1341 5144 1560 5203 animus
1612 5163 1698 5207 se-

1778 3105 1787 3110 -
1861 3063 1948 3117 Η.
1983 3061 2138 3117 Subit
2183 3070 2411 3114 montem
2471 3055 2882 3128 Cargauum,ﬁt
2945 3054 3214 3120 sacerdos,
3251 3052 3380 3109 Cor-

1791 3154 1957 3208 beiam
1984 3152 2137 3205 redit.
2173 3181 2238 3191 —
2265 3149 2586 3204 Pervenitur
2633 3150 2701 3203 ad
2751 3160 2989 3203 montem
3040 3145 3375 3213 Garganum,

1791 3254 1851 3298 ut
1875 3245 2124 3299 devotius
2151 3241 2346 3312 potuit,
2392 3241 2569 3295 oravit
2605 3238 2924 3296 Michaelem
2957 3236 3374 3305 archangelum;

1791 3336 1934 3391 stil'a
1960 3335 2221 3402 guttuntis
2247 3349 2401 3402 aqum
2431 3332 2704 3387 multoties
2723 3330 2979 3401 respersit
3003 3339 3167 3399 eaput
3195 3343 3379 3382 suum.

1794 3429 1901 3484 Sed
1931 3428 2060 3496 quid
2084 3427 2234 3496 plura
2259 3427 2280 3479 Τ
2301 3426 2521 3480 Occulta
2549 3434 2677 3480 sunt
2701 3425 2906 3495 judicia
2935 3424 3062 3489 Dei;
3105 3438 3210 3478 non
3253 3437 3382 3476 san-

1790 3530 1912 3574 ctus
1940 3517 2168 3572 Michael
2207 3518 2260 3570 in
2293 3532 2390 3571 suo
2409 3515 2682 3584 Gargano,
2733 3531 2839 3570 non
2871 3524 3098 3569 sanctus
3147 3513 3378 3570 Benedi-

1791 3621 1910 3666 ctus
1941 3610 1993 3663 in
2017 3624 2116 3662 suo
2135 3607 2354 3668 Casino,
2381 3621 2486 3660 non
2513 3614 2736 3660 sanctus
2753 3605 2944 3659 Petrus
2972 3607 3024 3660 in
3052 3619 3147 3659 sua
3178 3605 3373 3668 Roma,

1777 3705 1935 3776 quod
1968 3712 2189 3759 sanctus
2218 3702 2522 3758 Adalardus
2548 3700 2850 3771 promeruit
2879 3700 2947 3754 de
2975 3700 3078 3754 hac
3107 3714 3165 3753 re
3194 3701 3247 3753 in
3277 3713 3377 3754 sua

1790 3794 2040 3851 Corbeia.
2087 3792 2316 3848 lnvento
2360 3791 2546 3860 itaque
2598 3805 2734 3860 papa
2797 3789 3001 3855 Leone,
3049 3789 3378 3844 omnimodis

1791 3886 2088 3957 satagebat,
2125 3893 2392 3955 quatenus
2415 3881 2554 3952 apud
2584 3897 2707 3936 eum
2735 3882 3003 3937 sarcinam
3034 3887 3379 3950 peccatorum

1791 3991 2014 4031 suorum
2038 3984 2224 4044 posset
2247 3987 2580 4039 exonerare;
2612 3973 2708 4026 52d
2733 3987 2855 4027 cum
2889 3986 2998 4026 non
3039 3981 3185 4026 esset
3225 3984 3384 4026 8000'

1793 4065 1950 4124 dendi
1980 4066 2150 4131 locus,
2175 4081 2274 4122 nec
2298 4065 2666 4122 commorandi
2689 4063 2928 4134 speciale
2952 4072 3182 4133 tempus,
3215 4064 3382 4132 cmpit

1792 4160 2102 4215 contristari
2133 4166 2188 4215 et
2215 4167 2469 4224 aestuare,
2499 4157 2544 4213 si
2583 4173 2692 4226 quo
2723 4158 2880 4212 modo
2920 4157 2988 4211 ad
3043 4157 3247 4210 exitum
3302 4156 3379 4208 rei

1721 4288 1770 4348 Β
1793 4261 1980 4322 posset
2008 4249 2313 4322 pervenire.
2334 4249 2546 4304 interea
2569 4248 2714 4303 videt
2735 4247 3021 4317 quemdam
3045 4245 3378 4348 pontificem,

1803 4344 2021 4399 nomine
2048 4341 2469 4412 llubertumw),
2503 4339 2591 4396 cui
2622 4356 2840 4394 omnem
2895 4355 3050 4396 suam
3101 4337 3385 4396 conscien-

1803 4435 1935 4490 tiam
1969 4434 2245 4504 patefecit,
2275 4432 2648 4488 infirmitatem
2689 4445 2798 4500 qua
2848 4430 3136 4486 laborabat
3187 4429 3384 4498 aperit,

1803 4536 1859 4583 et
1900 4527 2172 4597 quomodo
2211 4524 2400 4580 relicta
2431 4523 2724 4587 medicina,
2760 4537 3001 4592 omnem
3041 4537 3193 4592 spem
3231 4535 3382 4576 suam

1805 4619 2192 4683 commisisset,
2226 4616 2482 4671 custodiae.
2522 4613 2810 4686 spirituali.
2851 4615 2918 4667 At
2943 4614 3030 4667 ille
3078 4624 3388 4683 temperans

1807 4710 2027 4764 modum
2059 4705 2390 4777 ptenizcntia:
2445 4719 2543 4774 pro
2588 4704 2749 4759 modo
2793 4702 3145 4764 infirmitatis,
3203 4700 3390 4757 laudat

1803 4797 2138 4870 propositum
2155 4793 2393 4863 juvenis,
2417 4793 2670 4848 hortatur
2699 4791 2950 4846 insistere
2979 4791 3196 4856 emptis,
3220 4791 3390 4858 impe-

1803 4898 1892 4948 rat
1921 4902 1988 4941 ue
2016 4886 2244 4957 amplius
2261 4883 2390 4954 quid
2420 4881 2588 4938 faciat
2614 4883 2733 4938 sine
2781 4881 2998 4938 licentia
3049 4879 3282 4937 abbatis.
3313 4877 3389 4931 Ita

1787 4977 2054 5046 confecto
2078 4977 2316 5050 negOtio,
2347 4973 2597 5042 utrisque
2645 4990 2676 5030 a
2706 4988 2846 5044 papa
2874 4972 3041 5028 etiam
3095 4969 3394 5026 sacerdoti-

1804 5074 1908 5130 hus
1935 5069 2164 5134 effectis,
2201 5081 2261 5124 se
2285 5079 2409 5120 cum
2444 5063 2642 5122 abbate
2695 5081 2819 5130 suo,
2850 5063 3056 5120 reditur
3107 5057 3392 5116 Corbeiam

1812 5176 1920 5220 non
1946 5162 2066 5221 sine
2099 5171 2294 5232 magno
2325 5157 2452 5212 vita:
2501 5171 2614 5215 sua:
2641 5156 2903 5230 periculo.
2933 5153 3160 5222 Jamque
3185 5147 3252 5202 de
3276 5159 3397 5201 cor-
