3960 5320
574 269 710 327 1051

1508 235 1575 322 ἐ.
1617 263 1920 322 GERALDI
1957 262 2254 320 ABBATIS
2287 259 2836 320 sava-amoma

3700 269 3824 327 403i

576 388 726 453 ports
745 379 978 435 sanitate
1007 376 1354 448 deSperatus,
1401 376 1594 430 animae
1623 377 1899 446 qttterebat
1929 376 2155 432 salutem
2186 387 2232 441 Λ
2261 390 2385 429 cum
2415 375 2630 431 assidue
2656 377 2891 433 habebat
2927 386 2983 434 et
3034 368 3328 445 intentum,
3376 381 3524 435 nulla
3576 384 3827 443 existente

575 471 853 534 attentius,
871 469 1231 540 eleetuosynis
1251 469 1479 533 instare,
1502 468 1828 538 pauperibus
1855 468 2159 533 deservire,

577 562 828 619 ccclesiis
881 561 1169 625 inhaerere,
1193 560 1408 624 missas,
1444 559 1569 630 quia
1623 559 1837 614 noviter
1881 557 2163 613 ordinatus

576 654 779 716 fuerat,
809 651 1121 721 ircquenter
1149 649 1461 714 celebrare;
1485 665 1714 720 quarum
1745 649 1912 705 etiam
1959 649 2164 703 et'tcha-

582 744 751 798 t-istim
807 743 930 798 dum
985 750 1211 806 astaret,
1266 741 1339 795 ita
1369 748 1479 809 pra:
1531 738 1777 810 angustia
1834 729 2164 792 inﬁrmitatis

581 833 920 905 stupefactus
950 833 1277 888 reddebatur
1303 840 1364 885 ut
1399 831 1501 886 nisi
1534 831 1628 885 Dei
1661 829 1974 892 clementia,
2001 843 2162 897 quem

578 927 721 980 inter
753 941 944 980 manus
977 927 1215 991 tenebat,
1249 932 1523 980 teneretur
1549 919 1980 995 [al.,tueretur],
2017 929 2162 976 totus

577 1025 734 1072 extra
767 1031 826 1071 se
854 1017 1028 1073 ﬁeret.

648 1108 737 1161 12.
783 1105 875 1161 Fit
925 1109 1186 1174 sacrista,
1235 1106 1506 1163 ecclesiam
1560 1114 1800 1161 exornata
1851 1124 1922 1147 αε-
1959 1094 2163 1160 Taliter

576 1198 795 1268 expleto
820 1215 962 1254 anno
992 1203 1276 1271 poStquam
1301 1215 1330 1254 a
1357 1200 1530 1254 Roma
1560 1198 1742 1262 rediit,
1771 1208 1954 1254 custos
1987 1197 2165 1254 eccle-

579 1289 698 1354 site,
737 1290 827 1359 qui
855 1299 983 1346 tunc
1006 1300 1144 1357 erat,
1191 1292 1444 1346 humanis
1493 1292 1753 1355 decessit;
1783 1292 1869 1346 cui
1898 1291 2162 1347 Geraldus

577 1383 633 1438 in
666 1385 975 1440 obcdientia
1003 1387 1290 1442 successit.
1321 1387 1598 1442 Successit
1649 1387 1982 1445 obedienter.
2035 1387 2161 1442 licet

576 1479 646 1533 ab
673 1478 787 1549 ipsa
835 1479 1189 1550 impediretur
1219 1479 1553 1544 inﬁrmitate,
1589 1493 1696 1534 non
1743 1479 1945 1549 aliqua,
1977 1483 2162 1550 utpote

551 1571 667 1640 qui
699 1571 937 1640 seipsum
970 1586 1078 1626 non
1121 1571 1376 1636 habebat,
1434 1571 1645 1626 illectus
1690 1572 2014 1641 cupiditate,
2066 1571 2160 1627 sed

577 1672 637 1717 ut
666 1663 756 1716 tali
785 1661 1090 1716 obcdientia
1121 1672 1521 1732 promereretur
1549 1679 1578 1716 a
1609 1663 1718 1717 Deo
1748 1663 1977 1732 gratiam
2016 1663 2159 1718 saltt-

2264 482 2515 522 mensnra
2535 469 2848 534 'veniarum,
2876 469 2929 524 in
2959 480 3165 524 tantum
3198 483 3258 527 ut
3286 474 3605 542 digitalibus
3626 476 3829 544 inuete-

2263 559 2339 613 ris
2371 559 2496 612 nodi
2540 558 2902 628 insurgerent,
2950 570 3008 617 et
3063 573 3215 632 petra
3244 564 3436 620 durius
3467 566 3688 621 callum.
3715 569 3832 634 Quae

2261 648 2406 704 enim
2428 657 2573 704 esset
2620 660 2872 706 mensura
2912 651 2980 706 ad
3011 654 3175 708 Deum
3202 653 3503 722 clamandi,
3535 659 3688 728 cujus
3708 658 3829 730 [εὼ.

2262 737 2376 811 cui]
2399 739 2546 794 nulla
2577 751 2698 796 erat
2727 741 3034 803 inﬁrmandi
3059 743 3082 797 ἓ
3113 734 3320 800 Videas
3364 747 3613 816 denique
3660 764 3834 818 preces

2262 846 2388 887 suas
2421 832 2555 886 nihil
2584 833 2762 887 adhuc
2803 834 3087 904 proﬁcere,
3115 847 3172 891 et
3198 851 3390 892 omnes
3436 838 3658 893 labores
3699 856 3830 904 suos,

2260 932 2524 992 quantum
2582 924 2648 978 ad
2681 924 2975 989 hominem,
3026 925 3299 982 incassum
3347 928 3453 995 ire,
3515 929 3697 984 divina
3731 934 3836 985 ani-

2260 1025 2442 1070 matus
2498 1014 2877 1085 inspiratione,
2935 1027 3185 1072 sanctum
3222 1019 3604 1075 Adalhardum
3656 1035 3835 1091 praeter

2259 1116 2450 1160 amnes
2483 1115 2539 1160 et
2564 1120 2728 1175 super
2768 1121 2959 1160 omnes
2986 1107 3294 1163 omnimoda
3337 1111 3667 1180 aggreditur
3712 1115 3834 1181 peti=

2261 1196 2444 1260 tione;
2476 1197 2630 1266 cujus
2675 1199 2940 1252 assistens
2967 1198 3147 1265 altari,
3196 1215 3367 1271 usque
3391 1203 3462 1257 ad
3519 1203 3832 1274 desperatio-

2261 1300 2383 1342 nem
2408 1287 2520 1358 jam
2553 1286 2830 1354 cout'usus,
2859 1289 3151 1345 miserabili
3181 1294 3632 1360 compunctionis
3678 1296 3835 1349 hinni-

2259 1378 2416 1434 litate
2460 1380 2513 1434 in
2545 1391 2737 1435 omnes
2793 1395 2985 1451 preces
3040 1382 3284 1438 redditur
3339 1382 3596 1439 dimisus.
3653 1385 3834 1439 Verum

2259 1467 2351 1524 illo
2375 1470 2606 1540 desuper
2648 1472 2947 1526 miserante
3000 1472 3092 1542 qui
3124 1473 3528 1545 appropinquat
3577 1478 3836 1531 contzibn-

2261 1559 2385 1614 latis
2411 1561 2593 1624 corde,
2620 1563 2868 1630 pervenit
2891 1561 2957 1614 ad
2993 1561 3115 1627 hoc,
3141 1565 3286 1632 quod
3312 1564 3358 1616 si
3389 1565 3550 1634 prius
3607 1564 3834 1626 fecisset,

2265 1651 2359 1704 Dei
2401 1650 2691 1706 clementia
2727 1652 2840 1720 jam
2891 1653 3155 1708 liberatus
3203 1653 3417 1708 fuisset.
3462 1654 3670 1710 Sancta
3711 1659 3836 1712 enim

581 1753 651 1809 tis
682 1754 1093 1823 recuperanda.
1138 1752 1248 1808 Nec
1272 1754 1459 1809 deerat
1487 1761 1651 1808 tanta:
1680 1753 1972 1807 voluntatis
1998 1768 2160 1808 occa-

2263 1742 2571 1798 Adalltardo
2617 1754 2778 1799 vovet
2822 1745 3090 1801 laudabile
3149 1757 3355 1810 votum,
3409 1762 3473 1802 se
3525 1748 3736 1803 scilicet
3755 1765 3839 1818 pro

578 1844 679 1906 sio,
738 1842 1134 1898 obsistentibus
1190 1835 1521 1914 temporibus
1567 1837 1805 1915 priorum
1863 1845 2157 1915 proposito.

577 1933 859 2005 Templum
889 1936 1087 2006 quippe
1126 1938 1339 1990 noviter
1391 1937 1672 1991 fundatum
1702 1952 1767 1990 ex
1809 1946 1922 1991 toto
1973 1937 2160 1992 deser-

582 2035 695 2080 tum
725 2036 845 2081 erat
866 2025 967 2098 (6),
997 2027 1192 2082 ovibus
1222 2040 1277 2081 et
1309 2027 1491 2096 porcis
1512 2037 1567 2082 et
1595 2027 1880 2098 pecoribus
1921 2029 2160 2096 patebat,

579 2117 736 2186 quasi
770 2117 946 2187 platea
993 2117 1150 2187 aquis
1202 2112 1527 2188 pluvialibus
1577 2119 1646 2172 ita
1681 2119 1897 2189 plenum
1946 2129 2064 2174 erat
2106 2129 2165 2176 ut

579 2222 802 2262 anseres
830 2217 884 2262 et
909 2221 1100 2264 anates
1129 2216 1380 2265 natarent
1419 2218 1517 2279 per
1547 2209 1696 2275 illud,
1725 2226 1825 2280 pro
1855 2213 2165 2282 pavimento

578 2297 788 2352 habens
843 2297 1007 2353 unius
1067 2299 1235 2354 cubiti
1289 2300 1712 2369 Sterquilinium,
1753 2303 2005 2359 omnibus
2047 2312 2168 2360 erat

580 2388 820 2454 fastidio,
849 2405 1039 2446 omnes
1068 2398 1410 2447 transeuntes
1455 2395 1746 2448 movebant
1787 2393 1948 2466 caput
2003 2412 2167 2467 super

580 2496 667 2536 eo.
705 2481 841 2538 Huic
875 2483 1028 2553 operi
1075 2482 1293 2553 juvenis
1336 2485 1505 2553 cmpit
1553 2484 1774 2551 instare,
1799 2487 1843 2542 si
1871 2503 1978 2557 quo
2006 2489 2166 2544 modo

578 2573 823 2627 divinum
854 2583 1159 2644 respectum
1214 2575 1281 2630 ad
1333 2585 1487 2629 suam
1525 2576 1932 2633 miserationem
1983 2590 2168 2650 posset

577 2664 871 2730 inclinare;
905 2674 960 2720 et
984 2665 1117 2720 licet
1169 2666 1524 2736 impediretur
1571 2668 1794 2738 penuria
1839 2679 2163 2742 temporum,

577 2765 759 2812 tamen
782 2758 884 2812 sibi
914 2758 1236 2827 providente
1265 2758 1398 2824 Deo,
1421 2761 1672 2828 purgavit
1703 2761 1989 2832 templum,
2013 2778 2167 2820 coms

577 2848 757 2918 posuit
785 2848 1066 2914 sedilibus,
1093 2857 1148 2904 et
1174 2849 1394 2903 ornavit
1414 2850 1652 2920 desuper
1680 2852 2006 2908 columnnlis
2041 2869 2164 2912 cum

576 2938 796 2994 basibus
818 2941 1069 3004 cborum,
1093 2941 1345 3012 purgavit
1360 2951 1606 3011 cryptam
1631 2951 1685 2996 et
1711 2943 2162 3014 deambtdatoria,

577 3031 785 3104 aptavit
820 3032 874 3086 in
906 3033 1023 3088 suis
1044 3033 1180 3088 locis
1213 3034 1474 3088 decenter
1495 3033 1710 3090 altaria.
1756 3035 1895 3102 Quid
1927 3038 2159 3110 amplius

578 3125 794 3180 moror?
817 3123 1205 3179 Monasterium
1233 3125 1374 3194 quod
1399 3125 1511 3194 jam
1543 3126 1634 3180 ditt
1663 3127 1730 3180 ab
1761 3128 2016 3184 omnibus
2077 3131 2160 3186 di-

577 3217 801 3270 missum
825 3225 964 3278 erat,
997 3215 1137 3270 inl'ra
1167 3225 1380 3286 tempus
1415 3227 1500 3271 sat
1529 3218 1799 3272 modicum
1833 3205 1908 3273 ita
1947 3229 2162 3291 coapta-

578 3304 678 3370 vit,
715 3314 775 3358 ut
805 3305 869 3357 ad
903 3305 1014 3358 Deo
1073 3305 1424 3359 serviendum
1482 3305 1756 3360 videretur
1804 3307 2075 3375 idoneum,
2107 3319 2161 3366 et

581 3400 747 3444 tanta:
794 3393 1200 3462 congregationi
1265 3392 1422 3446 valde
1471 3395 1862 3450 necessarium.
1915 3397 2160 3465 Quadam

578 3495 709 3536 vero
739 3483 826 3536 die
870 3480 1094 3546 fratres,
1135 3483 1228 3552 qui
1283 3484 1506 3554 majoris
1549 3485 1602 3539 itt
1654 3487 1906 3542 cmnobio
1946 3490 2160 3548 consilii

579 3586 758 3641 erant,
791 3577 1037 3633 videntes
1087 3579 1501 3647 monasterium,
1545 3589 1605 3634 ut
1653 3581 1912 3647 diximus,
1959 3585 2160 3655 optime

579 3676 920 3737 apparatum,
956 3669 1207 3724 abbatem
1256 3672 1475 3734 adeunt,
1507 3672 1575 3724 ad
1611 3672 1900 3728 videndum
1931 3690 2052 3744 qua:
2076 3676 2160 3731 vlo

569 3758 769 3814 derant
825 3759 1130 3825 adducunt;
1170 3762 1458 3816 consilium
1508 3763 1782 3829 tribuunt,
1841 3776 1902 3820 ut
1930 3783 2159 3838 corpora

576 3859 892 3906 sanctorum
915 3851 1008 3921 qui
1066 3851 1120 3906 in
1153 3853 1486 3908 monasterio
1544 3863 1758 3910 vetusto
1812 3867 1972 3912 erant
2009 3859 2164 3916 tolle-

575 3952 795 4007 rentur,
827 3952 884 3998 et
921 3943 1137 4009 inloco,
1178 3959 1338 4015 quem
1368 3945 1637 4001 Geraldus
1657 3956 1743 4002 sat
1773 3951 2161 4008 convenienter

575 4035 830 4089 mundari
863 4036 1086 4103 fecerat,
1135 4051 1258 4092 cum
1304 4052 1514 4102 summa
1546 4041 1900 4100 veneratione
1928 4043 2161 4100 colloca-

576 4133 788 4179 rentur.
814 4125 1112 4182 Consilium
1143 4129 1328 4183 datum
1358 4137 1522 4184 estet
1569 4131 1879 4201 probatum,
1920 4146 1976 4189 et
2015 4150 2159 4205 quae-

575 4231 790 4288 cunque
819 4219 1046 4275 deerant
1068 4221 1136 4276 ad
1185 4221 1287 4276 hoc
1322 4221 1691 4292 inquiruntur,
1744 4234 1799 4280 ct
1847 4227 2052 4293 omnia,
2100 4236 2159 4282 ut

575 4309 832 4374 diximus,
882 4326 1008 4366 cum
1057 4313 1257 4383 gaudio
1304 4322 1359 4370 et
1407 4315 1786 4386 episcoporum
1854 4319 2156 4376 vicinorum

576 4401 987 4457 conﬁrmatione
1034 4413 1090 4459 et
1139 4405 1322 4475 populi
1382 4407 1536 4461 ﬁrma
1587 4410 1934 4467 attestatione
1983 4413 2234 4501 adim-D

575 4493 821 4561 plentur;
856 4493 1283 4564 sicquejuvenis
1324 4497 1496 4568 magis
1546 4513 1610 4553 ac
1663 4500 1836 4571 magis
1890 4502 1942 4556 in
1993 4518 2157 4573 opere

577 4592 832 4653 suscepto
860 4584 1151 4650 desudans,
1185 4587 1436 4642 omnibus
1473 4592 1803 4646 necessariis
1830 4593 2150 4664 {adut-navit,

578 4671 672 4727 iilo
715 4675 1183 4748 subministrante,
1241 4675 1396 4749 cujus
1435 4679 1552 4737 hate
1581 4681 1778 4754 agebat
1805 4684 2076 4742 desiderio
2102 4695 2156 4742 et

577 4777 784 4822 amore.

650 4858 736 4912 l3.
775 4857 835 4914 S.
870 4859 1163 4916 Adalltardi
1215 4861 1460 4935 implorat
1500 4881 1668 4936 opem.
1721 4898 1788 4909 —
1831 4868 2156 4926 Proﬁciebat

575 4950 793 5018 quidem
825 4951 878 5005 in
912 4962 1055 5021 voto,
1082 4959 1174 5008 sed!
1200 4956 1347 5012 nullo
1394 4959 1575 5015 adhuc
1631 4960 1962 5019 inﬁrmitatis
2012 4965 2154 5020 leva-

2264 1849 2423 1904 posse
2460 1849 2676 1905 semper
2723 1843 2778 1890 et
2825 1837 3024 1905 ubique
3066 1839 3424 1909 magniﬁcare
3487 1856 3692 1895 nomen
3739 1842 3837 1907 ejus

2263 1926 2582 1997 gloriosum,
2608 1927 2654 1982 si
2673 1927 2777 1982 sibi
2818 1927 3150 1998 impenderet
3178 1931 3516 2002 dignationis
3560 1949 3678 1986 sua:
3705 1937 3837 1986 auxia

2263 2018 2431 2085 lium;
2464 2035 2571 2089 quo
2595 2033 2655 2074 se
2690 2020 2781 2075 ubi
2812 2031 2938 2075 voto
2964 2021 3171 2093 ligavit,
3206 2027 3484 2094 paulisper
3524 2026 3856 2080 solutionem.

2265 2109 2596 2167 inﬁrmitatis
2629 2114 2834 2168 sentire
2863 2115 3048 2183 carpit.
3081 2117 3281 2186 Sicque
3321 2117 3509 2171 divina
3563 2118 3837 2172 clementia

2264 2203 2332 2257 ad
2356 2203 2669 2271 petitionem
2719 2204 2964 2273 quotidie
3012 2203 3183 2274 magis
3229 2221 3297 2261 ac
3345 2207 3524 2278 magis
3555 2209 3837 2270 animatus,

2264 2291 2558 2360 aliquando
2588 2302 2709 2362 post
2730 2293 3053 2362 completam
3085 2289 3161 2368 (7)
3192 2312 3379 2351 coram
3404 2298 3570 2353 altari
3599 2316 3658 2353 se
3688 2300 3839 2354 oliua-

2265 2385 2399 2438 dcns
2421 2383 2476 2438 iu
2498 2385 2742 2440 omnium
2771 2387 3078 2442 orationum
3105 2387 3571 2461 ell'ectus,1usque
3615 2392 3685 2445 ad
3739 2395 3836 2446 sine

2265 2475 2450 2547 quitus
2493 2477 2657 2534 verba
2716 2478 3194 2549 interrumpentes,
3243 2495 3386 2552 pene
3426 2483 3767 2552 liquescebat
3792 2480 3835 2536 ia

2265 2573 2558 2625 currentes
2585 2567 2946 2641 laerymarum
2978 2572 3201 2639 ﬂuctus;
3260 2575 3487 2628 tandem
3535 2575 3722 2629 laxata
3751 2591 3836 2629 vox

2266 2661 2474 2717 invenit
2504 2662 2626 2730 iter,
2661 2663 2999 2733 gemitusque
3036 2665 3196 2719 soluti
3223 2663 3276 2720 in
3333 2667 3452 2722 haec
3505 2671 3674 2722 verba
3730 2683 3839 2737 pm-

2266 2763 2520 2823 rumpuat
2549 2770 2562 2806 z
2591 2751 2791 2808 Sancte
2818 2754 3141 2819 Adalharde.
3171 2754 3374 2810 Christi
3398 2757 3604 2820 amice,
3635 2759 3832 2826 suscipe

2263 2857 2352 2900 me
2381 2846 2638 2900 miserum
2673 2855 2799 2902 ante
2827 2862 3017 2904 omnes
3041 2857 3094 2904 et
3123 2858 3246 2919 post
3296 2863 3494 2904 omnes
3541 2851 3840 2920 confugiens

2267 2943 2374 2992 tem
2403 2939 2470 2993 ad
2501 2946 2572 2995 te.

2337 3028 2428 3083 Η.
2453 3030 2555 3095 Qui
2577 3047 2696 3084 eum
2722 3040 2894 3086 sanat.
2922 3031 3053 3103 Ejus
3083 3031 3265 3087 laudes
3292 3029 3563 3087 Geraldus
3596 3033 3832 3087 calt-brat.-

2260 3120 2458 3177 “Ubi
2481 3137 2610 3193 ergo
2631 3125 2763 3178 satis
2817 3137 2900 3178 es:
2959 3127 3105 3180 visus
3160 3125 3260 3179 sibi
3323 3125 3588 3180 idoneum
3648 3128 3835 3181 instru-

2263 3213 2406 3268 xisse
2435 3224 2683 3270 sanctum
2707 3215 3074 3270 Adalhartlttm
3099 3218 3238 3286 apud
3255 3216 3504 3284 judicem
3530 3217 3795 3271 Clu-istum
3818 3254 3830 3276 ,

2262 3303 2522 3367 surrexit,
2535 3303 2550 3356 ἔ
2556 3320 2581 3356 a
2591 3304 2724 3362 ciem
2743 3306 2918 3368 tersit,
2936 3316 2989 3359 et
3001 3307 3371 3377 gemebundus
3387 3307 3558 3361 rediit
3571 3309 3640 3362 ad
3659 3310 3833 3362 lectum

2261 3403 2440 3457 suum;
2459 3408 2687 3462 cumque
2702 3394 2772 3449 ibi
2797 3395 3026 3462 sederet,
3045 3396 3218 3450 adhuc
3233 3396 3633 3467 singultieusct
3647 3413 3833 3462 alueus,

2261 3496 2330 3538 ex
2362 3492 2513 3555 parte
2551 3484 2739 3539 altaris
2767 3485 2945 3555 specie
2997 3487 3236 3557 fulgurea
3259 3487 3547 3542 advolavit
3570 3491 3834 3560 sptmdnris

2261 3572 2470 3644 globus,
2487 3575 2576 3643 qui
2601 3575 2960 3631 reverberatis
2981 3575 3099 3644 ejus
3123 3577 3318 3643 oculis,
3342 3577 3648 3635 illustravit
3677 3591 3832 3635 tota:

2260 3678 2458 3734 corpus
2493 3663 2629 3732 ejus.
2660 3666 2728 3719 At
2762 3665 2852 3721 ille
2893 3665 3234 3736 stupefactus
3276 3668 3459 3734 hasit,
3499 3686 3628 3726 cum
3671 3661 3835 3726 stibito

2262 3754 2437 3822 ruptis
2485 3754 2862 3810 inﬁrmitatem
2922 3757 3099 3821 nodis,
3149 3757 3289 3812 inter
3334 3767 3551 3826 cutem,
3592 3771 3650 3816 et
3694 3764 3832 3830 quasi

2260 3847 2586 3916 quibusdam
2621 3848 2917 3914 chordulis,
2947 3858 3109 3920 caput
3150 3849 3323 3922 ipsum
3369 3851 3571 3923 ingens
3607 3857 3831 3924 crepuit;

2259 3948 2440 3995 etnon
2469 3938 2654 3997 ferens
2678 3941 2916 3998 dolorem
2949 3961 2962 3996 :
2988 3943 3186 3998 Sancte
3209 3943 3540 4009 Adalharde,
3568 3960 3834 4008 succurre,

2262 4031 2561 4088 miserabili
2591 4049 2722 4090 voce
2756 4034 3038 4101 clamavit;
3091 4051 3326 4105 moxque
3389 4037 3496 4093 sub
3544 4040 3760 4094 silentio
3785 4056 3836 4092 se

2259 4127 2538 4194 repressit,
2558 4126 2683 4195 quia
2705 4142 2825 4182 cum
2849 4127 2964 4198 ipso
2987 4125 3171 4184 dolere
3188 4130 3444 4184 virtutem
3474 4131 3530 4186 in
3562 4148 3622 4186 se
3647 4133 3833 4188 factam

2260 4215 2452 4270 sensit.
2489 4215 2687 4286 Sicque
2732 4215 2992 4272 liberatus
3037 4219 3104 4272 ab
3145 4219 3260 4288 ipsa
3293 4219 3644 4285 inﬁrmitate,
3693 4223 3833 4291 cujus

2261 4307 2600 4362 liberationis
2626 4298 2898 4363 desiderio
2938 4317 3087 4364 tanto
3128 4317 3247 4364 erat
3271 4307 3535 4381 fatigatus
3583 4317 3832 4383 lett-pore,

2260 4396 2495 4453 laudavit
2533 4398 2880 4453 liberatorem
2932 4399 3097 4454 libera
3133 4415 3295 4468 voce;
3334 4416 3436 4456 nec
3493 4403 3667 4458 defuit
3699 4412 3832 4467 των.

2259 4490 2402 4560 quod
2450 4488 2609 4560 paulo
2637 4500 2763 4544 ante
2806 4501 3028 4546 voverat
3080 4493 3654 4566 sancto;ubicunque
3697 4497 3829 4550 eni

2257 4584 2452 4655 potuit,
2477 4583 2701 4654 gloriam
2717 4582 2834 4652 ejus
2849 4584 3130 4649 exultavit,
3147 4585 3440 4641 exaltando
3468 4587 3633 4643 etiam
3661 4589 3829 4641 taliter

2259 4677 2648 4749 magniﬁcavit.
2677 4675 2856 4731 Vitam
2897 4675 3067 4746 ipsius
3097 4679 3446 4749 apostrophis
3495 4680 3750 4752 elegiacis
3783 4692 3830 4737 et

2258 4768 2629 4840 superﬂuitate
2657 4770 2742 4826 sui
2763 4769 3120 4828 oﬂ'endentem
3145 4771 3358 4826 animos
3387 4772 3709 4842 legentium,
3740 4790 3830 4829 ex-

2257 4862 2478 4931 stirpari
2521 4860 2651 4917 fecit
2691 4877 2757 4916 ex
2806 4861 2939 4932 ipsis
2976 4862 3218 4917 sentibus
3263 4863 3738 4932 superﬂuitatum,
3781 4878 3830 4922 et

2259 4951 2417 5021 plane
2459 4951 2740 5007 reductam
2787 4952 2856 5005 ad
2894 4951 3080 5006 ﬂorem
3110 4952 3354 5007 historia:
3391 4955 3625 5025 mystice
3669 4957 3830 5013 ben-

2707 5041 2742 5058 °‘
2781 5039 2850 5058 In\
2909 5039 3072 5058 n_-.',
3097 5047 3131 5058 ο.
