3960 5320
131 312 293 369 1033

1678 310 1863 367 VITA.

3256 298 3415 368 teat

124 444 249 486 nec
276 429 482 499 absque
510 428 864 500 plurimorum
886 426 1110 495 invidia,
1145 441 1280 499 quos
1310 434 1488 481 tamen
1531 436 1724 498 agente
1752 432 1801 491 Α
1830 423 2118 491 adductus,
2143 432 2201 482 et
2231 424 2286 480 in
2317 424 2496 481 medio
2518 424 2836 493 collocatus,
2865 433 2922 482 et
2942 433 3067 480 tunc
3087 425 3414 495 procedente

132 523 259 579 Deo
293 530 350 577 et
375 529 585 577 csancto
622 519 887 577 mirabilis
936 520 1215 591 redarguit
1259 519 1512 575 victoria.
1545 516 1730 573 Multis

129 614 317 686 signis
342 612 707 670 illustraverat
733 613 919 669 oculos
947 612 1123 667 adhuc
1154 612 1449 667 viventium
1483 609 1727 681 [sanctus

129 701 514 777 Adalbardus]
557 719 678 775 quas
709 703 891 759 omnia
922 700 1223 758 tradiderat
1265 698 1523 755 oblivioni
1554 697 1728 768 negli-

130 795 331 866 gentia
356 810 541 851 eorum
570 810 585 861 ;
632 809 751 865 quae
774 794 938 850 etiam
981 791 1198 863 juvenis
1226 791 1515 863 diligenter
1550 790 1619 845 ab
1647 789 1729 845 eis

128 886 240 958 qui
271 886 523 941 viderant
569 893 625 941 et
669 886 723 941 in
765 885 962 955 quibus
991 883 1134 938 facta
1178 881 1396 938 fuerant
1439 878 1732 951 exquisivit

132 974 495 1050 [Geraldus],
518 974 785 1046 exquisita
808 982 997 1047 postea
1025 974 1304 1029 litteravit.

216 1056 310 1124 15.
334 1067 471 1141 Ejus
500 1084 805 1139 progressus
859 1070 911 1122 in
966 1068 1047 1123 ria
1100 1066 1311 1122 Domini
1340 1073 1455 1135 post
1488 1062 1728 1119 sanatio-

132 1174 286 1215 nem.
310 1190 379 1202 -ο
407 1159 503 1216 Vir
542 1160 727 1231 itaque
768 1159 1001 1225 Domini,
1054 1167 1115 1214 ut
1156 1157 1444 1214 recedente
1483 1155 1733 1212 claritate

130 1254 403 1326 cognovit
423 1269 481 1311 se
505 1253 904 1311 abinfirmitate
928 1252 1236 1318 liberatum,
1252 1259 1307 1306 et
1329 1250 1503 1321 gratia
1526 1249 1727 1311 divina,

129 1355 204 1400 ut
264 1345 538 1411 diximus,
601 1354 711 1401 tam
767 1344 1094 1401 mirabiliter
1153 1342 1466 1407 visitatum,
1523 1354 1735 1396 memor

126 1434 444 1504 evangelici
467 1436 667 1506 eloquii
695 1454 708 1490 :
736 1434 843 1502 Qui
869 1434 1269 1506 perseveraverit
1297 1449 1460 1503 usque
1487 1430 1730 1502 inf/ineat

133 1525 226 1579 hic
246 1528 427 1581 satvus
448 1527 546 1581 erit
570 1525 788 1598 (Matth.
822 1529 997 1596 xxiv),
1036 1541 1097 1583 se
1145 1525 1480 1581 indefessum
1530 1523 1585 1577 in
1634 1522 1731 1576 Dei

128 1619 367 1674 servitio
400 1618 669 1684 exhibuit,
701 1628 757 1674 et
798 1628 923 1675 ante
967 1619 1155 1674 Sancti
1183 1616 1477 1675 Adalhardi
1528 1623 1583 1670 et
1624 1613 1730 1669 alia

130 1708 388 1764 ecclesiae
441 1709 653 1773 altaria,
708 1711 938 1781 amplius
979 1726 1141 1780 quam
1189 1719 1350 1763 antea
1401 1707 1626 1773 fecerat,
1670 1722 1732 1765 se

134 1810 390 1856 mactare
439 1802 628 1871 empit.
655 1800 700 1857 0
723 1801 898 1856 virum
928 1800 1088 1857 laude
1136 1801 1382 1870 dignum,
1413 1813 1574 1870 quem
1629 1813 1729 1854 nec
1760 1784 1805 1839 Β

128 1891 435 1947 inﬁrmitas
456 1892 847 1963 aliquantisper
869 1908 900 1948 a
924 1893 1016 1948 Dei
1046 1893 1271 1948 servitio
1293 1890 1611 1957 retardavit,
1630 1909 1729 1950 nec

130 1993 351 2039 sanitas
385 1994 494 2039 tant
545 1985 869 2040 mirabiliter
907 1995 1221 2054 recuperata
1254 1995 1412 2040 extra
1442 2003 1501 2043 se
1546 1987 1728 2043 eleva-

130 2075 247 2129 vit!
282 2074 328 2131 Ο
358 2075 572 2130 Domini
597 2083 653 2130 et
674 2075 972 2132 Salvatoris
997 2077 1168 2133 nostri
1203 2077 1491 2134 clementia
1532 2096 1729 2150 usque-

132 2184 362 2240 quaque
408 2168 776 2239 praedicanda,
817 2184 938 2241 quae
994 2168 1048 2224 in
1100 2169 1420 2225 infirmitate
1472 2173 1731 2227 sustinuit

132 2274 363 2314 servum
418 2275 598 2323 suum,
629 2276 698 2315 ne
737 2260 1016 2327 deﬁceret,
1044 2269 1101 2318 et
1150 2262 1371 2317 sanitati
1416 2265 1729 2320 restitutum

134 2348 576 2406 misericorditer
613 2351 974 2418 conservavit,
1028 2366 1095 2407 ne
1144 2352 1481 2423 superbiret!
1529 2354 1731 2410 Prtedi-

126 2449 264 2496 ctus
291 2450 476 2497 autem
502 2442 587 2496 vir
615 2440 682 2497 de
712 2442 976 2498 beneficio
999 2442 1099 2499 sibi
1126 2458 1154 2496 a
1182 2444 1291 2499 Deo
1313 2443 1512 2500 collato
1542 2459 1600 2500 se
1621 2461 1730 2501 tton

134 2531 433 2597 extollens,
484 2535 578 2588 sed
608 2547 823 2603 semper
862 2532 1209 2604 fragilitatem
1260 2548 1413 2587 suam
1467 2549 1730 2604 recogno-

137 2622 349 2678 scendo
379 2623 432 2678 in
465 2623 773 2678 humilitate
791 2624 1113 2694 persistens,
1134 2638 1166 2677 e
1192 2634 1341 2679 recto
1367 2640 1472 2679 non
1497 2625 1732 2680 deviavit

132 2715 374 2780 itinere;
425 2714 519 2769 sed
559 2714 625 2769 ad
666 2715 938 2770 anteriora
990 2715 1382 2787 progrediens,
1438 2717 1621 2772 animo
1676 2726 1733 2773 et

130 2809 566 2865 conversatione
602 2808 657 2863 in
692 2818 878 2864 monte
910 2808 1122 2865 Domini
1152 2808 1496 2872 constitutus,
1516 2810 1583 2865 ad
1607 2809 1730 2866 caeli

131 2898 351 2968 palatia
403 2897 737 2969 capessenda
796 2913 857 2953 se
897 2897 1119 2953 omnino
1164 2897 1445 2953 animavit.
1501 2897 1735 2970 Legerat

135 2988 295 3042 enim
342 2984 629 3042 Dominum
680 2987 733 3042 in
776 2986 1068 3055 Evangelio
1110 2986 1379 3044 dicentem
1416 3005 1428 3042 :
1479 2986 1650 3043 Petite
1685 3000 1734 3043 et

141 3079 438 3147 accipietis,
461 3077 679 3148 quaerite
723 3088 769 3131 et
800 3078 1090 3142 invenietis,
1121 3078 1327 3148 pulsate
1374 3089 1423 3134 et
1469 3081 1736 3149 aperietur

141 3168 295 3224 vobis
350 3166 505 3240 (Luc.
537 3170 637 3240 xi).
689 3167 801 3224 llac
830 3182 964 3224 voce
1015 3167 1294 3225 Dominica
1354 3167 1590 3225 conlisus
1640 3169 1734 3224 Dei
1763 3143 1803 3199 C

142 3276 345 3317 servus
376 3277 481 3315 non
512 3258 760 3314 cessabat
787 3267 994 3328 petere,
1030 3265 1087 3312 ut
1117 3257 1413 3328 acciperet,
1456 3258 1737 3329 satagebat

140 3354 419 3424 (ltltl‘l’el'e,
455 3360 513 3405 ut
566 3350 857 3414 inveniret,
893 3348 1277 3418 nitebaturque
1322 3348 1561 3419 pulsare,
1592 3358 1654 3403 ut
1686 3348 1736 3404 ei

145 3440 417 3497 Dominus
447 3441 767 3514 dignaretur
804 3440 1037 3511 aperire.
1068 3439 1222 3507 Quod
1268 3447 1324 3494 et
1373 3439 1575 3496 factum
1631 3452 1733 3497 est.

145 3534 534 3591 lnlirmabatur
580 3536 750 3601 enim,
778 3543 836 3589 ut
867 3535 1124 3599 diximus,
1159 3534 1478 3591 inﬁrmitate
1526 3536 1740 3608 gravis-

140 3629 310 3687 sima.
342 3638 398 3683 et
427 3626 493 3681 ad
528 3626 840 3697 petitionem
868 3642 1020 3682 suam
1063 3626 1314 3681 liberavit
1342 3642 1466 3682 eum
1519 3629 1739 3681 mirabi-

148 3721 277 3776 liter
303 3720 676 3775 misericordia
710 3719 926 3785 divina;
970 3720 1222 3790 quzesivit
1254 3728 1313 3775 ut
1353 3736 1475 3775 eum
1514 3721 1739 3775 visitare

140 3815 470 3886 dignaretur
496 3813 673 3884 gratia
701 3813 873 3867 sancti
902 3811 1161 3884 Spiritus,
1194 3822 1250 3868 et
1276 3813 1479 3867 invenit
1505 3828 1625 3867 eam
1685 3814 1736 3868 in

146 3916 441 3976 conspectu
467 3905 752 3961 oculorum
778 3904 1041 3961 Altissimi
1072 3924 1084 3959 ι
1120 3921 1278 3960 aures
1322 3905 1440 3974 ejus
1488 3906 1740 3975 precibus

138 4007 203 4053 et
238 3997 500 4065 lacrymis
528 4013 633 4052 non
656 3997 906 4052 cessabat
930 3996 1167 4068 pulsare,
1204 4006 1255 4051 et
1282 3997 1394 4067 ipse
1422 3996 1739 4052 misericor-

147 4088 253 4143 dire
279 4103 391 4145 sua:
413 4088 621 4144 viscera
652 4088 903 4157 dignatus
929 4097 1011 4143 est
1036 4088 1269 4158 aperire.

220 4178 310 4232 16.
366 4175 579 4234 Visione
624 4177 802 4231 divina
847 4187 1138 4232 recreatur.
1168 4177 1508 4244 -Qnodam
1556 4187 1737 4234 autem

146 4286 399 4347 tempore
440 4273 729 4329 videbatur
770 4274 819 4327 ei
859 4288 956 4344 per
981 4273 1248 4328 somnium
1299 4274 1440 4343 quod
1475 4275 1589 4344 ipse
1613 4286 1741 4329 ante

142 4364 453 4422 oratorium
481 4362 668 4418 Sancti
698 4361 995 4427 Michaelis,
1020 4360 1162 4432 quod
1186 4362 1238 4416 in
1271 4364 1386 4432 ipso
1414 4364 1740 4418 monasterio

1830 513 2060 569 Domino
2108 514 2177 569 ad
2228 516 2409 571 missae
2455 514 2777 571 celebranda
2825 515 3105 587 mysteria,
3138 515 3413 587 inceptum

1829 612 1913 661 est
1936 607 2169 663 olllcium
2202 625 2218 663 :
2248 598 2584 665 Gaudeamus
2607 626 2785 666 omnes
2805 611 3134 679 in‘Domino,
3167 620 3222 668 et
3246 612 3326 668 sic
3345 613 3419 668 ad

1830 695 1993 753 fidem
2024 700 2383 768 perductum;
2417 700 2604 771 sicque
2627 700 2764 757 visio
2792 700 2878 757 illa
2904 703 3147 770 evanuit,
3167 710 3226 758 et
3248 702 3417 757 frater

1830 785 2093 857 evigilans
2118 803 2238 857 qua:
2263 787 2472 843 viderat
2518 804 2703 846 secum
2735 799 3074 860 pertractare
3093 791 3280 862 cepit.
3307 790 3413 847 Co-

1830 877 2016 948 gnovit
2041 878 2174 934 satis
2203 879 2485 936 evidenter
2508 878 2635 951 quia
2663 880 2775 937 Deo
2821 881 2876 938 in
2925 882 3139 938 actibus
3165 882 3280 938 suis
3298 882 3420 953 pla-

1831 976 2012 1034 ceret;
2035 976 2090 1023 et
2105 969 2148 1024 si
2166 969 2317 1039 prius
2340 970 2395 1025 in
2420 971 2538 1041 eius
2556 973 2779 1029 servitio
2802 959 3414 1039 sedevotum'tenuerat,

1830 1069 2015 1129 postea
2066 1062 2309 1119 severius
2357 1064 2604 1134 corporis
2647 1074 2703 1121 et
2743 1066 2913 1122 animi
2952 1073 3136 1123 motus
3160 1065 3421 1122 cohibere

1831 1152 2017 1222 carpit.
2446 1164 2452 1171 ‘

1904 1242 1991 1299 17.
2023 1245 2145 1300 Alia
2171 1246 2318 1301 uisio.
2352 1245 2723 1304 Jerosolimant
2753 1251 2828 1306 ire
2853 1252 3100 1323 disponit.
3135 1251 3292 1319 Quod
3318 1269 3416 1309 ea:-

1830 1336 2086 1407 sequitur.
2114 1367 2188 1379 --
2209 1337 2332 1394 Alio
2362 1350 2575 1409 quoque
2603 1348 2843 1411 tempore
2869 1351 3006 1405 erat,
3037 1344 3179 1399 sicut
3198 1343 3300 1399 sibi
3329 1345 3417 1397 vi—

1833 1426 2085 1494 debatur,
2111 1427 2165 1483 in
2193 1429 2380 1484 Sancti
2402 1428 2550 1485 Petri
2574 1433 2905 1488 monasterio
2925 1433 3187 1500 Corbeiae,
3214 1444 3270 1491 et
3292 1445 3419 1492 ante

1832 1534 2071 1588 crucem,
2104 1536 2225 1592 quae
2261 1521 2315 1577 in
2343 1522 2520 1578 medio
2548 1522 2796 1578 ecclesiae
2829 1534 2935 1594 est,
2967 1527 3332 1593 consistebat;
3362 1539 3419 1583 et

1832 1609 2121 1667 multitudo
2156 1613 2394 1667 virorum
2435 1621 2490 1668 et
2539 1613 2825 1668 mulierum
2885 1622 3032 1672 tanta
3082 1628 3418 1674 convenerat

1834 1701 1999 1772 quoii,
2032 1701 2135 1758 sibi
2157 1703 2299 1758 sicut
2324 1704 2500 1759 visum
2528 1702 2729 1771 fuerat,
2762 1713 2929 1760 totam
2962 1706 3251 1763 ecclesiam
3270 1723 3420 1764 com-

1829 1798 2102 1870 pleverat;
2132 1809 2185 1855 et
2213 1799 2285 1855 ita
2314 1816 2379 1856 eo
2400 1808 2527 1855 ante
2549 1815 2765 1856 crucem
2798 1802 3130 1858 consistente
3158 1805 3417 1876 omnique

1829 1890 2025 1962 populo
2047 1907 2233 1948 versus
2250 1908 2463 1948 erucem
2495 1892 2814 1963 aspiciente,
2842 1893 3020 1965 imago
3036 1895 3269 1961 Domini,
3294 1910 3415 1966 qua:

1830 1987 1883 2040 in
1914 2001 2076 2041 cruce
2102 1996 2242 2052 erat,
2271 1987 2553 2042 descendit
2583 1987 2649 2041 de
2680 2001 2861 2052 cruce,
2892 1995 2947 2043 et
2991 1988 3058 2043 ad
3090 2003 3212 2043 eum
3239 1991 3329 2060 qui
3363 1991 3419 2045 in

1831 2076 2010 2131 medio
2039 2076 2219 2148 populi
2252 2088 2372 2132 erat
2422 2078 2782 2148 appropiavit,
2816 2092 3051 2148 cumque
3098 2079 3296 2135 blande
3353 2096 3418 2136 ac

1833 2172 2029 2226 leniter
2072 2187 2382 2228 convocans
2432 2189 2530 2227 suo
2569 2174 2806 2239 nomine,
2837 2183 2997 2245 caput
3048 2190 3205 2229 suum
3250 2191 3415 2230 manu

1832 2283 1927 2321 sua
1976 2266 2284 2323 demulcere
2325 2268 2508 2339 cmpit,
2547 2269 2730 2324 dicens
2761 2286 2772 2322 :
2808 2288 2827 2321 ι
2857 2266 3198 2333 Confortarc,
3235 2270 3329 2333 liii,
3364 2272 3418 2326 in

1835 2357 2060 2413 Domino
2077 2367 2128 2412 et
2151 2361 2204 2413 in
2229 2360 2468 2429 potentia
2496 2360 2708 2414 virtutis
2731 2359 2864 2430 ejus.
2883 2379 2900 2412 ι
2933 2360 2999 2415 Ει
3028 2361 3109 2416 sic
3135 2361 3417 2417 discedens

1832 2453 1901 2508 ab
1927 2469 2015 2519 eo,
2043 2452 2355 2517 videntibus
2376 2452 2650 2520 omnibus,
2683 2455 2823 2509 sicut
2846 2455 3078 2524 primutn
3100 2454 3277 2511 fuerat
3299 2470 3419 2509 cru.

1832 2558 1949 2598 cem
1978 2543 2241 2598 ascendit.
2272 2540 2559 2619 Quofacto
2589 2542 2759 2596 frater
2781 2544 3075 2613 evigilavit,
3105 2551 3157 2599 et
3192 2542 3419 2598 multum

1834 2634 2030 2688 anxius
2059 2648 2155 2705 pro
2180 2634 2283 2689 hoc
2304 2634 2447 2703 quod
2472 2632 2700 2698 viderat,
2724 2632 2915 2698 Deum,
2941 2642 3000 2688 ut
3026 2633 3126 2688 sibi
3154 2633 3417 2688 visionem

1832 2741 2149 2797 prosperam
2199 2724 2425 2790 faceret,
2475 2725 2675 2781 obnixe
2724 2724 3003 2795 deprecari
3040 2722 3223 2797 coepit.
3258 2724 3421 2779 Venit

1835 2830 2015 2875 autem
2046 2818 2147 2875 sibi
2181 2819 2233 2873 in
2265 2819 2445 2873 animo
2475 2817 2598 2888 quia
2627 2818 2742 2872 loca
2773 2826 3109 2883 sanctorum,
3141 2820 3232 2887 qui
3280 2815 3418 2871 ultra

1836 2925 1988 2965 mare
2036 2911 2404 2980 requiescunt,
2440 2908 2598 2963 vellet
2622 2908 2867 2975 visitare,
2894 2915 2949 2963 et
2996 2907 3061 2963 ad
3110 2907 3418 2978 sepulcrum

1836 3000 2049 3055 Domini
2107 3016 2229 3054 eum
2274 3000 2324 3053 in
2373 2996 2674 3054 Jerusalem
2723 2999 2972 3053 adorare.
3022 2997 3268 3068 Cumque
3318 2998 3424 3054 hoc

1837 3092 2073 3163 qualiter
2101 3092 2384 3161 adimpleri
2413 3098 2595 3162 posset
2626 3091 2677 3145 in
2711 3091 2894 3146 animo
2921 3090 3251 3157 volveretur,
3275 3092 3424 3146 audi.

1840 3186 1916 3239 vit
1942 3185 2065 3253 quia
2100 3184 2151 3237 in
2196 3185 2387 3239 eadem
2417 3200 2522 3255 qua
2579 3183 2691 3254 ipse
2742 3184 2996 3238 manebat
3022 3183 3171 3250 villa,
3202 3185 3423 3254 quidam

1839 3272 1939 3327 viii
1966 3273 2149 3329 ﬁdeles
2178 3273 2282 3328 iter
2303 3290 2458 3328 suum
2484 3282 2832 3344 appararent,
2859 3283 3126 3344 quatenus
3148 3278 3217 3329 ad
3244 3277 3424 3347 sepul-

1838 3383 1991 3445 crum
2023 3366 2235 3423 Domini
2266 3368 2495 3423 adorare
2524 3367 2847 3438 potuissent.
2877 3367 2994 3435 Quo
3029 3370 3247 3439 cognito
3272 3369 3426 3426 hctus

1840 3460 2190 3514 vehementer
2218 3457 2465 3525 ell‘ectus,
2488 3460 2845 3532 omnipotenti
2878 3460 2986 3516 Deo
3015 3463 3216 3533 gratias
3247 3464 3451 3533 reddi-_

1841 3550 1940 3614 dit,
1973 3550 2063 3619 qui
2085 3550 2373 3604 consilium
2401 3551 2467 3603 ad
2502 3549 2603 3604 hoc
2635 3552 2777 3620 quod
2806 3551 3018 3607 volebat
3058 3555 3427 3610 necessarium

1839 3641 2199 3706 ministravit;
2226 3641 2321 3695 sed
2352 3641 2476 3710 quia
2503 3642 2602 3695 sub
2639 3643 2833 3696 abbate
2859 3652 2915 3697 et
2946 3643 3131 3714 regula
3163 3645 3214 3699 in
3243 3663 3428 3702 nima-

1840 3730 2006 3786 stcrio
2044 3732 2290 3802 degebat,
2321 3732 2477 3786 valde
2530 3731 2631 3787 sibi
2673 3733 3073 3795 incommodum
3105 3738 3418 3801 videbatur.

1841 3824 1883 3879 si
1914 3825 2028 3879 sine
2060 3827 2176 3896 ejus
2223 3826 2449 3882 consilio
2478 3835 2534 3881 et
2577 3826 2792 3882 licentia
2825 3827 3027 3884 faceret
3065 3834 3205 3901 quod
3244 3833 3427 3890 facere

1838 3918 2132 3973 nitebatur.
2184 3918 2330 3973 Adiit
2384 3934 2516 3989 ergo
2564 3919 2813 3975 abbatem
2843 3962 2857 3989 ,
2888 3920 3219 3979 voluntatem
3271 3942 3423 3982 suam

1840 4008 2373 4079 aperuit.postulans
2400 4018 2453 4064 et
2476 4010 2704 4064 multum
2736 4027 2954 4083 rogans,
2987 4023 3046 4068 nt
3074 4014 3119 4069 ei
3152 4016 3426 4073 licentiam

1841 4101 2012 4154 daret.
2064 4100 2245 4155 Abbas
2283 4112 2462 4157 autem
2521 4102 2710 4158 videns
2739 4101 3097 4162 intentionem
3134 4108 3319 4166 fratris
3372 4122 3428 4167 et

1841 4200 2088 4245 metuens
2115 4206 2183 4244 ne
2217 4191 2414 4246 alicubi
2462 4192 2514 4246 in
2548 4191 2755 4269 itinere
2781 4194 2865 4249 vel
2903 4195 3143 4256 inclusus
3174 4200 3255 4253 vel
3298 4216 3426 4263 ere-

1841 4282 1969 4335 mita
2021 4291 2345 4347 remaneret,
2374 4283 2683 4356 abnegavit,
2733 4294 2787 4340 et
2835 4301 2957 4342 eum
3006 4288 3073 4342 ab
3121 4288 3422 4347 intentione

1840 4371 2167 4440 hujusmodi.
2199 4373 2243 4427 si
2293 4382 2493 4441 posset,
2547 4389 2805 4430 revocare
2859 4378 3109 4432 tentavit.
3149 4377 3253 4435 Sed
3297 4382 3426 4451 quia

134 4465 253 4522 est,
274 4454 700 4516 consisteret,et
734 4452 994 4507 Dominus
1021 4451 1176 4508 Jesus
1206 4452 1474 4519 Christus,
1510 4454 1737 4510 interius
1765 4488 1816 4550 ι)
1842 4461 2101 4532 plantatio
2148 4478 2307 4533 quam
2360 4462 2567 4533 plantat
2612 4465 2752 4520 Deus
2792 4468 2981 4538 nequit
3023 4469 3311 4537 cradicari,
3343 4474 3427 4528 vir

144 4564 274 4605 cum
290 4545 608 4620 angelorum
623 4555 677 4600 et
694 4546 1142 4617 archangelorum
1162 4547 1507 4602 multitudine
1524 4547 1734 4604 infinita

144 4649 203 4694 et
226 4638 474 4694 omnium
520 4644 854 4699 sanctorum,
884 4651 942 4690 se
967 4637 1032 4690 ad
1060 4635 1235 4693 Missa:
1256 4637 1579 4693 celebranda
1623 4655 1736 4710 my-

142 4730 317 4786 steria
344 4724 704 4799 praspararet.
736 4724 1078 4783 Assistebam
1128 4729 1325 4799 angeli,
1355 4728 1738 4785 ministrabant

143 4820 491 4891 archangeli,
514 4830 570 4875 et
592 4834 657 4874 ea
698 4834 818 4888 qute
845 4829 996 4874 tanto
1019 4822 1276 4890 mysterio
1302 4826 1456 4874 erant
1480 4836 1737 4876 necessa-

145 4913 227 4970 ria
248 4913 667 4985 praeparabant;
691 4926 923 4982 cumque
949 4911 1130 4966 omnia
1157 4911 1573 4979 ministrassent,
1597 4922 1651 4969 et
1670 4930 1738 4971 ex

139 4996 386 5074 turaque
406 5012 568 5075 parte
600 5002 655 5057 in
685 5001 906 5057 modum
937 5010 1218 5057 cantorum
1262 5000 1316 5055 in
1356 5001 1524 5057 choro
1554 5005 1739 5058 cousi-

143 5097 409 5155 stentium
439 5094 641 5160 sancti,
671 5093 765 5163 qui
791 5109 915 5149 cum
946 5110 1014 5150 eo
1039 5100 1198 5149 erant
1224 5093 1470 5149 collocati
1532 5106 1737 5166 essent,

140 5189 263 5226 {nas
298 5188 562 5226 ll‘..:r.tinnc
607 5185 765 5226 laeua
810 5186 971 5226 nmnit
1009 5185 1284 5226 innuirprn
1324 5193 1506 5226 ntrmn
1549 5203 1736 5226 nnmnc

1843 4567 1984 4623 saepe
2023 4552 2337 4608 nominatus
2365 4553 2433 4607 ab
2462 4553 2763 4610 intentione
2789 4572 2885 4612 sua
2921 4573 3028 4614 non
3060 4560 3318 4627 recessit;
3370 4572 3429 4616 et

1838 4645 1983 4715 quod
2003 4659 2103 4715 per
2124 4660 2183 4700 se
2211 4662 2315 4700 non
2339 4654 2572 4716 poterat,
2593 4657 2776 4719 postea
2802 4650 3094 4706 multorum
3114 4646 3427 4709 sauciorum

1841 4735 2083 4792 virorum
2115 4738 2370 4807 precibus
2396 4738 2724 4809 impetravit.
2752 4740 2994 4799 Tandem
3019 4744 3189 4800 abbas
3214 4748 3425 4811 annuit,

1840 4830 1935 4885 sed
1976 4846 2039 4885 ea
2070 4831 2384 4886 conditione
2430 4842 2513 4895 ut,
2548 4833 2595 4886 si
2626 4831 2768 4888 Deus
2789 4848 2949 4902 posse
2981 4839 3323 4901 concederet,
3361 4839 3428 4892 ad

1844 4934 1968 4974 cum
2010 4921 2128 4976 sine
2176 4919 2341 4975 dubio
2382 4922 2685 4991 rcpedaret.
2726 4921 2823 4977 Vir
2873 4912 3052 4981 autem
3079 4927 3427 4990 venerabilis,

1847 5019 2068 5081 accepta
2117 5011 2361 5077 licentia,
2392 5013 2756 5070 obedientiam
2811 5012 3074 5088 suscepit,
3117 5019 3221 5074 iter
3274 5033 3429 5073 suum

1846 5106 2173 5174 apparavit,
2228 5104 2322 5161 Dei
2374 5107 2545 5177 gratia
2600 5108 2717 5164 loca
2772 5121 3090 5168 sanctorum
3140 5113 3429 5170 multorum

1844 5199 2086 5226 cu:.~:ln.o:.
2163 5201 2227 5226 an.
2288 5200 2556 5226 ΑΛ-ιιιισιιιιια

2562 5216 2593 5226 ιι
2645 5202 2983 5226 “Α.Α.ξ..ῗ-----
3079 5205 3217 5226 ----.‘
3272 5209 3434 5226 -.ι’-Δ-
