3960 5320
552 278 691 334 1055

1532 277 1588 331 S.
1628 275 1923 332 GERALDI
1977 274 2268 330 ABBA'I‘IS
2305 273 2848 330 SlLVzE-MAJORIS

3673 277 3801 332 “>56

546 392 661 449 rari
717 390 964 461 dignatus
1026 397 1148 455 est,
1197 390 1285 443 vix
1348 384 1542 446 sufﬁcit
1599 389 1780 460 lingua
1831 390 2119 446 balbutire.
2154 399 2194 451 Α
2229 387 2296 442 de
2318 396 2462 442 terra
2487 396 2541 442 et
2561 388 2881 459 cognatione
2911 403 3008 444 sua
3034 386 3386 459 egrediuntur
3418 388 3571 461 (Cen.
3602 406 3700 456 xu,
3730 395 3796 462 Ι).

543 482 822 552 Ingressus
875 478 1057 548 itaque
1103 477 1414 532 monasterii
1467 478 1807 544 claustrum,
1857 478 2022 548 coepit
2065 479 2117 531 in

544 571 639 624 Dei
687 568 909 624 servitio
953 581 1012 622 se
1052 581 1343 631 exercere,
1397 576 1452 622 et
1508 567 1627 636 quae
1677 568 1742 621 de
1787 565 1905 634 ejus
1951 566 2118 619 mira-

547 659 1014 717 bilibusaudierat
1033 667 1088 713 et
1117 658 1344 725 viderat,
1383 658 1450 712 ad
1482 658 1799 714 memoriam
1835 670 2114 712 revocare.

615 753 704 808 18.
742 752 999 806 'Ileversus
1042 751 1102 820 ﬁt
1145 751 1326 805 abbas.
1351 779 1421 791 --
1441 749 1652 805 interea
1684 749 1919 820 quodam
1950 747 2118 802 fratre

544 859 642 899 suo
675 844 883 900 carnali
936 843 1014 915 (9)
1066 843 1134 898 de
1179 845 1280 898 hac
1333 843 1442 897 vita
1497 857 1753 912 egresso,
1787 841 1876 910 qui
1927 856 2114 895 curam

542 935 768 990 fratrum
843 935 896 988 in
972 933 1305 990 monasterio
1383 933 1568 989 Sancti
1638 931 1905 987 Vincentii
1976 931 2117 1001 apud

540 1035 782 1080 montem
813 1025 1138 1080 Laudunum
1168 1033 1512 1094 susceperat,
1561 1023 1628 1078 ad
1676 1023 1949 1077 abbatiam
1994 1035 2118 1090 pro-

542 1125 728 1170 vectus
753 1124 857 1169 est.
890 1115 1044 1183 Quod
1093 1114 1293 1169 invitus
1329 1114 1527 1184 diuque
1575 1113 1814 1168 retinens
1845 1113 2115 1182 suscepit,

539 1215 596 1260 et
625 1205 872 1272 quamvis
897 1221 1000 1260 non
1027 1220 1148 1259 esse
1173 1219 1360 1274 parum
1386 1203 1644 1259 fratribus
1666 1218 1898 1274 prmesse
1920 1219 2117 1274 cogno-

538 1307 747 1360 sceret,
781 1296 943 1352 vellet
991 1305 1172 1351 tamen
1212 1294 1406 1360 nollet,
1466 1294 1723 1350 obedivit.
1759 1294 1908 1350 Collo
1935 1303 2131 1359 autem,

535 1389 686 1444 oneri
716 1398 822 1443 tam
845 1388 994 1458 gravi
1017 1386 1377 1457 superposito,
1397 1401 1502 1440 non
1524 1401 1583 1440 se
1599 1385 1855 1440 oblivioni
1875 1384 2111 1450 tradidit,

534 1479 628 1534 sed
676 1478 730 1531 in
766 1486 1040 1547 quantum
1086 1485 1329 1546 poterat,
1375 1492 1431 1531 se
1466 1475 1694 1530 formam
1735 1485 1789 1530 et
1833 1475 2108 1546 speculum

533 1568 814 1640 discipulis
861 1568 976 1624 suis
1017 1567 1290 1622 exhibuit.
1335 1566 1554 1621 Fratres
1587 1581 1742 1630 vero,
1789 1566 1879 1635 qui
1920 1565 2019 1620 sub
2049 1578 2114 1619 eo
2149 1634 2156 1640 _

531 1671 718 1726 erant,
776 1659 898 1730 plus
952 1658 1183 1714 terrenis
1237 1657 1532 1712 commodis
1581 1671 1744 1727 quam
1802 1655 2112 1712 caelestibus

2222 477 2308 530 Fit
2354 476 2666 545 conjunctio
2707 478 3042 544 lmtabunda,
3094 482 3153 534 fit
3193 479 3490 534 exsultatio
3530 479 3799 549 jucunda;

2219 566 2492 621 exsultant
2545 567 2610 621 de
2659 568 2917 638 magistro
2967 568 3250 639 discipuli,
3299 568 3503 639 gaudet
3553 569 3800 640 magister

2220 673 2384 729 super
2409 659 2732 730 discipulos;
2761 660 2996 716 exsultat
3024 660 3194 717 abbas
3223 676 3390 732 super
3426 661 3743 716 societatem
3766 677 3796 715 ι

2221 752 2330 807 Deo
2357 753 2459 807 sibi
2487 763 2594 807 tam
2620 754 2941 809 mirabiliter
2965 755 3283 824 przevisam,
3314 754 3579 809 laetantur
3607 755 3799 810 tirones

2218 844 2453 910 Christi,
2481 845 2604 915 quia
2637 845 2820 901 vident
2854 855 2909 900 et
2954 855 3288 917 cognoscunt
3318 861 3428 902 non
3457 847 3532 900 ab
3562 846 3797 911 homine,

2221 934 2316 988 scd
2371 949 2399 987 a
2449 934 2560 989 Deo
2585 950 2706 1004 qum
2734 935 3116 990 desiderabant
3142 935 3323 990 omnia
3369 934 3478 990 sibi
3521 935 3800 1005 provenire

2212 1023 2368 1093 juxta
2399 1024 2728 1079 voluntatem
2759 1041 2932 1080 suam.
2963 1025 3157 1080 Szeculi
3186 1026 3372 1096 itaque
3401 1024 3619 1080 honore
3649 1025 3795 1094 depo-

2217 1116 2356 1180 sito,
2384 1117 2526 1170 viam
2553 1131 2658 1185 qua
2689 1115 2967 1172 Christum
2994 1128 3292 1188 sequantur
3321 1118 3799 1187 ingrediuntur,et

2217 1222 2388 1277 usque
2414 1207 2480 1261 ad
2512 1207 2653 1262 beati
2705 1207 2946 1279 Dionysii
2997 1209 3214 1264 domum
3235 1251 3250 1273 ,
3283 1224 3448 1278 quem
3493 1209 3674 1264 locum
3703 1209 3800 1263 sibi

2218 1299 2561 1370 delegerant,
2591 1299 2946 1369 undequaquc
2987 1301 3338 1354 conveniunt.
3369 1299 3619 1354 Adorata
3647 1299 3798 1366 igitur

2221 1387 2288 1441 ad
2320 1399 2630 1442 sanctorum
2679 1397 2975 1459 martyrum
3009 1389 3311 1458 sepulcrum
3347 1388 3662 1443 Salvatoris
3687 1388 3788 1442 cle-

2218 1477 2417 1531 mentia
2435 1517 2450 1542 ,
2483 1491 2780 1547 eorumque
2808 1487 3108 1548 martyrum
3134 1487 3190 1532 et
3219 1477 3455 1533 aliorum
3487 1486 3793 1532 sanctorum

2217 1567 2516 1635 patrocinia
2578 1583 2679 1623 suo
2733 1569 2936 1623 auxilio
2993 1578 3334 1632 convocant,
3396 1568 3612 1623 Christi
3669 1569 3794 1622 duce

2215 1661 2569 1730 providentia,
2599 1662 2928 1728 Aurelianis,
2960 1672 3018 1717 ut
3043 1663 3245 1717 ibidem
3267 1665 3335 1717 ad
3365 1673 3582 1717 sane—tae
3606 1661 3794 1716 Crucis

531 1752 759 1817 intenti,
790 1750 1030 1805 moribus
1058 1749 1175 1818 ejus
1205 1763 1311 1803 non
1341 1750 1477 1803 bene
1516 1745 1940 1812 conveniebant;
1977 1747 2106 1813 sed,
2138 1731 2186 1791 Β
2216 1752 2441 1808 adorent
2488 1754 2771 1810 ecclesiam
2805 1754 2951 1826 (ll),
2987 1755 3224 1827 dirigunt
3269 1756 3524 1826 vcst’gia.
3556 1754 3796 1824 Cumque

530 1843 672 1897 sicut
692 1841 887 1911 legitur
905 1840 970 1895 de
991 1848 1179 1894 sancto
1200 1838 1491 1893 Benedicto
1514 1836 1594 1908 (S.
1619 1835 1788 1892 Gneo.
1812 1835 1848 1888 ι.
1876 1851 1911 1889 ιι
1939 1835 2106 1901 Dial.,

530 1948 580 1987 c.
631 1931 719 2003 ὅ),
758 1931 964 1987 sanctis
1012 1931 1130 2001 ejus
1177 1931 1397 1984 monitis
1455 1929 1729 1984 contraria
1778 1928 2108 1983 sentiebant.

528 2024 772 2092 Cumque
795 2022 1140 2092 conspiceret
1158 2034 1252 2076 eos
1279 2030 1336 2075 ut
1359 2019 1574 2075 volebat
1599 2023 1717 2075 sine
1747 2020 2110 2089 peculiaribus

528 2129 650 2168 esse
679 2113 822 2168 nolle
850 2113 1232 2182 acquiescere,
1261 2113 1329 2166 ad
1373 2111 1697 2167 sanctissimi
1731 2111 1908 2165 Patris
1937 2113 2108 2167 nostri

526 2205 804 2260 Benedicti
821 2205 1127 2275 exemplum
1148 2205 1409 2275 cogitavit
1429 2219 1525 2258 eos
1546 2204 1839 2268 dimittere,
1854 2212 1908 2258 et
1925 2218 2108 2258 secum

525 2297 791 2354 habitare.
823 2297 878 2351 In
911 2297 1245 2351 monasterio
1272 2303 1451 2350 autem
1488 2310 1584 2350 suo
1625 2305 1738 2349 erat
1771 2295 1851 2348 vir
1880 2297 2109 2351 sanctis-

527 2388 699 2444 simus
721 2387 962 2444 inclusus
991 2387 1127 2459 (10),
1151 2402 1180 2441 a
1205 2401 1311 2457 quo
1343 2385 1650 2452 consilium,
1678 2387 1946 2454 quomodo
1970 2402 2107 2456 quos

526 2481 592 2535 ad
618 2483 912 2552 regendum
938 2486 1247 2549 susceperat
1273 2478 1543 2533 dimittere
1568 2487 1770 2546 posset,
1791 2477 2104 2546 requisivit:

526 2574 618 2644 qui
647 2573 780 2628 satis
807 2573 1060 2627 idoneum
1111 2578 1166 2625 et
1205 2570 1306 2624 sibi
1339 2569 1492 2622 valde
1540 2567 1908 2622 necessarium
1938 2567 2103 2621 dedit.

524 2666 722 2722 Milites
771 2680 898 2720 vero
941 2664 1235 2719 secundum
1283 2661 1538 2730 sacculum
1585 2675 1692 2714 non
1739 2659 2002 2730 ignobiles
2039 2659 2106 2715 ad

526 2757 776 2812 eumdem
807 2754 1074 2810 inclusum
1107 2760 1397 2814 venerant,
1427 2751 1494 2804 de
1523 2750 1762 2820 peccatis
1813 2749 1925 2804 suis
1965 2748 2106 2819 apud

526 2829 650 2900 eum
697 2853 1126 2914 conquerentes,
1165 2841 1289 2911 quia
1356 2840 1550 2895 sazculo
1613 2839 1844 2908 amplius
1901 2839 2106 2893 servire

524 2935 813 3001 nolebant,
857 2933 1090 2990 confessi
1143 2932 1390 2994 fuerant,
1439 2941 1494 2985 et
1523 2931 1592 2986 ab
1639 2945 1705 2985 co
1749 2931 2019 3000 quomodo
2049 2929 2101 2984 id

525 3029 770 3084 facerent
815 3026 1100 3082 consilium
1131 3031 1511 3095 poposcerant.
1542 3021 1775 3077 Sanctus
1805 3029 1985 3075 autem
2022 3021 2103 3074 vir

523 3128 580 3174 et
609 3117 824 3173 abbatis
872 3114 1170 3184 supradicti
1217 3115 1454 3167 animum
1485 3126 1848 3181 cognoscens,
1883 3120 1938 3166 et
1965 3110 2105 3167 desi-

523 3210 735 3266 derium
769 3207 1000 3262 militum
1034 3215 1369 3276 cognoscens
1397 3213 1451 3258 et
1480 3203 1815 3272 intelligens,
1850 3203 1901 3256 in
1940 3216 2103 3257 unum

523 3315 715 3356 omnes
743 3298 1125 3368 congregavit,
1157 3295 1446 3351 consilium
1475 3303 1830 3363 utrorumque
1856 3295 2102 3363 aperuit,

524 3400 581 3445 et
607 3389 779 3444 laicus
806 3388 961 3457 quasi
990 3386 1112 3439 fidei
1141 3386 1443 3438 rudimenta
1467 3383 1848 3453 suscipientes,
1877 3385 2106 3440 sanctis-

525 3482 649 3537 simi
701 3479 915 3535 abbatis
962 3476 1317 3548 providentiae
1363 3475 1782 3531 commendavit.
1814 3475 1858 3532 Ο
1903 3476 2104 3532 Christi

524 3572 700 3640 pietas
729 3566 1144 3624 inenarrabilis!
1179 3581 1212 3620 ο
1250 3563 1549 3621 Salvatoris
1577 3566 1864 3622 clementia
1899 3567 2107 3622 incom-

525 3662 814 3733 parabilis!
844 3659 1084 3716 Famulis
1116 3658 1228 3713 suis
1255 3673 1314 3713 se
1345 3667 1457 3713 toto
1507 3658 1669 3712 corde
1700 3658 2067 3728 quaerentibus
2088 3699 2102 3724 ,

527 3754 593 3810 ad
622 3752 802 3810 steculi
852 3750 1220 3806 blandimenta
1266 3749 1570 3818 superanda
1610 3748 1962 3818 magistrum,
2013 3747 2105 3816 qui

522 3859 620 3899 eos
653 3840 988 3912 praecederet
1033 3837 1394 3904 ministravit;
1427 3851 1694 3906 servoque
1737 3851 1868 3902 suo,
1906 3845 1964 3890 ut
2001 3836 2104 3892 sibi

525 3932 776 3988 devotius
805 3928 1103 3985 deserviret
1121 3967 1136 3991 ,
1168 3926 1346 3980 socios
1371 3937 1425 3980 et
1449 3925 1742 3996 discipulos
1772 3928 2101 3996 aggregavit.

527 4019 750 4076 Talibus
777 4033 907 4073 vero
936 4016 1244 4086 conjunctis
1271 4015 1323 4069 in
1355 4014 1612 4081 Domino,
1643 4015 1813 4070 abbas
1854 4032 1960 4071 non
2002 4017 2106 4070 im-

526 4125 734 4167 memor
761 4109 986 4164 fratrum
1018 4121 1154 4177 quos
1182 4105 1248 4160 ad
1291 4106 1582 4176 regendum
1612 4115 1956 4176 susceperat,
1987 4107 2105 4176 epi-

526 4220 749 4276 scopum
785 4201 1181 4275 (Helinardum)
1212 4216 1243 4255 a
1283 4214 1391 4270 quo
1435 4199 1667 4254 abbatia:
1695 4214 1833 4255 onus
1874 4200 2104 4255 habebat

526 4301 690 4365 adiit,
739 4299 898 4368 eique
947 4294 1106 4366 quale
1153 4293 1438 4348 consilium
1483 4293 1820 4360 quaesivisset
1862 4291 2102 4361 aperuit,

2214 1851 2269 1896 et
2297 1842 2422 1898 inde
2452 1843 2861 1910 discessissent,
2895 1855 2951 1900 et
2996 1845 3262 1910 Turonis,
3314 1846 3406 1899 ubi
3460 1845 3790 1900 sanctissimi

2212 1935 2539 1990 confessoris
2564 1935 2778 1991 Martini
2803 1952 2999 2006 corpus
3022 1937 3333 2006 requiescit,
3361 1937 3792 2007 appropinquas-

2211 2036 2364 2092 sent,
2398 2029 2716 2098 peregrinos
2743 2028 2834 2098 qui
2866 2045 2896 2082 a
2928 2027 3130 2084 Sancto
3165 2027 3329 2082 Petro
3360 2026 3553 2082 Romae
3585 2043 3789 2083 remea-

2211 2117 2344 2172 bant
2393 2118 2752 2184 invencrunt;
2799 2117 2890 2187 qui
2918 2117 2983 2171 ab
3011 2118 3089 2172 eis
3136 2117 3279 2172 unde
3314 2126 3534 2185 essent,
3571 2128 3666 2171 aut
3695 2134 3792 2188 quo

2212 2209 2384 2276 irent,
2438 2209 2520 2265 vel
2569 2211 2697 2280 quid
2751 2211 2803 2263 in
2855 2209 3037 2265 animo
3099 2208 3293 2266 versab
3329 2219 3389 2262 nt
3460 2224 3562 2279 per
3617 2211 3790 2263 omnia

2211 2303 2436 2357 scrutati
2494 2311 2640 2358 sunt.
2689 2302 2965 2359 Patefacto
3023 2302 3185 2372 igitur
3239 2317 3428 2356 eorum
3482 2302 3790 2366 desiderio,

2211 2393 2412 2448 adeunt
2439 2393 2721 2458 abbatem,
2769 2403 3025 2464 rogantes
3067 2401 3128 2446 ut
3161 2391 3226 2446 ad
3264 2407 3459 2448 eorum
3511 2391 3649 2447 fines
3697 2394 3790 2446 iter

2209 2497 2364 2536 suum
2413 2483 2705 2553 dirigeret;
2765 2492 3032 2552 quatenus
3088 2483 3153 2538 de
3209 2483 3540 2539 substantiis
3585 2484 3704 2537 suis
3741 2484 3790 2536 in

2211 2572 2403 2627 alodiis
2423 2612 2438 2638 ,
2469 2588 2590 2642 qua:
2617 2572 2727 2628 Deo
2762 2574 3119 2642 disponebant
3146 2573 3275 2628 dare
3305 2574 3373 2628 ad
3406 2573 3524 2630 Deo
3552 2576 3790 2629 servien-

2210 2663 2357 2727 dum,
2387 2662 2675 2719 ecclesiam
2703 2672 3061 2719 construeret.
3091 2663 3242 2730 Quod
3266 2673 3320 2718 et
3345 2663 3554 2718 factum
3584 2664 3786 2726 fuisset,

2209 2754 2311 2808 nisi
2335 2753 2478 2810 Deus
2507 2769 2696 2809 eorum
2721 2756 3112 2811 habitationem
3141 2755 3277 2810 alias
3305 2756 3675 2824 disposuisset
3699 2773 3714 2807 :
3740 2762 3787 2809 ct

2208 2844 2334 2915 quia
2364 2844 2507 2900 Deus
2534 2845 2734 2911 voluit,
2766 2845 3036 2917 peregrini
3071 2846 3122 2900 in
3153 2845 3296 2899 viam
3322 2859 3483 2900 suam
3511 2845 3785 2909 abierunt;

2209 2937 2374 2991 abbas
2414 2952 2546 2993 vero
2585 2946 2641 2992 et
2690 2937 2824 2994 socii
2871 2939 2956 2993 sui
2996 2937 3330 3003 Pictavium,
3379 2935 3496 2992 Deo
3529 2937 3787 3003 ducente,

2209 3037 2591 3097 pervenerunt.

2277 3118 2365 3173 20.
2393 3117 2667 3172 Pictavum
2689 3120 2918 3174 advenit.
2943 3117 3224 3189 Ea'cipitur
3246 3137 3275 3173 a
3303 3120 3500 3173 comite
3525 3117 3785 3180 Gnidon,

2208 3228 2310 3282 quo
2342 3212 2738 3266 commendatur
2761 3211 3014 3281 Radulfo.
3051 3210 3546 3279 Silvam-Majorem
3571 3212 3706 3264 dit.
3725 3237 3788 3248 —

2209 3302 2473 3373 Ingressis
2488 3311 2666 3357 autem
2688 3303 2792 3358 illis
2809 3303 3104 3365 civitatem,
3117 3317 3244 3357 ecce
3257 3316 3447 3357 comes
3461 3300 3783 3363 Pictavium,

2207 3391 2368 3448 Wido
2393 3391 2506 3461 (12)
2530 3391 2876 3455 venerabilis,
2897 3391 2990 3446 Dei
3015 3391 3325 3460 provisione
3345 3405 3414 3444 ex
3439 3389 3616 3443 altera
3645 3397 3788 3459 parte

2209 3481 2448 3536 advenit.
2480 3480 2634 3548 Quod
2667 3496 2788 3535 cum
2821 3481 2990 3536 abbas
3022 3472 3397 3551 cognovisset,
3433 3494 3666 3550 sperans
3694 3477 3788 3532 sibi

2206 3586 2315 3626 non
2343 3572 2635 3625 absurdum
2673 3572 2719 3626 si
2751 3585 2873 3626 cum
2913 3587 2978 3626 eo
3019 3571 3356 3641 loqueretur,
3380 3571 3534 3625 venit
3555 3572 3624 3624 ad
3646 3584 3785 3633 eum,

2207 3676 2434 3716 monens
2477 3661 2658 3716 socios
2689 3669 2748 3715 ut
2793 3675 2851 3717 se
2883 3670 3257 3730 sequerentur.
3288 3661 3430 3716 Cum
3479 3669 3664 3715 autem
3699 3674 3788 3714 eos

2206 3766 2388 3806 comes
2433 3752 2808 3822 conSpiceret,
2856 3752 3209 3815 resalutavit,
3241 3760 3296 3805 et
3340 3751 3486 3805 unde
3515 3751 3789 3805 venissent

2208 3852 2303 3898 aut
2349 3859 2459 3914 quo
2488 3845 2568 3900 ire
2597 3844 2796 3899 vellent
2827 3845 3111 3916 diligenter
3141 3841 3446 3913 inquisivit.
3478 3844 3581 3900 Cui
3627 3845 3787 3899 abbas

2206 3935 2389 3988 omnia
2433 3950 2553 4005 quae
2601 3935 2654 3990 in
2702 3935 2884 3989 animo
2909 3934 3140 3989 habebat
3181 3933 3428 4005 aperuit,
3473 3943 3531 3988 et
3557 3934 3786 4004 quodde

2208 4024 2370 4081 terris
2415 4028 2530 4082 suis
2573 4036 2628 4081 et
2673 4027 3089 4098 cognationibus
3114 4027 3228 4083 suis
3257 4026 3466 4097 egressi
3498 4027 3785 4082 Dominum

2207 4117 2571 4187 sequebantur
2616 4116 2833 4186 adjecit.
2879 4117 3104 4189 Cognita
3154 4126 3336 4171 autem
3383 4131 3574 4172 comes
3604 4130 3784 4171 eorum

2206 4207 2484 4262 voluntate
2507 4248 2522 4273 ,
2552 4216 2608 4261 et
2637 4207 2818 4261 divina
2848 4208 2901 4262 in
2935 4209 3036 4262 hoc
3061 4207 3403 4276 provisione,
3437 4205 3690 4261 abbatem
3733 4213 3786 4258 et

2212 4311 2340 4351 suos
2370 4297 2534 4366 coepit
2566 4311 2787 4366 rogare,
2821 4305 2878 4350 ut
2905 4311 3002 4368 pro
3030 4296 3268 4362 Christo,
3297 4312 3397 4366 pro
3422 4295 3584 4366 cujus
3611 4309 3785 4364 cmpe-

526 4402 666 4444 onus
711 4383 1030 4455 regiminis,
1085 4382 1229 4451 quod
1277 4379 1538 4444 habebat.
1590 4380 1708 4449 eius
1754 4381 2104 4449 prOVI'denlia.‘
2135 4398 2332 4477 Drant
2373 4390 2486 4443 haec
2532 4403 2749 4455 amore,
2792 4404 3115 4458 quocunque
3159 4388 3212 4442 in
3264 4403 3362 4442 sua
3395 4396 3546 4442 terra
3594 4385 3783 4441 vellent

528 4478 830 4547 dereliquit.

601 4567 688 4621 19.
732 4561 1006 4617 Abbatiam
1045 4560 1276 4613 dimittit.
1319 4557 1481 4611 Varia
1511 4558 1625 4611 loca
1664 4556 1768 4613 SS.
1812 4563 2009 4614 vrsilat.
2034 4592 2104 4601 —

531 4657 736 4713 Taliter
759 4669 888 4710 vero
910 4652 1112 4709 Christi
1139 4652 1342 4706 tirones
1367 4650 1548 4705 abbati
1572 4652 1914 4708 sanctissimo
1941 4655 2105 4725 subji-

532 4747 770 4811 ciuntur,
793 4751 847 4799 et
867 4743 1039 4798 sancti
1065 4739 1389 4813 patriarchae
1415 4738 1585 4793 nostri
1607 4739 1839 4795 Abrahae
1857 4743 2104 4812 exemplo

604 4877 682 4949 (9)
723 4875 771 4931 ls
810 4884 929 4949 erat
960 4873 1300 4949 _Reginerus.
1340 4874 1568 4949 Abbatia
1616 4874 1694 4949 S._
1727 4871 1993 4949 Vincentii
2046 4875 2096 4929 in

535 4942 1344 5044 ³¹ξδ¹ῗ⁰,ἓνεῖξὲιέἱὲῗσίὲηεῗὲἔὲι
1379 4942 1783 5044 vestisse»
1833 4944 2100 5014 ιιοαεείιυε

741 5017 774 5044 :0
809 5031 1037 5044 nnnnnnn
1087 5013 1124 5044 α
1177 5013 1344 5044 υηιισιῖ
1379 5023 1629 5044 nar-unua.

2210 4488 2582 4544 remanerent;
2619 4479 2731 4548 ipse
2761 4494 2891 4534 vero
2925 4478 3210 4534 consilium
3236 4487 3293 4531 et
3320 4477 3590 4531 auxilium
3633 4489 3778 4530 suum

2209 4568 2312 4624 sibi
2359 4568 2412 4622 in
2443 4568 2693 4624 omnibus
2721 4578 2940 4623 curaret
2979 4568 3313 4639 impendere.
3349 4568 3490 4622 Dum
3535 4583 3666 4621 vero
3705 4564 3772 4619 de

2209 4661 2294 4716 his
2318 4661 2386 4716 ad
2412 4661 2642 4715 invicem
2674 4662 3188 4726 sermocinarentur,
3225 4674 3354 4715 ecce
3383 4658 3610 4729 quidam
3654 4656 3780 4711 Bur—

2208 4749 2410 4822 degalae
2456 4750 2806 4819 praepositus,
2838 4749 3054 4804 nomine
3099 4747 3364 4803 Radulfus
3415 4747 3566 4818 (i3),
3603 4761 3633 4800 a
3677 4745 3779 4800 Deo

2205 4901 2387 5044 final;
2403 4955 3206 5044 ,Guideegnonmme'tiofridus,
3231 4945 3778 5044 Gnillelmiﬁnthni:
