3960 5320
123 245 284 304 1057

1611 265 1614 268 .
1674 224 1853 282 VITA.

3267 221 3406 279 1058

119 366 347 420 missus
372 365 556 422 venit,
587 370 642 412 et
679 353 892 417 comiti,
922 351 966 406 si
997 349 1184 413 vellet,
1217 347 1358 417 quod
1405 344 1470 398 ad
1518 341 1572 396 id
1608 342 1722 394 ido-
1753 344 1799 398 Α
1823 350 1945 392 cum
1980 337 2160 392 taliter
2187 337 2489 394 adorasset.
2539 335 2633 392 llis
2681 337 2843 409 igitur
2886 337 3154 406 peractis,
3211 336 3415 394 milites

125 469 311 509 neum
337 451 514 506 locum
560 461 654 502 eos
681 446 1000 507 deduceret,
1041 437 1308 494 invitavit.
1350 433 1502 489 Unde
1542 443 1727 485 comes

127 548 302 602 lmtus
323 543 674 598 vehementer
696 534 942 598 effectus,
967 531 1218 586 abbatem
1247 536 1301 583 et
1328 541 1457 581 suos
1487 521 1728 591 ejusdem

127 633 423 707 praepositi
443 630 707 686 custodiae
729 623 1078 694 mancipavit,
1097 629 1158 674 ut
1181 635 1274 674 eos
1294 616 1448 686 quasi
1473 628 1531 668 se
1551 621 1731 707 custof

130 703 321 791 iliret;
366 732 421 779 et
457 732 834 792 quemcunque
879 717 1054 770 locum
1086 715 1139 767 in
1169 721 1280 765 tota
1317 723 1414 764 sua
1448 716 1593 761 terra
1628 703 1732 759 sibi

132 817 483 887 deligerent,
515 811 634 866 sine
678 809 860 876 aliqua
907 801 1281 859 controversia
1314 796 1460 851 nihil.
1477 792 1733 887 dubitans

133 884 528 976 suovimperio
573 900 916 969 concederet.
969 895 1110 963 Quid
1158 891 1360 946 multa?
1406 884 1733 953 Praepositus

137 1000 420 1055 Radulfus
462 995 701 1063 suscepit
731 1006 824 1047 eos
867 989 1145 1060 gaudens.
1189 994 1244 1038 et
1289 983 1354 1037 ad
1386 981 1598 1043 locum,
1641 977 1734 1043 qui

137 1089 508 1157 Silva-Major
552 1087 695 1140 inter
723 1083 830 1138 duo
863 1081 1031 1134 maria
1080 1084 1444 1146 nuncupatur,
1471 1073 1733 1134 adduxit,

137 1193 204 1237 et
252 1180 542 1236 ecclesiam
581 1173 862 1245 parvulam
911 1186 1021 1226 non
1069 1185 1134 1223 ex
1176 1165 1479 1237 lapidibus,
1529 1163 1624 1218 sed
1673 1161 1738 1216 de

143 1285 304 1330 terra
333 1279 707 1327 constructam
737 1264 998 1348 ostendit.
1029 1260 1176 1316 Silva
1213 1267 1392 1313 autem
1427 1257 1478 1311 in
1506 1253 1737 1310 circuitu

141 1377 266 1422 tam
318 1365 485 1419 densa
541 1360 798 1430 vepribus
830 1347 910 1411 ﬁet
965 1355 1213 1411 sentibus
1264 1359 1542 1412 creverat,
1595 1347 1738 1417 quod

143 1456 337 1512 nullus
379 1453 446 1508 ad
477 1450 769 1507 ecclesiam
823 1446 1264 1518 appropinquare
1336 1449 1576 1511 poterat,
1635 1437 1739 1492 nisi

144 1546 357 1619 gladio,
383 1552 476 1597 aut
497 1543 604 1597 alio
627 1540 808 1610 aliquo
823 1538 1159 1594 ferramento
1193 1535 1347 1605 prius
1371 1533 1476 1587 iter
1497 1531 1738 1586 fecisset.

147 1637 239 1692 Ad
271 1635 415 1690 hanc
441 1633 663 1704 quidem
686 1629 978 1686 ecclesiam
1010 1628 1136 1682 dum
1166 1626 1337 1679 abbas
1367 1633 1421 1679 et
1449 1623 1530 1677 sui
1560 1622 1738 1675 venis-

1829 429 1920 499 qui
1982 444 2102 484 cum
2157 430 2353 485 abbate
2404 439 2696 493 venerant,
2751 429 2927 484 adhuc
2984 427 3164 483 laicali
3221 428 3414 486 habitu

1832 520 2030 584 induti,
2058 520 2185 590 quia
2220 524 2550 578 devoverant
2577 523 2679 576 iter
2718 521 2786 575 ad
2817 519 3078 576 Sanctum
3105 517 3370 575 Iacobum
3395 559 3414 586 ,

1833 612 2062 680 ingressi
2110 621 2268 679 sunt,
2316 622 2372 668 et
2415 623 2594 668 tamen
2645 611 2862 667 licentia
2913 626 2978 666 ac
3026 610 3413 666 benedictione

1835 702 2073 768 abbatis,
2127 704 2249 757 sine
2294 704 2447 775 cujus
2493 711 2764 773 praacepto
2811 702 2944 757 nihil
2990 700 3169 758 facere
3211 700 3414 770 promi-

1837 801 2042 847 serunt.
2180 863 2182 866 ν
3427 855 3431 862 ί

1903 886 1994 939 22.
2021 883 2152 953 Ejus
2171 887 2433 940 sociorum
2471 887 2702 952 nomine.
2725 917 2796 927 —
2820 885 3063 940 Tandem
3117 899 3216 940 sua
3248 874 3430 954 pere?

1836 975 2150 1046 grinatione
2185 986 2432 1047 peracta,
2463 979 2529 1032 ad
2553 993 2677 1032 eum
2723 977 2953 1049 regressi
2976 985 3122 1042 sunt,
3151 986 3206 1031 et
3235 962 3431 1032 sancti.

1838 1066 2115 1121 Benedicti
2159 1067 2403 1122 habitum
2440 1069 2640 1133 devoti,
2677 1084 2742 1123 ac
2795 1069 2902 1125 Deo
2926 1084 3072 1124 seex
3105 1076 3218 1124 toto
3257 1082 3414 1123 com-

1838 1156 2138 1222 mittentes,
2191 1167 2568 1227 susceperunt.
2641 1157 2697 1212 Si
2750 1161 2872 1228 quis
2929 1168 3112 1214 autem
3188 1161 3414 1216 nomina

1839 1261 2026 1302 eorum
2041 1249 2130 1318 qui
2150 1264 2273 1303 cum
2299 1250 2493 1305 abbate
2519 1251 2770 1320 primitus
2794 1243 3060 1306 venerunt
3079 1266 3416 1322 cognoscere

1841 1338 2092 1402 voluerit,
2141 1340 2259 1394 sine
2315 1341 2480 1396 dubio
2508 1355 2838 1411 cognoscere
2866 1342 3064 1411 poterit
3099 1343 3416 1412 quicunque

1842 1431 2205 1499 subscriptam
2242 1432 2490 1501 paginam
2540 1432 2849 1503 intelligens
2889 1433 3116 1504 legerit:
3149 1433 3416 1490 Geraldus

1845 1521 2033 1586 abbas,
2068 1530 2122 1576 et
2174 1523 2423 1577 monachi
2473 1533 2606 1589 tres,
2647 1525 2738 1592 qui
2769 1534 2834 1578 de
2883 1527 3219 1581 monasterio
3271 1526 3418 1597 quod

1845 1613 1996 1681 prius
2025 1622 2260 1678 rexerat,
2297 1614 2465 1682 ipsius
2496 1629 2682 1669 amore
2709 1630 2831 1669 cum
2861 1630 2925 1669 eo
2956 1624 3249 1680 venerunt;
3277 1631 3419 1670 unus

145 1683 307 1794 sent,
337 1683 520 1782 tantus
545 1725 723 1780 eidem
773 1721 959 1777 abbati
992 1735 1148 1774 amor
1192 1717 1392 1772 ibidem
1419 1714 1736 1770 remanendi
1773 1683 1815 1736 Β
1845 1701 2106 1794 ηῧξξίυυε
2136 1703 2358 1794 (16MUi
2385 1712 2581 1794 7905103
2630 1705 2916 1759 εοεῖοδὶειῐη
2967 1704 3152 1760 Sancti
3179 1706 3419 1777 Dionysii

146 1819 426 1881 occurrit,
464 1817 606 1886 quod
637 1830 696 1870 se
725 1829 833 1868 non
867 1812 1000 1866 alias
1030 1812 1229 1866 iturum
1257 1808 1490 1879 amplius
1519 1807 1656 1871 Deo,
1694 1806 1739 1860 si

150 1909 261 1964 sibi
287 1905 704 1978 propitiarctur,
735 1901 1005 1972 promisit.

227 1997 320 2052 21.
365 1997 536 2062 Quam
560 2013 590 2049 a
616 1995 845 2048 dominis
877 1993 1088 2046 obtinet.
1129 1989 1341 2044 Visione
1367 1991 1741 2043 animatur.—

145 2089 312 2145 ‘l'nnc
342 2089 599 2158 temporis
633 2095 812 2140 autem
843 2092 1000 2138 terra:
1034 2081 1179 2136 illius
1211 2091 1266 2136 et
1292 2080 1545 2136 dominus
1592 2079 1742 2132 silvzn

146 2189 208 2235 et
256 2193 538 2250 possessor
585 2184 709 2232 erat
751 2175 970 2245 quidam
1017 2172 1173 2227 miles
1205 2171 1471 2240 Augerius
1517 2169 1628 2241 (Η)
1678 2169 1744 2223 de

151 2271 412 2334 Riontio,
468 2277 527 2324 ct
583 2275 706 2324 cum
761 2281 829 2321 eo
878 2265 969 2319 alii
1027 2261 1453 2333 quamplurimi,
1510 2275 1743 2330 quorum

151 2364 378 2419 nomina
411 2361 526 2432 ipse
571 2359 852 2430 cognoscit
899 2357 990 2427 qui
1043 2357 1271 2410 creavit.
1314 2354 1446 2409 Cum
1491 2353 1743 2407 omnibus

156 2469 291 2509 vero
317 2454 398 2508 sic
438 2452 605 2506 abbas
635 2451 778 2521 egit,
807 2458 865 2504 ut
890 2463 1078 2504 omnes
1109 2447 1286 2503 locum
1322 2447 1431 2501 Deo
1454 2453 1513 2501 et
1542 2452 1746 2499 sanctae

151 2544 273 2610 ejus
297 2540 463 2596 matri
493 2538 676 2593 Mariae
704 2537 1105 2600 condonarent,
1147 2544 1201 2591 et
1231 2536 1300 2590 ab
1338 2534 1484 2589 omni
1515 2531 1742 2587 servitio

161 2636 402 2691 solutum
429 2633 482 2686 in
509 2638 828 2702 perpetuum
858 2629 1130 2691 facerent;
1153 2635 1207 2680 et
1235 2611 1309 2680 ita
1339 2631 1562 2678 sanctus
1584 2621 1746 2676 Pater

152 2725 429 2783 Geraldus
488 2721 860 2784 exhilaratus,
917 2718 984 2772 ad
1037 2716 1380 2772 ecclesiolam
1442 2714 1630 2779 rediit,
1690 2720 1748 2767 et

158 2819 420 2886 deinceps
449 2821 770 2890 construere
799 2808 1168 2865 habitaculum
1201 2808 1302 2862 sibi
1343 2815 1397 2861 et
1443 2806 1560 2861 suis
1591 2804 1742 2860 fecit.

159 2907 415 2978 Quadam
443 2905 709 2975 siquidem
740 2910 900 2957 nocte
927 2901 1095 2970 carpit
1123 2900 1289 2954 Deum
1315 2899 1515 2952 obnixa
1558 2898 1748 2966 depreo

159 3001 314 3064 cari,
342 3007 610 3068 quatenus
635 2995 679 3049 si
705 3009 895 3050 eorum
921 2993 1118 3048 ibidem
1149 2990 1313 3046 statio
1343 2989 1445 3044 sibi
1476 2989 1742 3058 placeret,
1774 3014 1820 3078 Ο

161 3092 513 3154 ustenderet,
537 3096 594 3142 et
617 3101 807 3142 omnes
834 3094 992 3141 actus
1033 3099 1224 3139 eorum
1260 3082 1557 3139 secundum
1591 3079 1746 3134 boni-

164 3186 296 3241 tatis
346 3199 457 3239 sua:
507 3183 724 3237 divitias
773 3182 829 3236 in
896 3180 1097 3235 bonum
1153 3179 1433 3248 dirigeret.
1505 3177 1749 3246 Cumque

174 3277 388 3333 orando
413 3273 655 3329 defessus
679 3272 1036 3335 obdormiret,
1061 3269 1163 3326 sibi
1198 3269 1502 3332 videbatur,
1530 3267 1657 3337 quia
1685 3266 1750 3321 de

167 3379 328 3438 parte
358 3366 599 3423 Orientis
643 3379 866 3428 currus,
897 3377 1056 3434 quem
1101 3362 1216 3417 duo
1251 3362 1416 3416 boves
1459 3361 1748 3425 ducerent,

166 3462 415 3525 veniret;
448 3468 570 3530 post
611 3472 742 3513 vero
771 3457 1106 3527 aliquantum
1156 3463 1400 3523 tempus,
1443 3454 1550 3508 duo
1587 3453 1753 3508 boves

169 3551 525 3607 mutabantur
580 3550 633 3603 in
688 3564 886 3618 equum
941 3561 1136 3611 unum,
1188 3553 1243 3600 et
1288 3561 1460 3616 equus
1503 3545 1752 3600 eumdem

172 3644 446 3699 tramitem
495 3655 656 3711 quem
697 3641 867 3695 boves
913 3640 1291 3711 gradiehatur;
1333 3639 1549 3692 tandem
1583 3651 1755 3707 equus

171 3750 470 3790 conversus
500 3733 550 3787 in
582 3732 675 3786 Dei
708 3731 879 3795 Filio,
930 3730 1002 3784 ita
1050 3745 1315 3798 suspenso
1356 3738 1416 3782 ut
1455 3744 1554 3797 pro
1600 3727 1756 3782 nobis

172 3826 324 3895 prius
353 3824 532 3878 fuerat
559 3822 610 3876 in
639 3821 820 3877 crucis
847 3820 1118 3891 patibulo;
1153 3819 1381 3874 inferior
1425 3819 1606 3874 crucis
1631 3833 1756 3887 pars

174 3922 432 3987 tangebat
473 3923 706 3978 terram,
756 3912 1004 3982 superior
1051 3926 1180 3966 vero
1223 3927 1394 3980 usque
1445 3911 1510 3966 ad
1559 3910 1755 3966 coelum

173 4006 488 4080 erigebatur
539 4005 692 4075 (15).
745 4004 992 4074 Cumque
1054 4005 1432 4060 sanctissimus
1491 4004 1576 4058 vir
1629 4003 1756 4058 talia

176 4097 508 4167 respiceret,
537 4111 567 4150 a
597 4095 712 4150 loco
740 4095 792 4149 in
816 4111 924 4165 quo
951 4104 1072 4150 erat
1101 4097 1364 4158 surrexit,
1399 4105 1454 4151 et
1479 4095 1757 4152 Christum

175 4192 320 4246 sicut
351 4190 408 4244 in
440 4204 602 4244 cruce
647 4189 914 4257 pendebat
942 4189 1210 4244 adoravit.
1257 4189 1430 4244 Tanta
1477 4199 1656 4244 autem
1705 4201 1760 4245 et

177 4297 288 4341 tam
317 4283 553 4340 mirabili
579 4283 786 4338 visione
809 4284 1081 4338 animatus
1115 4283 1207 4338 Dei
1239 4298 1428 4338 servus
1453 4283 1752 4354 evigilavit;

1843 1793 1911 1846 de
1936 1791 2113 1846 Monte
2143 1793 2312 1857 rexit;
2349 1793 2488 1848 alius
2515 1809 2645 1848 vero
2668 1794 2959 1858 Ebroinus,
2986 1796 3078 1866 qui
3106 1795 3172 1850 de
3200 1796 3421 1852 militari

1753 1941 1758 1947 ,
1844 1883 2031 1938 habitu
2062 1883 2364 1954 egrediens,
2415 1885 2506 1939 Dei
2541 1901 2725 1941 amore
2753 1887 2992 1942 inclusus
3021 1889 3134 1958 (i7)
3157 1903 3326 1957 usque
3353 1889 3423 1944 ad

1846 1983 2075 2029 mortem
2111 1975 2325 2029 fortiter
2367 1977 2649 2045 pugnavit;
2709 1977 2902 2031 tertius
2929 1978 3147 2046 quidem
3198 1978 3424 2033 Aleran-

1845 2080 1946 2118 nus
1973 2054 2108 2134 (l8),
2140 2065 2304 2134 ipsius
2331 2066 2544 2120 abbatis
2567 2081 2752 2135 nepos.
2785 2066 2874 2121 Isti
2903 2076 3012 2122 tres
3030 2068 3282 2122 monachi
3302 2065 3419 2136 jam

1846 2154 1974 2210 facti
2006 2164 2288 2215 venerunt.
2325 2165 2381 2210 et
2409 2155 2458 2209 in
2493 2155 2610 2210 loco
2635 2157 3005 2219 eodem,sicut
3040 2157 3222 2226 regula
3249 2158 3426 2211 sancti

1845 2245 2124 2301 Benedicti
2173 2247 2435 2316 prazcipit,
2486 2247 2714 2315 professi
2765 2256 2908 2302 sunt.
2960 2247 3231 2302 Venerunt
3256 2256 3308 2301 ct
3334 2247 3427 2301 alii

1845 2341 2108 2409 quinque,
2153 2340 2264 2409 qui,
2301 2341 2478 2394 adhuc
2526 2339 2702 2393 laicali
2756 2340 2942 2396 habitu
2973 2339 3163 2403 induti,
3213 2355 3335 2392 cum
3369 2345 3429 2393 ut

1847 2429 2168 2499 magistrum
2213 2437 2268 2483 et
2316 2438 2523 2498 patrem
2555 2444 2655 2497 pro
2698 2429 2788 2482 Dei
2839 2443 3024 2482 amore
3056 2428 3225 2482 secuti
3275 2436 3423 2482 sunt.

1847 2521 1925 2575 Et
1952 2520 2149 2590 quibus
2180 2535 2320 2574 unus
2341 2518 2442 2573 fuit
2466 2519 2740 2590 Berlegius
2764 2519 2877 2589 (i9)
2905 2519 3147 2584 nomine,
3177 2519 3260 2572 vir
3292 2518 3428 2573 bene

1848 2613 2232 2680 morigeratus,
2265 2611 2316 2664 in
2345 2609 2574 2665 consilio
2604 2595 2968 2678 providuspin
3010 2622 3260 2664 sermone
3283 2624 3427 2679 [meo

1848 2703 2046 2766 clarus,
2089 2717 2366 2757 armorum
2434 2703 2704 2772 probitate
2740 2711 3014 2766 strenuus,
3053 2702 3213 2756 nonis
3251 2702 3432 2755 omni-

1847 2793 1950 2849 bus
1976 2794 2028 2848 in
2059 2794 2296 2848 amicitia
2342 2794 2586 2862 junctus,
2621 2794 2888 2848 charitate
2931 2792 3199 2857 fervidus,
3224 2792 3430 2847 divitiis

1850 2883 2197 2940 smcularibus
2223 2893 2278 2937 et
2319 2884 2584 2951 dignitate
2635 2883 2702 2937 ad
2751 2883 2972 2952 plenum
3020 2883 3292 2948 munitus;
3325 2881 3433 2936 fuit

1850 2974 1993 3029 enim
2045 2972 2404 3044 Francigona,
2447 2987 2514 3026 ex
2562 2972 2726 3043 regiis
2757 2972 3022 3027 militibus
3048 2988 3153 3026 non
3190 2970 3431 3036 infimus,

1851 3080 1920 3121 ex
1964 3065 2229 3123 Noviomo
2278 3063 2516 3135 (Noyon)
2571 3064 2795 3120 civitate
2852 3052 3096 3119 Francius
3144 3065 3432 3129 oriundus,

1850 3159 2145 3214 Castellani
2215 3159 2383 3229 ipsius
2441 3157 2681 3212 civitatis
2724 3159 3048 3213 Germanus.
3107 3156 3206 3211 llic
3252 3167 3436 3212 autem

1853 3251 2096 3322 quandiu
2121 3251 2476 3306 saecularibus
2499 3252 2730 3322 negotiis
2758 3251 3036 3315 interfuit,
3068 3251 3321 3306 omnibus
3341 3251 3436 3321 qui

1855 3361 1977 3400 cum
2024 3359 2092 3400 eo
2155 3353 2313 3398 erant
2360 3344 2668 3413 ubicunque
2726 3345 2976 3399 amabilis
3033 3359 3194 3413 super
3248 3357 3438 3399 omnes

1856 3451 2073 3506 semper
2105 3435 2225 3502 fuit,
2253 3437 2456 3491 divitiis
2485 3437 2742 3490 nimirum
2769 3437 3081 3501 abundavit,
3110 3445 3162 3490 et
3183 3451 3277 3491 cas
3306 3436 3439 3492 libe-

1858 3529 2082 3592 raliter,
2135 3543 2240 3582 non
2291 3537 2351 3581 ut
2394 3545 2580 3582 earum
2643 3545 2834 3583 servus
2895 3530 2986 3583 sed
3047 3539 3105 3583 ut
3153 3530 3436 3594 dominus,

1858 3618 2132 3671 tractavit.
2165 3618 2221 3670 in
2246 3618 2475 3688 pueritia
2519 3619 2826 3672 litterarum
2874 3618 3068 3673 studiis
3093 3621 3250 3674 datus
3275 3635 3303 3672 a
3343 3635 3439 3688 pa-

1858 3709 2100 3763 rentibus
2129 3708 2249 3773 fuit,
2283 3710 2376 3765 sed
2423 3718 2706 3779 postquam
2739 3709 3117 3764 adolescentiae
3151 3725 3325 3765 annos
3359 3711 3438 3764 in-

1859 3815 2079 3870 gressus
2138 3809 2251 3866 est,
2298 3800 2523 3855 dimisso
2573 3801 2876 3855 litterarum
2956 3801 3163 3863 Studio,
3232 3801 3442 3857 militiae

1860 3891 2097 3955 inhmsit,
2121 3891 2375 3945 nimirum
2403 3891 2528 3961 quia
2557 3891 2752 3946 nobilis
2780 3891 3013 3945 etnobili
3048 3906 3246 3961 genere
3262 3873 3437 3958 ortus,

1861 3983 2099 4037 animum
2141 3998 2295 4038 suum
2328 3998 2434 4036 non
2468 3991 2676 4052 poterat
2723 3983 2792 4036 ab
2826 3983 3131 4051 hujnsmodi
3158 3983 3440 4038 exercitiis

1861 4075 2160 4139 refrenare,
2202 4075 2504 4145 praesertim
2558 4090 2680 4129 cum
2739 4074 2950 4128 videret
2996 4090 3264 4144 arqurevos
3313 4090 3442 4130 suos

1864 4165 2062 4220 talibus
2112 4165 2340 4236 negotiis
2401 4166 2670 4220 inclinari.
2731 4163 2868 4232 Quid
2927 4166 3135 4221 multa?
3193 4167 3440 4222 militiam

1863 4257 2144 4326 amplexus
2195 4267 2251 4312 et
2308 4258 2476 4312 armis
2527 4257 2858 4310 militaribus
2918 4258 3252 4328 suppositus,
3309 4258 3444 4314 satis

177 4377 448 4448 evigilans
470 4390 600 4430 vero
624 4383 677 4429 et
697 4375 787 4429 diu
811 4390 994 4431 secum
1019 4390 1137 4444 qnze
1159 4375 1368 4428 viderat
1391 4383 1754 4444 pertractans,
1789 4354 1834 4415 ο
1860 4349 2018 4448 13"?"
2043 4357 2279 4419 tempore
2306 4364 2362 4405 se
2387 4349 2439 4404 ίη
2487 4347 2677 4448 Ῐηίιίίίλ
2711 4350 2971 4415 Memmi
3003 4350 3196 4448 δοξῖθεν
3222 4351 3443 4448 demi”

179 4467 307 4540 quia
339 4465 433 4521 Dei
461 4465 598 4520 visio
627 4472 745 4519 erat
769 4466 1053 4535 cognovit,
1092 4473 1145 4520 et
1169 4464 1292 4534 quia
1324 4464 1411 4518 ubi
1445 4463 1610 4517 fixum
1641 4471 1764 4518 erat

181 4569 391 4614 sanctze
435 4556 618 4611 crucis
666 4555 912 4626 signum,
961 4556 1157 4611 ibidem
1206 4554 1492 4610 ecclesiam
1534 4553 1765 4609 fundare

183 4648 420 4704 debebat
442 4645 732 4703 intellexit.
759 4646 1027 4716 Cognovit
1056 4645 1309 4716 quoniam
1339 4646 1447 4700 Deo
1477 4645 1579 4699 iter
1609 4661 1762 4700 suum

183 4751 242 4795 ct
272 4739 420 4795 actio
452 4738 728 4809 placeret,
762 4738 914 4808 cujus
943 4709 1088 4793 dunt;
1113 4747 1166 4792 et
1191 4738 1364 4808 gratia
1396 4738 1575 4792 fuerat
1620 4753 1747 4807 qum

1861 4709 2035 4778 jorem
2068 4717 2303 4770 secutus,

259 4899 372 4971 (14)
411 4897 651 4954 Joannes
689 4896 908 4971 Gnisius
945 4897 1194 4971 Ogerittm
1224 4894 1435 4971 scribit.
1484 4895 1765 4971 Riontium

187 4963 477 5026 vicuserat
500 4978 747 5036 tempore
769 4966 828 5020 S.
850 4963 1097 5037 Gregorii
1115 4967 1316 5037 Turon.
1344 4963 1501 5037 cujus
1523 4965 1771 5037 meminit

189 5041 246 5097 in
272 5039 365 5094 lib.
399 5039 465 5094 de
507 5035 686 5110 gloria
721 5036 900 5110 Conf.,
930 5035 1049 5110 cap.
1083 5035 1181 5110 48;
1214 5045 1399 5106 postea
1428 5035 1481 5110 in
1512 5036 1767 5110 oppidum

187 5109 386 5173 crevit,
441 5105 593 5179 qu'od
651 5107 916 5175 hodieque
971 5105 1336 5179 celebrei’est,
1372 5105 1769 5179 vulgo’Rioms

189 5180 391 5234 dictum
413 5174 478 5233 ad
504 5174 867 5240 Garumnam,
900 5185 1135 5246 quatuor
1157 5178 1376 5231 circiter
1405 5174 1575 5246 leucis
1603 5190 1770 5243 Supra

189 5248 524 5320 Burdigalam
549 5290 564 5314 ,
599 5257 809 5320 septem
837 5262 962 5302 vero
991 5262 1019 5300 a
1066 5245 1427 5320 §ilva~Majori
1458 5247 1729 5320 dissiturn.

1866 4440 1958 4495 Dei
1987 4448 2179 4506 tactus,
2237 4456 2296 4495 se
2343 4456 2446 4496 non
2487 4441 2621 4495 bene
2673 4454 2830 4509 agere
2868 4439 3148 4510 cognovit;
3176 4455 3324 4495 arma
3355 4440 3446 4495 deo

1867 4527 2057 4592 seruit,
2100 4535 2153 4580 et
2193 4526 2385 4580 iterum
2439 4524 2597 4579 undis
2628 4525 2985 4595 lacrymarum
3015 4535 3070 4578 et
3107 4525 3447 4582 confessione

1867 4632 2000 4687 pura
2033 4619 2358 4687 baptizatus,
2385 4617 2634 4671 abbatem
2664 4615 2951 4669 Geraldum
2996 4616 3047 4668 in
3101 4615 3448 4672 Silvam-Ma-

2362 4706 2500 4759 sicut
2545 4702 2884 4774 evangelicus
2936 4719 3114 4759 sermo
3169 4714 3352 4760 monet
3395 4717 3451 4762 ct

1941 4901 2056 4968 (l7)
2089 4901 2255 4966 Idem,
2283 4906 2342 4951 ut
2382 4898 2616 4970 videtur,
2655 4898 2745 4970 qui
2791 4899 3205 4970 in_monasterio
3235 4925 3293 4955 υ.
3336 4904 3456 4954 vin-

1873 4973 2032 5026 centii
2065 4971 2454 5040 inelusnserat
2495 4968 2596 5022 sub
2621 4968 2806 5040 nostro
2827 4968 3085 5040 Geraldo,
3119 4973 3185 5024 de
3216 4984 3324 5040 quo
3361 4985 3461 5024 su-

1913 5058 1970 5096 ra
2003 5057 2147 5096 num.
2177 5040 2264 5094 18.
2287 5037 2622 5091 Memoratur
2652 5040 2704 5092 in
2737 5037 3453 5106 NecrologioSilvensivm.

1897 5111 1997 5166 dus
2049 5111 2174 5166 Julii
2224 5123 2346 5164 cum
2375 5108 2506 5179 _h0t_3
2561 5108 2740 5179 elogio
2773 5126 2786 5162 ε
2815 5106 2955 5161 Obiit
2986 5107 3248 5162 Ebroinus
3303 5105 3461 5160 bona:

1873 5183 2138 5234 memorire
2162 5182 2337 5234 socius
2363 5177 2430 5230 Β.
2463 5175 2704 5232 Geraldi:

1945 5252 2060 5320 (18)
2093 5250 2189 5304 Hie
2205 5248 2308 5302 fuit
2339 5249 2528 5302 tertius
2552 5246 2959 5320 Silvae-Maioris
2987 5246 3177 5320 abbas,
3201 5241 3468 5320 laudatur
