3960 5320
523 241 546 294 1
557 238 663 295 059

1506 230 1563 285 S.
1603 225 1899 284 GERALDI
1936 220 2226 279 ABBATIS
2263 176 2803 281 SlLVIE-MAJORIS

3648 229 3775 284 εοω

524 356 779 422 imperat,
852 348 1102 404 omnibus
1172 360 1290 416 qua:
1353 341 1685 415 possidebat,
1762 337 2092 394 remmtiavit
2121 342 2166 398 Α
2193 337 2478 406 prolicere,
2509 353 2606 393 nec
2634 338 2866 403 mirum;
2894 351 3017 392 nam
3046 335 3386 408 diligentibus
3418 337 3589 393 Deam
3610 346 3773 399 omnia

519 444 669 514 (Luc.
701 456 813 505 ιιν,
833 440 948 511 55.)

581 532 675 587 25.
694 531 799 586 Alii
823 531 950 585 socii
963 529 1320 583 nominantur.
1346 525 1509 579 Initia
1523 523 1592 577 ad
1603 521 1965 593 [nndntionem
1981 537 2094 574 mo-

514 624 745 681 nasterii.
764 654 834 664 —
850 622 1000 677 Alius
1020 629 1197 675 autem
1223 617 1381 675 Wido
1411 617 1474 673 de
1498 615 1677 671 Monte
1698 613 1956 668 Lauduno
1981 611 2092 682 (20)

515 717 734 773 civitate
782 714 1043 780 Franciar,
1069 714 1145 768 ita
1178 712 1322 767 enim
1360 721 1603 776 vocatur,
1628 708 1908 772 oriundus,
1938 705 2092 760 miles

513 805 855 877 episcopalis,
912 803 1117 858 divitiis
1155 801 1407 866 refertus,
1464 808 1521 854 et
1586 798 1868 853 nobilitate
1911 794 2092 850 saeculi

512 898 646 953 satis
700 898 1012 961 decoratus,
1039 895 1121 949 vir
1174 894 1276 949 iste
1320 891 1537 947 virtutis
1586 898 1701 944 erat
1728 886 2089 953 consiliarius,

513 986 679 1041 animi
710 986 791 1040 sui
825 992 1002 1041 rector
1046 992 1301 1038 strenuus
1324 991 1378 1038 et
1409 982 1461 1036 in
1507 979 1655 1035 omni
1689 977 1957 1048 probitate
1979 976 2090 1032 ele-

512 1074 882 1144 gantissimus.
933 1072 1103 1127 Teszo
1150 1072 1359 1135 tertius,
1411 1069 1627 1138 juvenis
1681 1068 1898 1137 quidem
1928 1108 1942 1131 ,
1997 1066 2090 1122 sed

511 1164 694 1219 animo
735 1162 895 1218 fortis
922 1171 975 1219 et
1004 1161 1242 1233 quandiu
1289 1161 1342 1215 in
1402 1160 1601 1215 saeculo
1624 1164 1980 1213 conversatus
2009 1165 2092 1212 est

510 1270 785 1325 nunquam
816 1270 964 1309 arma
996 1269 1090 1309 sua
1108 1251 1265 1307 alteri
1292 1250 1551 1314 deseruit,
1575 1263 1676 1304 nec
1694 1247 1886 1302 timore
1906 1245 2092 1301 militis

509 1348 671 1403 unius
694 1362 930 1418 unquam
958 1345 1206 1412 nmtavit,
1229 1343 1323 1399 sed
1354 1357 1565 1412 semper
1590 1340 1896 1409 ubicunque
1923 1346 2087 1403 esset,

508 1441 791 1496 victoriam
823 1448 877 1495 et
908 1440 1141 1509 palmam
1191 1438 1472 1507 acquirere
1508 1451 1672 1506 super
1693 1449 1882 1490 omnes
1912 1435 2088 1491 socios

510 1531 831 1587 elaboravit.
857 1530 956 1586 Hic
980 1530 1093 1601 (21)
1124 1538 1302 1583 autem
1336 1528 1526 1594 Teszo,
1558 1527 1623 1582 de
1646 1528 1876 1596 quodam
1903 1524 2089 1581 Gallia:

509 1620 755 1686 castello,
787 1619 916 1675 Cuci
957 1618 1197 1682 nomine,
1222 1616 1507 1681 oriundus,
1535 1617 1690 1672 bona:
1715 1614 1912 1669 indolis
1953 1614 2085 1669 ado-

507 1710 721 1764 lescens
754 1719 811 1764 et
849 1708 1151 1764 nobilitatis
1182 1706 1302 1761 fuit.
1340 1707 1578 1774 Quartus
1606 1715 1786 1760 autem
1816 1703 2083 1771 Valterns,

507 1800 755 1855 similiter
780 1800 846 1856 de
872 1799 1089 1855 civitate
1116 1797 1611 1863 Monte-Laudnno,
1636 1796 1721 1851 vir
1748 1797 1996 1851 militaris
2021 1804 2082 1851 et

506 1892 727 1961 probus,
749 1890 805 1945 in
825 1906 989 1961 opere
1017 1900 1070 1946 et
1103 1902 1356 1946 sermone
1392 1890 1683 1953 discretus,
1709 1888 1940 1943 consilio
1969 1887 2085 1958 pol-

508 1986 644 2050 lens,
695 2000 802 2039 non
832 1982 1013 2053 aliquo
1059 1981 1383 2053 superfluus,
1432 1991 1488 2037 et
1533 1980 1585 2035 in
1627 1981 1772 2035 omni
1798 1994 1961 2050 opere
1986 1994 2085 2034 suo

507 2084 857 2146 temperatus.
889 2076 1121 2143 Quintus
1142 2089 1273 2129 vero
1315 2072 1589 2128 Litherius
1615 2071 1729 2141 (22)
1757 2070 2086 2127 Laudunea-

506 2167 604 2230 sis,
660 2165 911 2220 similiter
953 2165 1115 2219 homo
1162 2163 1425 2217 honestus
1466 2169 1520 2215 et
1582 2160 1801 2228 largus,
1831 2161 1886 2214 in
1919 2163 2085 2217 armis

503 2258 638 2312 satis
664 2256 868 2320 valens,
891 2256 1143 2312 omnibus
1167 2254 1431 2318 serviens,
1449 2265 1639 2306 ontnes
1662 2251 1916 2320 diligens,
1941 2252 2085 2308 inter

504 2358 732 2404 cancros
784 2346 983 2400 milites
1012 2344 1284 2415 probitate
1333 2342 1557 2398 inferior
1588 2357 1708 2397 esse
1757 2342 2079 2412 despiciens,

505 2455 720 2511 semper
769 2439 835 2494 ad
886 2438 1092 2508 majora
1143 2436 1349 2490 militiae
1381 2434 1640 2490 exercitia
1672 2450 1730 2489 se
1755 2436 1991 2505 erigens,
2026 2444 2081 2491 et

504 2548 621 2600 qum
644 2532 814 2602 probo
846 2529 1048 2587 homini
1084 2528 1438 2600 cognoscebat
1480 2528 1875 2592 convenientia,
1908 2529 2081 2583 omni-

503 2627 603 2681 bus
646 2625 841 2690 modis,
877 2633 936 2677 ut
985 2630 1216 2692 poterat,
1273 2634 1437 2691 opere
1461 2630 1515 2676 et
1544 2621 1723 2675 animo
1765 2634 2077 2690 capescens.

506 2716 568 2770 lli
614 2729 824 2781 omnes,
874 2713 1040 2785 digito
1098 2712 1295 2767 divinae
1341 2710 1707 2767 miserationis
1750 2710 2078 2780 compuncti,

504 2810 878 2865 renuntiantes
908 2808 1159 2864 omnibus
1179 2822 1298 2877 quae
1326 2805 1708 2876 possidebant,
1738 2815 1791 2859 ct
1813 2806 1878 2860 de
1918 2806 2079 2860 terris

502 2912 555 2956 et
593 2902 659 2956 de
690 2899 1104 2969 cognationibus
1156 2898 1270 2954 suis
1311 2896 1537 2967 egressi,
1590 2895 1865 2951 Christum
1906 2896 2079 2950 secuti

503 3005 648 3060 sunt,
698 3003 751 3050 et
781 2994 871 3063 qui
906 2993 1058 3063 prius
1092 2992 1144 3046 in
1182 2990 1427 3046 vestibus
1485 2987 1738 3057 pretiosis
1778 2986 2076 3057 fulgebant,

502 3092 687 3158 postea
746 3086 1041 3142 sordebant
1090 3083 1264 3138 induti
1314 3083 1559 3137 vestibus
1593 3081 1901 3147 vilissimis;
1945 3082 2082 3134 liunt

504 3196 781 3236 nemorum
813 3187 867 3235 et
902 3178 1159 3232 silvarum
1206 3175 1487 3230 fortissimi
1540 3175 1933 3243 cxstirpatores
1987 3171 2077 3240 qui

502 3274 653 3342 prius
704 3271 917 3324 inerant
963 3266 1326 3323 strenuissimi
1389 3264 1701 3320 bellatores.
1743 3264 1800 3317 In
1844 3264 1929 3318 his
1950 3278 2079 3333 ergo

503 3358 827 3428 adimpletus
876 3367 959 3413 est
1010 3371 1191 3412 sermo
1253 3354 1630 3425 propheticus,
1681 3354 1770 3424 qui
1802 3353 1980 3407 dicit:
2013 3352 2078 3406 Et

503 3452 804 3521 conﬂubtml
833 3449 1038 3520 gladios
1075 3465 1197 3502 suos
1246 3449 1299 3501 in
1350 3463 1580 3502 conteres
1599 3487 1614 3511 ,
1643 3454 1689 3500 et
1716 3445 1923 3498 lanceas
1951 3460 2078 3498 suas

503 3545 555 3594 in
586 3540 746 3610 falces
784 3539 938 3609 (lsai.
976 3553 1038 3604 ιι,
1063 3538 1141 3607 5).
1178 3537 1240 3592 lli
1283 3551 1555 3606 nunquam
1600 3536 1908 3604 Scripturas
1937 3533 2080 3602 lege-

502 3643 645 3698 rant,
676 3634 961 3687 setltasnen
986 3647 1105 3700 qua:
1117 3630 1397 3699 Scriptura
1422 3624 2071 3697 prarcipitimpleverunt;

501 3737 554 3782 et
619 3726 743 3797 quia
792 3725 943 3795 prius
991 3723 1175 3779 illicita
1237 3720 1511 3776 multoties
1570 3727 1815 3790 egerant,
1839 3726 2075 3788 posteaa

499 3817 680 3881 licitis,
711 3816 848 3869 ultra
877 3830 1038 3883 quam
1060 3812 1316 3869 credibile
1345 3812 1438 3876 sit,
1463 3810 1822 3865 abstinebant.
1853 3807 1934 3862 Ab
1962 3808 2076 3878 ipso

498 3910 659 3963 etiam
688 3924 825 3978 pane
859 3905 1178 3977 jejunabant
1207 3903 1481 3958 multoties
1512 3902 1578 3956 in.
1616 3902 1702 3956 die
1744 3912 1843 3954 nec
1880 3914 2074 3968 aquam

498 4001 786 4073 aliquando
816 4013 1031 4055 sumere
1053 3997 1324 4061 volebant,
1359 4004 1417 4049 ut
1446 3994 1615 4064 magis
1646 4007 1711 4047 ac
1736 3991 1906 4062 magis
1934 3991 1985 4044 in
2018 4007 2077 4047 se

499 4090 743 4161 corporis
774 4090 1075 4159 voluptates
1095 4087 1373 4142 refrenare
1405 4085 1731 4156 potuissent.

565 4186 658 4239 24.
692 4184 922 4239 Maneat.
975 4180 1387 4248 Silvm-Majoris
1435 4180 1783 4235 construitur.
1809 4209 1878 4220 -
1908 4178 2075 4249 Igitur

497 4289 784 4347 postquam
813 4276 1005 4329 beatus
1029 4273 1293 4329 Gcraldus
1323 4273 1375 4326 in
1401 4272 1519 4327 loco
1554 4273 1765 4341 eodem.
1802 4278 1859 4324 ut
1884 4285 2075 4340 supra-

498 4372 700 4425 dictum
731 4377 834 4433 est,
885 4366 978 4420 ubi
1020 4365 1302 4419 Dominum
1338 4362 1524 4418 Jesum
1574 4364 1626 4416 in
1670 4378 1832 4418 cruce
1867 4363 2073 4417 viderat
2098 4383 2149 4443 υ

500 4460 552 4512 in
583 4458 788 4512 visione
819 4464 872 4511 et
906 4455 1250 4518 adoraverat,
1293 4453 1685 4508 monasterium
1714 4452 1978 4517 inundavit,
2009 4454 2074 4508 de

498 4549 585 4605 die
611 4550 665 4603 in
697 4549 836 4603 diem
871 4548 1041 4619 ipsum
1066 4546 1230 4621 etrapit
1258 4561 1393 4617 opus
1420 4558 1765 4601 succrescere
1792 4560 1857 4599 ac
1879 4543 2070 4601 melius

569 4661 823 4734 (207)7lpsa
868 4670 950 4716 est
975 4661 1108 4734 urbs
1152 4659 1491 4734 Laudnnum,
1542 4659 1603 4734 _in
1650 4659 1844 4734 montis
1870 4659 2074 4734 vertice

498 4728 621 4786 sita.
655 4728 747 4787 Est
774 4732 1025 4785 tamenin
1052 4745 1182 4799 agro
1217 4729 1555 4784 Laudunensi
1580 4728 1893 4799 oppidulum
1922 4728 2073 4785 Mons

497 4804 554 4855 in
583 4803 917 4872 Laudunensi
945 4798 1327 4872 pago’dictum,
1360 4800 1516 4869 vulgo
1540 4798 1791 4872 Mons‘en
1818 4798 2068 4872 L_qdno_is.

500 4872 606 4927 Sed
659 4871 813 4938 huius
846 4867 979 4926 Vita:
1019 4867 1229 4935 auctor,
1279 4867 1645 4939 supra—num.
1701 4868 1789 4939 l8,
1842 4867 2068 4939 Montis-

496 4937 740 4998 Lauduni
770 4943 984 4995 nomine
1032 4951 1217 5010 aperte
1268 4937 1440 5011 ipsum
1490 4939 1685 5011 urbem
1726 4937 2070 5011 Daudunum,

496 5014 579 5069 cui
619 5013 828 5083 adjacet
854 5008 1241 5067 monasterium
1270 5008 1327 5064 S.
1366 5009 1631 5083 Vincentii
1656 5008 1902 5083 designat

566 5078 699 5153 (3U
718 5083 849 5149 Quae
871 5091 1170 5153 sequuntur
1195 5095 1365 5153 usque
1394 5081 1460 5153 ad
1504 5079 1758 5153 Quartus,
1784 5078 1986 5153 desunt
2014 5078 2067 5132 in

493 5147 626 5208 edit.
653 5147 1066 5210 Castellum'hic
1088 5147 1364 5205 laudatum
1399 5150 1562 5203 situm
1592 5157 1677 5201 est
1718 5147 1860 5200 inter
1908 5148 2071 5202 urbes

493 5222 810 5279 Laudunum
842 5232 896 5277 et
927 5223 1270 5286 Suessiones,
1312 5220 1396 5273 isti
1429 5218 1673 5279 vicinius,
1711 5219 1805 5270 sed
1847 5218 1899 5269 in
1932 5216 2068 5271 Lau-

496 5292 719 5320 .I..........:
750 5293 966 5320 .I:M......:
1017 5291 1249 5320 οιηρῖιιιηὶ
1289 5299 1365 5320 ne!
1398 5288 1448 5320 in
1473 5288 1588 5320 :nan
1614 5286 1813 5320 vim-tino
1842 5287 2039 5320 mnnnic

532 5299 719 5320 ιιι-ιιιιηῖ
750 5299 966 5320 ,ΙῘΜΑΛηῖ
1017 5299 1249 5320 ηηβίιιιηὶ
1289 5299 1365 5320 tua,

677 5295 719 5320 ..ἶ
750 5293 966 5320 ,κίκληηέ
1017 5291 1249 5320 navit-ens
1289 5299 1365 5320 tua!
1398 5288 1448 5320 in
1473 5288 1588 5320 inzn
1614 5286 1813 5320 une-lino
1842 5287 2039 5320 mnnlic

2106 3033 2153 3097 C

2197 438 2543 497 cooperantur
2600 430 2656 484 in
2686 430 2878 483 bonum
2922 428 3099 500 (Rom.
3155 444 3278 494 vm,
3330 431 3454 502 28).
3514 441 3572 485 et
3609 436 3776 491 omnis

2195 520 2458 590 plantatio
2506 537 2668 593 quam
2706 522 2916 593 plantat
2955 522 3196 578 cmiestis
3245 523 3413 578 Pater
3445 528 3561 577 nbn
3614 528 3776 583 eratb-

2194 621 2350 667 catur
2397 613 2612 685 (Mottlt.
2660 631 2753 682 xv,
2808 615 2918 687 13),
2967 616 3062 671 sed
3108 630 3325 686 semper
3368 629 3682 688 prosperat.
3736 621 3775 678 0

2195 715 2394 774 quanta
2423 707 2727 762 reverentia
2757 707 2847 762 ille
2875 709 3221 764 venerandus
3247 718 3334 764 est
3357 711 3483 765 diss
3518 710 3593 764 ab
3630 713 3775 783 huius

2194 795 2384 863 patria:
2414 797 2622 860 incolis,
2659 813 2769 868 quo
2797 799 2991 854 beatus
3016 800 3102 854 vir
3128 816 3158 855 a
3204 801 3314 856 Deo
3340 803 3560 856 missus
3584 801 3650 856 de
3672 803 3775 857 lon-

2194 887 2407 957 ginquis
2434 898 2592 943 terrae
2620 891 2865 960 partibus
2893 892 3000 947 huc
3033 892 3279 948 advenit!
3313 895 3483 949 Anno
3514 895 3773 964 siquidem

2194 979 2263 1032 ab
2304 979 2698 1035 incarnatione
2770 980 2986 1037 Domini
3034 983 3325 1039 millesimo
3374 986 3773 1055 septuagesimo

2193 1083 2337 1123 nono
2364 1069 2479 1144 (25)
2507 1086 2631 1126 cum
2662 1073 2826 1128 sociis
2869 1074 2982 1129 suis
3015 1075 3167 1130 venit
3214 1076 3477 1130 dominus
3520 1077 3771 1132 Geraldas

2193 1158 2247 1212 in
2275 1160 2757 1230 Silvam-Maiorem
2787 1162 2840 1218 in
2872 1164 3195 1245 festivitate,
3222 1175 3282 1221 ut
3333 1166 3775 1238 fertur,’aposto-

2191 1250 2362 1305 lorum
2392 1252 2628 1310 Simonis
2656 1263 2709 1311 et
2731 1253 2903 1311 Judaa.
2971 1257 3027 1311 In
3082 1259 3324 1339 secundo
3364 1258 3483 1330 (24)
3532 1274 3679 1314 anno
3697 1260 3773 1312 in.

2191 1352 2424 1413 ereptum
2463 1353 2546 1400 est
2594 1347 3006 1411 monasterium,
3040 1363 3074 1400 v
3117 1348 3327 1404 scilicet
3357 1349 3489 1404 ldus
3547 1350 3696 1415 Maii,
3722 1350 3768 1404 in

2190 1432 2391 1488 honore
2414 1432 2626 1490 Domini
2650 1444 2706 1490 et
2731 1436 2903 1495 beatae
2926 1436 3108 1492 Marize
3132 1438 3357 1509 virginis
3381 1447 3439 1494 et
3463 1450 3767 1494 sanctorum

2188 1528 2554 1593 apostolorum
2614 1527 2854 1581 Simonis
2905 1535 2960 1582 et
2990 1525 3142 1582 Juda:
3191 1526 3331 1597 (25).
3386 1528 3562 1583 Fama
3598 1530 3770 1599 itaque

2192 1616 2327 1671 tanti
2368 1618 2470 1672 viri
2525 1633 2628 1688 per
2677 1619 2922 1675 diversas
2944 1620 3193 1691 regiones
3228 1636 3286 1677 se
3316 1620 3567 1677 velocius
3594 1632 3770 1677 exten-

2110 1689 2163 1752 Β
2189 1708 2285 1773 dit,
2317 1710 2608 1781 populique
2641 1711 2695 1765 in
2726 1727 2893 1766 unum
2920 1689 3226 1784 conglobati
3250 1714 3317 1767 ad
3341 1728 3471 1767 eum
3502 1714 3770 1771 conﬂuere

2188 1808 2471 1867 coeperunt
2525 1800 2865 1864 catervatim,
2890 1810 2950 1855 ut
2976 1801 3118 1856 illius
3159 1801 3478 1857 fruerentur
3529 1813 3767 1873 aspectu,

2186 1898 2242 1943 et
2275 1903 2391 1956 eius
2448 1890 2851 1958 praedicationis
2897 1900 3118 1947 vomere
3179 1890 3315 1946 dura
3360 1907 3561 1947 eorum
3611 1894 3767 1949 corda

2186 1977 2383 2033 divinis
2436 1980 2623 2051 gratia:
2679 1979 2978 2037 seminibus
3044 1992 3386 2052 aptarenurr.
3451 1981 3588 2036 Erat
3627 1984 3764 2038 enim

2186 2078 2407 2139 aspectu
2434 2070 2729 2141 angelicas,
2782 2086 3014 2140 corpore
3044 2080 3247 2136 castus,
3293 2082 3489 2127 mente
3524 2073 3766 2136 devotus,

2186 2173 2438 2216 sermone
2467 2160 2756 2226 facundus,
2787 2164 3016 2219 diversis
3062 2164 3319 2219 virtutum
3353 2163 3590 2220 ﬂoribus
3618 2167 3768 2219 ador-

2186 2262 2367 2320 natus,
2437 2254 2492 2308 in
2532 2255 2779 2310 oratione
2821 2256 3097 2322 assiduus,
3125 2257 3405 2327 signisque
3430 2258 3489 2311 in
3520 2258 3636 2310 vita
3678 2272 3767 2310 stt:

2184 2345 2431 2416 plurimis
2479 2347 2788 2404 decoratus.
2842 2349 2983 2404 Ante
3002 2348 3292 2405 adventum
3352 2364 3603 2419 namque
3632 2349 3768 2405 illius

2185 2437 2388 2492 accolae
2438 2437 2598 2507 hujus
2636 2439 2826 2509 patriae
2858 2441 3019 2495 rudes
3045 2448 3100 2495 et
3122 2441 3275 2511 quasi
3313 2452 3570 2512 agrestes
3594 2452 3763 2509 erant,

2182 2533 2238 2581 et
2261 2527 2389 2596 quid
2421 2528 2731 2583 sanctitatis
2765 2530 3148 2600 religionisque
3181 2531 3385 2585 bonum
3416 2541 3571 2586 esset
3598 2533 3766 2587 minus

2184 2619 2577 2687 agnoscebant;
2617 2620 2711 2675 sed
2742 2621 2938 2677 ell‘eros
2980 2636 3167 2677 eortnn
3213 2623 3434 2678 animos
3456 2638 3658 2679 servus
3680 2623 3765 2677 Dei

2181 2705 2409 2773 electus,
2439 2717 2547 2764 tam
2576 2711 2840 2782 exemplis
2861 2728 3023 2783 quam
3058 2711 3546 2782 prmdicationibus
3580 2715 3766 2768 multo-

2182 2800 2283 2854 ties
2318 2802 2599 2872 mitigabat
2641 2812 2697 2859 et
2746 2820 2933 2859 eorum
2965 2805 3226 2875 plurimos
3275 2806 3343 2861 ad
3388 2807 3762 2876 pmoitentiam

2183 2890 2684 2963 confessionemque
2744 2898 3090 2965 provocabat.
3151 2893 3283 2951 Nam
3350 2912 3478 2951 cum
3536 2900 3762 2952 maxima

2184 2982 2470 3038 multitudo
2500 2985 2568 3037 ad
2610 3001 2757 3051 eum,
2811 2995 2870 3041 ut
2914 3001 3012 3042 sua
3062 2986 3462 3043 conﬁterentur
3514 2991 3761 3053 crimina,

2183 3086 2325 3141 saepe
2348 3074 2641 3141 venissent,
2681 3076 2823 3131 hanc
2873 3078 3128 3132 omnibus
3157 3078 3211 3132 in
3246 3092 3548 3133 commune
3601 3083 3763 3150 pretii-

2183 3164 2404 3217 tentiam
2433 3164 2486 3218 in
2535 3167 2911 3222 remissionem
2940 3177 3284 3237 peccatorum
3325 3184 3557 3225 suorum
3590 3173 3762 3240 injuno

2179 3256 2339 3327 gebat
2367 3268 2424 3313 ut
2457 3270 2610 3315 sexta
2659 3262 2876 3330 quidem
2934 3261 3069 3317 feria
3123 3260 3475 3333 ieiunarent,
3532 3264 3762 3320 Sabbato

2183 3362 2312 3402 vero
2341 3364 2372 3403 a
2398 3365 2565 3405 carne
2598 3351 2954 3407 abstinerent.

2251 3437 2342 3493 25.
2382 3439 2659 3495 Miraculis
2691 3440 2948 3496 claret.-—-
2961 3442 3239 3512 Divulgata
3268 3443 3438 3511 igitur
3459 3445 3640 3500 sancti
3664 3446 3759 3498 viri

2178 3529 2432 3598 opinione
2461 3534 2823 3602 perdiversas
2850 3535 3120 3607 regiones,
3148 3538 3371 3605 quidam
3397 3540 3471 3594 de
3490 3541 3761 3610 opimo

2178 3628 2549 3687 Lemovicensi
2576 3634 2859 3701 oriundus,
2885 3636 3056 3705 ipsum
3087 3652 3207 3691 cum
3239 3636 3370 3691 ﬂetu
3409 3653 3515 3707 pro
3544 3640 3759 3711 parvulo

2177 3722 2436 3777 exorabat
2468 3722 2596 3788 ﬁlio,
2630 3724 2722 3795 qui
2747 3733 2917 3782 tortos
2947 3740 3011 3781 ac
3037 3726 3267 3781 multum
3297 3727 3584 3785 deformes
3613 3746 3642 3783 a
3663 3742 3757 3783 na-

2179 3813 2385 3870 tivitate
2402 3816 2636 3872 habebat
2655 3819 2842 3887 pedes,
2867 3819 3057 3875 dicens
3080 3835 3097 3874 :
3126 3839 3145 3873 c
3167 3820 3211 3876 0
3233 3831 3426 3878 sancte
3439 3822 3691 3888 Geralde,
3711 3825 3756 3879 si

2178 3923 2239 3962 ea
2265 3923 2385 3978 quas
2411 3909 2668 3964 dicuntur
2688 3911 2755 3966 de
2786 3920 2839 3967 te
2874 3919 3000 3966 sunt
3028 3926 3154 3967 vera
3174 3954 3189 3976 ,
3219 3913 3380 3968 aufer
3403 3914 3755 3985 opprobrium

2177 3998 2368 4053 domus
2410 4014 2565 4053 mea}.
2600 4024 2617 4051 ο
2650 4000 2801 4056 Talia
2834 4004 3078 4074 genitore
3104 4017 3509 4074 prosequente,
3555 4005 3758 4062 meritis

2177 4090 2318 4144 servi
2357 4090 2449 4146 Dei
2477 4106 2613 4161 puer
2638 4093 3040 4164 integerrimam
3069 4097 3297 4166 adeptus
3328 4106 3417 4152 est
3443 4100 3754 4153 sanitatem.

2177 4178 2338 4235 Pater
2367 4182 2569 4252 itaque,
2598 4198 2698 4254 pro
2726 4193 2889 4240 tanta:
2914 4186 2990 4241 rei
3026 4186 3289 4242 miraculo
3318 4196 3548 4257 stupens
3572 4204 3639 4244 ac
3665 4204 3754 4243 ve-

2176 4271 2456 4326 hementer
2474 4275 2837 4344 congaudens,
2864 4289 3089 4344 puerum
3118 4277 3293 4346 ipsum
3320 4278 3392 4357 ad
3404 4280 3753 4353 praesentiam

2177 4359 2411 4415 hominis
2456 4361 2673 4415 deducit
2713 4371 2768 4417 et
2804 4378 2927 4418 cum
2974 4366 3142 4419 multa
3183 4364 3478 4422 devotione
3520 4382 3625 4438 pro
3663 4382 3755 4421 ac-

2177 4459 2334 4520 cepto
2377 4450 2640 4507 beneﬁt-io
2677 4455 2881 4525 gratias
2914 4457 3043 4527 egit.
3087 4457 3197 4512 Nec
3240 4457 3373 4512 illud
3415 4459 3750 4515 reticendum

2174 4547 2317 4616 quod
2344 4545 2586 4617 plerique
2609 4550 2838 4604 morbidi
2868 4558 2961 4604 aut
2983 4550 3375 4614 febricitantes,
3390 4553 3436 4606 si
3462 4553 3533 4609 (θ’
3551 4563 3606 4607 te
3626 4569 3749 4608 san-

2248 4657 2357 4727 (25)
2383 4657 2610 4713 Biennio
2635 4659 2791 4714 citius
2831 4659 3122 4716 Geraldum
3151 4662 3441 4717 advenisse
3464 4663 3663 4718 dicitur
3690 4661 3742 4718 in

2174 4729 2436 4802 chronica
2485 4729 2866 4802 Malleacensi,
2920 4732 3014 4786 ubi
3071 4732 3326 4802 legitur:
3375 4736 3535 4786 Anno
3594 4734 3746 4795 illi",

2175 4798 2443 4855 Giraudus
2473 4802 2617 4867 capit
2644 4800 2908 4867 ludiﬁcare
2928 4798 3213 4855 canobium
3250 4801 3311 4856 S.
3359 4803 3555 4857 Moriar

2176 4869 2439 4940 Majoris.
2463 4867 2591 4924 Vide
2609 4880 2790 4923 notam
2820 4882 3159 4940 sequentem.

2206 5007 2217 5018 .
2246 4939 2359 5018 (24)
2392 4939 2548 5018 ld_est_
2567 4941 2867 5018 alteropost
2889 4939 3008 5018 ejus
3029 4940 3571 5018 adventttm,sci_l_icet

2173 5010 2251 5082 sic
2277 5010 2420 5082 enim
2443 5011 2930 5082 ΔΙετίςίψιῖὶηΑγθικιθι
2963 5010 3347 5082 Martyrologio
3390 5012 3746 5082 summa».

2176 5077 2289 5130 ris:
2327 5092 2358 5130 v
2386 5077 2522 5132 ldus
2554 5079 2706 5134 Maii.
2732 5080 3010 5135 Inclinatio
3039 5077 3343 5136 monasterii
3374 5080 3433 5137 S.
3475 5077 3744 5135 Maria!“

2177 5145 2280 5200 SS.
2325 5148 2680 5216 apostolorum
2721 5150 2961 5206 Simonis
2976 5161 3025 5206 et
3049 5152 3210 5207 Iuda:
3243 5153 3301 5206 in
3335 5150 3746 5215 Siloa-Maiore,

2175 5232 2312 5320 ann:
2337 5215 2401 5320 (th
2433 5216 2805 5274 lncarnationc
2829 5222 2985 5275 1080.

2246 5292 2258 5320 ι
2307 5284 2356 5320 ξι
2412 5295 2530 5320 nim-
2585 5303 2764 5320 conum
2827 5291 2985 5320 ..ιιηηυ

2387 5285 2530 5320 ΙΙΙΙΠΡ
2585 5303 2764 5320 conpago
2827 5291 3014 5320 "ﬁlia"!

2827 5291 3079 5320 I‘n|;nnl:l\n
3114 5307 3229 5320 ιιι-Μ
3282 5293 3337 5320 :n
3370 5288 3519 5320 ρι’-ιλ
