3960 5320
142 240 282 295 10M

1709 236 1867 293 VITA

3271 245 3406 301 iOii

142 350 449 406 ctiticatum
482 350 550 406 ab
576 366 640 407 eo
669 350 1016 407 comedercnt
1046 367 1271 423 panem,
1299 366 1506 407 necnon
1539 351 1630 421 qui
1658 350 1723 406 de
1750 354 1798 412 Α
1827 350 2002 408 cincte
2032 354 2385 412 disseramus.
2415 356 2549 411 Nam
2580 372 2642 412 ea
2674 372 2793 429 qurc
2836 356 2887 411 in
2921 356 3027 411 vita
3064 358 3214 429 signa
3247 358 3403 427 fecit,

142 442 330 514 lapide
363 442 519 509 trito,
565 458 726 515 quem
773 442 971 501 fratres
1010 452 1337 514 paraverant
1379 445 1497 515 ejus
1546 443 1728 514 sepul-

145 543 311 601 turae,
345 534 627 594 bibissent.
672 535 998 601 incolumes,
1030 552 1094 591 ac
1120 538 1231 593 Deo
1264 538 1472 608 gratias
1508 546 1727 591 sancto-

140 638 257 695 que
300 624 536 681 Geraldo
579 624 907 691 referentes,
955 625 1023 681 ad
1067 627 1289 698 propria
1338 626 1446 682 laeti
1495 637 1733 693 reverte-

141 717 372 770 bantur.

217 806 310 860 26.
355 806 671 863 Monachum
704 826 736 863 a
772 809 1056 883 naufragio
1092 809 1283 867 salvat.
1315 840 1388 851 —
1430 810 1564 867 Cum
1602 826 1733 869 vero

140 912 249 966 per
288 897 533 954 diversas
572 897 759 954 Galliae
802 901 1051 957 nationes
1089 902 1334 970 prtedicti
1383 903 1484 957 viri
1531 903 1623 958 Dei
1672 916 1734 957 se

142 987 296 1042 fatua
344 986 669 1057 diffuderat,
714 990 935 1060 quidam
975 994 1150 1048 sancti
1194 993 1337 1050 Petri
1385 994 1734 1051 Carnotcnsis

140 1080 475 1142 monachus,
496 1079 719 1136 audiens
744 1082 887 1137 illius
908 1084 1169 1153 praeclara
1193 1094 1364 1155 gesta,
1396 1086 1447 1140 in
1468 1087 1583 1141 suis
1604 1100 1732 1157 pre-

141 1172 304 1225 cibus
348 1169 661 1243 frequenter
696 1174 897 1232 obnixe
936 1178 1301 1247 postulaverat
1358 1187 1418 1234 ut
1465 1194 1571 1234 non
1608 1189 1736 1236 ante

142 1260 361 1318 videret
389 1274 618 1320 mortem
649 1281 811 1337 quam
836 1266 1076 1326 hominis
1103 1270 1196 1327 Dei
1232 1270 1506 1327 frueretur
1529 1272 1737 1329 visione

139 1362 203 1407 et
234 1353 499 1425 alloquio.
540 1355 645 1412 Sed
692 1374 815 1413 cum
848 1358 988 1415 forte
1028 1361 1314 1433 Anglicum
1356 1379 1508 1419 mare
1550 1365 1736 1435 dispo-

145 1444 355 1500 suisset
401 1455 759 1514 transmeare,
814 1449 1092 1523 ingressus
1143 1470 1368 1518 navem,
1414 1456 1736 1526 procellosis

147 1533 566 1607 insurgentibus
588 1537 777 1605 undis,
806 1541 1146 1613 naufragium
1182 1542 1423 1617 pertulit.
1461 1544 1518 1599 in
1547 1545 1738 1599 mediis

146 1621 335 1691 itaque
359 1624 633 1690 fluctibus,
663 1628 963 1685 submersis
993 1630 1189 1695 sociis,
1237 1647 1377 1688 nave
1399 1644 1654 1704 quassata
1682 1642 1740 1689 et

145 1715 380 1782 amissa,
436 1718 738 1791 tuonachus
786 1719 1108 1788 involvitur,
1167 1722 1420 1794 diemque
1473 1738 1596 1779 cum
1651 1737 1740 1778 se-

143 1805 342 1875 quenti
375 1814 537 1863 nocte
580 1808 632 1862 in
669 1816 819 1864 tanto
859 1811 1014 1867 duxit
1058 1812 1390 1868 discrimine.
1433 1811 1567 1867 Cum
1610 1828 1740 1869 vero

149 1897 264 1951 huc
292 1897 529 1969 illucque
561 1899 1048 1961 intumescentibus
1076 1915 1362 1974 raperetur
1394 1906 1554 1962 undis
1581 1906 1747 1963 nihil-

146 2001 260 2056 que
291 1987 435 2056 aliud
468 1990 573 2045 nisi
604 2001 834 2048 mortem
865 2003 1208 2065 exspectaret
1230 1996 1630 2064 imminentem,
1657 2012 1744 2052 re-

146 2080 412 2138 cordatus
434 2091 520 2137 est
545 2082 688 2138 inter
715 2085 863 2155 ipsas
889 2086 1060 2158 pelagi
1095 2088 1377 2158 angustias
1404 2088 1549 2147 illius
1579 2105 1741 2160 quem

147 2171 462 2242 angelicam
494 2172 550 2235 in
582 2174 743 2230 terris
774 2177 1023 2232 audierat
1047 2180 1248 2235 ducere
1273 2180 1442 2234 vitam
1464 2220 1479 2245 ,
1508 2188 1748 2237 tantum—

148 2276 263 2330 que
292 2261 700 2320 desideraverat
740 2267 971 2335 intueri;
1025 2269 1244 2340 imoque
1285 2286 1315 2324 a
1361 2279 1584 2341 pectore
1633 2278 1744 2325 tra-

150 2353 294 2408 hens
314 2354 549 2425 suspiria
571 2374 587 2411 :
616 2376 634 2408 ‹
654 2355 699 2414 0
719 2368 927 2427 sancte,
944 2360 1136 2430 inquit,
1150 2360 1400 2426 Geraldc,
1428 2360 1521 2415 Dei
1546 2360 1743 2417 summi

147 2460 333 2512 serve,
378 2462 543 2516 quem
587 2458 867 2519 tantopere
908 2451 1198 2522 concupivi
1229 2430 1491 2518 cernere,
1531 2452 1575 2508 si
1615 2451 1746 2523 quid

148 2552 310 2609 potes
340 2542 393 2595 in
422 2543 710 2611 praesentia
744 2542 856 2611 Dei,
888 2543 1082 2615 adjuva
1113 2559 1232 2611 me,
1263 2545 1520 2600 misertus
1561 2544 1686 2599 mei.
1719 2562 1738 2594 ι

151 2630 311 2686 Talia
347 2632 439 2688 illo
468 2627 779 2705 frequenter
810 2635 1180 2707 ingeminante
1208 2678 1223 2702 ,
1254 2636 1439 2692 statim
1468 2636 1623 2690 navis
1651 2650 1749 2690 vo-

151 2723 296 2778 lucri
326 2741 493 2783 cursu
520 2727 844 2794 adveuiens,
876 2729 1083 2784 meritis
1110 2729 1211 2784 viri
1245 2728 1376 2794 Dei,
1410 2728 1476 2783 de
1502 2728 1743 2784 confinio

150 2814 357 2871 mortis
409 2815 559 2871 illum
598 2818 830 2887 excepit.
875 2816 1000 2873 llaec
1043 2832 1259 2888 quoque
1308 2816 1614 2872 retulerunt
1653 2817 1744 2887 qui

148 2905 488 2981 monachum
531 2904 736 2962 Sancto
762 2905 995 2963 Geraldo
1026 2916 1215 2979 postea
1247 2922 1356 2963 non
1392 2907 1511 2962 sine
1550 2921 1745 2978 magno

147 2995 286 3052 fletu
314 2998 440 3052 talia
464 3008 779 3055 narrantem
809 2998 1084 3056 viderunt.

223 3087 322 3142 27.
364 3086 615 3145 Moritur.
640 3121 708 3130 —
728 3089 826 3146 llis
856 3090 1020 3163 igitur
1045 3106 1099 3148 et
1127 3090 1432 3161 bujusmodi
1453 3090 1748 3146 virtutibus

152 3183 211 3235 in
242 3182 354 3236 vita
379 3183 463 3236 vir
487 3182 699 3238 Domini
730 3183 964 3241 feliciter
981 3185 1214 3257 pollens,
1237 3194 1523 3257 postquam
1551 3184 1749 3240 multas

154 3273 223 3328 de
252 3288 354 3329 ore
379 3274 589 3328 cruenti
617 3273 788 3330 leonis
817 3284 873 3331 et
892 3278 1187 3347 quaerentis
1209 3292 1347 3347 quas
1375 3277 1598 3331 devoret
1625 3276 1750 3332 abs-

159 3364 335 3418 traxit
365 3364 605 3433 animas,
646 3380 702 3426 et
743 3376 1002 3438 tanquam
1044 3369 1265 3424 lucerna
1307 3384 1470 3439 supra
1498 3368 1751 3424 candela-

159 3455 324 3511 brum
356 3457 532 3527 posita
562 3460 990 3532 quamplurimos
1014 3460 1334 3532 ignorantiae
1364 3459 1600 3514 tenebris
1625 3458 1752 3515 sub-

158 3562 380 3603 mersos
407 3551 474 3603 ad
515 3549 641 3606 ﬁdei
683 3552 1068 3624 religionisque
1097 3552 1275 3608 lumen
1312 3551 1557 3617 reduxit,
1591 3551 1751 3607 annis

158 3648 417 3695 maturus
439 3644 755 3715 meritisque
783 3645 932 3719 felix,
958 3646 1142 3705 Nonas
1162 3645 1363 3716 Aprilis
1399 3644 1652 3716 migravit
1683 3642 1752 3699 ad

159 3731 459 3792 Dominum
502 3736 637 3812 (26),
683 3744 1033 3813 sepultusque
1062 3752 1147 3799 est
1189 3743 1242 3797 in
1287 3734 1547 3808 ecclesia,
1588 3752 1752 3810 quam

159 3826 651 3896 ipse-fundaverat,
683 3835 752 3890 ad
791 3836 1070 3891 dexteram
1102 3845 1308 3905 partem
1350 3833 1537 3888 altaris
1580 3835 1755 3888 beatae

160 3919 376 3981 Mariae.
405 3922 460 3983 In
498 3922 616 3992 ejus
646 3926 878 3981 transitu
908 3942 1015 3982 non
1046 3927 1267 3981 minima
1294 3926 1581 3980 multitudo
1614 3925 1754 3981 viro-

162 4028 288 4067 rum
336 4014 622 4083 nobilium,
675 4017 996 4074 clericorum
1045 4028 1101 4075 et
1146 4019 1435 4085 laicorum,
1493 4016 1756 4086 agricola-

160 4121 403 4176 rumque
433 4122 497 4162 ac
529 4109 813 4165 mulierum
843 4118 1170 4183 congregata
1198 4121 1305 4179 est,
1329 4110 1418 4180 qui
1451 4124 1519 4165 ex
1548 4107 1757 4181 oppidis

161 4213 229 4251 ac
260 4197 433 4264 villis,
465 4208 522 4253 et
562 4199 727 4255 etiam
758 4216 826 4258 ex.
852 4200 1154 4272 Burdegala
1202 4202 1367 4265 urbe,
1401 4199 1545 4255 illius
1572 4199 1756 4253 audito

164 4303 422 4365 recessu,
466 4290 859 4351 conﬂuxerant.
905 4292 970 4351 lli
1018 4309 1148 4364 ergo
1175 4293 1231 4348 in
1278 4292 1477 4348 coelum
1520 4291 1759 4346 clamore

1831 460 1930 514 per
1963 445 2341 518 negligentiam
2370 449 2606 504 maxima
2642 463 2710 504 ex
2740 457 2893 520 parte
2922 449 3179 504 oblivioni
3214 452 3407 506 tradita

1833 547 1958 595 sunt
1988 540 2123 610 (27).
2157 540 2382 597 Domino
2428 542 2607 613 itaque
2636 555 2942 610 annuente,
2984 543 3260 615 ipsiusque
3288 560 3412 601 sau-

1832 629 1939 685 ctis
1968 631 2178 687 meritis
2207 632 2721 699 intervenientibus,
2750 647 2931 690 sermo
2959 642 3144 690 noster
3171 650 3330 704 quem
3359 636 3410 690 in

1834 720 2041 777 honore
2069 721 2305 791 ejusdem
2328 723 2569 779 scribere
2596 724 2968 795 aggredimur,
2994 724 3192 780 bonum
3217 725 3414 794 princi-

1831 810 1979 881 pium
2005 811 2276 882 finemque
2297 812 2543 886 accipiat.
2764 874 2773 881 ,

1903 903 1993 958 28.
2022 902 2156 972 Ejus
2179 901 2434 957 miracula
2460 913 2571 975 post
2593 914 2830 961 mortem.
2857 902 2990 975 Ejus
3011 903 3247 958 elevatio.
3280 902 3415 957 Deus

1836 994 2043 1050 ablatus
2074 994 2381 1051 restituitur.
2410 1024 2481 1035 —
2505 996 2770 1068 Tempore
2806 996 2925 1062 illo,
2944 1010 3065 1066 quo
3094 996 3282 1052 beatus
3315 996 3418 1051 Ge-

1838 1086 2021 1141 raldus
2047 1086 2223 1141 adhuc
2251 1085 2444 1142 vitales
2478 1088 2734 1158 carpebat
2768 1102 2929 1143 auras
2952 1128 2967 1153 ,
2997 1088 3215 1159 quidam
3256 1088 3324 1144 ab
3355 1104 3419 1141 eo

1838 1177 1895 1233 in
1917 1179 2241 1235 monachum
2279 1188 2528 1249 receptus
2553 1187 2655 1246 est,
2687 1178 2880 1235 Petrus
2911 1180 3022 1251 (28)
3052 1181 3287 1236 nomine.
3322 1178 3419 1233 Hic

1838 1271 1940 1327 fuit
1969 1272 2139 1341 ipsius
2182 1272 2373 1329 diebus
2401 1271 2649 1343 plurimis
2684 1273 3025 1344 capellanus,
3055 1281 3108 1327 et
3138 1273 3253 1342 ipse
3279 1271 3422 1326 illius

1838 1364 2033 1421 clausit
2070 1364 2273 1429 oculos,
2304 1381 2367 1422 ac
2394 1365 2682 1436 sepulturae
2722 1381 2843 1421 cum
2873 1365 2994 1421 aliis
3038 1365 3298 1421 fratribus
3328 1366 3422 1419 ho-

1839 1453 2065 1509 norifice
2097 1454 2343 1510 tradidit.
2375 1453 2474 1510 llic
2496 1455 2607 1526 jam
2636 1455 2983 1526 grandaevus,
3010 1454 3279 1509 electione
3315 1453 3420 1506 fra-

1841 1551 1983 1599 trum
2024 1544 2285 1615 septimus
2315 1547 2364 1601 ei
2413 1547 2676 1602 successit
2719 1546 2773 1601 iu
2821 1546 3034 1601 abbatis
3083 1546 3421 1616 dignitatem,

1847 1638 2123 1708 multaque
2150 1638 2217 1693 de
2243 1637 2359 1707 ejus
2388 1638 2728 1694 mirabilibus
2750 1638 2995 1694 referens
3022 1638 3074 1692 in
3105 1638 3295 1693 diebus
3322 1636 3426 1691 illis

1846 1729 1992 1795 suis,
2023 1730 2127 1786 tale
2164 1730 2485 1800 perhibebat
2527 1729 2850 1785 miraculum
2895 1729 3061 1784 fuisse
3099 1736 3369 1799 patratum
3410 1744 3422 1778 :

1847 1838 1865 1874 ι
1890 1819 2187 1877 Consilium
2211 1820 2502 1890 aliquando
2527 1820 2753 1874 fratrum
2776 1818 2877 1874 fuit
2901 1827 2961 1874 ut
2981 1818 3047 1875 de
3075 1816 3342 1887 sepulcro,
3374 1817 3425 1870 in

1841 1925 1949 1980 quo
1984 1910 2236 1965 humatus
2264 1910 2497 1980 primum
2536 1909 2619 1964 vir
2649 1911 2740 1965 Dei
2778 1908 2984 1975 fuerat,
3016 1908 3423 1963 transferretur.

1841 1999 2184 2070 Congrcgato
2205 2013 2335 2070 ergo
2357 1999 2755 2070 episcoporum,
2789 1999 3077 2063 abbatum,
3102 1997 3427 2052 clericorum

1842 2098 1897 2146 et
1925 2088 2182 2145 nobilium
2214 2088 2475 2144 laicorum
2507 2104 2611 2144 non
2643 2088 2867 2143 minimo
2891 2096 3032 2142 cmtu
3053 2127 3067 2153 ,
3092 2086 3426 2147 levaverunt,

1843 2190 1904 2237 ut
1927 2182 2172 2245 decebat,
2209 2183 2310 2237 viri
2342 2182 2578 2237 timorati
2610 2180 2784 2237 sancti
2820 2180 2919 2234 viri
2953 2194 3096 2235 ossa.
3141 2177 3303 2233 Multa
3339 2194 3429 2230 uo-

1843 2272 2029 2328 bilittm
2066 2273 2223 2327 turba
2260 2287 2497 2342 pt'mscns
2528 2271 2599 2325 ibi
2624 2280 2748 2325 tunc
2775 2272 2962 2325 aderat
2989 2311 3002 2335 ,
3030 2279 3083 2323 et
3112 2269 3331 2339 quidam
3363 2281 3427 2319 ex

1844 2361 2044 2434 populo
2071 2362 2153 2418 vir
2179 2362 2352 2417 ﬁdelis
2377 2362 2521 2416 inter
2543 2370 2771 2416 eteteros
2797 2374 3013 2431 quoque
3044 2358 3278 2422 astabat,
3319 2374 3433 2411 ma-

1846 2474 2082 2530 gnopere
2112 2471 2431 2528 procurans,
2465 2456 2509 2510 si
2545 2455 2816 2525 quomodo
2853 2470 2917 2509 ex
2951 2452 3194 2522 reliquiis
3226 2452 3429 2520 aliquid

1845 2550 2093 2619 accipere
2119 2548 2345 2603 valeret.
2380 2546 2620 2601 Tandem
2650 2561 2774 2601 cum
2797 2543 2968 2599 sancti
2991 2551 3153 2613 caput
3182 2541 3434 2597 ostende-

1846 2648 1995 2694 retur
2044 2639 2259 2709 p0pulo,
2307 2637 2603 2707 prmdictus
2642 2636 2726 2690 vir
2767 2635 3028 2690 desubtus
3064 2633 3305 2687 extendit
3349 2646 3434 2683 vc-

1846 2739 2006 2794 stem,
2048 2742 2297 2797 unusque
2327 2727 2378 2781 in
2409 2726 2519 2797 ipsa
2554 2734 2702 2781 veste
2733 2740 2799 2779 ex
2840 2724 3094 2779 dentibus
3133 2738 3262 2777 casu
3295 2722 3435 2775 ceci«

1847 2818 1945 2873 dit.
1987 2817 2139 2886 Quod
2166 2817 2353 2872 videns
2376 2817 2557 2883 homo,
2586 2816 2652 2871 ad
2679 2831 2738 2871 se
2764 2822 2966 2870 vestem
3000 2812 3166 2870 traxit
3214 2813 3432 2866 dentem

1848 2908 2153 2971 abscondit,
2184 2923 2249 2963 ac
2293 2923 2353 2963 se
2399 2908 2538 2962 bene
2569 2915 2972 2963 remuneratmn
3016 2911 3246 2961 credens
3295 2903 3432 2968 fore,

1851 3002 2078 3058 recessit
2108 3001 2252 3056 inde.
2276 2999 2382 3057 Sed
2411 3016 2532 3056 cum
2570 3000 2753 3055 villam
2779 3014 3029 3069 egressus
3060 2998 3277 3070 paulum
3307 3012 3434 3067 pro-

1852 3090 2133 3157 cessisset,
2187 3100 2320 3144 nutu
2379 3090 2565 3144 divino
2621 3090 3067 3159 obstupefactus,
3121 3089 3224 3143 huc
3275 3096 3437 3156 atque

1852 3182 1979 3238 illuc
2004 3181 2317 3248 aberrabat,
2360 3189 2567 3237 rectam
2604 3196 2710 3235 non
2740 3181 3040 3252 prtevalens
3080 3180 3234 3249 gradi
3271 3179 3432 3233 viam.

1850 3274 2121 3330 lntellexit
2149 3273 2383 3344 denique
2417 3272 2626 3328 meritis
2648 3273 2824 3329 sancti
2849 3312 2863 3338 ,
2892 3273 3044 3343 cujus
3074 3272 3282 3326 ferebat
3309 3271 3437 3326 reli-

1853 3366 2032 3434 quias,
2079 3364 2186 3419 iter
2219 3379 2376 3419 suum
2412 3364 2732 3437 prtepediri;
2766 3378 3124 3433 reversusque
3153 3403 3165 3427 ,
3196 3362 3321 3416 licet
3361 3361 3436 3413 iu-

1853 3457 2014 3522 vitus,
2067 3456 2137 3513 ad
2185 3457 2616 3521 monasterium,
2677 3472 2789 3510 rem
2841 3455 3022 3509 abbati
3074 3454 3439 3521 fratribusque

1854 3552 2058 3618 retulit,
2085 3550 2447 3622 reliquiasque
2463 3549 2717 3620 protulit;
2743 3547 2932 3616 sicque
2956 3547 3113 3601 laetus
3129 3546 3398 3600 discessit.
3414 3563 3431 3594 ι

1923 3646 2014 3701 29.
2056 3643 2253 3699 Milites
2303 3644 2432 3697 mire
2480 3642 2690 3696 servati.
2732 3671 2802 3680 —
2846 3640 3037 3693 Adhuc
3084 3639 3213 3709 (ett,
3270 3637 3436 3705 aliud)

1855 3751 2071 3811 quoque
2123 3733 2369 3788 miraculi
2408 3748 2577 3803 genus
2603 3729 3059 3802 praefatusabbas
3093 3728 3285 3783 Petrus
3316 3744 3441 3781 nar-

1856 3827 2030 3885 raba‘l.
2061 3824 2367 3895 (Qumdam,
2396 3822 2590 3893 inquit,
2614 3820 2807 3875 nobilis
2834 3819 3048 3883 mulier,
3078 3819 3212 3873 duos
3235 3816 3441 3871 habens

1860 3921 1995 3977 filios
2026 3920 2242 3982 milites,
2268 3916 2486 3972 beatum
2515 3911 2805 3971 Gill'a'n’itﬂll
2831 3924 2993 3982 quam
3024 3907 3260 3963 maxime
3286 3921 3443 3961 vene.

1857 4012 2104 4068 rabatur.
2135 4023 2199 4063 ac
2229 4021 2367 4077 saepe
2408 4008 2473 4061 ad
2510 4006 2652 4061 illius
2675 4003 2960 4058 ecclesiam
2988 4000 3213 4055 veniens
3240 4008 3347 4052 tam
3380 4012 3439 4051 se

1858 4119 2022 4174 quam
2072 4102 2208 4155 filios
2257 4100 2516 4155 attentius
2564 4096 3000 4154 commendabat.
3048 4092 3258 4148 Accidit
3312 4105 3442 4144 vero

1860 4194 2093 4265 quadam
2141 4192 2228 4246 die
2279 4199 2337 4245 ut
2386 4190 2555 4261 ipsius
2608 4188 2699 4241 ﬁlii
2746 4202 2866 4241 cum
2913 4186 3035 4240 aliis
3082 4183 3345 4238 militibus
3389 4182 3444 4235 in

1861 4288 2103 4342 exercitu
2131 4285 2427 4357 procedere
2462 4283 2688 4347 vellent;
2721 4280 2814 4336 sed
2844 4295 2966 4335 cum
3003 4295 3110 4333 non
3142 4292 3237 4332 eos
3270 4284 3445 4331 mater

161 4380 405 4447 sublato,
435 4381 688 4440 laceratis
714 4385 887 4455 genis,
919 4400 1042 4441 cum
1070 4384 1276 4455 ingenti
1299 4383 1423 4439 ﬂetu
1454 4384 1758 4454 piissimum
1792 4394 1837 4452 ι)
1863 4395 2049 4436 eorum
2091 4378 2158 4433 de
2196 4377 2437 4435 exercitu
2481 4376 2715 4431 retinere
2744 4374 3046 4444 quivissel,
3092 4372 3196 4426 illis
3230 4371 3340 4440 jam
3378 4369 3446 4421 ad

161 4476 390 4533 Patrem
422 4483 478 4532 et
501 4477 636 4532 recti
672 4477 887 4533 itineris
924 4478 1201 4541 doctorem
1232 4492 1292 4534 se
1320 4477 1570 4531 amisisse
1609 4475 1757 4531 dole-

158 4570 323 4635 bant,
355 4568 646 4639 lumenque
667 4569 831 4625 totius
852 4568 1039 4641 patriae
1066 4569 1254 4625 intimo
1277 4584 1343 4623 ex
1372 4568 1534 4622 corde
1552 4576 1756 4622 exstan-

74 4658 81 4667 '
162 4664 316 4713 etum
350 4657 469 4713 fore
495 4674 680 4714 amare
711 4658 1001 4717 deflebant.
1039 4658 1227 4729 Itaque
1257 4658 1476 4728 longum
1507 4668 1621 4723 est,
1650 4657 1759 4711 imo

161 4750 542 4821 impossibile,
587 4750 885 4820 esplanarc
928 4760 1133 4820 quanta
1176 4765 1275 4820 per
1321 4765 1443 4803 cum
1501 4748 1758 4802 Dominus

160 4848 306 4903 bona
338 4842 560 4914 operari
591 4842 843 4912 dignatus
870 4850 952 4897 est
976 4882 990 4908 ,
1020 4849 1221 4913 quanta
1268 4838 1530 4895 mirabilia
1568 4836 1619 4892 iri
1653 4838 1758 4891 vita

161 4952 258 4989 sua
294 4934 615 4997 ostendere,
643 4932 831 5001 quanti
862 4931 927 4986 de
955 4932 1191 4986 tenebris
1221 4932 1285 4984 ad
1330 4944 1513 4984 verum
1543 4929 1718 4981 lucezn
1743 4968 1758 4993 ,

162 5029 379 5085 scilicet
406 5026 717 5088 Christum,
753 5023 1016 5079 subtracti
1045 5034 1194 5078 sunt.
1219 5022 1395 5078 Pauca
1423 5020 1490 5075 de
1512 5021 1762 5089 plurimis

161 5125 451 5196 signorum
494 5118 615 5186 ejus
659 5115 932 5181 (Boflund.
962 5117 1131 5185 signis
1161 5117 1236 5181 et)
1270 5113 1566 5170 virtutibus
1593 5154 1608 5178 ,
1640 5129 1761 5182 «tua:

160 5205 282 5287 post
303 5216 523 5271 obitum
556 5209 745 5284 gessit,
777 5224 846 5263 ne
865 5210 1083 5265 omnino
1106 5214 1281 5263 tacere
1312 5209 1613 5273 videamur,
1640 5221 1763 5259 suc-

1436 5287 1457 5308 I

1866 4468 2317 4542 proficiscendum
2349 4467 2590 4538 paratis,
2621 4466 2811 4535 positis
2861 4465 2915 4520 in
2957 4474 3156 4518 terram
3198 4462 3444 4532 genibus.

1865 4559 1992 4614 talia
2042 4557 2212 4613 fertur
2242 4558 2367 4611 filiis
2405 4573 2527 4612 cum
2569 4556 2771 4623 gemitu
2801 4555 3001 4609 dixisse
3033 4569 3047 4607 :
3082 4574 3098 4604 ε
3124 4553 3167 4609 Ο
3191 4553 3306 4615 filii,
3339 4553 3448 4605 Deo

1865 4668 1963 4708 vos
1997 4650 2318 4706 commendo
2347 4659 2402 4703 et
2432 4657 2634 4703 sanctae
2674 4647 2855 4701 Elatiae
2879 4686 2893 4710 ,
2936 4655 2991 4698 et
3025 4646 3198 4700 sancti
3230 4643 3446 4699 Geraldi

1867 4741 2273 4813 Silvm-Majoris
2304 4739 2591 4801 custodizc,
2634 4737 2789 4805 cujus
2817 4750 2933 4789 sum
2968 4733 3195 4797 ancilla,
3228 4732 3451 4788 omnino

1867 4834 2209 4890 commendo.
2234 4851 2253 4884 ι
2288 4828 2343 4884 In
2383 4829 2666 4897 procinctu
2711 4829 2891 4894 itaque
2914 4840 3037 4879 cum
3065 4834 3245 4879 essent
3270 4821 3450 4893 positi,

1864 4922 2084 4995 quidam
2118 4938 2184 4978 ex
2214 4918 2542 4976 adversariis
2573 4933 2737 4971 unmn
2771 4931 2838 4971 ex
2870 4915 2955 4969 his
2980 4914 3168 4968 lancea
3199 4910 3451 4983 appetiit,

1865 5027 1921 5075 et
1950 5017 2004 5071 in
2033 5011 2455 5089 corpore'armis
2485 5010 2628 5065 nudo
2659 5010 2805 5064 hunc
2835 5007 3005 5061 valide
3039 5005 3332 5074 percussit;
3361 5000 3455 5051 sed

1865 5112 2073 5167 virtute
2107 5088 2199 5163 Dei
2221 5148 2235 5174 ,
2265 5103 2583 5172 meritisque
2617 5102 2794 5157 sancti
2823 5098 2962 5164 viri,
2996 5096 3080 5149 cui
3132 5103 3309 5148 mater
3338 5088 3456 5141 illos

1867 5204 2375 5264 commendaverat,
2409 5195 2542 5252 nihil
2580 5193 2828 5248 feriendo
2866 5200 3062 5242 nocere
3104 5183 3301 5252 potuit.
3336 5176 3458 5231 Fer-

2968 5300 2997 5320 Ιτ
3021 5294 3196 5320 ...Α-αμῖ
3289 5285 3457 5320 mnrnl'f
