3960 5320
605 281 743 336 1053

1582 284 1640 340 S.
1673 284 1970 342 GERALDI
2006 278 2298 342 ABBATIS
2335 287 2881 351 SiLV'tE-MAJORIS

3694 297 3791 355 iiii!

603 416 721 455 rum
748 401 947 455 ctenim
978 380 1198 468 lanceae,
1231 402 1357 458 licet
1383 402 1553 458 multo
1576 380 1782 459 conatu
1813 417 2101 473 percussor
2130 402 2183 457 in
2291 394 2531 474 cumque
2557 392 2669 474 jam
2697 393 2785 463 ἀα
2815 410 3126 465 monasterii
3166 420 3379 481 portam
3407 422 3664 484 egressura
3702 431 3791 486 pro.

601 507 829 565 corpore
856 493 973 563 ejus
1006 493 1267 561 inﬁxerit,
1299 486 1363 549 ac
1385 494 1430 549 si
1456 494 1634 549 mollis
1660 509 1785 550 cera
1812 502 1984 571 esset,
2020 491 2186 564 repli-

601 580 789 643 catum‘
804 597 907 654 est,
925 596 984 642 ut
1007 580 1234 643 acumen
1255 586 1404 652 ferri,
1420 587 1563 657 quod
1578 588 1728 658 prius
1756 596 1964 642 rectum
1986 585 2185 653 fuerat,

596 686 723 751 post
769 693 956 735 versus
1000 672 1218 755 ,liastam
1261 690 1687 750 retorqueretur.
1728 677 1967 734 Audiens
2003 677 2186 746 itaque

592 772 775 828 mater
794 781 900 828 tam
927 772 1243 830 admirabile
1266 771 1466 829 factum
1491 772 1769 843 ﬁliumque
1789 772 2013 827 obtentu
2038 768 2186 825 beati

598 862 700 919 viri
734 877 765 918 a
795 872 968 919 morte
996 873 1265 933 ereptum,
1295 863 1363 918 ad
1411 863 1581 935 ipsius
1623 861 1933 933 sepulcrum
1984 860 2188 933 gratias

599 940 846 1013 oblatura
883 971 1004 1012 cum
1054 956 1180 1013 ﬁliis
1224 944 1465 1024 advenit,
1513 954 1716 1011 ferrum
1762 954 1963 1010 lancea:
2001 967 2185 1009 secum

590 1044 822 1113 detulit,
868 1046 1159 1118 multisque
1206 1047 1397 1104 diebus
1445 1062 1605 1117 supra
1649 1046 1954 1117 sepulcrum
2007 1044 2185 1101 sancti

600 1137 773 1208 ipsum
811 1126 1013 1193 ferrum
1045 1139 1097 1193 in
1137 1138 1502 1206 testimonium
1526 1138 1741 1193 virtutis
1768 1136 2041 1208 pependit.

668 1231 758 1287 50.
799 1230 1133 1303 Hydmpicus
1162 1242 1404 1286 sanatur.
1431 1262 1500 1272 --
1528 1232 1583 1287 In
1611 1231 1861 1287 coenobio
1883 1228 2185 1285 Silvm-Ma-

593 1321 728 1391 ioris
782 1323 1002 1392 quidam
1065 1338 1133 1379 ex
1188 1321 1448 1377 fratribus
1506 1322 1751 1391 corporis
1808 1319 2054 1376 molestia
2099 1328 2182 1373 ta—

582 1412 865 1483 ‘ctus(29),
896 1413 1215 1486 aegritudine
1237 1414 1389 1486 gravi
1419 1414 1724 1480 laborabat;
1758 1429 1882 1480 nam
1915 1413 1983 1468 ad
2012 1411 2185 1467 instar

586 1500 734 1560 utris
782 1503 966 1559 inﬁata
1023 1513 1147 1561 cute
1201 1515 1346 1562 totus
1397 1507 1753 1561 vehementer
1804 1505 2179 1569 intumuerat,

596 1595 843 1666 nihilque
871 1597 1016 1662 aliud
1053 1598 1158 1653 nisi
1194 1610 1422 1652 mortem
1453 1598 1621 1654 solam
1650 1597 2023 1666 exspectabat.
2073 1594 2182 1651 Sed

594 1701 719 1742 cum
771 1696 930 1742 nocte
971 1686 1201 1757 quadam
1247 1689 1442 1743 anxius
1489 1704 1548 1767 se
1594 1688 1775 1758 sopori
1814 1688 2072 1753 dedisset,
2111 1687 2180 1741 ad

2291 496 2607 568 pinquaret,
2659 499 2944 556 duodecim
2994 518 3245 560 nummos
3300 505 3356 560 in
3389 502 3577 562 terram
3611 505 3794 576 jacentis

2284 589 2493 659 reperit
2519 607 2535 657 ;
2565 607 2702 661 quos
2730 594 3005 672 accipiens
3033 608 3157 651 cum
3179 597 3479 668 gratiarum
3505 600 3691 655 actione
3704 616 3793 672 gau-

2295 682 2431 739 dens
2456 682 2729 741 discessit.
2826 670 2867 717 ι’
2927 714 2933 721 α

2359 774 2447 832 33.
2469 774 2620 831 Alius
2640 776 2899 848 perditam
2921 777 3329 845 clavem—Nec
3344 781 3602 843 dissimile
3616 782 3794 837 buicinit

2289 867 2453 938 quod,
2492 884 2617 933 cum
2657 885 2798 925 unus
2844 885 2915 925 cx
2958 872 3273 930 custodibus
3317 875 3623 938 monasterii
3643 875 3795 934 clavem

2289 960 2561 1016 modicam
2611 948 2890 1027 amisisset
2938 973 2992 1019 et
3025 965 3119 1019 diu
3152 964 3379 1026 multum
3404 966 3709 1040 qutesirisset
3727 968 3794 1023 cito

2287 1063 2630 1120 cumquaque
2674 1066 2779 1108 nec
2836 1052 3152 1118 invenisset,
3195 1055 3416 1115 tandem
3448 1058 3516 1109 ad
3558 1054 3795 1124 sepulcrum

2286 1139 2430 1195 beati
2463 1141 2561 1197 viri
2596 1143 2848 1207 accessit,
2882 1152 2941 1198 ut
2979 1144 3033 1199 in
3066 1145 3168 1204 hac
3196 1146 3530 1209 necessitate
3556 1144 3796 1203 subveniret

2287 1231 2391 1287 sibi
2416 1246 2672 1298 exorans,
2696 1234 2990 1305 statimque
3026 1244 3086 1290 ut
3112 1250 3142 1290 a
3175 1237 3433 1306 sepulcro
3473 1237 3700 1302 surrexit,
3720 1236 3796 1292 cia—

2286 1338 2407 1378 vem
2443 1332 2572 1382 ante
2597 1324 2770 1381 altare
2801 1327 3032 1394 invenit,
3064 1328 3306 1399 satisque
3338 1328 3637 1384 admiratus
3653 1327 3798 1399 gratia

2285 1417 2421 1486 egit.

2353 1507 2443 1565 54.
2484 1508 2732 1581 Captivus
2759 1511 2888 1565 mire
2916 1510 3190 1578 liberatur,
3222 1513 3460 1567 auctoris
3494 1507 3798 1582 ﬁdem—Qui-

2284 1601 2406 1656 dam
2427 1601 2581 1657 miles
2607 1600 2746 1657 fortc
2762 1610 2953 1672 captus
2976 1602 3044 1657 ab
3062 1602 3316 1668 inimicis,
3340 1600 3611 1658 Oliverius
3624 1600 3796 1659 aenum

2284 1691 2428 1747 ﬁlius
2462 1692 2714 1748 videlicet
2772 1693 2917 1758 illius
2946 1686 3165 1764 Augcrii
3199 1695 3266 1749 de
3301 1694 3543 1756 Riontio,
3566 1692 3646 1762 qui
3667 1691 3800 1746 Silve-

592 1778 738 1834 beati
761 1779 862 1834 viri
885 1780 1189 1851 sepulcrum
1214 1796 1272 1837 se
1293 1782 1574 1853 conspexit
1598 1782 1651 1836 in
1679 1774 1883 1837 visione
1904 1781 2181 1845 assistere,
2217 1778 2257 1838 Β
2287 1780 2508 1850 Maioris
2561 1783 2737 1838 locum
2793 1793 2988 1843 sancto
3016 1783 3249 1840 Geraldo
3277 1784 3435 1854 prius
3473 1778 3796 1849 dedcrat(81p.

595 1872 913 1942 tumuloque
937 1873 1101 1940 illius,
1135 1884 1191 1930 ut
1214 1875 1316 1930 sibi
1351 1875 1666 1942 videbatur,
1693 1875 1995 1945 patefacto,
2022 1889 2179 1929 suam

594 1963 971 2021 inﬁrmitatem
1004 1982 1125 2023 cum
1149 1983 1256 2030 uno
1287 1985 1352 2024 ex
1392 1969 1643 2025 dentibus
1668 1969 1842 2024 sancti
1868 1968 2180 2039 frequenter

595 2054 831 2124 signare.
861 2056 1134 2126 Evigilans
1157 2069 1358 2125 autem,
1387 2069 1441 2115 et
1468 2076 1587 2130 qua:
1612 2060 1819 2116 viderat
1842 2075 2026 2120 secum
2058 2076 2182 2131 pcr-

594 2154 859 2215 tractans,
886 2148 1029 2206 facto
1054 2166 1233 2217 mane,
1265 2152 1513 2222 quamvis
1539 2152 1688 2223 gravi
1716 2154 1955 2221 pondere
1982 2152 2179 2227 fatiga-

593 2244 746 2293 retur
771 2239 1141 2311 :egritudinis,
1173 2243 1238 2296 ad
1271 2242 1535 2297 tumulum
1582 2251 1761 2299 tamen
1805 2245 1904 2299 viri
1950 2244 2043 2299 Dci
2087 2230 2180 2299 ac-

591 2329 780 2396 cessit,
826 2346 1153 2401 magnopere
1210 2332 1503 2403 implorans
1557 2343 1617 2403 ut
1658 2336 1771 2390 suis
1818 2335 2027 2397 meritis
2077 2335 2178 2391 sibi

592 2420 822 2490 gratiam
852 2421 1101 2476 sanitatis
1141 2437 1171 2475 a
1211 2422 1437 2478 Domino
1482 2423 1818 2495 impetraret.
1856 2424 1973 2480 Tali
2019 2427 2179 2482 modo

593 2523 757 2565 sanus
786 2509 1009 2566 eﬁ‘cctus
1034 2511 1141 2566 boc
1173 2512 1328 2567 nobis
1356 2512 1586 2568 ﬁdeliter
1615 2513 1817 2568 retulit.

660 2601 748 2657 51.
773 2600 826 2655 Μ
833 2603 1120 2664 oribundus
1143 2603 1472 2663 convalescit.
1497 2634 1568 2644 —
1588 2604 1706 2660 Alio
1724 2621 1937 2675 quoque
1969 2615 2177 2677 tempo—

591 2708 673 2760 re,
700 2692 871 2747 frater
891 2679 1110 2771 quidam
1150 2694 1391 2765 ejusdem
1429 2696 1739 2752 monasterii
1771 2681 1884 2769 (50)
1916 2684 2173 2766 usquead

592 2795 825 2842 mortem
859 2785 1169 2842 inﬁrmatus
1224 2797 1329 2844 est.
1379 2788 1515 2844 Nam
1544 2790 1661 2846 sine
1692 2804 1823 2846 voce
1854 2790 1968 2846 fere
1998 2791 2176 2846 triduo

589 2893 939 2951 permanens,
980 2895 1171 2936 omnes
1212 2896 1331 2948 nos,
1385 2883 1475 2955 qui
1502 2897 1623 2938 eum
1655 2883 2002 2940 intuebamur
2032 2883 2172 2961 (3i),

574 2971 658 3049 de
696 2970 932 3027 sanitate
975 2986 1071 3026 sua
1096 2972 1384 3044 desperare
1417 2973 1642 3030 fecerat.
1673 2974 1781 3030 Sed
1819 2992 1941 3031 cum
1979 2978 2046 3031 ad
2073 2976 2175 3033 hoc

589 3065 851 3131 venisset,
882 3074 941 3120 ut
979 3066 1045 3121 de
1073 3066 1212 3122 lecto
1236 3083 1357 3123 eum
1401 3067 1633 3130 ministri
1656 3068 1974 3124 abstrahere
1999 3084 2169 3141 usque

2267 1862 2343 1928 λιι.
2391 1872 2508 1941 2i),
2566 1871 2871 1942 ductusque
2915 1881 3001 1929 est
3060 1873 3202 1944 apud
3235 1882 3510 1938 castrum,
3547 1873 3673 1944 quod
3696 1872 3802 1926 lous

2283 1960 2539 2018 Revellus
2581 1961 2697 2034 (32)
2728 1962 2947 2029 dicitur,
3001 1971 3056 2018 et
3104 1963 3177 2018 ibi
3231 1978 3437 2034 magno
3466 1962 3590 2018 ferri
3629 1962 3801 2032 poetica:

2281 2063 2541 2119 oneratus
2596 2056 2880 2135 nudusque
2905 2054 2973 2109 ad
3020 2054 3189 2110 solem
3232 2054 3384 2112 lacte
3410 2063 3704 2126 perunctus,
3720 2063 3802 2105 tua

2284 2145 2488 2202 muscis
2534 2143 2745 2200 avidius
2774 2145 3150 2216 impeterctur,
3184 2146 3402 2215 positus
3434 2154 3539 2201 est.
3569 2144 3665 2200 Sed
3696 2155 3802 2197 acre-

2280 2238 2361 2309 pti
2392 2236 2640 2293 beneﬁcii
2671 2237 2863 2293 beatus
2892 2236 3160 2294 Geraldus
3192 2253 3297 2293 non
3324 2237 3636 2298 immemor.
3660 2232 3803 2289 buieia

2284 2328 2378 2384 tali
2405 2327 2724 2384 confusione
2764 2320 3097 2394 constituto,
3150 2344 3259 2385 non
3294 2337 3463 2383 nocte
3490 2328 3584 2383 sed
3607 2322 3804 2390 die,vi5i~

2262 2408 2459 2475 'biliter
2485 2408 2754 2491 apparens
2785 2418 2923 2484 dixit
2947 2412 3018 2474 τι
3050 2416 3331 2485 Quomodo
3354 2408 3457 2475 tibi
3481 2426 3583 2482 est,
3610 2412 3800 2470 frater?»

2276 2512 2347 2566 At
2372 2511 2461 2566 ille
2479 2500 2782 2582 respondit:
2809 2509 3070 2566 rMale.—-
3080 2509 3276 2580 Surge,
3292 2496 3481 2580 inquit
3493 2516 3804 2571 sanctns,sur-

2277 2620 2435 2677 ge.-—
2446 2604 2512 2661 Et
2533 2604 2789 2676 qualiter,
2804 2603 3043 2668 domine,
3058 2602 3159 2675 [ait
3184 2600 3362 2672 miles]
3386 2615 3604 2672 possunt
3624 2610 3804 2667 surgere.

2279 2707 2430 2754 tanto
2458 2707 2773 2754 catenarum
2803 2698 3091 2768 degressus
3111 2695 3556 2767 gravamine?—
3576 2694 3736 2761 Surge,
3752 2690 3807 2741 ἰη-

2278 2793 2395 2862 quit
2456 2789 2747 2863 [sanctus],
2782 2789 3128 2861 quantocius,
3180 2803 3251 2843 ne
3318 2787 3542 2847 timeas.
3579 2805 3599 2838 ι
3626 2782 3808 2851 Cumque

2279 2891 2545 2940 tentasset
2574 2897 2883 2954 assurgere,
2938 2882 3082 2937 illico
3114 2881 3301 2936 omnia
3332 2881 3391 2933 in
3425 2889 3625 2941 terram
3649 2884 3807 2930 comm

2276 2986 2402 3033 runt
2425 2976 2663 3031 vincula.
2692 2975 2761 3029 At
2785 2974 2872 3030 ille
2897 2971 3304 3045 obstupefactus
3331 2990 3345 3027 :
3377 2992 3398 3024 ι
3420 2970 3557 3040 Quis
3575 2985 3648 3033 es,
3665 2963 3809 3037 inquii.

2276 3071 2612 3129 (laimine?-—
2636 3068 2714 3126 Ne
2737 3070 2932 3133 cures,‘
2952 3067 3030 3123 ait
3078 3067 3261 3134 homo,
3285 3066 3437 3122 scire
3463 3064 3554 3136 qui
3584 3077 3685 3119 sum
3711 3072 3809 3125 ego;

593 3157 659 3210 ad
693 3165 890 3211 terram
938 3158 990 3212 in
1018 3158 1220 3226 cilicio,
1252 3168 1417 3215 utcst
1438 3161 1772 3215 consuetudo
1794 3161 2168 3228 morientium,
2197 3133 2242 3195 Ο
2275 3162 2370 3217 sed
2400 3161 2687 3231 compedes
2716 3158 2987 3229 accipiens
3012 3158 3079 3213 ad
3102 3156 3320 3221 Sancte
3349 3155 3545 3210 Maria:
3574 3144 3812 3207 sumus»

592 3243 864 3314 deponere
915 3246 1254 3313 festinarent,
1317 3250 1488 3304 tristis
1539 3250 1828 3304 admodum
1893 3249 2071 3305 factus
2113 3266 2173 3306 se

594 3336 763 3391 vertit
803 3337 871 3392 ad
918 3338 1200 3408 parietem.
1254 3339 1541 3394 Dominum
1570 3351 1628 3394 ut
1656 3340 1759 3394 sibi
1818 3341 2174 3395 misereretur

592 3444 773 3495 orare,
811 3440 1166 3501 sanctumque
1213 3430 1526 3499 Geraldum,
1564 3441 1725 3503 prout
1756 3441 1989 3504 poterat,
2020 3434 2175 3489 invo-

594 3536 718 3583 care
744 3523 910 3592 cuzpit
958 3523 1013 3578 in
1066 3525 1361 3603 auxilium,
1381 3535 1456 3592 et,
1510 3527 1651 3581 sicut
1680 3527 1793 3597 ipse
1827 3527 2173 3607 perhibebat,

595 3628 714 3673 cum
743 3615 926 3671 oculos
955 3617 1108 3697 quasi
1133 3617 1479 3673 obdormiens
1505 3618 1811 3685 clausisset,
1843 3634 1970 3682 ecce
1991 3620 2175 3675 subito

595 3704 813 3781 quidam
835 3721 1020 3772 senex,
1040 3708 1348 3765 veneranda
1375 3709 1575 3764 canitie
1591 3724 1655 3765 ac
1677 3710 1906 3764 decorus
1927 3719 2172 3780 aspectu,

592 3800 770 3856 astitit
799 3801 848 3856 ei
875 3819 889 3868 ;
922 3801 1211 3857 videbatur
1256 3812 1434 3857 autem
1468 3802 1569 3857 sibi
1602 3803 1745 3873 quod
1774 3817 1882 3859 non
1915 3802 2056 3858 alius
2072 3803 2176 3858 nisi

592 3894 677 3949 vir
719 3905 942 3950 sanctus
997 3904 1143 3951 esset
1197 3910 1359 3966 quem
1407 3894 1568 3967 paulo
1621 3906 1747 3951 ante
1795 3897 2171 3960 invocaverat.

592 3984 837 4057 Cumque
873 3987 1014 4044 idem
1055 4001 1219 4044 senex
1248 3988 1523 4044 inﬁrmum
1557 3990 1825 4060 tetigisset
1848 3997 1903 4043 et
1925 3988 2085 4045 aliam
2119 3988 2173 4043 in

591 4087 802 4151 partem
836 4079 1109 4145 vertisset,
1167 4079 1437 4150 extemplo
1488 4080 1810 4151 aegritudine
1858 4080 2172 4145 recedente,

557 4246 561 4250 ἢ
592 4173 873 4243 sanguinis
912 4175 1066 4243 copia
1110 4188 1175 4228 ex
1210 4175 1354 4230 illius
1396 4176 1672 4231 emanavit
1697 4174 1947 4241 naribus;
1984 4174 2173 4245 sicque

595 4278 657 4320 se
704 4279 735 4321 a
767 4265 1006 4334 periculo
1054 4267 1245 4321 mortis
1279 4267 1504 4321 obtentu
1549 4266 1692 4321 beati
1734 4266 1836 4320 viri
1882 4266 2169 4331 liberatum

592 4367 717 4411 esse
738 4357 1162 4424 pr‘otestabatur.

665 4443 753 4497 52.
794 4440 1009 4512 Pauper
1034 4461 1271 4500 nummos
1302 4445 1599 4502 invenit.—
1623 4447 1783 4503 Aliud
1815 4465 2027 4521 quoque
2063 4452 2168 4507 mi-

592 4533 861 4602 raculum,
881 4535 1105 4591 nimium
1133 4533 1371 4608 quidem,
1388 4540 1478 4594 sed
1498 4541 1694 4609 pietate
1713 4543 2006 4608 conditum,
2027 4546 2167 4600 idem

594 4639 817 4684 sanctus
846 4638 1102 4700 operatus
1147 4640 1249 4687 est.
1279 4631 1413 4687 Cum
1447 4632 1640 4686 mulier
1685 4633 1929 4703 qumdam
1956 4650 2021 4689 ex
2050 4624 2167 4705 lon-

594 4719 809 4789 ginquis
833 4724 1099 4792 partibus,
1129 4724 1465 4794 consumptis
1486 4723 1737 4779 omnibus
1765 4740 1884 4795 qua:
1909 4726 2161 4793 habebat,

592 4812 827 4868 venisset
856 4814 922 4868 ad
950 4814 1336 4875 monasterium
1362 4815 1526 4879 illius,
1553 4828 1747 4872 nomen
1765 4814 1880 4885 ejus
1911 4815 2164 4888 frequen-

594 4913 676 4961 ter
705 4905 1059 4973 inclamabat;
1093 4915 1253 4977 atque
1298 4908 1463 4964 veluti
1492 4908 1677 4965 vivens
1705 4910 1819 4979 ipse
1845 4910 1899 4965 in
1931 4927 2165 4982 corpore

592 5012 831 5067 praesens
859 4998 1096 5065 adesset,
1149 4998 1458 5055 alimoniam
1503 5000 1694 5063 sedulo,
1720 5002 1786 5063 ab
1815 5017 1882 5057 eo
1911 5006 2160 5077 petebat;

658 5194 772 5265 (29)
811 5194 879 5250 Et
926 5193 1070 5272 istud
1108 5195 1429 5272 miraculum
1466 5212 1495 5251 a
1543 5198 1706 5272 Petro
1737 5202 1941 5272 abbate,
1968 5202 2034 5255 ad
2072 5218 2165 5272 po-

590 5273 764 5320 steros
789 5266 1167 5320 transmissum
1207 5265 1372 5320 fuisse
1401 5276 1629 5320 testatur
1656 5270 1879 5320 alterius
1903 5270 2037 5320 Vim
2070 5265 2166 5320 Em-

2252 3250 2408 3325 'joris
2437 3251 2746 3307 coenobium
2789 3249 3038 3305 concitus
3078 3262 3284 3320 perge;
3319 3247 3550 3317 Deoque
3578 3243 3643 3299 ibi
3658 3238 3809 3321 gratias

2275 3359 2428 3413 age.»
2453 3340 2658 3397 Videns
2686 3340 2871 3411 itaque
2899 3341 3062 3397 homo
3088 3338 3344 3394 custodes
3374 3354 3490 3393 nou
3520 3336 3810 3397 abessem-

2279 3450 2385 3490 non
2419 3435 2473 3489 iu
2526 3433 2703 3503 platea
2735 3429 3163 3502 quamplurimos
3194 3428 3633 3489 deambulantes,
3673 3419 3812 3476 torsi-

2277 3526 2443 3580 dabat
2489 3525 2660 3579 abire.
2707 3523 2908 3579 Videns
2939 3530 3162 3577 sanctus
3199 3520 3338 3575 dixit
3386 3517 3810 3574 rnrsusadeam:

2283 3634 2302 3667 ι
2324 3614 2400 3669 Ne
2427 3629 2644 3686 paveas,
2675 3612 2801 3683 quia
2834 3611 3013 3667 nullus
3056 3606 3368 3687 mortalium
3404 3622 3582 3680 usque
3605 3605 3665 3661 ad
3682 3602 3813 3657 luam

2277 3722 2436 3776 quem
2459 3706 2684 3777 prtedixi
2710 3706 2902 3761 obesse
2933 3704 3029 3760 tibi
3062 3694 3812 3774 przevalebit.——-Obsccr0,inv

2278 3801 2414 3870 quit,
2468 3799 2707 3863 domine,
2757 3807 2818 3853 ut
2868 3798 3003 3854 mihi
3038 3813 3238 3853 nomen
3288 3807 3448 3854 tuum
3484 3788 3815 3869 dignerisinti

2278 3906 2448 3946 mare.
2476 3909 2494 3942 ι
2526 3889 2594 3945 Ει
2623 3889 2751 3945 ille:
2784 3909 2802 3941 ι
2835 3889 2986 3946 Scito
3014 3905 3100 3944 me
3132 3888 3433 3946 Geraldum
3458 3881 3813 3953 Silva-Maioris

2279 3981 2529 4036 abbatem
2558 3995 2697 4037 esse.
2724 4001 2743 4034 ι
2767 3981 2886 4049 Quo
2910 3974 3079 4047 dicto,
3094 3982 3162 4037 ab
3183 3981 3358 4039 oculis
3374 3968 3687 4054 aspicientis
3700 3975 3815 4033 illico

2274 4072 2515 4127 evanuit.
2566 4072 2854 4129 Animatus
2901 4066 3116 4130 tandem
3150 4075 3547 4146 sponsionibus
3578 4069 3700 4127 tanti
3720 4066 3812 4129 viri.

2274 4176 2339 4217 ex
2364 4163 2583 4233 oppido,
2641 4164 2861 4218 nemine
2916 4164 3266 4234 prohibente,
3324 4164 3626 4235 assumptis
3668 4170 3812 4216 secum

2273 4255 2648 4324 compedibus,
2681 4265 2739 4310 ut
2786 4247 2941 4325 jussu
2981 4255 3181 4324 fuerat,
3204 4257 3372 4323 exiit;
3397 4256 3593 4328 sicque
3618 4254 3751 4310 latus
3774 4255 3815 4303 et

2272 4345 2452 4401 alacer
2498 4347 2566 4402 ad
2617 4346 2924 4403 coenobium
2965 4347 3179 4404 Sanctae
3226 4348 3415 4405 Maria:
3452 4340 3815 4411 Silva—llajoris

2273 4439 2444 4503 venit,
2470 4438 2581 4491 Deo
2608 4439 2815 4506 gratias
2842 4449 2898 4494 et
2926 4449 3118 4495 sancto
3138 4438 3376 4495 Geraldo
3396 4440 3669 4505 reddidit;
3690 4434 3814 4492 mira-

2272 4531 2455 4587 culum
2505 4529 2769 4587 fratribus
2799 4532 2998 4587 ibidem
3032 4532 3397 4588 servientibus
3429 4533 3674 4588 seriatim
3699 4536 3813 4582 retu-

2269 4620 2350 4676 lit.
2375 4621 2453 4676 illi
2482 4632 2666 4677 autem
2718 4621 3003 4678 confestim
3053 4636 3263 4694 summa
3301 4637 3425 4678 cum
3456 4622 3643 4678 latitia
3672 4618 3816 4692 puis:-

2273 4713 2339 4769 tis
2367 4713 2561 4785 signis,
2613 4709 2685 4767 Te
2715 4712 2883 4767 Deum
2916 4713 3197 4767 laudamus
3245 4712 3573 4769 solemniter
3594 4713 3811 4766 decanta-

2236 4812 2239 4819 ‘
2270 4816 2485 4862 verunt.
2517 4806 2643 4862 llaec
2677 4821 2829 4872 vero,
2861 4816 2913 4861 et
2934 4807 3041 4863 alia
3065 4822 3184 4877 qua:
3213 4822 3510 4873 narramus
3549 4808 3712 4879 signa.
3736 4818 3816 4858 nos

2270 4898 2338 4952 ab
2360 4897 2505 4960 aliis.
2540 4899 2642 4953 nisi
2675 4900 2743 4953 ab
2787 4900 2873 4954 bis
2898 4899 2988 4969 qui
3033 4899 3149 4955 haec
3177 4900 3488 4956 certissime
3521 4901 3818 4956 videt-umet

2270 4990 2581 5057 audierunt,
2609 4990 2693 5045 vel
2721 4991 2919 5076 quibus
2941 4992 3133 5048 collata
3160 5000 3308 5060 sunt,
3348 4993 3681 5064 accepimus.

2363 5208 2454 5279 52)
2495 5208 2649 5281 Hunc
2684 5184 2865 5281 locum
2896 5209 3301 5281 Papebrocbius

2270 5208 2454 5320 ..ςιῖῗέ
2684 5208 3126 5320 ’ἳίἳῗέηξὶθιὲξιῒξξ

3350 5214 3571 5296 putavit
3607 5225 3719 5291 esse
3738 5222 3813 5296 1-

3187 5294 3274 5320 nnl
3286 5301 3372 5320 nm
3430 5292 3488 5320 in
3570 5292 3807 5320 nmrlm
