  <div class='ocr_page' id='page_1' title='image "/cluster/home/n/w/nwhite01/storage/ocr_20150623/147/hvd.32044010574002/528.png"; bbox 0 0 3960 5320; ppageno 0'>
   <div class='ocr_carea' id='block_1_1' title="bbox 137 292 287 350">
    <p class='ocr_par' dir='ltr' id='par_1_1' title="bbox 137 292 287 350">
     <span class='ocr_line' id='line_1_1' title="bbox 137 292 287 350; baseline 0.02 -3"><span class='ocrx_word' id='word_1_1' title='bbox 137 292 287 350; x_wconf 74' lang='grc'><strong>1045</strong></span> 
     </span>
    </p>
   </div>
   <div class='ocr_carea' id='block_1_2' title="bbox 1390 305 2049 364">
    <p class='ocr_par' dir='ltr' id='par_1_2' title="bbox 1390 305 2049 364">
     <span class='ocr_line' id='line_1_2' title="bbox 1390 305 2049 364; baseline 0 -2"><span class='ocrx_word' id='word_1_2' title='bbox 1390 305 1545 362; x_wconf 64' lang='lat' dir='ltr'><strong>“TA</strong></span> <span class='ocrx_word' id='word_1_3' title='bbox 1586 306 1643 363; x_wconf 88' lang='lat' dir='ltr'><strong>S.</strong></span> <span class='ocrx_word' id='word_1_4' title='bbox 1685 308 2049 364; x_wconf 76' lang='lat' dir='ltr'><strong>ADALARDI.</strong></span> 
     </span>
    </p>
   </div>
   <div class='ocr_carea' id='block_1_3' title="bbox 3275 305 3411 362">
    <p class='ocr_par' dir='ltr' id='par_1_3' title="bbox 3275 305 3411 362">
     <span class='ocr_line' id='line_1_3' title="bbox 3275 305 3411 362; baseline -0.015 0"><span class='ocrx_word' id='word_1_5' title='bbox 3275 305 3411 362; x_wconf 68' lang='lat' dir='ltr'><strong>tota</strong></span> 
     </span>
    </p>
   </div>
   <div class='ocr_carea' id='block_1_4' title="bbox 214 391 3406 489">
    <p class='ocr_par' dir='ltr' id='par_1_4' title="bbox 214 391 3406 489">
     <span class='ocr_line' id='line_1_4' title="bbox 214 391 3406 489; baseline 0.003 -28"><span class='ocrx_word' id='word_1_6' title='bbox 214 406 311 462; x_wconf 65' lang='lat'><strong>35.</strong></span> <span class='ocrx_word' id='word_1_7' title='bbox 349 405 608 463; x_wconf 75' lang='lat' dir='ltr'><strong>Mirarula</strong></span> <span class='ocrx_word' id='word_1_8' title='bbox 646 411 715 464; x_wconf 83' lang='lat' dir='ltr'><strong>ad</strong></span> <span class='ocrx_word' id='word_1_9' title='bbox 743 391 856 482; x_wconf 74' lang='lat' dir='ltr'><strong>ejus</strong></span> <span class='ocrx_word' id='word_1_10' title='bbox 883 413 1200 483; x_wconf 71' lang='lat' dir='ltr'><strong>sepulcrum.</strong></span> <span class='ocrx_word' id='word_1_11' title='bbox 1228 445 1299 457; x_wconf 88' lang='lat'><strong>-—</strong></span> <span class='ocrx_word' id='word_1_12' title='bbox 1325 416 1400 471; x_wconf 90' lang='lat' dir='ltr'><strong>De</strong></span> <span class='ocrx_word' id='word_1_13' title='bbox 1426 419 1728 477; x_wconf 69' lang='lat' dir='ltr'><strong>manifestis</strong></span> <span class='ocrx_word' id='word_1_14' title='bbox 1758 427 1802 485; x_wconf 79' lang='grc' dir='ltr'>Α</span> <span class='ocrx_word' id='word_1_15' title='bbox 1830 401 1951 478; x_wconf 85' lang='lat' dir='ltr'><strong>vem</strong></span> <span class='ocrx_word' id='word_1_16' title='bbox 1979 420 2141 475; x_wconf 87' lang='lat' dir='ltr'><strong>etiam</strong></span> <span class='ocrx_word' id='word_1_17' title='bbox 2171 433 2202 474; x_wconf 88' lang='lat' dir='ltr'><strong>a</strong></span> <span class='ocrx_word' id='word_1_18' title='bbox 2227 420 2458 488; x_wconf 87' lang='lat' dir='ltr'><strong>quodam</strong></span> <span class='ocrx_word' id='word_1_19' title='bbox 2487 418 2746 489; x_wconf 78' lang='lat' dir='ltr'><strong>naufrago</strong></span> <span class='ocrx_word' id='word_1_20' title='bbox 2768 433 2990 480; x_wconf 7' lang='lat' dir='ltr'><strong>exgcera</strong></span> <span class='ocrx_word' id='word_1_21' title='bbox 3019 417 3406 486; x_wconf 74' lang='lat' dir='ltr'><strong>compositam,</strong></span> 
     </span>
    </p>
   </div>
   <div class='ocr_carea' id='block_1_5' title="bbox 139 497 1732 582">
    <p class='ocr_par' dir='ltr' id='par_1_5' title="bbox 139 497 1732 582">
     <span class='ocr_line' id='line_1_5' title="bbox 139 497 1732 582; baseline 0.008 -28"><span class='ocrx_word' id='word_1_22' title='bbox 139 497 318 554; x_wconf 85' lang='lat' dir='ltr'><strong>etiam</strong></span> <span class='ocrx_word' id='word_1_23' title='bbox 342 497 509 570; x_wconf 81' lang='lat' dir='ltr'><strong>signis</strong></span> <span class='ocrx_word' id='word_1_24' title='bbox 537 499 675 571; x_wconf 76' lang='lat'><strong>(55),</strong></span> <span class='ocrx_word' id='word_1_25' title='bbox 699 501 768 556; x_wconf 89' lang='lat' dir='ltr'><strong>ad</strong></span> <span class='ocrx_word' id='word_1_26' title='bbox 810 503 954 559; x_wconf 92' lang='lat' dir='ltr'><strong>illius</strong></span> <span class='ocrx_word' id='word_1_27' title='bbox 980 507 1243 562; x_wconf 89' lang='lat' dir='ltr'><strong>tumulum</strong></span> <span class='ocrx_word' id='word_1_28' title='bbox 1270 506 1606 577; x_wconf 80' lang='lat' dir='ltr'><strong>frequentius</strong></span> <span class='ocrx_word' id='word_1_29' title='bbox 1636 525 1732 582; x_wconf 84' lang='lat' dir='ltr'><strong>pa-</strong></span> 
     </span>
    </p>
   </div>
   <div class='ocr_carea' id='block_1_6' title="bbox 139 589 1730 674">
    <p class='ocr_par' dir='ltr' id='par_1_6' title="bbox 139 589 1730 674">
     <span class='ocr_line' id='line_1_6' title="bbox 139 589 1730 674; baseline 0.011 -31"><span class='ocrx_word' id='word_1_30' title='bbox 139 589 330 657; x_wconf 79' lang='lat' dir='ltr'><strong>tratis,</strong></span> <span class='ocrx_word' id='word_1_31' title='bbox 361 590 628 648; x_wconf 86' lang='lat' dir='ltr'><strong>silendum</strong></span> <span class='ocrx_word' id='word_1_32' title='bbox 655 608 762 650; x_wconf 91' lang='lat' dir='ltr'><strong>non</strong></span> <span class='ocrx_word' id='word_1_33' title='bbox 801 605 884 652; x_wconf 86' lang='lat' dir='ltr'><strong>est</strong></span> <span class='ocrx_word' id='word_1_34' title='bbox 913 597 1048 668; x_wconf 67' lang='lat'><strong>(3&#39;4).</strong></span> <span class='ocrx_word' id='word_1_35' title='bbox 1075 597 1210 655; x_wconf 79' lang='lat' dir='ltr'><strong>Nam</strong></span> <span class='ocrx_word' id='word_1_36' title='bbox 1234 601 1334 656; x_wconf 89' lang='lat' dir='ltr'><strong>viri</strong></span> <span class='ocrx_word' id='word_1_37' title='bbox 1356 604 1730 674; x_wconf 85' lang='lat' dir='ltr'><strong>quamplures,</strong></span> 
     </span>
    </p>
   </div>
   <div class='ocr_carea' id='block_1_7' title="bbox 141 681 1731 757">
    <p class='ocr_par' dir='ltr' id='par_1_7' title="bbox 141 681 1731 757">
     <span class='ocr_line' id='line_1_7' title="bbox 141 681 1731 757; baseline 0.013 -24"><span class='ocrx_word' id='word_1_38' title='bbox 141 693 366 736; x_wconf 78' lang='lat' dir='ltr'><strong>necnon</strong></span> <span class='ocrx_word' id='word_1_39' title='bbox 420 681 696 751; x_wconf 78' lang='lat' dir='ltr'><strong>mulieres,</strong></span> <span class='ocrx_word' id='word_1_40' title='bbox 755 687 956 744; x_wconf 86' lang='lat' dir='ltr'><strong>amisso</strong></span> <span class='ocrx_word' id='word_1_41' title='bbox 989 703 1176 757; x_wconf 89' lang='lat' dir='ltr'><strong>sensu,</strong></span> <span class='ocrx_word' id='word_1_42' title='bbox 1207 706 1332 747; x_wconf 88' lang='lat' dir='ltr'><strong>cum</strong></span> <span class='ocrx_word' id='word_1_43' title='bbox 1363 694 1429 748; x_wconf 88' lang='lat' dir='ltr'><strong>ad</strong></span> <span class='ocrx_word' id='word_1_44' title='bbox 1462 694 1604 752; x_wconf 87' lang='lat' dir='ltr'><strong>illius</strong></span> <span class='ocrx_word' id='word_1_45' title='bbox 1632 698 1731 752; x_wconf 87' lang='lat' dir='ltr'><strong>ad-</strong></span> 
     </span>
    </p>
   </div>
   <div class='ocr_carea' id='block_1_8' title="bbox 145 771 1730 854">
    <p class='ocr_par' dir='ltr' id='par_1_8' title="bbox 145 771 1730 854">
     <span class='ocr_line' id='line_1_8' title="bbox 145 771 1730 854; baseline 0.013 -29"><span class='ocrx_word' id='word_1_46' title='bbox 145 771 301 826; x_wconf 81' lang='lat' dir='ltr'><strong>ducti</strong></span> <span class='ocrx_word' id='word_1_47' title='bbox 349 771 577 830; x_wconf 74' lang='lat' dir='ltr'><strong>fuissent</strong></span> <span class='ocrx_word' id='word_1_48' title='bbox 630 777 895 833; x_wconf 89' lang='lat' dir='ltr'><strong>tumulum</strong></span> <span class='ocrx_word' id='word_1_49' title='bbox 943 796 974 835; x_wconf 69' lang='grc' dir='ltr'><strong>ι</strong></span> <span class='ocrx_word' id='word_1_50' title='bbox 1027 784 1343 852; x_wconf 89' lang='lat' dir='ltr'><strong>parentibus</strong></span> <span class='ocrx_word' id='word_1_51' title='bbox 1391 786 1474 841; x_wconf 89' lang='lat' dir='ltr'><strong>vel</strong></span> <span class='ocrx_word' id='word_1_52' title='bbox 1518 787 1730 854; x_wconf 89' lang='lat' dir='ltr'><strong>amicis,</strong></span> 
     </span>
    </p>
   </div>
   <div class='ocr_carea' id='block_1_9' title="bbox 144 861 1733 951">
    <p class='ocr_par' dir='ltr' id='par_1_9' title="bbox 144 861 1733 951">
     <span class='ocr_line' id='line_1_9' title="bbox 144 861 1733 951; baseline 0.012 -34"><span class='ocrx_word' id='word_1_53' title='bbox 144 861 353 934; x_wconf 82' lang='lat' dir='ltr'><strong>vigiliis</strong></span> <span class='ocrx_word' id='word_1_54' title='bbox 404 865 572 922; x_wconf 84' lang='lat' dir='ltr'><strong>trium</strong></span> <span class='ocrx_word' id='word_1_55' title='bbox 623 878 719 923; x_wconf 83' lang='lat' dir='ltr'><strong>aut</strong></span> <span class='ocrx_word' id='word_1_56' title='bbox 751 880 988 940; x_wconf 90' lang='lat' dir='ltr'><strong>quatuor</strong></span> <span class='ocrx_word' id='word_1_57' title='bbox 1013 875 1254 931; x_wconf 77' lang='lat' dir='ltr'><strong>noctium</strong></span> <span class='ocrx_word' id='word_1_58' title='bbox 1281 877 1593 946; x_wconf 79' lang='lat' dir='ltr'><strong>celebratis,</strong></span> <span class='ocrx_word' id='word_1_59' title='bbox 1621 882 1733 951; x_wconf 85' lang='lat' dir='ltr'><strong>pri-</strong></span> 
     </span>
    </p>
   </div>
   <div class='ocr_carea' id='block_1_10' title="bbox 143 955 1735 1038">
    <p class='ocr_par' dir='ltr' id='par_1_10' title="bbox 143 955 1735 1038">
     <span class='ocr_line' id='line_1_10' title="bbox 143 955 1735 1038; baseline 0.013 -31"><span class='ocrx_word' id='word_1_60' title='bbox 143 955 308 1010; x_wconf 75' lang='lat' dir='ltr'><strong>stinte</strong></span> <span class='ocrx_word' id='word_1_61' title='bbox 341 957 573 1013; x_wconf 77' lang='lat' dir='ltr'><strong>sanitati</strong></span> <span class='ocrx_word' id='word_1_62' title='bbox 589 959 1036 1030; x_wconf 88' lang='lat' dir='ltr'><strong>restituebantur,</strong></span> <span class='ocrx_word' id='word_1_63' title='bbox 1067 979 1416 1038; x_wconf 84' lang='lat' dir='ltr'><strong>annuumque</strong></span> <span class='ocrx_word' id='word_1_64' title='bbox 1469 981 1735 1028; x_wconf 89' lang='lat' dir='ltr'><strong>monaste-</strong></span> 
     </span>
    </p>
   </div>
   <div class='ocr_carea' id='block_1_11' title="bbox 144 1045 1735 1129">
    <p class='ocr_par' dir='ltr' id='par_1_11' title="bbox 144 1045 1735 1129">
     <span class='ocr_line' id='line_1_11' title="bbox 144 1045 1735 1129; baseline 0.011 -29"><span class='ocrx_word' id='word_1_65' title='bbox 144 1045 236 1100; x_wconf 79' lang='lat' dir='ltr'><strong>rio</strong></span> <span class='ocrx_word' id='word_1_66' title='bbox 281 1061 506 1104; x_wconf 89' lang='lat' dir='ltr'><strong>censum</strong></span> <span class='ocrx_word' id='word_1_67' title='bbox 554 1052 922 1122; x_wconf 83' lang='lat' dir='ltr'><strong>reportabant.</strong></span> <span class='ocrx_word' id='word_1_68' title='bbox 979 1055 1318 1129; x_wconf 87' lang='lat' dir='ltr'><strong>Tantamque</strong></span> <span class='ocrx_word' id='word_1_69' title='bbox 1378 1060 1428 1114; x_wconf 90' lang='lat' dir='ltr'><strong>ei</strong></span> <span class='ocrx_word' id='word_1_70' title='bbox 1473 1055 1735 1118; x_wconf 83' lang='lat' dir='ltr'><strong>Dominus</strong></span> 
     </span>
    </p>
   </div>
   <div class='ocr_carea' id='block_1_12' title="bbox 142 1137 1736 1224">
    <p class='ocr_par' dir='ltr' id='par_1_12' title="bbox 142 1137 1736 1224">
     <span class='ocr_line' id='line_1_12' title="bbox 142 1137 1736 1224; baseline 0.012 -36"><span class='ocrx_word' id='word_1_71' title='bbox 142 1137 382 1207; x_wconf 78' lang='lat' dir='ltr'><strong>gratiam</strong></span> <span class='ocrx_word' id='word_1_72' title='bbox 407 1138 867 1214; x_wconf 86' lang='lat' dir='ltr'><strong>largiridignatus</strong></span> <span class='ocrx_word' id='word_1_73' title='bbox 891 1155 977 1202; x_wconf 89' lang='lat' dir='ltr'><strong>est</strong></span> <span class='ocrx_word' id='word_1_74' title='bbox 997 1155 1057 1200; x_wconf 93' lang='lat' dir='ltr'><strong>ut</strong></span> <span class='ocrx_word' id='word_1_75' title='bbox 1076 1147 1281 1218; x_wconf 88' lang='lat' dir='ltr'><strong>absque</strong></span> <span class='ocrx_word' id='word_1_76' title='bbox 1311 1166 1538 1207; x_wconf 91' lang='lat' dir='ltr'><strong>numero</strong></span> <span class='ocrx_word' id='word_1_77' title='bbox 1564 1154 1736 1224; x_wconf 81' lang='lat' dir='ltr'><strong>capti-</strong></span> 
     </span>
    </p>
   </div>
   <div class='ocr_carea' id='block_1_13' title="bbox 144 1231 1734 1312">
    <p class='ocr_par' dir='ltr' id='par_1_13' title="bbox 144 1231 1734 1312">
     <span class='ocr_line' id='line_1_13' title="bbox 144 1231 1734 1312; baseline 0.011 -28"><span class='ocrx_word' id='word_1_78' title='bbox 144 1244 252 1286; x_wconf 75' lang='lat' dir='ltr'><strong>vos</strong></span> <span class='ocrx_word' id='word_1_79' title='bbox 279 1231 448 1301; x_wconf 83' lang='lat' dir='ltr'><strong>ferro,</strong></span> <span class='ocrx_word' id='word_1_80' title='bbox 479 1236 710 1294; x_wconf 80' lang='lat' dir='ltr'><strong>vinculis</strong></span> <span class='ocrx_word' id='word_1_81' title='bbox 732 1241 1191 1312; x_wconf 88' lang='lat' dir='ltr'><strong>eompedibusque</strong></span> <span class='ocrx_word' id='word_1_82' title='bbox 1211 1243 1280 1298; x_wconf 89' lang='lat' dir='ltr'><strong>ab</strong></span> <span class='ocrx_word' id='word_1_83' title='bbox 1308 1243 1546 1298; x_wconf 89' lang='lat' dir='ltr'><strong>inimicis</strong></span> <span class='ocrx_word' id='word_1_84' title='bbox 1572 1247 1734 1301; x_wconf 85' lang='lat' dir='ltr'><strong>velte-</strong></span> 
     </span>
    </p>
   </div>
   <div class='ocr_carea' id='block_1_14' title="bbox 146 1327 1733 1400">
    <p class='ocr_par' dir='ltr' id='par_1_14' title="bbox 146 1327 1733 1400">
     <span class='ocr_line' id='line_1_14' title="bbox 146 1327 1733 1400; baseline 0.009 -23"><span class='ocrx_word' id='word_1_85' title='bbox 146 1331 370 1378; x_wconf 76' lang='lat' dir='ltr'><strong>ntenter</strong></span> <span class='ocrx_word' id='word_1_86' title='bbox 393 1327 670 1395; x_wconf 86' lang='lat' dir='ltr'><strong>astrictos,</strong></span> <span class='ocrx_word' id='word_1_87' title='bbox 715 1345 820 1386; x_wconf 93' lang='lat' dir='ltr'><strong>non</strong></span> <span class='ocrx_word' id='word_1_88' title='bbox 850 1340 1057 1388; x_wconf 88' lang='lat' dir='ltr'><strong>tantum</strong></span> <span class='ocrx_word' id='word_1_89' title='bbox 1107 1334 1174 1389; x_wconf 88' lang='lat' dir='ltr'><strong>de</strong></span> <span class='ocrx_word' id='word_1_90' title='bbox 1200 1335 1415 1400; x_wconf 84' lang='lat' dir='ltr'><strong>vicinis,</strong></span> <span class='ocrx_word' id='word_1_91' title='bbox 1447 1336 1540 1392; x_wconf 89' lang='lat' dir='ltr'><strong>sed</strong></span> <span class='ocrx_word' id='word_1_92' title='bbox 1571 1337 1733 1392; x_wconf 87' lang='lat' dir='ltr'><strong>etiam</strong></span> 
     </span>
    </p>
   </div>
   <div class='ocr_carea' id='block_1_15' title="bbox 145 1411 1735 1488">
    <p class='ocr_par' dir='ltr' id='par_1_15' title="bbox 145 1411 1735 1488">
     <span class='ocr_line' id='line_1_15' title="bbox 145 1411 1735 1488; baseline 0.008 -20"><span class='ocrx_word' id='word_1_93' title='bbox 145 1411 220 1469; x_wconf 82' lang='lat' dir='ltr'><strong>de</strong></span> <span class='ocrx_word' id='word_1_94' title='bbox 249 1413 558 1487; x_wconf 76' lang='lat' dir='ltr'><strong>longinquis</strong></span> <span class='ocrx_word' id='word_1_95' title='bbox 604 1421 790 1475; x_wconf 90' lang='lat' dir='ltr'><strong>mundi</strong></span> <span class='ocrx_word' id='word_1_96' title='bbox 850 1421 1068 1488; x_wconf 86' lang='lat' dir='ltr'><strong>ﬁnibus,</strong></span> <span class='ocrx_word' id='word_1_97' title='bbox 1106 1423 1306 1480; x_wconf 85' lang='lat' dir='ltr'><strong>liberos</strong></span> <span class='ocrx_word' id='word_1_98' title='bbox 1338 1425 1488 1480; x_wconf 82' lang='lat' dir='ltr'><strong>abire</strong></span> <span class='ocrx_word' id='word_1_99' title='bbox 1539 1426 1735 1481; x_wconf 87' lang='lat' dir='ltr'><strong>incun-</strong></span> 
     </span>
    </p>
   </div>
   <div class='ocr_carea' id='block_1_16' title="bbox 145 1513 1736 1581">
    <p class='ocr_par' dir='ltr' id='par_1_16' title="bbox 145 1513 1736 1581">
     <span class='ocr_line' id='line_1_16' title="bbox 145 1513 1736 1581; baseline 0.009 -21"><span class='ocrx_word' id='word_1_100' title='bbox 145 1515 368 1562; x_wconf 76' lang='lat' dir='ltr'><strong>ctanter</strong></span> <span class='ocrx_word' id='word_1_101' title='bbox 417 1513 765 1581; x_wconf 65' lang='lat' dir='ltr'><strong>praeceperit;</strong></span> <span class='ocrx_word' id='word_1_102' title='bbox 801 1513 876 1569; x_wconf 84' lang='lat' dir='ltr'><strong>ita</strong></span> <span class='ocrx_word' id='word_1_103' title='bbox 930 1525 992 1570; x_wconf 92' lang='lat' dir='ltr'><strong>ut</strong></span> <span class='ocrx_word' id='word_1_104' title='bbox 1030 1517 1194 1572; x_wconf 91' lang='lat' dir='ltr'><strong>etiam</strong></span> <span class='ocrx_word' id='word_1_105' title='bbox 1227 1517 1296 1573; x_wconf 90' lang='lat' dir='ltr'><strong>de</strong></span> <span class='ocrx_word' id='word_1_106' title='bbox 1335 1516 1736 1575; x_wconf 76' lang='lat' dir='ltr'><strong>Nortmannicis</strong></span> 
     </span>
    </p>
   </div>
   <div class='ocr_carea' id='block_1_17' title="bbox 147 1596 1733 1678">
    <p class='ocr_par' dir='ltr' id='par_1_17' title="bbox 147 1596 1733 1678">
     <span class='ocr_line' id='line_1_17' title="bbox 147 1596 1733 1678; baseline 0.01 -29"><span class='ocrx_word' id='word_1_107' title='bbox 147 1596 468 1667; x_wconf 75' lang='lat' dir='ltr'><strong>regionibus</strong></span> <span class='ocrx_word' id='word_1_108' title='bbox 528 1603 775 1658; x_wconf 87' lang='lat' dir='ltr'><strong>nonnulli</strong></span> <span class='ocrx_word' id='word_1_109' title='bbox 829 1606 896 1660; x_wconf 90' lang='lat' dir='ltr'><strong>ad</strong></span> <span class='ocrx_word' id='word_1_110' title='bbox 955 1607 1342 1662; x_wconf 85' lang='lat' dir='ltr'><strong>monasterium</strong></span> <span class='ocrx_word' id='word_1_111' title='bbox 1395 1608 1570 1678; x_wconf 87' lang='lat' dir='ltr'><strong>ipsius</strong></span> <span class='ocrx_word' id='word_1_112' title='bbox 1610 1625 1733 1665; x_wconf 90' lang='lat' dir='ltr'><strong>cum</strong></span> 
     </span>
    </p>
   </div>
   <div class='ocr_carea' id='block_1_18' title="bbox 143 1684 1732 1772">
    <p class='ocr_par' dir='ltr' id='par_1_18' title="bbox 143 1684 1732 1772">
     <span class='ocr_line' id='line_1_18' title="bbox 143 1684 1732 1772; baseline 0.01 -30"><span class='ocrx_word' id='word_1_113' title='bbox 143 1689 363 1744; x_wconf 73' lang='lat' dir='ltr'><strong>catenis</strong></span> <span class='ocrx_word' id='word_1_114' title='bbox 389 1698 443 1744; x_wconf 92' lang='lat' dir='ltr'><strong>et</strong></span> <span class='ocrx_word' id='word_1_115' title='bbox 477 1693 846 1763; x_wconf 90' lang='lat' dir='ltr'><strong>compedibus,</strong></span> <span class='ocrx_word' id='word_1_116' title='bbox 899 1705 953 1753; x_wconf 91' lang='lat' dir='ltr'><strong>et</strong></span> <span class='ocrx_word' id='word_1_117' title='bbox 979 1697 1101 1754; x_wconf 90' lang='lat' dir='ltr'><strong>aliis</strong></span> <span class='ocrx_word' id='word_1_118' title='bbox 1133 1684 1525 1756; x_wconf 87' lang='lat' dir='ltr'><strong>tormentorum</strong></span> <span class='ocrx_word' id='word_1_119' title='bbox 1565 1716 1732 1772; x_wconf 82' lang='lat' dir='ltr'><strong>gene—</strong></span> 
     </span>
    </p>
   </div>
   <div class='ocr_carea' id='block_1_19' title="bbox 1834 508 3405 584">
    <p class='ocr_par' dir='ltr' id='par_1_19' title="bbox 1834 508 3405 584">
     <span class='ocr_line' id='line_1_19' title="bbox 1834 508 3405 584; baseline -0.004 -16"><span class='ocrx_word' id='word_1_120' title='bbox 1834 511 2083 584; x_wconf 75' lang='lat' dir='ltr'><strong>sepul‘cro</strong></span> <span class='ocrx_word' id='word_1_121' title='bbox 2135 524 2453 580; x_wconf 81' lang='lat' dir='ltr'><strong>appensant,</strong></span> <span class='ocrx_word' id='word_1_122' title='bbox 2500 509 2776 564; x_wconf 91' lang='lat' dir='ltr'><strong>multotics</strong></span> <span class='ocrx_word' id='word_1_123' title='bbox 2829 510 3062 563; x_wconf 81' lang='lat' dir='ltr'><strong>vidimus</strong></span> <span class='ocrx_word' id='word_1_124' title='bbox 3107 508 3200 578; x_wconf 86' lang='lat' dir='ltr'><strong>qui</strong></span> <span class='ocrx_word' id='word_1_125' title='bbox 3239 524 3318 574; x_wconf 85' lang='lat' dir='ltr'><strong>se,</strong></span> <span class='ocrx_word' id='word_1_126' title='bbox 3352 510 3405 563; x_wconf 87' lang='lat' dir='ltr'><strong>in</strong></span> 
     </span>
    </p>
   </div>
   <div class='ocr_carea' id='block_1_20' title="bbox 1835 598 3409 671">
    <p class='ocr_par' dir='ltr' id='par_1_20' title="bbox 1835 598 3409 671">
     <span class='ocr_line' id='line_1_20' title="bbox 1835 598 3409 671; baseline -0.003 -15"><span class='ocrx_word' id='word_1_127' title='bbox 1835 613 2029 671; x_wconf 89' lang='lat' dir='ltr'><strong>magno</strong></span> <span class='ocrx_word' id='word_1_128' title='bbox 2076 600 2241 654; x_wconf 89' lang='lat' dir='ltr'><strong>maris</strong></span> <span class='ocrx_word' id='word_1_129' title='bbox 2272 598 2591 655; x_wconf 90' lang='lat' dir='ltr'><strong>discrimine</strong></span> <span class='ocrx_word' id='word_1_130' title='bbox 2621 599 2878 668; x_wconf 88' lang='lat' dir='ltr'><strong>positum,</strong></span> <span class='ocrx_word' id='word_1_131' title='bbox 2913 598 3254 654; x_wconf 91' lang='lat' dir='ltr'><strong>invocatione</strong></span> <span class='ocrx_word' id='word_1_132' title='bbox 3299 599 3409 654; x_wconf 89' lang='lat' dir='ltr'><strong>sola</strong></span> 
     </span>
    </p>
   </div>
   <div class='ocr_carea' id='block_1_21' title="bbox 1835 690 3414 748">
    <p class='ocr_par' dir='ltr' id='par_1_21' title="bbox 1835 690 3414 748">
     <span class='ocr_line' id='line_1_21' title="bbox 1835 690 3414 748; baseline -0.001 0"><span class='ocrx_word' id='word_1_133' title='bbox 1835 692 2070 748; x_wconf 89' lang='lat' dir='ltr'><strong>nominis</strong></span> <span class='ocrx_word' id='word_1_134' title='bbox 2083 692 2258 748; x_wconf 87' lang='lat' dir='ltr'><strong>sancti</strong></span> <span class='ocrx_word' id='word_1_135' title='bbox 2281 691 2497 748; x_wconf 81' lang='lat' dir='ltr'><strong>G‘eraldi</strong></span> <span class='ocrx_word' id='word_1_136' title='bbox 2521 709 2550 747; x_wconf 90' lang='lat' dir='ltr'><strong>a</strong></span> <span class='ocrx_word' id='word_1_137' title='bbox 2578 701 2751 748; x_wconf 90' lang='lat' dir='ltr'><strong>morte</strong></span> <span class='ocrx_word' id='word_1_138' title='bbox 2775 692 3058 747; x_wconf 90' lang='lat' dir='ltr'><strong>liberatum</strong></span> <span class='ocrx_word' id='word_1_139' title='bbox 3092 690 3414 747; x_wconf 79' lang='lat' dir='ltr'><strong>mirabiliter</strong></span> 
     </span>
    </p>
   </div>
   <div class='ocr_carea' id='block_1_22' title="bbox 1833 783 2310 855">
    <p class='ocr_par' dir='ltr' id='par_1_22' title="bbox 1833 783 2310 855">
     <span class='ocr_line' id='line_1_22' title="bbox 1833 783 2310 855; baseline -0.002 -16"><span class='ocrx_word' id='word_1_140' title='bbox 1833 783 1950 841; x_wconf 78' lang='lat' dir='ltr'><strong>fore</strong></span> <span class='ocrx_word' id='word_1_141' title='bbox 1974 784 2310 855; x_wconf 89' lang='lat' dir='ltr'><strong>perltibebat.</strong></span> 
     </span>
    </p>
   </div>
   <div class='ocr_carea' id='block_1_23' title="bbox 1904 876 3411 948">
    <p class='ocr_par' dir='ltr' id='par_1_23' title="bbox 1904 876 3411 948">
     <span class='ocr_line' id='line_1_23' title="bbox 1904 876 3411 948; baseline 0 -16"><span class='ocrx_word' id='word_1_142' title='bbox 1904 877 1993 932; x_wconf 79' lang='grc'><strong>56.</strong></span> <span class='ocrx_word' id='word_1_143' title='bbox 2027 876 2222 932; x_wconf 77' lang='lat' dir='ltr'><strong>Auctor</strong></span> <span class='ocrx_word' id='word_1_144' title='bbox 2243 876 2419 932; x_wconf 75' lang='lat' dir='ltr'><strong>scribit</strong></span> <span class='ocrx_word' id='word_1_145' title='bbox 2451 877 2504 930; x_wconf 81' lang='lat' dir='ltr'><strong>in</strong></span> <span class='ocrx_word' id='word_1_146' title='bbox 2537 876 2934 947; x_wconf 79' lang='lat' dir='ltr'><strong>Silva-Majori.</strong></span> <span class='ocrx_word' id='word_1_147' title='bbox 2959 909 3028 918; x_wconf 90' lang='lat'><strong>——</strong></span> <span class='ocrx_word' id='word_1_148' title='bbox 3059 877 3126 933; x_wconf 90' lang='lat' dir='ltr'><strong>Ut</strong></span> <span class='ocrx_word' id='word_1_149' title='bbox 3157 878 3283 948; x_wconf 86' lang='lat' dir='ltr'><strong>quid</strong></span> <span class='ocrx_word' id='word_1_150' title='bbox 3314 893 3411 932; x_wconf 80' lang='lat' dir='ltr'><strong>nos</strong></span> 
     </span>
    </p>
   </div>
   <div class='ocr_carea' id='block_1_24' title="bbox 1835 966 3409 1040">
    <p class='ocr_par' dir='ltr' id='par_1_24' title="bbox 1835 966 3409 1040">
     <span class='ocr_line' id='line_1_24' title="bbox 1835 966 3409 1040; baseline 0 -18"><span class='ocrx_word' id='word_1_151' title='bbox 1835 977 2016 1024; x_wconf 87' lang='lat' dir='ltr'><strong>autem</strong></span> <span class='ocrx_word' id='word_1_152' title='bbox 2041 968 2108 1025; x_wconf 88' lang='lat' dir='ltr'><strong>de</strong></span> <span class='ocrx_word' id='word_1_153' title='bbox 2138 966 2254 1036; x_wconf 90' lang='lat' dir='ltr'><strong>ejus</strong></span> <span class='ocrx_word' id='word_1_154' title='bbox 2283 968 2557 1040; x_wconf 89' lang='lat' dir='ltr'><strong>loquimur</strong></span> <span class='ocrx_word' id='word_1_155' title='bbox 2583 969 2945 1034; x_wconf 82' lang='lat' dir='ltr'><strong>mirabilibus,</strong></span> <span class='ocrx_word' id='word_1_156' title='bbox 2968 987 3090 1025; x_wconf 89' lang='lat' dir='ltr'><strong>cum</strong></span> <span class='ocrx_word' id='word_1_157' title='bbox 3115 971 3216 1026; x_wconf 88' lang='lat' dir='ltr'><strong>hoc</strong></span> <span class='ocrx_word' id='word_1_158' title='bbox 3239 970 3409 1029; x_wconf 89' lang='lat' dir='ltr'><strong>solum</strong></span> 
     </span>
    </p>
   </div>
   <div class='ocr_carea' id='block_1_25' title="bbox 1825 1059 3414 1142">
    <p class='ocr_par' dir='ltr' id='par_1_25' title="bbox 1825 1059 3414 1142">
     <span class='ocr_line' id='line_1_25' title="bbox 1825 1059 3414 1142; baseline 0.001 -30"><span class='ocrx_word' id='word_1_159' title='bbox 1825 1059 1904 1142; x_wconf 83' lang='lat' dir='ltr'><strong>ad</strong></span> <span class='ocrx_word' id='word_1_160' title='bbox 1939 1059 2082 1114; x_wconf 90' lang='lat' dir='ltr'><strong>illius</strong></span> <span class='ocrx_word' id='word_1_161' title='bbox 2129 1059 2454 1115; x_wconf 83' lang='lat' dir='ltr'><strong>declaranda</strong></span> <span class='ocrx_word' id='word_1_162' title='bbox 2497 1059 2726 1116; x_wconf 85' lang='lat' dir='ltr'><strong>suﬁiciat</strong></span> <span class='ocrx_word' id='word_1_163' title='bbox 2773 1061 2968 1116; x_wconf 88' lang='lat' dir='ltr'><strong>merita</strong></span> <span class='ocrx_word' id='word_1_164' title='bbox 3007 1061 3148 1130; x_wconf 90' lang='lat' dir='ltr'><strong>quod</strong></span> <span class='ocrx_word' id='word_1_165' title='bbox 3203 1069 3414 1116; x_wconf 88' lang='lat' dir='ltr'><strong>tantum</strong></span> 
     </span>
    </p>
   </div>
   <div class='ocr_carea' id='block_1_26' title="bbox 1837 1143 3411 1222">
    <p class='ocr_par' dir='ltr' id='par_1_26' title="bbox 1837 1143 3411 1222">
     <span class='ocr_line' id='line_1_26' title="bbox 1837 1143 3411 1222; baseline 0 -18"><span class='ocrx_word' id='word_1_166' title='bbox 1837 1151 2113 1220; x_wconf 78' lang='lat' dir='ltr'><strong>religionis</strong></span> <span class='ocrx_word' id='word_1_167' title='bbox 2134 1151 2441 1222; x_wconf 78' lang='lat' dir='ltr'><strong>exemplum</strong></span> <span class='ocrx_word' id='word_1_168' title='bbox 2471 1153 2523 1206; x_wconf 93' lang='lat' dir='ltr'><strong>in</strong></span> <span class='ocrx_word' id='word_1_169' title='bbox 2571 1153 2675 1206; x_wconf 90' lang='lat' dir='ltr'><strong>bac</strong></span> <span class='ocrx_word' id='word_1_170' title='bbox 2703 1151 2903 1206; x_wconf 86' lang='lat' dir='ltr'><strong>eﬁ&#39;ulsit</strong></span> <span class='ocrx_word' id='word_1_171' title='bbox 2938 1152 3112 1222; x_wconf 79' lang='lat' dir='ltr'><strong>patria</strong></span> <span class='ocrx_word' id='word_1_172' title='bbox 3143 1166 3241 1222; x_wconf 81' lang='lat' dir='ltr'><strong>per</strong></span> <span class='ocrx_word' id='word_1_173' title='bbox 3265 1143 3411 1220; x_wconf 84' lang='lat' dir='ltr'><strong>eum,</strong></span> 
     </span>
    </p>
   </div>
   <div class='ocr_carea' id='block_1_27' title="bbox 1837 1241 3415 1314">
    <p class='ocr_par' dir='ltr' id='par_1_27' title="bbox 1837 1241 3415 1314">
     <span class='ocr_line' id='line_1_27' title="bbox 1837 1241 3415 1314; baseline 0.001 -18"><span class='ocrx_word' id='word_1_174' title='bbox 1837 1243 1981 1314; x_wconf 91' lang='lat' dir='ltr'><strong>quod</strong></span> <span class='ocrx_word' id='word_1_175' title='bbox 2048 1242 2254 1312; x_wconf 83' lang='lat' dir='ltr'><strong>absque</strong></span> <span class='ocrx_word' id='word_1_176' title='bbox 2330 1257 2557 1297; x_wconf 90' lang='lat' dir='ltr'><strong>numero</strong></span> <span class='ocrx_word' id='word_1_177' title='bbox 2623 1252 2940 1312; x_wconf 85' lang='lat' dir='ltr'><strong>peccatores</strong></span> <span class='ocrx_word' id='word_1_178' title='bbox 2992 1241 3191 1298; x_wconf 60' lang='lat' dir='ltr'><strong>sccculo</strong></span> <span class='ocrx_word' id='word_1_179' title='bbox 3226 1242 3415 1297; x_wconf 88' lang='lat' dir='ltr'><strong>relicto</strong></span> 
     </span>
    </p>
   </div>
   <div class='ocr_carea' id='block_1_28' title="bbox 1838 1334 3414 1403">
    <p class='ocr_par' dir='ltr' id='par_1_28' title="bbox 1838 1334 3414 1403">
     <span class='ocr_line' id='line_1_28' title="bbox 1838 1334 3414 1403; baseline 0.001 -15"><span class='ocrx_word' id='word_1_180' title='bbox 1838 1341 2066 1388; x_wconf 89' lang='lat' dir='ltr'><strong>mortem</strong></span> <span class='ocrx_word' id='word_1_181' title='bbox 2094 1342 2408 1398; x_wconf 88' lang='lat' dir='ltr'><strong>evaserunt,</strong></span> <span class='ocrx_word' id='word_1_182' title='bbox 2437 1334 2581 1403; x_wconf 89' lang='lat' dir='ltr'><strong>quod</strong></span> <span class='ocrx_word' id='word_1_183' title='bbox 2612 1334 2663 1388; x_wconf 90' lang='lat' dir='ltr'><strong>in</strong></span> <span class='ocrx_word' id='word_1_184' title='bbox 2704 1334 2958 1389; x_wconf 85' lang='lat' dir='ltr'><strong>coenobio</strong></span> <span class='ocrx_word' id='word_1_185' title='bbox 2989 1335 3056 1389; x_wconf 90' lang='lat' dir='ltr'><strong>ab</strong></span> <span class='ocrx_word' id='word_1_186' title='bbox 3079 1349 3145 1390; x_wconf 93' lang='lat' dir='ltr'><strong>eo</strong></span> <span class='ocrx_word' id='word_1_187' title='bbox 3167 1343 3414 1389; x_wconf 91' lang='lat' dir='ltr'><strong>constru-</strong></span> 
     </span>
    </p>
   </div>
   <div class='ocr_carea' id='block_1_29' title="bbox 1837 1422 3410 1494">
    <p class='ocr_par' dir='ltr' id='par_1_29' title="bbox 1837 1422 3410 1494">
     <span class='ocr_line' id='line_1_29' title="bbox 1837 1422 3410 1494; baseline 0.001 -16"><span class='ocrx_word' id='word_1_188' title='bbox 1837 1422 2172 1493; x_wconf 89' lang='lat' dir='ltr'><strong>ctojuvencs</strong></span> <span class='ocrx_word' id='word_1_189' title='bbox 2198 1431 2252 1478; x_wconf 92' lang='lat' dir='ltr'><strong>et</strong></span> <span class='ocrx_word' id='word_1_190' title='bbox 2305 1423 2543 1492; x_wconf 78' lang='lat' dir='ltr'><strong>virgines</strong></span> <span class='ocrx_word' id='word_1_191' title='bbox 2571 1423 2704 1494; x_wconf 78' lang='lat'><strong>(35),</strong></span> <span class='ocrx_word' id='word_1_192' title='bbox 2737 1437 2896 1478; x_wconf 91' lang='lat' dir='ltr'><strong>senes</strong></span> <span class='ocrx_word' id='word_1_193' title='bbox 2933 1439 3056 1479; x_wconf 93' lang='lat' dir='ltr'><strong>cum</strong></span> <span class='ocrx_word' id='word_1_194' title='bbox 3086 1422 3410 1491; x_wconf 88' lang='lat' dir='ltr'><strong>junioribus,</strong></span> 
     </span>
    </p>
   </div>
   <div class='ocr_carea' id='block_1_30' title="bbox 1837 1513 3414 1589">
    <p class='ocr_par' dir='ltr' id='par_1_30' title="bbox 1837 1513 3414 1589">
     <span class='ocr_line' id='line_1_30' title="bbox 1837 1513 3414 1589; baseline -0.001 -20"><span class='ocrx_word' id='word_1_195' title='bbox 1837 1514 2060 1570; x_wconf 87' lang='lat' dir='ltr'><strong>laudant</strong></span> <span class='ocrx_word' id='word_1_196' title='bbox 2113 1529 2311 1570; x_wconf 89' lang='lat' dir='ltr'><strong>nomen</strong></span> <span class='ocrx_word' id='word_1_197' title='bbox 2359 1514 2616 1589; x_wconf 74' lang='lat' dir='ltr'><strong>Domini?</strong></span> <span class='ocrx_word' id='word_1_198' title='bbox 2649 1513 2780 1568; x_wconf 84' lang='lat' dir='ltr'><strong>Nam</strong></span> <span class='ocrx_word' id='word_1_199' title='bbox 2828 1514 2980 1570; x_wconf 90' lang='lat' dir='ltr'><strong>locus</strong></span> <span class='ocrx_word' id='word_1_200' title='bbox 3029 1515 3119 1584; x_wconf 91' lang='lat' dir='ltr'><strong>qui</strong></span> <span class='ocrx_word' id='word_1_201' title='bbox 3145 1514 3414 1583; x_wconf 88' lang='lat' dir='ltr'><strong>quondam</strong></span> 
     </span>
    </p>
   </div>
   <div class='ocr_carea' id='block_1_31' title="bbox 1837 1589 3416 1676">
    <p class='ocr_par' dir='ltr' id='par_1_31' title="bbox 1837 1589 3416 1676">
     <span class='ocr_line' id='line_1_31' title="bbox 1837 1589 3416 1676; baseline -0.001 -16"><span class='ocrx_word' id='word_1_202' title='bbox 1837 1605 2097 1676; x_wconf 85' lang='lat' dir='ltr'><strong>spelunca</strong></span> <span class='ocrx_word' id='word_1_203' title='bbox 2148 1604 2445 1669; x_wconf 87' lang='lat' dir='ltr'><strong>latronum,</strong></span> <span class='ocrx_word' id='word_1_204' title='bbox 2486 1604 2769 1659; x_wconf 88' lang='lat' dir='ltr'><strong>latibulum</strong></span> <span class='ocrx_word' id='word_1_205' title='bbox 2807 1604 3054 1675; x_wconf 87' lang='lat' dir='ltr'><strong>luporum</strong></span> <span class='ocrx_word' id='word_1_206' title='bbox 3095 1613 3149 1658; x_wconf 87' lang='lat' dir='ltr'><strong>et</strong></span> <span class='ocrx_word' id='word_1_207' title='bbox 3178 1589 3416 1659; x_wconf 80' lang='lat' dir='ltr'><strong>ferarum</strong></span> 
     </span>
    </p>
   </div>
   <div class='ocr_carea' id='block_1_32' title="bbox 1837 1693 3416 1759">
    <p class='ocr_par' dir='ltr' id='par_1_32' title="bbox 1837 1693 3416 1759">
     <span class='ocr_line' id='line_1_32' title="bbox 1837 1693 3416 1759; baseline -0.001 -9"><span class='ocrx_word' id='word_1_208' title='bbox 1837 1695 2142 1758; x_wconf 81' lang='lat' dir='ltr'><strong>exstiterat,</strong></span> <span class='ocrx_word' id='word_1_209' title='bbox 2201 1693 2319 1750; x_wconf 93' lang='lat' dir='ltr'><strong>viro</strong></span> <span class='ocrx_word' id='word_1_210' title='bbox 2367 1693 2459 1748; x_wconf 87' lang='lat' dir='ltr'><strong>Dei</strong></span> <span class='ocrx_word' id='word_1_211' title='bbox 2513 1693 2854 1758; x_wconf 82' lang='lat' dir='ltr'><strong>adveniente,</strong></span> <span class='ocrx_word' id='word_1_212' title='bbox 2903 1694 3094 1748; x_wconf 90' lang='lat' dir='ltr'><strong>domus</strong></span> <span class='ocrx_word' id='word_1_213' title='bbox 3123 1694 3416 1759; x_wconf 88' lang='lat' dir='ltr'><strong>orationis,</strong></span> 
     </span>
    </p>
   </div>
   <div class='ocr_carea' id='block_1_33' title="bbox 145 1779 3414 1861">
    <p class='ocr_par' dir='ltr' id='par_1_33' title="bbox 145 1779 3414 1861">
     <span class='ocr_line' id='line_1_33' title="bbox 145 1779 3414 1861; baseline -0.002 -17"><span class='ocrx_word' id='word_1_214' title='bbox 145 1779 326 1845; x_wconf 69' lang='lat' dir='ltr'><strong>ribus,</strong></span> <span class='ocrx_word' id='word_1_215' title='bbox 355 1783 562 1852; x_wconf 69' lang='lat' dir='ltr'><strong>gratias</strong></span> <span class='ocrx_word' id='word_1_216' title='bbox 609 1784 845 1840; x_wconf 77' lang='lat' dir='ltr'><strong>oblaturi</strong></span> <span class='ocrx_word' id='word_1_217' title='bbox 882 1789 1202 1844; x_wconf 83' lang='lat' dir='ltr'><strong>advenerim</strong></span> <span class='ocrx_word' id='word_1_218' title='bbox 1230 1791 1455 1861; x_wconf 89' lang='lat' dir='ltr'><strong>captivi,</strong></span> <span class='ocrx_word' id='word_1_219' title='bbox 1490 1792 1640 1846; x_wconf 89' lang='lat' dir='ltr'><strong>illum</strong></span> <span class='ocrx_word' id='word_1_220' title='bbox 1674 1808 1733 1847; x_wconf 82' lang='lat' dir='ltr'><strong>se</strong></span> <span class='ocrx_word' id='word_1_221' title='bbox 1766 1789 1808 1849; x_wconf 81' lang='grc' dir='ltr'><strong>Β</strong></span> <span class='ocrx_word' id='word_1_222' title='bbox 1837 1785 1990 1842; x_wconf 89' lang='lat' dir='ltr'><strong>locus</strong></span> <span class='ocrx_word' id='word_1_223' title='bbox 2022 1787 2471 1842; x_wconf 86' lang='lat' dir='ltr'><strong>sanctiﬁcationis</strong></span> <span class='ocrx_word' id='word_1_224' title='bbox 2495 1795 2550 1841; x_wconf 90' lang='lat' dir='ltr'><strong>et</strong></span> <span class='ocrx_word' id='word_1_225' title='bbox 2586 1786 2861 1857; x_wconf 76' lang='lat' dir='ltr'><strong>religionis</strong></span> <span class='ocrx_word' id='word_1_226' title='bbox 2882 1788 3031 1857; x_wconf 84' lang='lat' dir='ltr'><strong>pacis</strong></span> <span class='ocrx_word' id='word_1_227' title='bbox 3055 1787 3278 1843; x_wconf 75' lang='lat' dir='ltr'><strong>allectus</strong></span> <span class='ocrx_word' id='word_1_228' title='bbox 3312 1797 3414 1842; x_wconf 90' lang='lat' dir='ltr'><strong>est.</strong></span> 
     </span>
    </p>
   </div>
   <div class='ocr_carea' id='block_1_34' title="bbox 146 1869 1733 1951">
    <p class='ocr_par' dir='ltr' id='par_1_34' title="bbox 146 1869 1733 1951">
     <span class='ocr_line' id='line_1_34' title="bbox 146 1869 1733 1951; baseline 0.011 -28"><span class='ocrx_word' id='word_1_229' title='bbox 146 1869 290 1927; x_wconf 72' lang='lat' dir='ltr'><strong>facie</strong></span> <span class='ocrx_word' id='word_1_230' title='bbox 316 1876 383 1927; x_wconf 84' lang='lat' dir='ltr'><strong>ad</strong></span> <span class='ocrx_word' id='word_1_231' title='bbox 411 1873 605 1930; x_wconf 77' lang='lat' dir='ltr'><strong>faciem</strong></span> <span class='ocrx_word' id='word_1_232' title='bbox 640 1878 859 1944; x_wconf 86' lang='lat' dir='ltr'><strong>vidisse,</strong></span> <span class='ocrx_word' id='word_1_233' title='bbox 896 1879 1146 1951; x_wconf 87' lang='lat' dir='ltr'><strong>illiusque</strong></span> <span class='ocrx_word' id='word_1_234' title='bbox 1177 1890 1310 1937; x_wconf 87' lang='lat' dir='ltr'><strong>ttutu</strong></span> <span class='ocrx_word' id='word_1_235' title='bbox 1335 1897 1398 1939; x_wconf 89' lang='lat' dir='ltr'><strong>ac</strong></span> <span class='ocrx_word' id='word_1_236' title='bbox 1437 1884 1646 1939; x_wconf 88' lang='lat' dir='ltr'><strong>meritis</strong></span> <span class='ocrx_word' id='word_1_237' title='bbox 1674 1899 1733 1940; x_wconf 91' lang='lat' dir='ltr'><strong>se</strong></span> 
     </span>
    </p>
   </div>
   <div class='ocr_carea' id='block_1_35' title="bbox 142 1960 1736 2044">
    <p class='ocr_par' dir='ltr' id='par_1_35' title="bbox 142 1960 1736 2044">
     <span class='ocr_line' id='line_1_35' title="bbox 142 1960 1736 2044; baseline 0.009 -29"><span class='ocrx_word' id='word_1_238' title='bbox 142 1960 363 2018; x_wconf 72' lang='lat' dir='ltr'><strong>solutos</strong></span> <span class='ocrx_word' id='word_1_239' title='bbox 394 1977 514 2019; x_wconf 86' lang='lat' dir='ltr'><strong>esse</strong></span> <span class='ocrx_word' id='word_1_240' title='bbox 560 1979 591 2019; x_wconf 88' lang='lat' dir='ltr'><strong>a</strong></span> <span class='ocrx_word' id='word_1_241' title='bbox 622 1967 856 2022; x_wconf 87' lang='lat' dir='ltr'><strong>vinculis</strong></span> <span class='ocrx_word' id='word_1_242' title='bbox 901 1968 1134 2026; x_wconf 85' lang='lat' dir='ltr'><strong>ﬁdeliter</strong></span> <span class='ocrx_word' id='word_1_243' title='bbox 1155 1971 1488 2041; x_wconf 89' lang='lat' dir='ltr'><strong>proﬁtentes,</strong></span> <span class='ocrx_word' id='word_1_244' title='bbox 1515 1989 1736 2044; x_wconf 83' lang='lat' dir='ltr'><strong>compc-</strong></span> 
     </span>
    </p>
   </div>
   <div class='ocr_carea' id='block_1_36' title="bbox 144 2049 1731 2136">
    <p class='ocr_par' dir='ltr' id='par_1_36' title="bbox 144 2049 1731 2136">
     <span class='ocr_line' id='line_1_36' title="bbox 144 2049 1731 2136; baseline 0.011 -31"><span class='ocrx_word' id='word_1_245' title='bbox 144 2049 418 2122; x_wconf 81' lang='lat' dir='ltr'><strong>dibusque</strong></span> <span class='ocrx_word' id='word_1_246' title='bbox 470 2070 634 2126; x_wconf 82' lang='lat' dir='ltr'><strong>supra</strong></span> <span class='ocrx_word' id='word_1_247' title='bbox 666 2057 837 2127; x_wconf 86' lang='lat' dir='ltr'><strong>ipsius</strong></span> <span class='ocrx_word' id='word_1_248' title='bbox 865 2063 1174 2132; x_wconf 88' lang='lat' dir='ltr'><strong>sepulcrum</strong></span> <span class='ocrx_word' id='word_1_249' title='bbox 1221 2065 1496 2136; x_wconf 88' lang='lat' dir='ltr'><strong>appensis,</strong></span> <span class='ocrx_word' id='word_1_250' title='bbox 1523 2080 1731 2122; x_wconf 86' lang='lat' dir='ltr'><strong>annuo-</strong></span> 
     </span>
    </p>
   </div>
   <div class='ocr_carea' id='block_1_37' title="bbox 144 2147 1734 2225">
    <p class='ocr_par' dir='ltr' id='par_1_37' title="bbox 144 2147 1734 2225">
     <span class='ocr_line' id='line_1_37' title="bbox 144 2147 1734 2225; baseline 0.011 -29"><span class='ocrx_word' id='word_1_251' title='bbox 144 2155 258 2210; x_wconf 75' lang='lat' dir='ltr'><strong>que</strong></span> <span class='ocrx_word' id='word_1_252' title='bbox 297 2157 462 2200; x_wconf 83' lang='lat' dir='ltr'><strong>censu</strong></span> <span class='ocrx_word' id='word_1_253' title='bbox 511 2147 741 2214; x_wconf 89' lang='lat' dir='ltr'><strong>indicto,</strong></span> <span class='ocrx_word' id='word_1_254' title='bbox 792 2167 945 2206; x_wconf 86' lang='lat' dir='ltr'><strong>suam</strong></span> <span class='ocrx_word' id='word_1_255' title='bbox 999 2169 1123 2208; x_wconf 89' lang='lat' dir='ltr'><strong>cum</strong></span> <span class='ocrx_word' id='word_1_256' title='bbox 1154 2155 1351 2225; x_wconf 82' lang='lat' dir='ltr'><strong>gaudio</strong></span> <span class='ocrx_word' id='word_1_257' title='bbox 1375 2156 1654 2212; x_wconf 89' lang='lat' dir='ltr'><strong>redierunt</strong></span> <span class='ocrx_word' id='word_1_258' title='bbox 1680 2159 1734 2213; x_wconf 92' lang='lat' dir='ltr'><strong>in</strong></span> 
     </span>
    </p>
   </div>
   <div class='ocr_carea' id='block_1_38' title="bbox 145 2232 1737 2317">
    <p class='ocr_par' dir='ltr' id='par_1_38' title="bbox 145 2232 1737 2317">
     <span class='ocr_line' id='line_1_38' title="bbox 145 2232 1737 2317; baseline 0.011 -33"><span class='ocrx_word' id='word_1_259' title='bbox 145 2232 405 2300; x_wconf 79' lang='lat' dir='ltr'><strong>patriam.</strong></span> <span class='ocrx_word' id='word_1_260' title='bbox 455 2234 871 2309; x_wconf 37' lang='lat' dir='ltr'><strong>Multi‘quoque</strong></span> <span class='ocrx_word' id='word_1_261' title='bbox 913 2256 980 2296; x_wconf 84' lang='lat' dir='ltr'><strong>ex</strong></span> <span class='ocrx_word' id='word_1_262' title='bbox 1027 2244 1226 2299; x_wconf 90' lang='lat' dir='ltr'><strong>accolis</strong></span> <span class='ocrx_word' id='word_1_263' title='bbox 1278 2246 1508 2316; x_wconf 60' lang='lat' dir='ltr'><strong>patrias,</strong></span> <span class='ocrx_word' id='word_1_264' title='bbox 1557 2247 1737 2317; x_wconf 89' lang='lat' dir='ltr'><strong>aliquo</strong></span> 
     </span>
    </p>
   </div>
   <div class='ocr_carea' id='block_1_39' title="bbox 148 2323 1739 2408">
    <p class='ocr_par' dir='ltr' id='par_1_39' title="bbox 148 2323 1739 2408">
     <span class='ocr_line' id='line_1_39' title="bbox 148 2323 1739 2408; baseline 0.011 -32"><span class='ocrx_word' id='word_1_265' title='bbox 148 2323 283 2376; x_wconf 83' lang='lat' dir='ltr'><strong>tacti</strong></span> <span class='ocrx_word' id='word_1_266' title='bbox 312 2323 499 2382; x_wconf 90' lang='lat' dir='ltr'><strong>dolore</strong></span> <span class='ocrx_word' id='word_1_267' title='bbox 521 2329 736 2399; x_wconf 89' lang='lat' dir='ltr'><strong>capitis,</strong></span> <span class='ocrx_word' id='word_1_268' title='bbox 781 2333 1086 2402; x_wconf 87' lang='lat' dir='ltr'><strong>oculorum,</strong></span> <span class='ocrx_word' id='word_1_269' title='bbox 1119 2351 1402 2403; x_wconf 88' lang='lat' dir='ltr'><strong>manuum,</strong></span> <span class='ocrx_word' id='word_1_270' title='bbox 1435 2338 1630 2408; x_wconf 87' lang='lat' dir='ltr'><strong>pedum</strong></span> <span class='ocrx_word' id='word_1_271' title='bbox 1653 2339 1739 2394; x_wconf 91' lang='lat' dir='ltr'><strong>vel</strong></span> 
     </span>
    </p>
   </div>
   <div class='ocr_carea' id='block_1_40' title="bbox 147 2413 1736 2496">
    <p class='ocr_par' dir='ltr' id='par_1_40' title="bbox 147 2413 1736 2496">
     <span class='ocr_line' id='line_1_40' title="bbox 147 2413 1736 2496; baseline 0.012 -30"><span class='ocrx_word' id='word_1_272' title='bbox 147 2413 386 2470; x_wconf 88' lang='lat' dir='ltr'><strong>aliorum</strong></span> <span class='ocrx_word' id='word_1_273' title='bbox 451 2421 844 2488; x_wconf 87' lang='lat' dir='ltr'><strong>membrorum,</strong></span> <span class='ocrx_word' id='word_1_274' title='bbox 931 2423 1184 2481; x_wconf 84' lang='lat' dir='ltr'><strong>invocato</strong></span> <span class='ocrx_word' id='word_1_275' title='bbox 1267 2427 1438 2496; x_wconf 91' lang='lat' dir='ltr'><strong>ipsius</strong></span> <span class='ocrx_word' id='word_1_276' title='bbox 1497 2430 1736 2495; x_wconf 88' lang='lat' dir='ltr'><strong>nomine,</strong></span> 
     </span>
    </p>
   </div>
   <div class='ocr_carea' id='block_1_41' title="bbox 143 2512 1738 2589">
    <p class='ocr_par' dir='ltr' id='par_1_41' title="bbox 143 2512 1738 2589">
     <span class='ocr_line' id='line_1_41' title="bbox 143 2512 1738 2589; baseline 0.011 -31"><span class='ocrx_word' id='word_1_277' title='bbox 143 2519 347 2560; x_wconf 88' lang='lat' dir='ltr'><strong>cereas</strong></span> <span class='ocrx_word' id='word_1_278' title='bbox 401 2521 545 2578; x_wconf 69' lang='lat' dir='ltr'><strong>saepe</strong></span> <span class='ocrx_word' id='word_1_279' title='bbox 607 2512 923 2581; x_wconf 79' lang='lat' dir='ltr'><strong>exprimunt</strong></span> <span class='ocrx_word' id='word_1_280' title='bbox 974 2515 1381 2584; x_wconf 88' lang='lat' dir='ltr'><strong>similitudines,</strong></span> <span class='ocrx_word' id='word_1_281' title='bbox 1423 2534 1560 2589; x_wconf 88' lang='lat' dir='ltr'><strong>quas</strong></span> <span class='ocrx_word' id='word_1_282' title='bbox 1593 2519 1738 2575; x_wconf 90' lang='lat' dir='ltr'><strong>illius</strong></span> 
     </span>
    </p>
   </div>
   <div class='ocr_carea' id='block_1_42' title="bbox 148 2597 1738 2680">
    <p class='ocr_par' dir='ltr' id='par_1_42' title="bbox 148 2597 1738 2680">
     <span class='ocr_line' id='line_1_42' title="bbox 148 2597 1738 2680; baseline 0.013 -31"><span class='ocrx_word' id='word_1_283' title='bbox 148 2597 364 2654; x_wconf 91' lang='lat' dir='ltr'><strong>tumulo</strong></span> <span class='ocrx_word' id='word_1_284' title='bbox 430 2604 915 2671; x_wconf 88' lang='lat' dir='ltr'><strong>superpendentes,</strong></span> <span class='ocrx_word' id='word_1_285' title='bbox 967 2609 1282 2678; x_wconf 88' lang='lat' dir='ltr'><strong>sospitatem</strong></span> <span class='ocrx_word' id='word_1_286' title='bbox 1335 2611 1623 2680; x_wconf 89' lang='lat' dir='ltr'><strong>pristinam</strong></span> <span class='ocrx_word' id='word_1_287' title='bbox 1679 2628 1738 2670; x_wconf 88' lang='lat' dir='ltr'><strong>se</strong></span> 
     </span>
    </p>
   </div>
   <div class='ocr_carea' id='block_1_43' title="bbox 145 2688 1731 2766">
    <p class='ocr_par' dir='ltr' id='par_1_43' title="bbox 145 2688 1731 2766">
     <span class='ocr_line' id='line_1_43' title="bbox 145 2688 1731 2766; baseline 0.011 -24"><span class='ocrx_word' id='word_1_288' title='bbox 145 2688 366 2745; x_wconf 79' lang='lat' dir='ltr'><strong>meritis</strong></span> <span class='ocrx_word' id='word_1_289' title='bbox 410 2689 652 2761; x_wconf 87' lang='lat' dir='ltr'><strong>ejusdem</strong></span> <span class='ocrx_word' id='word_1_290' title='bbox 687 2697 960 2766; x_wconf 88' lang='lat' dir='ltr'><strong>recepisse</strong></span> <span class='ocrx_word' id='word_1_291' title='bbox 989 2698 1220 2755; x_wconf 84' lang='lat' dir='ltr'><strong>ﬁdeliter</strong></span> <span class='ocrx_word' id='word_1_292' title='bbox 1242 2700 1592 2757; x_wconf 84' lang='lat' dir='ltr'><strong>conﬁtentur.</strong></span> <span class='ocrx_word' id='word_1_293' title='bbox 1625 2702 1731 2760; x_wconf 76' lang='lat' dir='ltr'><strong>Na—</strong></span> 
     </span>
    </p>
   </div>
   <div class='ocr_carea' id='block_1_44' title="bbox 137 2867 1826 2958">
    <p class='ocr_par' dir='ltr' id='par_1_44' title="bbox 137 2867 1826 2958">
     <span class='ocr_line' id='line_1_44' title="bbox 137 2867 1826 2958; baseline 0.018 -42"><span class='ocrx_word' id='word_1_294' title='bbox 137 2867 850 2958; x_wconf 32' lang='lat' dir='ltr'><strong>.ut-aﬂixonnulia‘addit</strong></span> <span class='ocrx_word' id='word_1_295' title='bbox 891 2878 1116 2936; x_wconf 88' lang='lat' dir='ltr'><strong>alterius</strong></span> <span class='ocrx_word' id='word_1_296' title='bbox 1171 2881 1312 2939; x_wconf 71' lang='lat' dir='ltr'><strong>Vita:</strong></span> <span class='ocrx_word' id='word_1_297' title='bbox 1363 2893 1575 2953; x_wconf 88' lang='lat' dir='ltr'><strong>auctor,</strong></span> <span class='ocrx_word' id='word_1_298' title='bbox 1610 2903 1732 2958; x_wconf 70' lang='lat' dir='ltr'><strong>qua:</strong></span> <span class='ocrx_word' id='word_1_299' title='bbox 1824 2868 1826 2871; x_wconf 22' lang='lat' dir='ltr'><strong>l</strong></span> 
     </span>
    </p>
   </div>
   <div class='ocr_carea' id='block_1_45' title="bbox 145 2940 880 3008">
    <p class='ocr_par' dir='ltr' id='par_1_45' title="bbox 145 2940 880 3008">
     <span class='ocr_line' id='line_1_45' title="bbox 145 2940 880 3008; baseline 0.019 -18"><span class='ocrx_word' id='word_1_300' title='bbox 145 2940 296 3008; x_wconf 81' lang='lat' dir='ltr'><strong>apud</strong></span> <span class='ocrx_word' id='word_1_301' title='bbox 325 2941 563 2996; x_wconf 81' lang='lat' dir='ltr'><strong>Bolland.</strong></span> <span class='ocrx_word' id='word_1_302' title='bbox 595 2945 880 3004; x_wconf 89' lang='lat' dir='ltr'><strong>habentur.</strong></span> 
     </span>
    </p>
   </div>
   <div class='ocr_carea' id='block_1_46' title="bbox 222 3007 1736 3097">
    <p class='ocr_par' dir='ltr' id='par_1_46' title="bbox 222 3007 1736 3097">
     <span class='ocr_line' id='line_1_46' title="bbox 222 3007 1736 3097; baseline 0.016 -36"><span class='ocrx_word' id='word_1_303' title='bbox 222 3007 341 3097; x_wconf 41' lang='lat'><strong>(&#39;54.)</strong></span> <span class='ocrx_word' id='word_1_304' title='bbox 382 3011 671 3097; x_wconf 60' lang='lat' dir='ltr'><strong>Menardus</strong></span> <span class='ocrx_word' id='word_1_305' title='bbox 732 3019 880 3073; x_wconf 91' lang='lat' dir='ltr'><strong>addit</strong></span> <span class='ocrx_word' id='word_1_306' title='bbox 912 3021 1000 3076; x_wconf 84' lang='lat' dir='ltr'><strong>hic</strong></span> <span class='ocrx_word' id='word_1_307' title='bbox 1028 3040 1039 3075; x_wconf 91' lang='lat'><strong>:</strong></span> <span class='ocrx_word' id='word_1_308' title='bbox 1073 3020 1213 3097; x_wconf 83' lang='lat' dir='ltr'><strong>Nam</strong></span> <span class='ocrx_word' id='word_1_309' title='bbox 1244 3026 1342 3097; x_wconf 77' lang='lat' dir='ltr'><strong>qui</strong></span> <span class='ocrx_word' id='word_1_310' title='bbox 1358 3027 1422 3080; x_wconf 86' lang='lat' dir='ltr'><strong>de</strong></span> <span class='ocrx_word' id='word_1_311' title='bbox 1454 3026 1627 3097; x_wconf 78' lang='lat' dir='ltr'><strong>lapide</strong></span> <span class='ocrx_word' id='word_1_312' title='bbox 1656 3046 1736 3084; x_wconf 79' lang='lat' dir='ltr'><strong>se-</strong></span> 
     </span>
    </p>
   </div>
   <div class='ocr_carea' id='block_1_47' title="bbox 142 3077 1740 3204">
    <p class='ocr_par' dir='ltr' id='par_1_47' title="bbox 142 3077 1740 3204">
     <span class='ocr_line' id='line_1_47' title="bbox 142 3077 1740 3204; baseline 0.015 -74"><span class='ocrx_word' id='word_1_313' title='bbox 142 3077 471 3204; x_wconf 53' lang='lat' dir='ltr'><strong>gzgizirejus</strong></span> <span class='ocrx_word' id='word_1_314' title='bbox 524 3095 740 3142; x_wconf 80' lang='lat' dir='ltr'><strong>contuso</strong></span> <span class='ocrx_word' id='word_1_315' title='bbox 782 3106 933 3145; x_wconf 78' lang='lat' dir='ltr'><strong>acute</strong></span> <span class='ocrx_word' id='word_1_316' title='bbox 983 3077 1740 3162; x_wconf 48' lang='lat' dir='ltr'><strong>permixtolbibebantfvsaaa-</strong></span> 
     </span>
    </p>
   </div>
   <div class='ocr_carea' id='block_1_48' title="bbox 219 3216 1812 3306">
    <p class='ocr_par' dir='ltr' id='par_1_48' title="bbox 219 3216 1812 3306">
     <span class='ocr_line' id='line_1_48' title="bbox 219 3216 1812 3306; baseline 0.013 -33"><span class='ocrx_word' id='word_1_317' title='bbox 219 3219 437 3306; x_wconf 48' lang='lat' dir='ltr'><strong>(§5)Mld</strong></span> <span class='ocrx_word' id='word_1_318' title='bbox 465 3226 530 3306; x_wconf 76' lang='lat' dir='ltr'><strong>de</strong></span> <span class='ocrx_word' id='word_1_319' title='bbox 554 3228 1055 3306; x_wconf 66' lang='lat' dir='ltr'><strong>sanctimonialibus</strong></span> <span class='ocrx_word' id='word_1_320' title='bbox 1080 3233 1247 3306; x_wconf 83' lang='lat' dir='ltr'><strong>etiam</strong></span> <span class='ocrx_word' id='word_1_321' title='bbox 1282 3235 1334 3291; x_wconf 90' lang='lat' dir='ltr'><strong>in</strong></span> <span class='ocrx_word' id='word_1_322' title='bbox 1368 3235 1733 3306; x_wconf 80' lang='lat' dir='ltr'><strong>Silva-Maiori</strong></span> <span class='ocrx_word' id='word_1_323' title='bbox 1767 3216 1812 3278; x_wconf 58' lang='grc' dir='ltr'><strong>(ἶ</strong></span> 
     </span>
    </p>
   </div>
   <div class='ocr_carea' id='block_1_49' title="bbox 146 3289 1734 3377">
    <p class='ocr_par' dir='ltr' id='par_1_49' title="bbox 146 3289 1734 3377">
     <span class='ocr_line' id='line_1_49' title="bbox 146 3289 1734 3377; baseline 0.014 -35"><span class='ocrx_word' id='word_1_324' title='bbox 146 3289 475 3377; x_wconf 68' lang='lat' dir='ltr'><strong>degentibus</strong></span> <span class='ocrx_word' id='word_1_325' title='bbox 517 3297 906 3377; x_wconf 64' lang='lat' dir='ltr'><strong>interpretatur</strong></span> <span class='ocrx_word' id='word_1_326' title='bbox 930 3289 1354 3377; x_wconf 79' lang='lat' dir='ltr'><strong>Papebrocbius,</strong></span> <span class='ocrx_word' id='word_1_327' title='bbox 1381 3289 1734 3377; x_wconf 44' lang='lat' dir='ltr'><strong>hispida;</strong></span> 
     </span>
    </p>
   </div>
   <div class='ocr_carea' id='block_1_50' title="bbox 144 3365 1729 3441">
    <p class='ocr_par' dir='ltr' id='par_1_50' title="bbox 144 3365 1729 3441">
     <span class='ocr_line' id='line_1_50' title="bbox 144 3365 1729 3441; baseline 0.015 -31"><span class='ocrx_word' id='word_1_328' title='bbox 144 3365 313 3441; x_wconf 70' lang='lat' dir='ltr'><strong>nornis</strong></span> <span class='ocrx_word' id='word_1_329' title='bbox 363 3365 554 3420; x_wconf 88' lang='lat' dir='ltr'><strong>rudera</strong></span> <span class='ocrx_word' id='word_1_330' title='bbox 585 3365 874 3441; x_wconf 77' lang='lat' dir='ltr'><strong>_It_odieque</strong></span> <span class='ocrx_word' id='word_1_331' title='bbox 925 3365 1096 3428; x_wconf 81' lang='lat' dir='ltr'><strong>videri</strong></span> <span class='ocrx_word' id='word_1_332' title='bbox 1153 3365 1425 3430; x_wconf 72' lang='lat' dir='ltr'><strong>nbservat.</strong></span> <span class='ocrx_word' id='word_1_333' title='bbox 1474 3365 1634 3434; x_wconf 64' lang='lat' dir='ltr'><strong>C&#39;erte</strong></span> <span class='ocrx_word' id='word_1_334' title='bbox 1677 3381 1729 3434; x_wconf 91' lang='lat' dir='ltr'><strong>in</strong></span> 
     </span>
    </p>
   </div>
   <div class='ocr_carea' id='block_1_51' title="bbox 142 3429 1728 3503">
    <p class='ocr_par' dir='ltr' id='par_1_51' title="bbox 142 3429 1728 3503">
     <span class='ocr_line' id='line_1_51' title="bbox 142 3429 1728 3503; baseline 0.013 -21"><span class='ocrx_word' id='word_1_335' title='bbox 142 3429 428 3502; x_wconf 76' lang='lat' dir='ltr'><strong>plerisque</strong></span> <span class='ocrx_word' id='word_1_336' title='bbox 479 3437 690 3494; x_wconf 85' lang='lat' dir='ltr'><strong>ordinis</strong></span> <span class='ocrx_word' id='word_1_337' title='bbox 745 3429 914 3497; x_wconf 76' lang='lat' dir='ltr'><strong>nostri</strong></span> <span class='ocrx_word' id='word_1_338' title='bbox 950 3429 1292 3501; x_wconf 84' lang='lat' dir='ltr'><strong>monasteriis</strong></span> <span class='ocrx_word' id='word_1_339' title='bbox 1324 3429 1728 3503; x_wconf 37' lang='lat' dir='ltr'><strong>munialeswali:</strong></span> 
     </span>
    </p>
   </div>
   <div class='ocr_carea' id='block_1_52' title="bbox 1844 1875 3421 1948">
    <p class='ocr_par' dir='ltr' id='par_1_52' title="bbox 1844 1875 3421 1948">
     <span class='ocr_line' id='line_1_52' title="bbox 1844 1875 3421 1948; baseline 0.003 -20"><span class='ocrx_word' id='word_1_340' title='bbox 1844 1875 1977 1944; x_wconf 84' lang='lat' dir='ltr'><strong>Quis</strong></span> <span class='ocrx_word' id='word_1_341' title='bbox 2011 1876 2224 1932; x_wconf 88' lang='lat' dir='ltr'><strong>tandem</strong></span> <span class='ocrx_word' id='word_1_342' title='bbox 2261 1877 2395 1948; x_wconf 88' lang='lat' dir='ltr'><strong>ipse,</strong></span> <span class='ocrx_word' id='word_1_343' title='bbox 2434 1875 2516 1932; x_wconf 88' lang='lat' dir='ltr'><strong>vel</strong></span> <span class='ocrx_word' id='word_1_344' title='bbox 2549 1888 2764 1947; x_wconf 78' lang='lat' dir='ltr'><strong>quanta:</strong></span> <span class='ocrx_word' id='word_1_345' title='bbox 2799 1879 3110 1934; x_wconf 90' lang='lat' dir='ltr'><strong>sanctitatis</strong></span> <span class='ocrx_word' id='word_1_346' title='bbox 3145 1887 3239 1932; x_wconf 88' lang='lat' dir='ltr'><strong>aut</strong></span> <span class='ocrx_word' id='word_1_347' title='bbox 3269 1877 3421 1946; x_wconf 87' lang='lat' dir='ltr'><strong>cujus</strong></span> 
     </span>
    </p>
   </div>
   <div class='ocr_carea' id='block_1_53' title="bbox 1842 1967 3421 2039">
    <p class='ocr_par' dir='ltr' id='par_1_53' title="bbox 1842 1967 3421 2039">
     <span class='ocr_line' id='line_1_53' title="bbox 1842 1967 3421 2039; baseline 0 -17"><span class='ocrx_word' id='word_1_348' title='bbox 1842 1967 1968 2022; x_wconf 75' lang='lat' dir='ltr'><strong>vita:</strong></span> <span class='ocrx_word' id='word_1_349' title='bbox 2031 1967 2212 2031; x_wconf 82' lang='lat' dir='ltr'><strong>fuerit,</strong></span> <span class='ocrx_word' id='word_1_350' title='bbox 2267 1967 2437 2022; x_wconf 88' lang='lat' dir='ltr'><strong>multo</strong></span> <span class='ocrx_word' id='word_1_351' title='bbox 2462 1968 2653 2022; x_wconf 88' lang='lat' dir='ltr'><strong>melius</strong></span> <span class='ocrx_word' id='word_1_352' title='bbox 2683 1983 2847 2038; x_wconf 87' lang='lat' dir='ltr'><strong>opera</strong></span> <span class='ocrx_word' id='word_1_353' title='bbox 2878 1984 3038 2039; x_wconf 87' lang='lat' dir='ltr'><strong>quam</strong></span> <span class='ocrx_word' id='word_1_354' title='bbox 3079 1969 3220 2024; x_wconf 89' lang='lat' dir='ltr'><strong>dicta</strong></span> <span class='ocrx_word' id='word_1_355' title='bbox 3255 1969 3421 2024; x_wconf 92' lang='lat' dir='ltr'><strong>eluci-</strong></span> 
     </span>
    </p>
   </div>
   <div class='ocr_carea' id='block_1_54' title="bbox 1842 2056 3419 2129">
    <p class='ocr_par' dir='ltr' id='par_1_54' title="bbox 1842 2056 3419 2129">
     <span class='ocr_line' id='line_1_54' title="bbox 1842 2056 3419 2129; baseline 0.001 -18"><span class='ocrx_word' id='word_1_356' title='bbox 1842 2057 2002 2122; x_wconf 90' lang='lat' dir='ltr'><strong>dant;</strong></span> <span class='ocrx_word' id='word_1_357' title='bbox 2031 2057 2210 2111; x_wconf 82' lang='lat' dir='ltr'><strong>exitus</strong></span> <span class='ocrx_word' id='word_1_358' title='bbox 2238 2065 2416 2112; x_wconf 91' lang='lat' dir='ltr'><strong>autem</strong></span> <span class='ocrx_word' id='word_1_359' title='bbox 2436 2067 2553 2112; x_wconf 77' lang='lat' dir='ltr'><strong>acta</strong></span> <span class='ocrx_word' id='word_1_360' title='bbox 2581 2057 2795 2126; x_wconf 86' lang='lat' dir='ltr'><strong>probat.</strong></span> <span class='ocrx_word' id='word_1_361' title='bbox 2826 2056 2903 2112; x_wconf 85' lang='lat' dir='ltr'><strong>Ne</strong></span> <span class='ocrx_word' id='word_1_362' title='bbox 2931 2058 3096 2129; x_wconf 80' lang='lat' dir='ltr'><strong>igitur</strong></span> <span class='ocrx_word' id='word_1_363' title='bbox 3127 2059 3419 2114; x_wconf 84' lang='lat' dir='ltr'><strong>verborum</strong></span> 
     </span>
    </p>
   </div>
   <div class='ocr_carea' id='block_1_55' title="bbox 1841 2146 3419 2218">
    <p class='ocr_par' dir='ltr' id='par_1_55' title="bbox 1841 2146 3419 2218">
     <span class='ocr_line' id='line_1_55' title="bbox 1841 2146 3419 2218; baseline 0.002 -18"><span class='ocrx_word' id='word_1_364' title='bbox 1841 2147 2125 2218; x_wconf 83' lang='lat' dir='ltr'><strong>prolixitas</strong></span> <span class='ocrx_word' id='word_1_365' title='bbox 2205 2146 2508 2218; x_wconf 78' lang='lat' dir='ltr'><strong>legentibus</strong></span> <span class='ocrx_word' id='word_1_366' title='bbox 2568 2148 2784 2202; x_wconf 72' lang='lat' dir='ltr'><strong>tmdium</strong></span> <span class='ocrx_word' id='word_1_367' title='bbox 2859 2147 3082 2215; x_wconf 74' lang='lat' dir='ltr'><strong>inferat,</strong></span> <span class='ocrx_word' id='word_1_368' title='bbox 3144 2149 3419 2206; x_wconf 88' lang='lat' dir='ltr'><strong>scribendi</strong></span> 
     </span>
    </p>
   </div>
   <div class='ocr_carea' id='block_1_56' title="bbox 1841 2236 3422 2310">
    <p class='ocr_par' dir='ltr' id='par_1_56' title="bbox 1841 2236 3422 2310">
     <span class='ocr_line' id='line_1_56' title="bbox 1841 2236 3422 2310; baseline 0.002 -19"><span class='ocrx_word' id='word_1_369' title='bbox 1841 2237 2004 2292; x_wconf 91' lang='lat' dir='ltr'><strong>ﬁnem</strong></span> <span class='ocrx_word' id='word_1_370' title='bbox 2032 2236 2294 2292; x_wconf 83' lang='lat' dir='ltr'><strong>faciamus</strong></span> <span class='ocrx_word' id='word_1_371' title='bbox 2321 2278 2334 2300; x_wconf 93' lang='lat'><strong>,</strong></span> <span class='ocrx_word' id='word_1_372' title='bbox 2370 2237 2540 2292; x_wconf 89' lang='lat' dir='ltr'><strong>Deum</strong></span> <span class='ocrx_word' id='word_1_373' title='bbox 2586 2252 2750 2310; x_wconf 90' lang='lat' dir='ltr'><strong>super</strong></span> <span class='ocrx_word' id='word_1_374' title='bbox 2773 2240 2954 2294; x_wconf 88' lang='lat' dir='ltr'><strong>omnia</strong></span> <span class='ocrx_word' id='word_1_375' title='bbox 3001 2250 3056 2294; x_wconf 93' lang='lat' dir='ltr'><strong>et</strong></span> <span class='ocrx_word' id='word_1_376' title='bbox 3085 2240 3136 2294; x_wconf 93' lang='lat' dir='ltr'><strong>in</strong></span> <span class='ocrx_word' id='word_1_377' title='bbox 3166 2243 3422 2296; x_wconf 83' lang='lat' dir='ltr'><strong>omnibus</strong></span> 
     </span>
    </p>
   </div>
   <div class='ocr_carea' id='block_1_57' title="bbox 1841 2327 3412 2400">
    <p class='ocr_par' dir='ltr' id='par_1_57' title="bbox 1841 2327 3412 2400">
     <span class='ocr_line' id='line_1_57' title="bbox 1841 2327 3412 2400; baseline 0.004 -20"><span class='ocrx_word' id='word_1_378' title='bbox 1841 2327 2228 2400; x_wconf 89' lang='lat' dir='ltr'><strong>gloriﬁcantes,</strong></span> <span class='ocrx_word' id='word_1_379' title='bbox 2260 2329 2350 2396; x_wconf 88' lang='lat' dir='ltr'><strong>qui</strong></span> <span class='ocrx_word' id='word_1_380' title='bbox 2379 2337 2485 2382; x_wconf 88' lang='lat' dir='ltr'><strong>tam</strong></span> <span class='ocrx_word' id='word_1_381' title='bbox 2515 2329 2793 2400; x_wconf 77' lang='lat' dir='ltr'><strong>egregium</strong></span> <span class='ocrx_word' id='word_1_382' title='bbox 2829 2331 3128 2397; x_wconf 84' lang='lat' dir='ltr'><strong>ductorem,</strong></span> <span class='ocrx_word' id='word_1_383' title='bbox 3160 2332 3412 2396; x_wconf 62' lang='lat' dir='ltr'><strong>bcatissi:</strong></span> 
     </span>
    </p>
   </div>
   <div class='ocr_carea' id='block_1_58' title="bbox 1842 2419 3423 2491">
    <p class='ocr_par' dir='ltr' id='par_1_58' title="bbox 1842 2419 3423 2491">
     <span class='ocr_line' id='line_1_58' title="bbox 1842 2419 3423 2491; baseline 0.001 -17"><span class='ocrx_word' id='word_1_384' title='bbox 1842 2435 1991 2474; x_wconf 87' lang='lat' dir='ltr'><strong>mum</strong></span> <span class='ocrx_word' id='word_1_385' title='bbox 2023 2420 2337 2485; x_wconf 84' lang='lat' dir='ltr'><strong>Geraldum,</strong></span> <span class='ocrx_word' id='word_1_386' title='bbox 2366 2420 2431 2475; x_wconf 88' lang='lat' dir='ltr'><strong>de</strong></span> <span class='ocrx_word' id='word_1_387' title='bbox 2479 2419 2788 2491; x_wconf 79' lang='lat' dir='ltr'><strong>longinquis</strong></span> <span class='ocrx_word' id='word_1_388' title='bbox 2831 2422 3026 2477; x_wconf 89' lang='lat' dir='ltr'><strong>ﬁnibus</strong></span> <span class='ocrx_word' id='word_1_389' title='bbox 3062 2423 3127 2476; x_wconf 89' lang='lat' dir='ltr'><strong>ad</strong></span> <span class='ocrx_word' id='word_1_390' title='bbox 3150 2423 3423 2484; x_wconf 85' lang='lat' dir='ltr'><strong>illumina—</strong></span> 
     </span>
    </p>
   </div>
   <div class='ocr_carea' id='block_1_59' title="bbox 1845 2509 3445 2580">
    <p class='ocr_par' dir='ltr' id='par_1_59' title="bbox 1845 2509 3445 2580">
     <span class='ocr_line' id='line_1_59' title="bbox 1845 2509 3445 2580; baseline 0.001 -16"><span class='ocrx_word' id='word_1_391' title='bbox 1845 2509 2044 2564; x_wconf 92' lang='lat' dir='ltr'><strong>tionem</strong></span> <span class='ocrx_word' id='word_1_392' title='bbox 2098 2509 2331 2580; x_wconf 80' lang='lat' dir='ltr'><strong>regionis</strong></span> <span class='ocrx_word' id='word_1_393' title='bbox 2382 2509 2537 2564; x_wconf 91' lang='lat' dir='ltr'><strong>istius</strong></span> <span class='ocrx_word' id='word_1_394' title='bbox 2589 2510 2910 2565; x_wconf 90' lang='lat' dir='ltr'><strong>mirabiliter</strong></span> <span class='ocrx_word' id='word_1_395' title='bbox 2954 2511 3274 2576; x_wconf 84' lang='lat' dir='ltr'><strong>destinavit;</strong></span> <span class='ocrx_word' id='word_1_396' title='bbox 3331 2512 3445 2565; x_wconf 80' lang='lat' dir='ltr'><strong>cui.</strong></span> 
     </span>
    </p>
   </div>
   <div class='ocr_carea' id='block_1_60' title="bbox 1843 2600 3416 2671">
    <p class='ocr_par' dir='ltr' id='par_1_60' title="bbox 1843 2600 3416 2671">
     <span class='ocr_line' id='line_1_60' title="bbox 1843 2600 3416 2671; baseline -0.002 -16"><span class='ocrx_word' id='word_1_397' title='bbox 1843 2610 1926 2656; x_wconf 85' lang='lat' dir='ltr'><strong>est</strong></span> <span class='ocrx_word' id='word_1_398' title='bbox 1980 2601 2154 2656; x_wconf 85' lang='lat' dir='ltr'><strong>honor</strong></span> <span class='ocrx_word' id='word_1_399' title='bbox 2217 2611 2272 2656; x_wconf 87' lang='lat' dir='ltr'><strong>et</strong></span> <span class='ocrx_word' id='word_1_400' title='bbox 2345 2600 2630 2671; x_wconf 89' lang='lat' dir='ltr'><strong>imperium</strong></span> <span class='ocrx_word' id='word_1_401' title='bbox 2702 2600 2757 2654; x_wconf 91' lang='lat' dir='ltr'><strong>in</strong></span> <span class='ocrx_word' id='word_1_402' title='bbox 2817 2600 3010 2657; x_wconf 63' lang='lat' dir='ltr'><strong>saecula</strong></span> <span class='ocrx_word' id='word_1_403' title='bbox 3075 2600 3416 2656; x_wconf 69' lang='lat' dir='ltr'><strong>saeculorum.</strong></span> 
     </span>
    </p>
   </div>
   <div class='ocr_carea' id='block_1_61' title="bbox 1841 2701 2035 2760">
    <p class='ocr_par' dir='ltr' id='par_1_61' title="bbox 1841 2701 2035 2760">
     <span class='ocr_line' id='line_1_61' title="bbox 1841 2701 2035 2760; baseline 0.01 -6"><span class='ocrx_word' id='word_1_404' title='bbox 1841 2701 2035 2760; x_wconf 82' lang='lat' dir='ltr'><strong>Amen.</strong></span> 
     </span>
    </p>
   </div>
   <div class='ocr_carea' id='block_1_62' title="bbox 1843 2893 3424 2966">
    <p class='ocr_par' dir='ltr' id='par_1_62' title="bbox 1843 2893 3424 2966">
     <span class='ocr_line' id='line_1_62' title="bbox 1843 2893 3424 2966; baseline -0.002 -17"><span class='ocrx_word' id='word_1_405' title='bbox 1843 2904 1976 2964; x_wconf 91' lang='lat' dir='ltr'><strong>quot</strong></span> <span class='ocrx_word' id='word_1_406' title='bbox 2004 2895 2058 2950; x_wconf 91' lang='lat' dir='ltr'><strong>in</strong></span> <span class='ocrx_word' id='word_1_407' title='bbox 2091 2895 2287 2950; x_wconf 89' lang='lat' dir='ltr'><strong>vicinis</strong></span> <span class='ocrx_word' id='word_1_408' title='bbox 2311 2896 2560 2952; x_wconf 89' lang='lat' dir='ltr'><strong>domibus</strong></span> <span class='ocrx_word' id='word_1_409' title='bbox 2601 2897 2742 2952; x_wconf 88' lang='lat' dir='ltr'><strong>haud</strong></span> <span class='ocrx_word' id='word_1_410' title='bbox 2770 2895 2955 2966; x_wconf 88' lang='lat' dir='ltr'><strong>procul</strong></span> <span class='ocrx_word' id='word_1_411' title='bbox 2983 2895 3049 2951; x_wconf 89' lang='lat' dir='ltr'><strong>ab</strong></span> <span class='ocrx_word' id='word_1_412' title='bbox 3073 2893 3298 2966; x_wconf 84' lang='lat' dir='ltr'><strong>ecclesia</strong></span> <span class='ocrx_word' id='word_1_413' title='bbox 3329 2893 3424 2951; x_wconf 82' lang='lat' dir='ltr'><strong>ba-</strong></span> 
     </span>
    </p>
   </div>
   <div class='ocr_carea' id='block_1_63' title="bbox 1841 2965 3422 3036">
    <p class='ocr_par' dir='ltr' id='par_1_63' title="bbox 1841 2965 3422 3036">
     <span class='ocr_line' id='line_1_63' title="bbox 1841 2965 3422 3036; baseline -0.003 -16"><span class='ocrx_word' id='word_1_414' title='bbox 1841 2966 2108 3036; x_wconf 81' lang='lat' dir='ltr'><strong>bitabant.</strong></span> <span class='ocrx_word' id='word_1_415' title='bbox 2146 2966 2445 3036; x_wconf 77' lang='lat' dir='ltr'><strong>Oregundis</strong></span> <span class='ocrx_word' id='word_1_416' title='bbox 2474 2977 2670 3022; x_wconf 64' lang='lat' dir='ltr'><strong>sancta</strong></span> <span class='ocrx_word' id='word_1_417' title='bbox 2698 2965 3102 3021; x_wconf 72' lang='lat' dir='ltr'><strong>conversationis</strong></span> <span class='ocrx_word' id='word_1_418' title='bbox 3131 2965 3362 3018; x_wconf 81' lang='lat' dir='ltr'><strong>habitum</strong></span> <span class='ocrx_word' id='word_1_419' title='bbox 3391 2981 3422 3016; x_wconf 89' lang='lat' dir='ltr'><strong>a</strong></span> 
     </span>
    </p>
   </div>
   <div class='ocr_carea' id='block_1_64' title="bbox 1844 3035 3422 3106">
    <p class='ocr_par' dir='ltr' id='par_1_64' title="bbox 1844 3035 3422 3106">
     <span class='ocr_line' id='line_1_64' title="bbox 1844 3035 3422 3106; baseline -0.003 -15"><span class='ocrx_word' id='word_1_420' title='bbox 1844 3036 1906 3106; x_wconf 85' lang='lat' dir='ltr'><strong>S.</strong></span> <span class='ocrx_word' id='word_1_421' title='bbox 1933 3035 2170 3106; x_wconf 10' lang='lat' dir='ltr'><strong>Geraldoi</strong></span> <span class='ocrx_word' id='word_1_422' title='bbox 2208 3035 2514 3106; x_wconf 82' lang='lat' dir='ltr'><strong>suscepisse</strong></span> <span class='ocrx_word' id='word_1_423' title='bbox 2544 3038 2740 3092; x_wconf 87' lang='lat' dir='ltr'><strong>dicitur</strong></span> <span class='ocrx_word' id='word_1_424' title='bbox 2766 3037 2817 3090; x_wconf 91' lang='lat' dir='ltr'><strong>in</strong></span> <span class='ocrx_word' id='word_1_425' title='bbox 2849 3037 3013 3106; x_wconf 88' lang='lat' dir='ltr'><strong>veleri</strong></span> <span class='ocrx_word' id='word_1_426' title='bbox 3043 3036 3422 3106; x_wconf 71' lang='lat' dir='ltr'><strong>instrumento.</strong></span> 
     </span>
    </p>
   </div>
   <div class='ocr_carea' id='block_1_65' title="bbox 1845 3104 3422 3175">
    <p class='ocr_par' dir='ltr' id='par_1_65' title="bbox 1845 3104 3422 3175">
     <span class='ocr_line' id='line_1_65' title="bbox 1845 3104 3422 3175; baseline -0.006 -10"><span class='ocrx_word' id='word_1_427' title='bbox 1845 3105 1977 3165; x_wconf 73' lang='lat' dir='ltr'><strong>Alite</strong></span> <span class='ocrx_word' id='word_1_428' title='bbox 2028 3105 2234 3175; x_wconf 86' lang='lat' dir='ltr'><strong>passim</strong></span> <span class='ocrx_word' id='word_1_429' title='bbox 2295 3104 2690 3161; x_wconf 78' lang='lat' dir='ltr'><strong>memorantur.</strong></span> <span class='ocrx_word' id='word_1_430' title='bbox 2755 3109 2898 3161; x_wconf 89' lang='lat' dir='ltr'><strong>Inter</strong></span> <span class='ocrx_word' id='word_1_431' title='bbox 2954 3105 3057 3159; x_wconf 90' lang='lat' dir='ltr'><strong>alia</strong></span> <span class='ocrx_word' id='word_1_432' title='bbox 3111 3104 3422 3175; x_wconf 81' lang='lat' dir='ltr'><strong>monasterii</strong></span> 
     </span>
    </p>
   </div>
   <div class='ocr_carea' id='block_1_66' title="bbox 1846 3174 3428 3252">
    <p class='ocr_par' dir='ltr' id='par_1_66' title="bbox 1846 3174 3428 3252">
     <span class='ocr_line' id='line_1_66' title="bbox 1846 3174 3428 3252; baseline -0.004 -21"><span class='ocrx_word' id='word_1_433' title='bbox 1846 3174 2261 3247; x_wconf 70' lang='lat' dir='ltr'><strong>Silvae-Majoris</strong></span> <span class='ocrx_word' id='word_1_434' title='bbox 2311 3177 2428 3252; x_wconf 79' lang='lat' dir='ltr'><strong>loca</strong></span> <span class='ocrx_word' id='word_1_435' title='bbox 2461 3193 2607 3252; x_wconf 44' lang='lat' dir='ltr'><strong>qua;</strong></span> <span class='ocrx_word' id='word_1_436' title='bbox 2631 3179 2682 3231; x_wconf 91' lang='lat' dir='ltr'><strong>in</strong></span> <span class='ocrx_word' id='word_1_437' title='bbox 2725 3177 2867 3252; x_wconf 79' lang='lat' dir='ltr'><strong>bulla</strong></span> <span class='ocrx_word' id='word_1_438' title='bbox 2899 3176 3176 3252; x_wconf 70' lang='lat' dir='ltr'><strong>leestini</strong></span> <span class='ocrx_word' id='word_1_439' title='bbox 3220 3174 3284 3252; x_wconf 81' lang='lat' dir='ltr'><strong>lll</strong></span> <span class='ocrx_word' id='word_1_440' title='bbox 3317 3189 3428 3252; x_wconf 53' lang='lat' dir='ltr'><strong>me:</strong></span> 
     </span>
    </p>
   </div>
   <div class='ocr_carea' id='block_1_67' title="bbox 1845 3245 3426 3317">
    <p class='ocr_par' dir='ltr' id='par_1_67' title="bbox 1845 3245 3426 3317">
     <span class='ocr_line' id='line_1_67' title="bbox 1845 3245 3426 3317; baseline -0.003 -17"><span class='ocrx_word' id='word_1_441' title='bbox 1845 3245 2153 3317; x_wconf 69' lang='lat' dir='ltr'><strong>morantur,</strong></span> <span class='ocrx_word' id='word_1_442' title='bbox 2201 3249 2435 3304; x_wconf 86' lang='lat' dir='ltr'><strong>occurrit</strong></span> <span class='ocrx_word' id='word_1_443' title='bbox 2471 3245 2769 3317; x_wconf 82' lang='lat' dir='ltr'><strong>parthenon</strong></span> <span class='ocrx_word' id='word_1_444' title='bbox 2799 3247 3069 3301; x_wconf 82' lang='lat' dir='ltr'><strong>l’omarcti</strong></span> <span class='ocrx_word' id='word_1_445' title='bbox 3114 3247 3166 3317; x_wconf 82' lang='lat' dir='ltr'><strong>in</strong></span> <span class='ocrx_word' id='word_1_446' title='bbox 3207 3245 3426 3317; x_wconf 70' lang='lat' dir='ltr'><strong>dimccsi</strong></span> 
     </span>
    </p>
   </div>
   <div class='ocr_carea' id='block_1_68' title="bbox 1845 3314 3429 3387">
    <p class='ocr_par' dir='ltr' id='par_1_68' title="bbox 1845 3314 3429 3387">
     <span class='ocr_line' id='line_1_68' title="bbox 1845 3314 3429 3387; baseline -0.003 -18"><span class='ocrx_word' id='word_1_447' title='bbox 1845 3315 2193 3387; x_wconf 78' lang='lat' dir='ltr'><strong>Caturcensi,</strong></span> <span class='ocrx_word' id='word_1_448' title='bbox 2249 3334 2372 3372; x_wconf 88' lang='lat' dir='ltr'><strong>cum</strong></span> <span class='ocrx_word' id='word_1_449' title='bbox 2424 3314 2539 3372; x_wconf 80' lang='lat' dir='ltr'><strong>suis</strong></span> <span class='ocrx_word' id='word_1_450' title='bbox 2579 3318 2930 3387; x_wconf 88' lang='lat' dir='ltr'><strong>prioratibus,</strong></span> <span class='ocrx_word' id='word_1_451' title='bbox 2981 3327 3085 3371; x_wconf 90' lang='lat' dir='ltr'><strong>etc.</strong></span> <span class='ocrx_word' id='word_1_452' title='bbox 3123 3315 3255 3370; x_wconf 85' lang='lat' dir='ltr'><strong>Erat</strong></span> <span class='ocrx_word' id='word_1_453' title='bbox 3291 3314 3429 3366; x_wconf 83' lang='lat' dir='ltr'><strong>alius</strong></span> 
     </span>
    </p>
   </div>
   <div class='ocr_carea' id='block_1_69' title="bbox 1842 3386 3266 3456">
    <p class='ocr_par' dir='ltr' id='par_1_69' title="bbox 1842 3386 3266 3456">
     <span class='ocr_line' id='line_1_69' title="bbox 1842 3386 3266 3456; baseline 0 -16"><span class='ocrx_word' id='word_1_454' title='bbox 1842 3386 2097 3442; x_wconf 81' lang='lat' dir='ltr'><strong>Gavareti</strong></span> <span class='ocrx_word' id='word_1_455' title='bbox 2132 3388 2187 3442; x_wconf 92' lang='lat' dir='ltr'><strong>in</strong></span> <span class='ocrx_word' id='word_1_456' title='bbox 2229 3389 2532 3454; x_wconf 86' lang='lat' dir='ltr'><strong>Occitania,</strong></span> <span class='ocrx_word' id='word_1_457' title='bbox 2565 3386 2943 3456; x_wconf 68' lang='lat' dir='ltr'><strong>Silvm-Majori</strong></span> <span class='ocrx_word' id='word_1_458' title='bbox 2972 3388 3266 3442; x_wconf 84' lang='lat' dir='ltr'><strong>subiectus.</strong></span> 
     </span>
    </p>
   </div>
   <div class='ocr_carea' id='block_1_70' title="bbox 2619 3605 2651 3634">
    <p class='ocr_par' dir='ltr' id='par_1_70' title="bbox 2619 3605 2651 3634">
     <span class='ocr_line' id='line_1_70' title="bbox 2619 3605 2651 3634; baseline 0 0"><span class='ocrx_word' id='word_1_459' title='bbox 2619 3605 2651 3634; x_wconf 76' lang='grc' dir='ltr'><em>Ι</em></span> 
     </span>
    </p>
   </div>
   <div class='ocr_carea' id='block_1_71' title="bbox 149 3626 3431 3662">
    <p class='ocr_par' dir='ltr' id='par_1_71' title="bbox 149 3626 3431 3662">
     <span class='ocr_line' id='line_1_71' title="bbox 149 3626 3431 3662; baseline 0.001 -10"><span class='ocrx_word' id='word_1_460' title='bbox 149 3626 3431 3662; x_wconf 51' lang='lat' dir='ltr'><strong>mw</strong></span> 
     </span>
    </p>
   </div>
   <div class='ocr_carea' id='block_1_72' title="bbox 792 3805 2784 3945">
    <p class='ocr_par' dir='ltr' id='par_1_72' title="bbox 792 3805 2784 3945">
     <span class='ocr_line' id='line_1_72' title="bbox 792 3805 2784 3945; baseline -0.001 -5"><span class='ocrx_word' id='word_1_461' title='bbox 792 3805 1187 3940; x_wconf 87' lang='lat' dir='ltr'><strong>VITA</strong></span> <span class='ocrx_word' id='word_1_462' title='bbox 1283 3805 1858 3940; x_wconf 82' lang='lat' dir='ltr'><strong>SANCTI</strong></span> <span class='ocrx_word' id='word_1_463' title='bbox 1972 3808 2784 3945; x_wconf 78' lang='lat' dir='ltr'><strong>ADALARDI</strong></span> 
     </span>
    </p>
   </div>
   <div class='ocr_carea' id='block_1_73' title="bbox 1347 4069 2253 4145">
    <p class='ocr_par' dir='ltr' id='par_1_73' title="bbox 1347 4069 2253 4145">
     <span class='ocr_line' id='line_1_73' title="bbox 1347 4069 2253 4145; baseline 0 -15"><span class='ocrx_word' id='word_1_464' title='bbox 1347 4069 1686 4130; x_wconf 78' lang='lat' dir='ltr'><strong>ABBATIS</strong></span> <span class='ocrx_word' id='word_1_465' title='bbox 1719 4069 2253 4145; x_wconf 77' lang='lat' dir='ltr'><strong>CORBEIENSIS,</strong></span> 
     </span>
    </p>
   </div>
   <div class='ocr_carea' id='block_1_74' title="bbox 239 3913 566 4088">
    <p class='ocr_par' dir='ltr' id='par_1_74' title="bbox 239 3913 566 4088">
     <span class='ocr_line' id='line_1_74' title="bbox 239 3913 566 4088; baseline 0 0"><span class='ocrx_word' id='word_1_466' title='bbox 239 3913 566 4088; x_wconf 43' lang='lat' dir='ltr'><strong>0M</strong></span> 
     </span>
    </p>
   </div>
   <div class='ocr_carea' id='block_1_75' title="bbox 1829 4170 1892 4212">
    <p class='ocr_par' dir='ltr' id='par_1_75' title="bbox 1829 4170 1892 4212">
     <span class='ocr_line' id='line_1_75' title="bbox 1829 4170 1892 4212; baseline 0 -5"><span class='ocrx_word' id='word_1_467' title='bbox 1829 4170 1892 4212; x_wconf 60' lang='grc' dir='ltr'><strong>μὶ</strong></span> 
     </span>
    </p>
   </div>
   <div class='ocr_carea' id='block_1_76' title="bbox 827 4195 2752 4326">
    <p class='ocr_par' dir='ltr' id='par_1_76' title="bbox 827 4195 2752 4326">
     <span class='ocr_line' id='line_1_76' title="bbox 827 4195 2752 4326; baseline -0.003 -35"><span class='ocrx_word' id='word_1_468' title='bbox 827 4233 1151 4294; x_wconf 77' lang='lat' dir='ltr'><strong>AUCTORE</strong></span> <span class='ocrx_word' id='word_1_469' title='bbox 1192 4233 1463 4292; x_wconf 60' lang='lat' dir='ltr'><strong>suam</strong></span> <span class='ocrx_word' id='word_1_470' title='bbox 1487 4195 2141 4326; x_wconf 30' lang='lat' dir='ltr'><strong>permaduimus</strong></span> <span class='ocrx_word' id='word_1_471' title='bbox 2181 4230 2752 4318; x_wconf 28' lang='lat' dir='ltr'><strong>sufﬁgi-mgis,</strong></span> 
     </span>
    </p>
   </div>
   <div class='ocr_carea' id='block_1_77' title="bbox 2262 4304 2396 4317">
    <p class='ocr_par' dir='ltr' id='par_1_77' title="bbox 2262 4304 2396 4317">
     <span class='ocr_line' id='line_1_77' title="bbox 2262 4304 2396 4317; baseline 0.015 -2"><span class='ocrx_word' id='word_1_472' title='bbox 2262 4304 2396 4317; x_wconf 53' lang='grc' dir='ltr'><em>ψ</em></span> 
     </span>
    </p>
   </div>
   <div class='ocr_carea' id='block_1_78' title="bbox 1060 4385 2492 4458">
    <p class='ocr_par' dir='ltr' id='par_1_78' title="bbox 1060 4385 2492 4458">
     <span class='ocr_line' id='line_1_78' title="bbox 1060 4385 2492 4458; baseline 0.001 -18"><span class='ocrx_word' id='word_1_473' title='bbox 1060 4386 1234 4458; x_wconf 77' lang='lat' dir='ltr'><strong>(Apud</strong></span> <span class='ocrx_word' id='word_1_474' title='bbox 1261 4387 1486 4442; x_wconf 70' lang='lat' dir='ltr'><strong>MABlLL.</strong></span> <span class='ocrx_word' id='word_1_475' title='bbox 1514 4389 1645 4441; x_wconf 82' lang='lat' dir='ltr'><strong>Acta</strong></span> <span class='ocrx_word' id='word_1_476' title='bbox 1672 4386 1893 4453; x_wconf 86' lang='lat' dir='ltr'><strong>Bened.,</strong></span> <span class='ocrx_word' id='word_1_477' title='bbox 1925 4397 2053 4442; x_wconf 89' lang='lat' dir='ltr'><strong>tom.</strong></span> <span class='ocrx_word' id='word_1_478' title='bbox 2104 4408 2156 4453; x_wconf 76' lang='grc' dir='ltr'><strong>ν,</strong></span> <span class='ocrx_word' id='word_1_479' title='bbox 2189 4403 2308 4456; x_wconf 84' lang='lat' dir='ltr'><strong>pag.</strong></span> <span class='ocrx_word' id='word_1_480' title='bbox 2341 4385 2492 4458; x_wconf 73' lang='lat' dir='ltr'><strong>3l5.)</strong></span> 
     </span>
    </p>
   </div>
   <div class='ocr_carea' id='block_1_79' title="bbox 1127 4597 2458 4764">
    <p class='ocr_par' dir='ltr' id='par_1_79' title="bbox 1127 4597 2458 4764">
     <span class='ocr_line' id='line_1_79' title="bbox 1127 4597 2458 4764; baseline -0.002 -6"><span class='ocrx_word' id='word_1_481' title='bbox 1127 4669 1756 4764; x_wconf 81' lang='lat' dir='ltr'>PROLOGUS</span> <span class='ocrx_word' id='word_1_482' title='bbox 1826 4669 2458 4761; x_wconf 82' lang='lat' dir='ltr'><strong>AUCTORIS.</strong></span> 
     </span>
    </p>
   </div>
   <div class='ocr_carea' id='block_1_80' title="bbox 224 4859 3445 4944">
    <p class='ocr_par' dir='ltr' id='par_1_80' title="bbox 224 4859 3445 4944">
     <span class='ocr_line' id='line_1_80' title="bbox 224 4859 3445 4944; baseline -0.001 -26"><span class='ocrx_word' id='word_1_483' title='bbox 224 4864 278 4918; x_wconf 60' lang='grc' dir='ltr'><strong>θ.</strong></span> <span class='ocrx_word' id='word_1_484' title='bbox 306 4862 801 4936; x_wconf 80' lang='lat' dir='ltr'><strong>MagnusDominus</strong></span> <span class='ocrx_word' id='word_1_485' title='bbox 826 4871 878 4919; x_wconf 91' lang='lat' dir='ltr'><strong>et</strong></span> <span class='ocrx_word' id='word_1_486' title='bbox 899 4863 1182 4918; x_wconf 85' lang='lat' dir='ltr'><strong>laudabilis</strong></span> <span class='ocrx_word' id='word_1_487' title='bbox 1209 4861 1675 4934; x_wconf 86' lang='lat' dir='ltr'><strong>nimis,gloriosus</strong></span> <span class='ocrx_word' id='word_1_488' title='bbox 1690 4871 1746 4918; x_wconf 85' lang='lat' dir='ltr'><strong>et</strong></span> <span class='ocrx_word' id='word_1_489' title='bbox 1777 4889 1822 4944; x_wconf 72' lang='grc' dir='ltr'>υ</span> <span class='ocrx_word' id='word_1_490' title='bbox 1847 4862 2226 4936; x_wconf 67' lang='grc' dir='ltr'><strong>ρτωίἰειιτειιυι·</strong></span> <span class='ocrx_word' id='word_1_491' title='bbox 2251 4861 2560 4930; x_wconf 80' lang='lat' dir='ltr'><strong>imaginem.</strong></span> <span class='ocrx_word' id='word_1_492' title='bbox 2602 4861 2658 4914; x_wconf 93' lang='lat' dir='ltr'><strong>ln</strong></span> <span class='ocrx_word' id='word_1_493' title='bbox 2713 4862 2814 4916; x_wconf 84' lang='lat' dir='ltr'><strong>bac</strong></span> <span class='ocrx_word' id='word_1_494' title='bbox 2847 4875 2970 4930; x_wconf 87' lang='lat' dir='ltr'><strong>spes</strong></span> <span class='ocrx_word' id='word_1_495' title='bbox 3017 4860 3258 4916; x_wconf 88' lang='lat' dir='ltr'><strong>civitatis</strong></span> <span class='ocrx_word' id='word_1_496' title='bbox 3298 4859 3445 4915; x_wconf 89' lang='lat' dir='ltr'><strong>illius</strong></span> 
     </span>
    </p>
   </div>
   <div class='ocr_carea' id='block_1_81' title="bbox 149 4954 1742 5025">
    <p class='ocr_par' dir='ltr' id='par_1_81' title="bbox 149 4954 1742 5025">
     <span class='ocr_line' id='line_1_81' title="bbox 149 4954 1742 5025; baseline -0.003 -13"><span class='ocrx_word' id='word_1_497' title='bbox 149 4957 480 5024; x_wconf 79' lang='lat' dir='ltr'><strong>magniﬁcus</strong></span> <span class='ocrx_word' id='word_1_498' title='bbox 506 4957 558 5009; x_wconf 90' lang='lat' dir='ltr'><strong>in</strong></span> <span class='ocrx_word' id='word_1_499' title='bbox 584 4956 790 5011; x_wconf 90' lang='lat' dir='ltr'><strong>sanctis</strong></span> <span class='ocrx_word' id='word_1_500' title='bbox 818 4955 950 5010; x_wconf 88' lang='lat' dir='ltr'><strong>suis.</strong></span> <span class='ocrx_word' id='word_1_501' title='bbox 976 4954 1093 5025; x_wconf 86' lang='lat' dir='ltr'><strong>ipse</strong></span> <span class='ocrx_word' id='word_1_502' title='bbox 1111 4964 1196 5010; x_wconf 89' lang='lat' dir='ltr'><strong>est</strong></span> <span class='ocrx_word' id='word_1_503' title='bbox 1214 4957 1358 5010; x_wconf 84' lang='lat' dir='ltr'><strong>enim</strong></span> <span class='ocrx_word' id='word_1_504' title='bbox 1382 4969 1581 5012; x_wconf 84' lang='lat' dir='ltr'><strong>corona</strong></span> <span class='ocrx_word' id='word_1_505' title='bbox 1613 4970 1742 5008; x_wconf 87' lang='lat' dir='ltr'><strong>san-</strong></span> 
     </span>
    </p>
   </div>
   <div class='ocr_carea' id='block_1_82' title="bbox 151 5047 1744 5119">
    <p class='ocr_par' dir='ltr' id='par_1_82' title="bbox 151 5047 1744 5119">
     <span class='ocr_line' id='line_1_82' title="bbox 151 5047 1744 5119; baseline -0.001 -17"><span class='ocrx_word' id='word_1_506' title='bbox 151 5059 387 5113; x_wconf 85' lang='lat' dir='ltr'><strong>:torum,</strong></span> <span class='ocrx_word' id='word_1_507' title='bbox 420 5049 534 5119; x_wconf 90' lang='lat' dir='ltr'><strong>ipse</strong></span> <span class='ocrx_word' id='word_1_508' title='bbox 561 5063 708 5119; x_wconf 91' lang='lat' dir='ltr'><strong>spes,</strong></span> <span class='ocrx_word' id='word_1_509' title='bbox 759 5049 1045 5104; x_wconf 81' lang='lat' dir='ltr'><strong>exsultatio</strong></span> <span class='ocrx_word' id='word_1_510' title='bbox 1065 5057 1118 5102; x_wconf 91' lang='lat' dir='ltr'><strong>et</strong></span> <span class='ocrx_word' id='word_1_511' title='bbox 1147 5051 1421 5118; x_wconf 88' lang='lat' dir='ltr'><strong>gaudium.</strong></span> <span class='ocrx_word' id='word_1_512' title='bbox 1473 5047 1597 5117; x_wconf 80' lang='lat' dir='ltr'><strong>Ejus</strong></span> <span class='ocrx_word' id='word_1_513' title='bbox 1628 5047 1744 5102; x_wconf 91' lang='lat' dir='ltr'><strong>sin-</strong></span> 
     </span>
    </p>
   </div>
   <div class='ocr_carea' id='block_1_83' title="bbox 145 5137 1742 5208">
    <p class='ocr_par' dir='ltr' id='par_1_83' title="bbox 145 5137 1742 5208">
     <span class='ocr_line' id='line_1_83' title="bbox 145 5137 1742 5208; baseline 0.001 -18"><span class='ocrx_word' id='word_1_514' title='bbox 145 5139 355 5208; x_wconf 81' lang='lat' dir='ltr'><strong>gularis</strong></span> <span class='ocrx_word' id='word_1_515' title='bbox 385 5139 523 5194; x_wconf 86' lang='lat' dir='ltr'><strong>visio</strong></span> <span class='ocrx_word' id='word_1_516' title='bbox 544 5153 736 5194; x_wconf 83' lang='lat' dir='ltr'><strong>eorum</strong></span> <span class='ocrx_word' id='word_1_517' title='bbox 759 5147 842 5192; x_wconf 84' lang='lat' dir='ltr'><strong>est</strong></span> <span class='ocrx_word' id='word_1_518' title='bbox 858 5139 1178 5196; x_wconf 85' lang='lat' dir='ltr'><strong>universalis</strong></span> <span class='ocrx_word' id='word_1_519' title='bbox 1205 5137 1524 5202; x_wconf 87' lang='lat' dir='ltr'><strong>delectatio;</strong></span> <span class='ocrx_word' id='word_1_520' title='bbox 1550 5138 1742 5192; x_wconf 90' lang='lat' dir='ltr'><strong>borum</strong></span> 
     </span>
    </p>
   </div>
   <div class='ocr_carea' id='block_1_84' title="bbox 146 5227 1743 5292">
    <p class='ocr_par' dir='ltr' id='par_1_84' title="bbox 146 5227 1743 5292">
     <span class='ocr_line' id='line_1_84' title="bbox 146 5227 1743 5292; baseline 0.001 -10"><span class='ocrx_word' id='word_1_521' title='bbox 146 5238 333 5285; x_wconf 85' lang='lat' dir='ltr'><strong>autem</strong></span> <span class='ocrx_word' id='word_1_522' title='bbox 361 5229 734 5284; x_wconf 83' lang='lat' dir='ltr'><strong>exsultatione</strong></span> <span class='ocrx_word' id='word_1_523' title='bbox 765 5227 1016 5286; x_wconf 78' lang='lat' dir='ltr'><strong>fundatur</strong></span> <span class='ocrx_word' id='word_1_524' title='bbox 1063 5229 1310 5287; x_wconf 88' lang='lat' dir='ltr'><strong>universa</strong></span> <span class='ocrx_word' id='word_1_525' title='bbox 1363 5240 1533 5292; x_wconf 88' lang='lat' dir='ltr'><strong>terra,</strong></span> <span class='ocrx_word' id='word_1_526' title='bbox 1587 5244 1743 5283; x_wconf 91' lang='lat' dir='ltr'><strong>mons</strong></span> 
     </span>
    </p>
   </div>
   <div class='ocr_carea' id='block_1_85' title="bbox 1853 4949 3445 5020">
    <p class='ocr_par' dir='ltr' id='par_1_85' title="bbox 1853 4949 3445 5020">
     <span class='ocr_line' id='line_1_85' title="bbox 1853 4949 3445 5020; baseline -0.007 -8"><span class='ocrx_word' id='word_1_527' title='bbox 1853 4956 2103 5020; x_wconf 88' lang='lat' dir='ltr'><strong>habetur,</strong></span> <span class='ocrx_word' id='word_1_528' title='bbox 2132 4955 2184 5008; x_wconf 91' lang='lat' dir='ltr'><strong>in</strong></span> <span class='ocrx_word' id='word_1_529' title='bbox 2216 4955 2305 5008; x_wconf 88' lang='lat' dir='ltr'><strong>illa</strong></span> <span class='ocrx_word' id='word_1_530' title='bbox 2338 4968 2424 5007; x_wconf 87' lang='lat' dir='ltr'><strong>res</strong></span> <span class='ocrx_word' id='word_1_531' title='bbox 2469 4951 2776 5007; x_wconf 84' lang='lat' dir='ltr'><strong>desiderata</strong></span> <span class='ocrx_word' id='word_1_532' title='bbox 2815 4959 3046 5015; x_wconf 88' lang='lat' dir='ltr'><strong>tenetur.</strong></span> <span class='ocrx_word' id='word_1_533' title='bbox 3091 4949 3221 5007; x_wconf 64' lang='lat' dir='ltr'><strong>llaec</strong></span> <span class='ocrx_word' id='word_1_534' title='bbox 3256 4952 3445 5006; x_wconf 89' lang='lat' dir='ltr'><strong>beatos</strong></span> 
     </span>
    </p>
   </div>
   <div class='ocr_carea' id='block_1_86' title="bbox 1853 5039 3444 5114">
    <p class='ocr_par' dir='ltr' id='par_1_86' title="bbox 1853 5039 3444 5114">
     <span class='ocr_line' id='line_1_86' title="bbox 1853 5039 3444 5114; baseline -0.009 -11"><span class='ocrx_word' id='word_1_535' title='bbox 1853 5049 2000 5110; x_wconf 81' lang='lat' dir='ltr'><strong>facit,</strong></span> <span class='ocrx_word' id='word_1_536' title='bbox 2039 5046 2126 5100; x_wconf 91' lang='lat' dir='ltr'><strong>illa</strong></span> <span class='ocrx_word' id='word_1_537' title='bbox 2159 5046 2365 5102; x_wconf 89' lang='lat' dir='ltr'><strong>electos</strong></span> <span class='ocrx_word' id='word_1_538' title='bbox 2392 5045 2583 5100; x_wconf 88' lang='lat' dir='ltr'><strong>reﬁcit.</strong></span> <span class='ocrx_word' id='word_1_539' title='bbox 2619 5044 2730 5101; x_wconf 86' lang='lat' dir='ltr'><strong>Nec</strong></span> <span class='ocrx_word' id='word_1_540' title='bbox 2750 5055 2835 5106; x_wconf 81' lang='lat' dir='ltr'><strong>est</strong></span> <span class='ocrx_word' id='word_1_541' title='bbox 2860 5045 2958 5101; x_wconf 89' lang='lat' dir='ltr'><strong>ista</strong></span> <span class='ocrx_word' id='word_1_542' title='bbox 2995 5050 3196 5114; x_wconf 83' lang='lat' dir='ltr'><strong>exper‘s</strong></span> <span class='ocrx_word' id='word_1_543' title='bbox 3243 5039 3444 5097; x_wconf 88' lang='lat' dir='ltr'><strong>civium</strong></span> 
     </span>
    </p>
   </div>
   <div class='ocr_carea' id='block_1_87' title="bbox 1854 5133 3443 5205">
    <p class='ocr_par' dir='ltr' id='par_1_87' title="bbox 1854 5133 3443 5205">
     <span class='ocr_line' id='line_1_87' title="bbox 1854 5133 3443 5205; baseline 0 -14"><span class='ocrx_word' id='word_1_544' title='bbox 1854 5138 2104 5204; x_wconf 84' lang='lat' dir='ltr'><strong>illorum;</strong></span> <span class='ocrx_word' id='word_1_545' title='bbox 2141 5139 2282 5192; x_wconf 91' lang='lat' dir='ltr'><strong>Deus</strong></span> <span class='ocrx_word' id='word_1_546' title='bbox 2303 5136 2444 5191; x_wconf 88' lang='lat' dir='ltr'><strong>enim</strong></span> <span class='ocrx_word' id='word_1_547' title='bbox 2467 5138 2812 5205; x_wconf 85' lang='lat' dir='ltr'><strong>cognoscitur</strong></span> <span class='ocrx_word' id='word_1_548' title='bbox 2861 5136 2914 5190; x_wconf 92' lang='lat' dir='ltr'><strong>in</strong></span> <span class='ocrx_word' id='word_1_549' title='bbox 2955 5133 3209 5190; x_wconf 89' lang='lat' dir='ltr'><strong>domibus</strong></span> <span class='ocrx_word' id='word_1_550' title='bbox 3233 5143 3443 5191; x_wconf 71' lang='lat' dir='ltr'><strong>eorum.</strong></span> 
     </span>
    </p>
   </div>
   <div class='ocr_carea' id='block_1_88' title="bbox 1853 5215 3459 5297">
    <p class='ocr_par' dir='ltr' id='par_1_88' title="bbox 1853 5215 3459 5297">
     <span class='ocr_line' id='line_1_88' title="bbox 1853 5215 3459 5297; baseline -0.011 -15"><span class='ocrx_word' id='word_1_551' title='bbox 1853 5229 1942 5283; x_wconf 89' lang='lat' dir='ltr'><strong>ubi</strong></span> <span class='ocrx_word' id='word_1_552' title='bbox 1975 5229 2224 5283; x_wconf 89' lang='lat' dir='ltr'><strong>videlicet</strong></span> <span class='ocrx_word' id='word_1_553' title='bbox 2274 5230 2632 5297; x_wconf 86' lang='lat' dir='ltr'><strong>imperatores</strong></span> <span class='ocrx_word' id='word_1_554' title='bbox 2679 5235 2976 5283; x_wconf 81' lang='lat' dir='ltr'><strong>curvantur</strong></span> <span class='ocrx_word' id='word_1_555' title='bbox 3020 5231 3145 5276; x_wconf 90' lang='lat' dir='ltr'><strong>ante</strong></span> <span class='ocrx_word' id='word_1_556' title='bbox 3207 5215 3459 5275; x_wconf 81' lang='lat' dir='ltr'><strong>tumulos.</strong></span> 
     </span>
    </p>
   </div>
  </div>
