3960 5320
530 116 554 171 l
566 115 665 170 047

1520 123 1576 180 S.
1620 124 1918 185 CERALDI
1952 126 2242 195 ABBATIS
2283 128 2823 194 SILWEoMAJﬂRlS

3661 134 3776 192 1548

524 233 823 297 ruentium,
873 234 999 289 dum
1030 241 1085 290 et
1131 236 1375 306 angelica
1415 248 1639 307 praestat
1670 239 1825 297 nobis
1854 238 2104 311 sull‘ragia
2135 248 2184 304 A
2211 246 2525 317 paullisper,
2610 251 2877 307 calamum
2962 248 3277 323 Studeamus
3329 262 3683 317 convertere;
3731 252 3775 303 i8

526 330 634 379 non
658 326 870 391 deesse,
894 335 950 381 et
996 328 1301 397 patrocinia
1356 329 1569 387 confert
1609 340 1942 399 sanctorum,
1975 347 2111 400 quos

524 432 624 497 pro
653 418 894 473 rentibus
920 420 1313 477 intercessores
1335 438 1442 482 non
1467 422 1775 479 dubitemus
1791 423 2106 493 efﬂagitare.

524 500 672 575 Quos
693 524 814 563 cum
844 509 1071 565 diversis
1095 511 1389 567 attributus
1410 515 1704 583 provinciis
1733 515 2112 571 communibus

525 615 718 655 omnes
746 601 1032 655 conveniat
1061 603 1262 671 passim
1313 605 1582 660 honorare
1633 604 1845 673 ciliciis,
1884 606 2111 678 singulis

526 697 709 743 tamen
740 688 1049 759 quibusque
1066 688 1201 748 locis
1226 691 1656 749 misericorditer
1676 695 1921 766 provisus
1948 693 2109 748 attri-

523 778 665 843 buit,
693 794 828 848 quos
859 779 1169 849 specialiter
1193 781 1351 837 nobis
1371 783 1771 855 atuplectendos
1792 791 1845 837 et
1873 798 2108 855 propen-

523 870 636 926 sius
664 872 973 927 exorandos
1002 872 1192 927 voluit.

592 963 647 1016 9..
691 964 766 1019 De
795 979 1023 1034 quorum
1056 982 1280 1021 numero
1307 968 1390 1022 lux
1432 968 1621 1038 patri-.0
1668 969 1858 1024 beatus
1884 968 2111 1024 Aialar-

522 1054 643 1120 dus,
673 1054 1079 1112 Corbeiensium
1124 1059 1337 1114 exstitit
1381 1061 1547 1115 abbas
1598 1059 1988 1129 pracdicandus,
2014 1060 2106 1130 qui

521 1159 630 1199 non
688 1145 863 1202 solum
903 1147 1236 1204 Francorum
1288 1165 1525 1220 gemma,
1585 1150 1680 1209 sed
1720 1158 1776 1206 et
1833 1150 2108 1206 Saxon-.m

520 1236 703 1290 oriens
726 1237 925 1293 eﬂ'ulsit
964 1238 1141 1293 stella.
1171 1237 1370 1295 Genuit
1399 1240 1535 1294 illius
1560 1240 1843 1307 Ecclesiae,
1882 1240 2108 1295 nutrivit

519 1325 714 1382 Patres
741 1327 1004 1384 Corbeiae.
1038 1330 1277 1400 Denique
1321 1341 1542 1388 sanctus
1581 1332 1905 1398 Anscarius,
1945 1331 2038 1402 qui
2077 1348 2107 1387 a

520 1415 750 1472 Walone
782 1419 949 1488 ipsius
980 1420 1153 1477 sancti
1184 1420 1437 1477 Adalardi
1462 1422 1630 1476 fratre
1659 1422 1713 1476 in
1736 1421 1964 1477 Corbeia
2007 1421 2108 1478 fuit

518 1508 745 1575 electus,
780 1520 887 1564 uta
913 1528 1035 1584 rege
1060 1511 1332 1573 Ludovico
1364 1529 1485 1569 cum
1528 1512 1784 1569 llerioldo
1830 1513 2105 1569 Danormu

519 1616 649 1671 rege
678 1601 743 1655 ad
772 1602 1211 1671 pra-dicationem
1232 1607 1503 1661 Danorum
1534 1610 1867 1673 mitteretur;
1906 1607 2105 1677 quiq'ie
2139 1615 2177 1674 Β

519 1704 705 1761 postea
732 1709 828 1762 pro
857 1694 961 1749 [ide
990 1694 1191 1750 Christi
1227 1696 1411 1751 multis
1433 1698 1606 1766 poenis
1628 1698 1696 1752 ab
1737 1698 1939 1754 eisdem
1978 1697 2105 1753 alle-

520 1792 660 1848 ctus,
691 1784 905 1839 tandem
939 1784 991 1838 iu
1022 1784 1236 1840 Bromia
1267 1787 1733 1857 archiepisco'patu
1770 1803 1867 1843 suo
1897 1789 2105 1858 requie-

518 1877 619 1943 vit,
651 1877 836 1933 multis
874 1880 1082 1935 meritis
1107 1882 1416 1947 decoratus,
1466 1882 1704 1952 ejusdem
1756 1885 1931 1940 sancti
1962 1885 2105 1941 Λιῐιιο

520 1966 655 2021 lardi
689 1968 907 2024 auditor
950 1969 1054 2025 fuit
1103 1980 1158 2026 et
1216 1973 1503 2029 nutricius.
1549 1973 1842 2028 llatbcrtus
1894 1992 2107 2046 quoque

520 2057 867 2133 Ifaschasius,
914 2059 1153 2131 ejusdem
1230 2063 1399 2119 abbas
1458 2064 1599 2130 loci,
1641 2064 1733 2135 qui
1774 2065 2103 2122 luculentum

521 2150 690 2207 edidit
715 2151 909 2208 librum
935 2153 1001 2210 de
1023 2151 1262 2224 Corpore
1301 2165 1354 2208 et
1385 2154 1656 2228 Sanguine
1709 2156 1940 2223 Domini,
1990 2159 2107 2227 ejus

520 2244 719 2316 meruit
741 2246 1124 2317 paternilatem
1157 2247 1316 2317 digna
1340 2247 1596 2304 liliatioue
1617 2250 1739 2304 sui:
1767 2248 1917 2316 cuius
1941 2252 2104 2306 etiam

518 2351 750 2406 corpore
785 2354 905 2393 cum
931 2339 1154 2409 reliquis
1178 2340 1479 2397 illustratur
1505 2342 1756 2398 Corbeia.
1783 2342 1882 2411 Qui
1908 2345 2107 2400 diversi

517 2443 616 2497 per
646 2428 885 2497 diversa,
936 2432 1164 2491 diversa:
1207 2435 1513 2490 sanctitatis
1553 2435 1607 2490 in
1658 2435 1873 2490 Christo
1928 2436 2105 2506 adepti

519 2526 644 2575 sunt
674 2520 887 2574 merita.
921 2520 1019 2577 llic
1043 2533 1223 2577 autem
1251 2523 1426 2593 qualis
1455 2524 1617 2578 fuerit
1657 2534 1705 2577 et
1759 2535 2017 2594 quantus,
2053 2527 2107 2580 in

519 2609 752 2677 quadam
783 2612 1011 2683 cpistola
1033 2615 1143 2687 (56)
1174 2625 1400 2671 testatur
1424 2616 1589 2672 abbas
1630 2616 1912 2671 Lobiensis
1953 2616 2108 2671 Ileri-

517 2716 703 2773 gerus,
734 2705 825 2774 qui
880 2722 946 2761 eo
997 2717 1239 2778 tempore
1292 2710 1434 2764 inter
1479 2709 1752 2778 sapientes
1808 2708 2111 2764 habebatur

519 2792 977 2862 sapientissimus.
1017 2797 1189 2866 Quam
1248 2815 1411 2869 quam
1459 2800 1674 2870 longum
1709 2810 1790 2855 est
1823 2800 1908 2856 hic
1943 2799 2108 2855 inter-

516 2899 743 2952 ponere.

587 2978 655 3052 ὅ.¹
680 2979 758 3035 Ad
783 2990 1030 3045 sanctum
1053 2982 1403 3050 Adalardum,
1437 2985 1632 3054 dequo
1661 2984 1887 3056 digressi
1914 2999 2103 3037 smnus

2212 338 2367 409 cujus
2388 342 2671 397 charitatis
2696 344 3026 411 dilatatioue,
3055 354 3201 399 tanta
3240 343 3335 400 ﬁlii
3389 345 3479 401 sui
3508 340 3777 415 tentiam

2212 431 2519 497 dilectione,
2548 443 2606 488 ut
2633 448 2662 487 a
2694 435 2926 506 quodam
2953 451 3141 492 eorum
3181 444 3330 491 tanta
3374 435 3448 490 sit
3492 429 3775 506 composita

2210 512 2519 593 prolixitate
2572 528 2741 597 ipsius
2795 531 2924 593 vita,
2975 536 3119 585 tanta
3178 529 3597 589 lamentationis
3639 528 3776 598 pleni

2211 618 2585 685 amp’itudiue,
2634 629 2785 676 tanto
2853 621 3052 676 cantici
3121 622 3466 677 canticorum
3534 625 3776 678 amatorio

2211 709 2488 781 languore,
2522 722 2580 765 ut
2605 713 2779 782 magis
2817 713 3221 783 epithalamium
3264 714 3376 771 dici
3420 716 3607 785 possit
3634 728 3779 783 qua

2210 806 2390 856 textus
2419 801 2644 870 alicujus
2674 804 2933 861 historian
2963 803 3077 872 Qua
3108 805 3431 861 confusione
3461 821 3576 860 non
3599 805 3781 859 medio-

2209 894 2377 950 criter
2399 893 2635 950 offensus
2656 895 2997 952 Corbeiensis
3024 906 3151 951 tune
3178 906 3370 953 custos
3389 896 3511 968 (επ)
3535 895 3777 962 ecclesia,

2209 999 2350 1058 saepe
2391 988 2597 1042 monuit
2631 988 2877 1042 abbatem
2928 997 2985 1042 ut
3032 989 3196 1042 recidi
3244 989 3472 1059 juberet
3528 988 3777 1060 superﬂua

2209 1072 2594 1151 qumque.'Sed
2634 1079 2721 1135 illo
2751 1080 3099 1135 smeularibus
3145 1082 3294 1136 curis
3320 1090 3625 1152 occupato,
3648 1097 3778 1137 carm

2209 1174 2565 1243 punctusistc
2590 1174 2892 1229 reverentia
2944 1175 3139 1241 sancti,
3180 1175 3265 1230 cui
3311 1175 3565 1230 haerebat
3602 1174 3781 1229 amoris

2208 1266 2515 1337 privilegio,
2546 1265 2709 1322 ﬂores
2740 1266 2912 1337 ipsius
2937 1268 3062 1322 vitae
3103 1266 3321 1336 decerpi
3357 1267 3537 1338 jussit
3576 1280 3611 1323 ο
3655 1275 3782 1321 laus

2208 1361 2502 1415 viriditatis
2545 1371 2723 1431 prato.
2752 1359 2917 1430 Cujus
2943 1362 3180 1431 parendo
3204 1362 3448 1433 jussioui
3499 1362 3605 1417 sub
3628 1356 3784 1415 brevi-

2211 1460 2344 1515 tate,
2388 1467 2496 1508 non
2541 1451 2846 1508 detrahitur
2904 1453 3144 1522 priurum
3211 1453 3527 1516 sententiae,
3580 1462 3780 1521 excepta

2211 1543 2355 1599 illius
2376 1545 2464 1613 qui
2490 1559 2596 1600 non
2626 1543 2937 1600 authentico
2986 1544 3159 1599 sensit
3204 1545 3271 1599 de
3316 1544 3425 1599 hac
3473 1543 3702 1605 historia
3737 1543 3785 1596 ia

2207 1640 2379 1695 sancti
2404 1639 2511 1695 Viti
2538 1638 2909 1705 translatione,
2942 1655 3050 1694 non
3097 1639 3198 1693 nisi
3248 1638 3494 1708 denique
3527 1653 3627 1707 per
3664 1637 3787 1690 haec

2206 1732 2476 1788 scribendi
2520 1731 2666 1786 viam
2736 1732 3033 1801 ingressus.
3101 1729 3385 1798 Quomodo
3441 1729 3599 1783 enim
3650 1727 3785 1781 aliter

2205 1822 2578 1892 interponeret
2629 1820 2914 1877 Corbeiam
2974 1836 3193 1885 novam,
3261 1835 3433 1890 quam
3500 1816 3785 1875 construxit

2207 1924 2429 1971 sanctus
2471 1913 2801 1979 Adalardus,
2858 1912 2986 1968 licet
3034 1912 3102 1967 ad
3155 1927 3395 1983 unguem
3448 1910 3786 1979 descripserit

2206 2007 2378 2075 ipsam
2407 2005 2815 2061 translationem
2867 2002 3063 2058 metam
3122 2018 3221 2074 per
3258 2016 3623 2058 successores
3665 2000 3786 2067 eius.

2207 2100 2516 2155 inordinate
2565 2107 2746 2153 tamen
2777 2098 2981 2152 erravit
3005 2098 3071 2151 de
3107 2095 3386 2151 chronicis
3412 2094 3722 2166 principum
3740 2101 3786 2145 et

2205 2190 2380 2245 sancti
2438 2187 2863 2244 successoribus.
2917 2188 2994 2241 Ad
3059 2185 3213 2254 cujus
3250 2201 3506 2242 errorem
3557 2182 3787 2239 falsitatis

2206 2280 2590 2336 removendum
2613 2278 2892 2335 sufﬁciens
2914 2277 2989 2335 sit
3005 2275 3548 2348 cunctislegentilms
3565 2272 3785 2342 ejusdem

2206 2371 2492 2442 scriptoris
2528 2370 2921 2435 testimonium,
2964 2369 3054 2437 qui
3090 2369 3259 2423 etiam
3309 2366 3421 2423 hoc
3465 2365 3617 2436 quod
3656 2364 3788 2434 igno-

2207 2463 2381 2519 rando
2405 2454 2621 2525 asserit,
2648 2462 2700 2516 in
2730 2462 2831 2514 hac
2881 2467 3064 2515 monet
3111 2457 3343 2514 historia
3385 2454 3784 2526 requirendum.

2207 2551 2550 2623 Quapropter
2596 2564 2741 2605 nunc
2785 2549 2834 2604 ei
2874 2546 3032 2615 hujus
3068 2546 3493 2601 inordinationis
3540 2543 3787 2598 oﬁeusam

2207 2641 2492 2709 donemus,
2539 2656 2606 2696 eo
2659 2639 2866 2695 scilicet
2906 2647 3111 2703 tenore,
3140 2645 3197 2691 ut
3226 2636 3281 2691 in
3338 2636 3431 2690 bis
3480 2650 3606 2705 qua
3646 2647 3787 2688 souis

2205 2749 2369 2806 quam
2397 2741 2523 2790 sunt
2555 2731 2742 2793 sentit,
2768 2746 2799 2785 a
2824 2729 2970 2785 nullo
2998 2729 3065 2783 sit
3090 2742 3186 2798 per
3210 2725 3431 2797 singula
3459 2722 3785 2781 credeudos.

2208 2837 2263 2881 et
2303 2827 2382 2882 sic
2435 2826 2500 2881 ad
2558 2825 2636 2879 rei
2685 2822 2966 2878 veritatem
3029 2818 3304 2875 scribendi
3348 2816 3629 2877 calamum
3677 2826 3786 2869 ver-

2210 2928 2407 2974 tamus.

1617 3182 1972 3300 VITA
2061 3179 2651 3295 INCiPlT;
2740 3094 2743 3099 ’

588 3398 643 3453 4.
684 3400 977 3455 Adallmrdi
1000 3417 1183 3472 genus.
1205 3433 1269 3443 -—
1285 3401 1549 3473 Tempore
1572 3402 1735 3473 igitur
1749 3417 1856 3472 quo
1880 3401 2103 3458 Carolus

2209 3408 2453 3469 tempore
2506 3405 2644 3462 erat,
2701 3410 2808 3465 quo
2867 3392 3092 3449 Carolus
3145 3392 3432 3447 Romanus
3503 3392 3792 3463 imperator

522 3491 715 3563 agebat
770 3494 823 3548 in
870 3494 1123 3563 sceptris,
1174 3494 1263 3550 ille
1313 3495 1522 3551 scilicet
1570 3494 1818 3559 Carolus,
1860 3493 1943 3549 cui
1978 3509 2101 3549 cum

518 3585 715 3640 seculo
741 3587 1267 3642 terminavitfamam
1299 3589 1475 3657 palma
1502 3589 1736 3653 virtutis,
1772 3586 2099 3643 tirocinaba-

513 3687 606 3730 tur
637 3678 688 3731 in
716 3662 915 3748 palatio
940 3657 1264 3746 Adalardus,
1297 3692 1431 3748 puer
1477 3677 1633 3734 bona:
1675 3677 1894 3732 indolis.
1937 3674 2103 3744 Cujus

516 3768 731 3836 quidem
792 3768 1066 3837 genitores
1116 3780 1221 3822 non
1298 3768 1417 3822 silet
1500 3767 1817 3837 antiquitas;
1875 3777 1929 3821 et
1978 3767 2101 3822 ideo

514 3865 730 3925 quantfe
762 3843 1059 3912 nobilitatis
1098 3856 1283 3922 fuerit,
1311 3857 1488 3915 celare
1519 3873 1623 3912 non
1654 3866 1830 3927 potest
1870 3856 2105 3926 posteri-

515 3959 617 4005 t-is.
652 3950 959 4005 Secundum
987 3949 1158 4006 'cnim
1214 3952 1381 4006 totius
1416 3951 1795 4022 generositatis
1843 3950 2099 4021 gen’ealo-

513 4043 656 4114 giam
691 4085 705 4108 ,
766 4044 833 4097 ab
887 4045 1132 4116 ingenuis
1188 4044 1518 4100 Francorum
1568 4044 1785 4115 regibus
1828 4044 2099 4099 deducens

486 4136 816 4203 ,nativitatis
862 4118 1085 4201 lineam,
1134 4135 1463 4191 liernardum
1509 4136 1731 4192 fratrem
1767 4138 1942 4207 magni
1976 4136 2099 4207 Pip-

510 4225 627 4296 pini
674 4226 815 4296 regis
857 4227 1046 4281 habuit
1097 4237 1302 4295 patrem
1338 4230 1835 4297 :consanguineum
1883 4243 2099 4298 quoque

510 4315 850 4385 aequivocum
882 4316 1096 4385 Pippini
1152 4318 1434 4388 Pippinum
1479 4317 1770 4387 juniorcm,
1820 4322 2098 4376 consobri-

509 4423 754 4476 numque
802 4417 858 4462 et
913 4409 1173 4481 collegam
1223 4411 1323 4466 sub
1372 4412 1487 4468 alas
1528 4412 1799 4468 scholares
1844 4416 2095 4471 etundem

513 4496 769 4552 Carolum
824 4499 1229 4568 imperatorem.
1288 4500 1413 4555 Fuit
1450 4517 1664 4572 quoque
1703 4502 1949 4560 Francus
2001 4519 2097 4560 na-

512 4589 688 4654 tione,
741 4589 833 4659 qui
890 4589 1087 4646 Franci
1152 4592 1281 4647 dicti
1335 4603 1460 4647 sunt
1509 4609 1540 4647 a
1602 4594 1842 4661 feritate;
1899 4611 2096 4666 genere

442 4679 447 4685 ’
514 4680 721 4735 scilicet
775 4680 1016 4753 Trojani,
1063 4685 1155 4753 qui
1206 4700 1304 4755 per
1355 4685 1595 4756 Illyricos
1657 4688 1810 4743 sinus
1877 4689 2094 4746 deducti

2196 3492 2484 3547 ‘dicebatur
2504 3498 2559 3543 ct
2584 3498 2723 3543 erat.
2753 3486 2872 3556 Ipse
2908 3486 3051 3541 enim
3083 3484 3233 3540 solus
3279 3481 3408 3549 fuit,
3444 3497 3611 3553 quem
3657 3482 3787 3535 fama

2204 3583 2469 3651 majorem
2497 3581 2729 3636 mundus
2758 3580 2968 3635 habuit.

2272 3674 2326 3729 5.
2368 3672 2501 3728 Cum
2556 3670 2750 3725 Carolo
2795 3671 3067 3726 educatus.
3096 3698 3167 3710 —
3197 3670 3335 3724 Cum
3363 3683 3476 3739 quo
3505 3676 3790 3737 postquam

2202 3769 2396 3824 beatus
2429 3783 2563 3838 puer
2590 3764 2898 3822 liberalium
2927 3763 3133 3818 fontem
3165 3761 3424 3816 transivit
3471 3775 3582 3814 non
3634 3758 3793 3812 inloto

2200 3860 2358 3928 pede,
2390 3860 2533 3915 inter
2559 3860 2766 3929 primos
2793 3857 2978 3927 palatii
3007 3864 3165 3910 aetate
3204 3864 3261 3909 et
3312 3852 3585 3923 sapientia
3637 3848 3791 3919 capit

2200 3950 2415 4016 ﬂorere,
2440 3963 2496 4006 et
2533 3950 2743 4020 primus
2783 3948 2971 4002 haberi
3015 3948 3116 4002 sub
3169 3946 3289 4016 ipso
3340 3942 3787 4014 sceptrigerauie.

2203 4043 2450 4098 Timebat
2480 4051 2659 4096 tamen
2718 4040 2911 4104 Deum,
2939 4049 2995 4094 et
3031 4038 3188 4093 omni
3236 4036 3492 4092 custodia
3539 4033 3792 4089 servabat

2200 4150 2295 4191 cor
2320 4150 2501 4191 suum.
2530 4134 2695 4189 Binos
2724 4145 2942 4202 quoque
2974 4131 3172 4184 fratres
3209 4137 3265 4183 et
3301 4126 3526 4182 totidem
3577 4134 3791 4177 sorores

2200 4228 2436 4283 habebat
2469 4244 2482 4282 :
2511 4241 2647 4296 quos
2668 4226 2810 4281 sicut
2833 4232 3014 4288 relate,
3046 4223 3120 4276 ita
3165 4229 3222 4275 et
3267 4218 3488 4274 meritis
3527 4216 3786 4270 anteibat.

2199 4318 2353 4373 Licet
2381 4317 2550 4382 enim,
2580 4325 2766 4386 utpote
2787 4313 3026 4382 juvenis,
3052 4320 3243 4365 natura
3293 4323 3491 4363 cereus
3537 4312 3689 4361 esset
3738 4304 3790 4356 in

2198 4409 2389 4464 vitium
2454 4407 2619 4470 ﬂecti,
2665 4406 2920 4467 immunis
2973 4412 3153 4457 tamen
3203 4410 3325 4455 crat
3368 4399 3439 4452 ab
3485 4397 3568 4451 bis
3623 4393 3788 4455 vitiis,

2199 4498 2397 4568 quibus
2420 4496 2510 4550 illa
2532 4504 2665 4550 tetas
2687 4493 2825 4550 solet
2853 4490 3149 4562 inquinari.
3190 4487 3428 4557 Semper
3445 4493 3565 4541 erat
3593 4484 3652 4538 in
3698 4494 3790 4534 ore

2197 4589 2315 4661 ejus
2360 4586 2586 4656 justitiaz
2633 4584 2932 4647 attestatio,
2991 4595 3206 4649 semper
3256 4579 3312 4633 in
3355 4578 3525 4632 corde
3575 4574 3790 4644 injuria:

2200 4663 2510 4742 detestatio,
2531 4685 2585 4731 et
2610 4672 3032 4745 quantojunior,
3063 4680 3211 4725 tanto
3248 4666 3628 4738 perspicacior

510 4770 790 4830 Maeotidas
818 4773 1130 4830 insederunt
1174 4777 1396 4846 paludes
1426 4820 1438 4841 ,
1471 4778 1605 4833 duce
1642 4780 1873 4849 quodam
1929 4781 2094 4837 Ante-

2268 4769 2320 4822 6.
2350 4767 2539 4821 Carolo
2568 4765 2631 4820 ob
2671 4764 2998 4835 repudiatam
3019 4761 3296 4831 conjugem
3315 4759 3651 4828 indignatus,
3685 4770 3779 4808 sir-

514 4882 664 4921 uore.
683 4863 835 4921 Unde
858 4883 978 4922 cum
1009 4867 1266 4922 Romanis
1292 4869 1483 4924 Eneia
1516 4871 1665 4941 signa
1694 4873 1897 4927 secutis
1918 4872 2093 4928 civilis

502 4956 598 5027 est
619 4956 668 5011 ei
695 4959 1076 5024 communitas,
1115 4969 1169 5013 et
1219 4959 1380 5014 unius
1427 4961 1637 5029 imperii
1689 4963 1961 5031 quondam
1995 4963 2094 5018 fuit

512 5058 567 5104 et
619 5065 741 5108 esse
772 5051 929 5107 debet
964 5053 1266 5108 communis
1329 5053 1579 5109 aﬂiuitas.
1633 5055 1745 5111 Hoc
1796 5065 1975 5110 autem
2026 5070 2106 5129 eo

582 5203 712 5277 (36)
739 5205 1007 5277 Nimirum
1041 5206 1094 5259 in
1128 5205 1325 5260 libello
1349 5205 1447 5277 De,
1479 5204 1838 5277 Eucharistia,
1888 5207 1977 5277 qui
2022 5209 2090 5264 ab

514 5271 787 5320 Lndnvinn
811 5276 1039 5320 Callatia
1061 5277 1235 5320 erlilns
1261 5285 1343 5320 pst
1373 5276 1472 5320 snh
1522 5274 1677 5320 litnln
1729 5271 1989 5320 Annnv'mi
2034 5278 2086 5320 in

2197 4857 2372 4912 culum
2400 4858 2608 4912 deserit.
2628 4887 2703 4896 ——
2726 4855 2831 4910 Sed
2860 4869 2923 4909 ea
2953 4860 3291 4922 tempestate,
3340 4865 3481 4921 quos
3513 4847 3612 4902 sibi
3646 4846 3781 4899 ami-

2198 4963 2292 5005 cos
2330 4949 2672 5019 obsequium,
2722 4947 2793 5002 ab
2839 4946 3040 5001 eisdem
3090 4944 3292 4998 veritas
3341 4940 3548 5011 peperit
3571 4939 3779 4993 odium.

2195 5041 2496 5110 Imperator
2521 5041 2719 5110 quippe
2742 5038 3001 5094 Desiderii
3034 5035 3175 5103 regis
3207 5033 3468 5089 Italorum
3494 5032 3611 5087 filix
3654 5029 3783 5099 legi-

2195 5216 2364 5272 Drc'ra
2389 5232 2547 5271 unum
2570 5230 2790 5271 ιδεμ-ις
2811 5213 3074 5267 Ηεκιαειιι
3102 5209 3165 5264 de
3187 5226 3407 5276 corpore
3446 5218 3496 5263 et
3521 5205 3781 5275 sanguine

2203 5285 2409 5320 Πηηιὲηὸ
2491 5286 2632 5320 αξη-..ι
2685 5294 2804 5320 nn'n
2848 5299 2940 5320 uno
2984 5282 3119 5320 Αἱτὶι
3162 5280 3381 5320 nul.an
3414 5279 3638 5320 ωηὶηιι-
3672 5283 3777 5320 ξιξ.
