3960 5320
134 268 314 327 ’τίω

1413 284 1573 341 ἮΤᾹ
1614 284 1672 342 S.
1711 284 2079 342 ADALXRDI.

3308 294 3448 354 l030

140 389 309 442 hmo
330 400 602 445 eonnumo
627 391 846 460 nupsit;
882 393 978 448 sed
997 402 1182 465 postea
1209 393 1332 451 odio
1360 399 1532 468 patris
1561 396 1755 467 injuria
1784 399 1830 459 Α
1861 399 1988 469 gali,
2022 400 2174 472 quasi
2215 400 2421 457 scilicet
2461 400 2562 456 hac
2605 399 2914 456 obedientia
2949 400 3238 473 iujuriatus
3277 406 3455 462 necte-

136 489 428 546 perosam
460 480 782 550 repudiavit,
811 493 864 540 et
892 487 1125 556 perjuris
1143 489 1493 558 optimatibus
1522 490 1760 546 Franco-

141 580 296 624 rum
352 572 568 642 publico
623 573 888 630 adulterio
937 577 1161 635 alteram
1210 595 1377 652 regno
1396 582 1757 651 ﬁsuperduxit.

143 665 309 729 ρυπ
358 670 445 719 res
489 678 748 735 quantum
783 668 1117 727 detestabilis
1162 671 1369 739 fuisset,
1401 676 1566 757 etiam
1620 692 1763 733 nunc

144 756 373 814 Oitens
402 757 679 815 Occidenti
719 762 969 818 nuntiare
996 766 1154 819 valet.
1211 766 1275 820 Et
1323 766 1368 820 si
1402 756 1579 822 minus
1602 768 1763 839 justis

146 850 401 901 omnino
444 849 778 918 displicebat,
828 855 990 911 credo
1031 855 1158 926 quia
1203 854 1359 911 bonis
1399 866 1454 913 et
1510 860 1765 929 perfectis

147 939 393 1008 placere
425 957 530 997 non
566 952 799 1012 poterat.
835 944 1174 1018 Quapmpter
1215 949 1561 1017 adolescens,
1592 954 1766 1007 omni-

155 1032 339 1085 modo
390 1033 665 1088 detestans
705 1037 989 1107 prOpinqui
1022 1040 1103 1094 sui
1149 1032 1393 1097 illicitum
1430 1044 1763 1115 coniugium,

153 1120 392 1189 publice
413 1121 691 1178 obtestans
712 1126 960 1195 perjnros
979 1121 1096 1183 esse
1108 1130 1394 1200 optimates
1408 1132 1762 1201 Francorum,

155 1208 339 1281 elegit
367 1212 544 1267 adhuc
573 1228 711 1283 puer
752 1215 1011 1281 palatium
1040 1227 1093 1272 et
1131 1236 1253 1275 cum
1284 1222 1483 1290 palatio
1511 1223 1765 1279 sceculum

152 1308 503 1371 postponere
530 1318 692 1373 quam
726 1304 923 1361 talibus
968 1309 1242 1364 videretur
1272 1308 1665 1368 communicari
1711 1323 1767 1370 et

158 1392 510 1458 consentire,
533 1404 591 1448 ut
612 1396 915 1467 prepiuquo
936 1414 1096 1467 quem
1135 1402 1410 1457 contraire
1433 1402 1767 1473 prohibendo

159 1496 283 1535 non
308 1491 514 1552 posset,
531 1484 724 1540 saltem
750 1486 1002 1558 fugiendo
1023 1502 1081 1544 se
1097 1490 1387 1548 dissentire
1415 1490 1761 1550 monstraret.

241 1571 301 1629 ’1.
345 1573 619 1631 Corbeiam
662 1594 717 1633 se
753 1579 956 1650 recipit.
981 1610 1054 1621 —
1077 1581 1356 1639 Abdicatis
1389 1585 1551 1656 igitur
1585 1585 1765 1657 palatii

162 1663 484 1735 insignibus
508 1675 563 1720 et
600 1666 872 1733 tirocinio,
909 1668 1226 1725 vicesimum
1254 1674 1432 1729 aetatis
1473 1690 1637 1746 agens
1666 1692 1766 1730 an-

164 1771 326 1819 num,
361 1759 581 1829 quando
613 1758 868 1828 juvenilis
897 1761 1109 1818 animus
1135 1765 1426 1833 proclivior
1456 1744 1685 1823 habetur
1711 1769 1763 1823 in
1800 1744 1843 1805 Β

163 1850 474 1928 peccando,
521 1853 708 1907 statuit
758 1855 1031 1925 suscipere
1062 1854 1250 1927 jugum
1291 1858 1517 1927 Christi,
1550 1860 1766 1916 liberta-

166 1952 285 1996 tem
329 1956 486 1998 suam
513 1941 631 2013 ejus
660 1945 921 2002 servitute
952 1949 1307 2005 nobilitando.
1338 1949 1437 2005 Cui
1484 1952 1610 2022 quia
1658 1971 1764 2011 non

164 2032 301 2088 ficte
323 2033 558 2089 militare
580 2036 918 2106 disponebat,
942 2042 1251 2095 coenobium
1278 2043 1330 2096 in
1360 2059 1467 2114 quo
1497 2046 1762 2102 militandi

126 2138 133 2144 ‘
166 2124 481 2194 exemplum
504 2127 795 2196 acciperet,
825 2144 960 2183 nova
987 2130 1248 2202 religione
1268 2136 1578 2202 qurerebat;
1614 2136 1765 2208 cujus

166 2217 450 2287 religionis
497 2216 707 2274 oiiiciua
754 2222 951 2277 decens
999 2224 1272 2280 invenitur
1327 2226 1496 2294 locus,
1537 2229 1628 2298 qui
1678 2246 1761 2284 vo-

168 2322 334 2366 catur
385 2311 634 2367 Corbeia.
686 2311 797 2369 Nec
844 2331 968 2386 spes
1017 2334 1138 2372 cum
1198 2318 1407 2385 fefellit,
1450 2323 1573 2391 quia
1625 2325 1766 2393 quod

170 2402 372 2459 devote
400 2406 677 2473 qmerebat
702 2406 949 2462 devotius
992 2409 1093 2463 sibi
1127 2412 1310 2465 cessit.
1353 2412 1578 2479 Quanta:
1620 2415 1763 2469 enim

171 2492 344 2548 fuerit
381 2494 680 2551 nobilitatis
712 2508 841 2552 tune
887 2497 1036 2554 locus
1083 2499 1192 2567 ille,
1237 2502 1765 2561 satis'ceruentibus

171 2585 354 2642 adhuc
383 2586 552 2642 claret
572 2589 1047 2659 vesﬁgiis'tautum
1081 2594 1278 2649 veteris
1310 2596 1497 2650 ruinae.
1534 2594 1602 2651 Ut
1622 2598 1766 2655 enim

170 2677 359 2734 minus
389 2694 549 2749 quam
593 2680 747 2739 decet
777 2682 951 2738 dicam
985 2684 1051 2738 de
1098 2684 1257 2741 laude
1304 2686 1442 2755 ejus,
1490 2688 1603 2757 ipsa
1651 2698 1767 2746 erat

172 2770 452 2826 veraciter
489 2771 609 2826 aula
649 2762 743 2828 Dei
790 2782 844 2829 et
890 2762 1094 2844 absque
1136 2778 1574 2847 concupiscentia
1622 2781 1765 2850 pomi

174 2863 317 2919 alter
343 2863 647 2934 paradisus.
693 2864 758 2919 Et
788 2866 964 2935 qualis
1007 2878 1132 2922 tunc
1174 2879 1292 2923 erat
1326 2883 1445 2939 qua!
1492 2871 1649 2924 modo
1679 2872 1764 2925 vix

175 2953 336 3022 signa
372 2952 615 3009 Corbeiaa
665 2956 885 3010 servat?
918 2956 1103 3027 utique
1132 2958 1251 3013 talis
1298 2960 1511 3030 qualem
1541 2960 1770 3017 ducebat

174 3043 407 3099 militem
434 3047 631 3127 summi
659 3049 1025 3119 imperatoris.

251 3137 302 3194 8.
332 3135 432 3192 Ubi
452 3147 588 3194 recte
608 3140 897 3195 institutus.
919 3174 990 3182 —
1012 3143 1066 3198 in
1093 3146 1195 3199 hoc
1218 3146 1395 3216 itaque
1418 3147 1532 3202 loco
1550 3148 1769 3217 pulsans

174 3238 237 3286 et
290 3228 556 3299 pulsando
612 3230 899 3294 admissus,
961 3233 1256 3290 secundum
1314 3236 1551 3307 regulam
1599 3240 1770 3293 sancti

178 3320 458 3376 Benedicti
519 3319 904 3387 instituendus,
953 3325 1128 3393 primo
1177 3325 1417 3396 deposita
1462 3329 1671 3383 sarcina
1717 3339 1771 3383 et

179 3413 370 3473 habitu
421 3412 666 3469 saeculari
725 3412 1098 3485 ingrediendo,
1154 3418 1321 3489 cmpit
1366 3434 1584 3474 currere
1629 3420 1771 3474 viam

182 3504 563 3561 mandaturum
593 3505 712 3571 Dei,
743 3507 1035 3579 statimque
1065 3510 1357 3579 discipulus
1387 3511 1610 3571 eli‘ectus
1639 3516 1774 3586 legis

182 3597 400 3662 divinae,
432 3598 524 3668 qui
555 3606 711 3654 antea
736 3597 849 3668 jam
876 3586 1151 3669 perfectus
1173 3610 1294 3658 erat
1322 3604 1579 3674 magister
1616 3622 1775 3660 inuno

184 3691 341 3746 dialis
367 3691 629 3756 scientiae,
670 3707 769 3763 per
814 3707 1040 3748 summie
1080 3695 1401 3751 humilitatis
1427 3699 1772 3767 adeptionem

183 3782 426 3839 breviter
471 3784 830 3853 apprehendit
859 3786 1138 3856 utriusque
1185 3787 1318 3860 legis
1361 3790 1769 3860 perfectionem.

185 3875 265 3930 Ad
293 3876 395 3932 hoc
426 3876 571 3930 enim
621 3888 885 3943 venerat;
922 3877 1043 3932 ideo
1087 3896 1191 3934 non
1234 3898 1459 3953 magnus
1487 3884 1641 3939 labor
1671 3888 1776 3942 dis-

188 3968 337 4023 cendi
365 3977 500 4023 erat.
530 3968 714 4024 Sancti
739 3985 955 4043 quoque
985 3972 1220 4041 Spiritus
1256 3977 1431 4046 gratia
1462 3980 1641 4033 omnia
1671 3980 1791 4035 sibi'

188 4059 420 4117 faciebat
442 4061 715 4129 docibilia,
741 4064 922 4118 omnia
943 4066 1162 4136 penitus
1180 4069 1477 4137 possibilia.
1505 4070 1775 4143 Quidquid

190 4153 577 4224 imperabatur,
606 4155 677 4208 ita
703 4155 929 4224 parebat
952 4172 1013 4210 ac
1039 4158 1083 4211 si
1106 4158 1364 4214 divinitus
1395 4161 1773 4232 imperaretur.

193 4243 328 4301 Nulli
361 4247 634 4302 secundus
682 4257 801 4305 erat
836 4249 1161 4320 humilitate,
1212 4261 1292 4318 et,
1343 4253 1472 4309 licet
1510 4257 1771 4326 novitius,

192 4341 401 4395 cunctis
431 4348 612 4396 tamen
660 4343 808 4411 prior
836 4342 1117 4414 religione.
1167 4345 1305 4415 Erga
1356 4348 1565 4419 priores
1613 4351 1774 4423 digna

1864 501 2013 546 retur
2046 492 2227 548 animo
2255 493 2320 547 ad
2351 494 2606 565 palatium
2632 494 2860 565 regredi.
2885 494 3059 562 Quam
3080 496 3452 553 obedientiam

1864 585 2181 641 monachico
2219 596 2276 641 et
2310 586 2540 656 libenter
2581 586 2843 656 suscepit,
2894 597 2949 641 et
2997 597 3303 661 susceptam
3357 607 3455 663 pro

1863 688 2022 744 posse
2051 684 2106 730 et
2137 692 2319 740 nosse,
2352 677 2544 733 devote
2574 678 2859 748 supplevit.
2889 677 3181 735 Excolebat
3215 681 3454 751 hortum,

1864 774 1919 819 et
1947 764 2069 820 eum
2105 766 2270 821 Maria
2312 769 2623 838 requirebat
2661 770 2712 825 in
2744 770 2904 825 horto
2950 782 3322 842 resurgentem
3368 770 3457 829 Je-

1866 872 2005 912 sum.
2046 855 2242 912 Videre
2278 868 2394 916 erat
2441 875 2638 913 novum
2668 860 2926 916 cultorem
2971 877 3143 931 nuper
3171 863 3311 918 inter
3336 865 3450 932 pri-

1868 963 1983 1002 mos
1998 948 2177 1016 palatii
2208 948 2375 1003 latera
2399 966 2494 1004 sua
2519 961 2814 1017 tenentem,
2838 967 2978 1007 nunc
3006 963 3181 1007 rastro
3200 963 3253 1009 et
3277 954 3455 1025 ligone

1867 1040 2070 1095 urticas
2092 1052 2248 1096 terrm
2272 1043 2588 1112 rapientem.
2622 1043 2817 1099 Videre
2839 1054 2955 1099 erat
2978 1042 3231 1113 juvenem
3265 1046 3456 1102 hortu-

1867 1130 2049 1185 lanum
2071 1148 2213 1187 nunc
2235 1132 2567 1188 laborantem
2594 1134 2645 1188 in
2669 1134 2875 1191 cuculla
2900 1151 3007 1189 non
3026 1150 3145 1201 sua,
3178 1152 3351 1207 nuper
3376 1137 3457 1192 iu-

1871 1231 1952 1277 ter
2002 1223 2269 1293 palatinos
2306 1226 2623 1279 scricatum.
2672 1224 2779 1280 Sed
2811 1227 2926 1282 haec
2958 1228 3187 1283 mutatio
3216 1229 3457 1284 dextera:

1869 1313 2205 1384 Excelsi,qui
2230 1329 2364 1383 quos
2386 1315 2499 1369 vult
2527 1323 2584 1369 et
2611 1314 2796 1384 quales
2820 1315 2933 1370 vult
2970 1316 3114 1388 eligit
3144 1318 3272 1381 sibi,
3303 1332 3460 1390 pror-

1869 1419 1961 1460 sus
1992 1406 2105 1459 hzec
2134 1420 2181 1460 e2
2199 1415 2250 1460 at
2281 1407 2364 1461 via
2396 1422 2491 1477 per
2515 1422 2678 1478 quam
2705 1418 2821 1461 erat
2845 1407 3019 1463 iturus
3050 1408 3117 1462 ad
3144 1416 3316 1462 astra.

1944 1516 2030 1571 10.
2071 1518 2332 1587 Cognatas
2355 1518 2789 1591 fugiens—«Nee
2817 1520 2902 1574 via
2930 1520 3127 1576 suliicit
3159 1520 3283 1586 ista,
3313 1529 3461 1592 l:tost-

1870 1625 2032 1679 quam
2078 1626 2179 1663 usu
2217 1611 2613 1682 progressionis
2642 1607 2892 1666 ali‘ectata
2937 1619 3048 1676 est,
3093 1626 3253 1681 posse
3288 1611 3461 1667 teneri

1873 1703 2004 1756 visa.
2059 1701 2263 1769 Oumrit
2322 1702 2643 1768 arctiorem,
2697 1711 2756 1758 ut
2816 1703 2989 1778 possit
3047 1704 3341 1759 ascendere
3396 1703 3465 1757 de

1872 1796 2070 1851 virtute
2118 1798 2172 1853 in
2222 1796 2498 1851 virtutem.
2534 1795 2675 1853 Nihil
2701 1796 2749 1850 ei
2777 1796 2995 1850 videtur
3024 1796 3124 1850 ista
3154 1796 3466 1849 convcrs30~

1868 1890 1952 1945 nis
1975 1890 2276 1960 ingressio,
2314 1889 2417 1944 nisi
2444 1905 2541 1959 per
2565 1891 2704 1944 hanc
2728 1888 2989 1959 procedat
3017 1888 3120 1942 sibi
3151 1889 3325 1958 major
3350 1889 3463 1942 vir-

1870 1994 2044 2041 tutum
2067 1983 2396 2054 progressio.
2428 1982 2748 2038 Considerat
2778 1981 2880 2037 sibi
2915 1996 3021 2035 non
3048 1996 3238 2053 parum
3269 1979 3465 2035 obesse

1868 2076 2114 2145 cognatis
2129 2085 2184 2130 ct
2196 2074 2515 2146 parentibus
2527 2075 2762 2129 medium
2780 2074 3062 2128 interesse.
3082 2070 3255 2128 Nimis
3269 2071 3467 2143 quippe

1869 2168 2195 2237 diligebatur
2227 2183 2258 2222 a
2308 2168 2455 2233 suis,
2505 2176 2560 2221 ct
2603 2166 2725 2222 ideo
2758 2165 2900 2221 ultra
2942 2164 3276 2221 voluntatem
3312 2181 3465 2223 suam

1869 2261 2194 2316 visitabatur
2241 2261 2311 2316 ab
2353 2261 2465 2327 eis;
2513 2275 2633 2330 qua:
2678 2259 2920 2315 visitatio
2953 2274 3059 2314 non
3090 2258 3328 2315 solamen
3358 2258 3462 2314 sibi

1868 2362 2016 2419 erat,
2045 2354 2139 2408 sed
2182 2355 2384 2409 mentis
2414 2352 2703 2409 desolatio.
2732 2351 2950 2423 Eligens
2977 2351 3175 2421 quippe
3215 2366 3321 2406 non
3370 2365 3476 2421 per

1867 2447 2017 2501 vices
2056 2440 2259 2501 Christi
2300 2462 2421 2501 esse
2463 2445 2789 2515 discipulus,
2836 2447 2963 2514 quia
3010 2444 3174 2498 etiam
3224 2441 3466 2513 seipsum

1870 2537 2381 2605 reliquerattotum
2431 2544 2605 2601 lotus,
2655 2534 2873 2589 nolebat
2912 2534 3250 2606 propositum
3305 2547 3463 2588 suum

1871 2628 2125 2699 impediri
2171 2643 2205 2683 a
2259 2627 2596 2696 parentibus.
2650 2624 2851 2681 Oderat
2914 2625 3213 2680 nativitatis
3268 2622 3469 2687 solum,

1870 2721 1998 2791 quia
2041 2734 2140 2791 pro
2163 2718 2359 2774 talibus
2401 2727 2667 2789 quaestum
2695 2718 2941 2773 audierat
2970 2716 3161 2772 referri
3193 2714 3487 2797 centuplig

1870 2821 2072 2867 catum.
2104 2812 2182 2866 Eo
2210 2812 2377 2883 igitur
2405 2810 2570 2865 animi
2615 2810 2882 2880 processit
2913 2820 2970 2865 ut
3001 2809 3127 2865 talia
3176 2808 3469 2879 fugiendo,

1871 2902 1996 2973 quia
2045 2901 2202 2957 aliter
2244 2918 2347 2957 non
2385 2911 2632 2972 poterat,
2667 2900 2939 2956 declinare
2980 2899 3301 2957 decreverit.
3334 2899 3467 2955 Nam

1872 2992 1917 3047 si
1952 2992 2235 3062 quaesisset
2267 2992 2575 3055 licentiam,
2606 2990 2817 3047 sciebat
2857 2992 2959 3045 sibi
2991 2991 3214 3045 omnino
3259 3006 3468 3061 negan-

1795 3088 1844 3152 C
1876 3085 2025 3139 dam.
2063 3084 2204 3151 Quid
2230 3100 2362 3154 ergo
2392 3082 2632 3138 faceret?
2671 3083 3032 3151 irreligiosum
3065 3081 3373 3146 videbatur,
3425 3081 3469 3138 si

1874 3176 1946 3230 ita
1998 3174 2336 3240 discederet,
2391 3174 2487 3229 sed
2528 3173 2922 3243 irreligiosius,
2952 3174 2998 3230 si
3030 3174 3174 3228 inter
3202 3173 3471 3228 luctantes

1874 3266 2081 3321 amicos
2108 3272 2432 3321 remaneret.

1947 3357 2033 3410 ll.
2076 3355 2283 3411 Secedit
2311 3355 2586 3410 Casinum.
2611 3384 2683 3395 --
2703 3355 2940 3410 Proinde
2967 3355 3094 3411 dum
3127 3355 3254 3410 talia
3287 3364 3471 3410 mente

1873 3447 2040 3505 volvit
2061 3456 2113 3502 et
2138 3446 2387 3510 revolvit,
2409 3460 2626 3501 omnem
2651 3445 3044 3501 dubitationem
3070 3443 3212 3500 bona
3239 3444 3475 3501 intentio.

1876 3539 2262 3611 pessumdedit.
2288 3539 2440 3594 Alter
2467 3538 2615 3594 Elias
2637 3538 2821 3594 statim
2848 3538 2973 3610 fuga
3003 3538 3222 3605 labitur,
3255 3537 3475 3610 fugiens

1875 3632 2209 3700 voluptatem
2236 3630 2447 3703 carnis,
2498 3639 2769 3699 quatenus
2818 3629 2933 3700 ipse
2974 3630 3079 3686 sibi
3110 3631 3476 3696 inveniretur.
3520 3642 3533 3648 “

1876 3720 2043 3792 Cujus
2060 3730 2239 3775 autem
2265 3720 2339 3773 rei
2356 3720 2528 3791 gratia
2552 3720 2669 3773 loco
2684 3733 2783 3774 suo
2811 3719 3012 3783 cessit,
3037 3720 3190 3775 testis
3213 3727 3298 3781 est
3323 3719 3483 3783 locus

1878 3812 1946 3866 ad
1976 3826 2138 3882 quem
2168 3810 2417 3865 secessit.
2444 3808 2559 3862 Non
2582 3809 2729 3863 enim
2755 3808 3006 3879 quasivit
3031 3809 3250 3879 aliquod
3281 3810 3474 3864 remis-

1878 3904 2038 3960 sioris
2084 3904 2211 3958 vita:
2259 3901 2677 3966 diverticulum,
2726 3902 2819 3956 sed
2859 3902 3136 3956 voluntate
3178 3911 3233 3955 et
3276 3902 3482 3957 itinere

1878 3994 2079 4050 direxit
2104 4008 2326 4064 gressus
2351 3993 2417 4047 ad
2443 4001 2684 4046 montem
2709 3991 2989 4058 Casinum,
3022 3993 3111 4046 ubi
3139 4008 3244 4046 non
3275 4008 3468 4061 parum

1878 4086 2107 4143 honeste
2131 4093 2420 4154 susceptus
2451 4084 2581 4138 nihil
2616 4084 2870 4139 instantis
2890 4092 2941 4139 et
2970 4083 3212 4154 quaesita:
3242 4083 3349 4149 rei,
3377 4083 3481 4154 sed,

1879 4179 1985 4241 alia
2020 4193 2119 4250 pro
2146 4178 2270 4233 aliis
2293 4186 2378 4233 est
2408 4184 2828 4232 commentatus.

1892 4325 1902 4333 ,
1951 4272 2038 4327 η.
2062 4269 2295 4325 Eremita
2318 4269 2632 4341 prwdicenle
2652 4266 3147 4323 revocatum—Non
3176 4276 3354 4322 tamen
3380 4266 3477 4321 diu

1882 4364 2055 4437 potuit
2083 4362 2306 4417 latuisse
2338 4376 2502 4432 quem
2540 4360 2685 4416 Deus
2732 4359 2950 4415 nolebat
2989 4358 3191 4425 latere,
3230 4359 3339 4414 imo
3370 4359 3479 4417 hac

193 4434 416 4527 acclinis
455 4437 825 4500 veneratione.
863 4453 988 4507 erga
1012 4436 1261 4515 juniores
1298 4449 1524 4510 paterna
1552 4442 1777 4500 all'eetus
1808 4466 1854 4527 υ
1884 4434 2008 4525 ruga
2055 4453 2346 4526 gloriosius
2396 4454 2770 4524 magnificare.
2817 4451 3048 4521 Quidam
3106 4452 3336 4506 eremita
3397 4452 3478 4515 ibi

194 4522 498 4596 Φίεειίοηθι
536 4525 735 4597 Sicque
762 4529 1015 4583 omnibus
1042 4530 1219 4587 omnia
1254 4532 1452 4600 factus,
1476 4535 1636 4604 paulo
1655 4547 1778 4607 post
1813 4522 1840 4527 Ὗ
1881 4522 2184 4605 habebatur
2210 4545 2337 4619 qui,
2378 4522 2509 4601 dum
2547 4560 2673 4600 cum
2716 4543 2921 4599 famqu
2954 4544 3048 4600 Dei
3082 4544 3483 4614 hospitalitatis

194 4636 384 4681 omnes
414 4623 673 4692 ντωοεάῖι
700 4622 992 4679 Virtutibus
1016 4623 1108 4695 (ιυὶ
1138 4626 1301 4697 Paulo
1351 4636 1477 4685 ante
1530 4632 1778 4687 οηηιίυπι
1881 4645 2221 4702 humanitate
2251 4641 2676 4704 sermocinatur,
2707 4639 2958 4709 prtedicit
2998 4638 3100 4693 sibi
3126 4652 3356 4708 quaeque
3397 4636 3478 4695 fu-

193 4727 307 4770 erat
338 4713 715 4784 pedisscquus.
765 4712 1056 4789 Postquam
1103 4718 1516 4777 conversionem
1567 4737 1778 4779 morum

196 4817 317 4862 actu
350 4814 516 4875 atque
552 4804 740 4873 habitu
771 4805 1068 4875 professus,
1099 4822 1258 4876 quem
1290 4813 1568 4881 quaerebat
1593 4829 1785 4873 mona-

197 4904 399 4971 chum,
435 4900 698 4956 victorem
730 4901 783 4954 in
815 4901 1064 4956 cmnobiu
1092 4915 1151 4956 se
1176 4901 1306 4960 fecit
1337 4907 1776 4975 monomachum,

198 4993 417 5052 dextera
447 4991 649 5061 quippe
675 4989 768 5043 Dei
797 4992 1152 5056 confortatus,
1174 4993 1455 5067 pugnabat
1475 5004 1666 5052 contra
1689 5013 1787 5055 ne-

199 5087 379 5124 nuitim
405 5083 706 5124 eniritnnlin
745 5082 798 5124 in
829 5081 1153 5124 omlnclihnc-

1882 4748 2002 4793 tura
2020 4777 2036 4803 ,
2061 4745 2118 4790 et
2146 4735 2270 4805 quis
2296 4741 2475 4798 esset,
2499 4742 2555 4785 et
2578 4732 2720 4786 unde
2745 4741 2888 4787 esset
2921 4739 2978 4793 et
3005 4730 3165 4798 cujus
3200 4729 3277 4784 rei
3309 4719 3488 4787 advc-s

1884 4830 2058 4883 uisset
2084 4824 2282 4897 gratia.
2312 4823 2479 4877 Addit
2502 4822 2725 4890 insuper
2750 4835 2873 4890 quae
2904 4820 3012 4876 sibi
3045 4821 3268 4875 minime
3295 4818 3481 4890 places

1889 4927 2039 4983 rent,
2069 4915 2278 4971 scilicet
2301 4913 2428 4983 quia
2457 4912 2622 4982 legati
2651 4909 3037 4980 imperatoris,
3065 4910 3237 4966 secuti
3263 4925 3389 4965 eum
3411 4910 3485 4965 ad

1890 5009 2287 5079 reducendum,
2322 5006 2443 5060 sine
2480 5003 2744 5058 dilatione
2773 5002 2992 5061 venturi
3025 5012 3233 5060 essent.
3278 5000 3497 5067 Quibus

2024 5103 2089 5124 σε-
2119 5100 2205 5124 -.2-
2231 5097 2322 5124 “-2
2362 5095 2671 5124 .l:nu:nnul'nI
2703 5096 2926 5124 IIII:.'.\-n
2993 5095 3088 5124 lini"
3123 5093 3292 5124 Ip:el:c
