3960 5320
513 317 646 374 1051

1474 326 1532 382 s.
1572 328 1870 387 causam
1907 287 2197 387 Aesaris
2237 285 2780 401 sum-usionis

3644 338 3787 396 {052

513 454 639 494 nem
663 480 676 504 ,
709 455 814 494 non
847 441 1044 495 avertit
1071 442 1423 512 petitionem,
1455 445 1550 500 sed
1579 445 1759 502 diﬂ'ert
1790 449 2089 519 responsio-
2124 449 2169 508 Α
2200 467 2321 520 qua:
2350 451 2450 507 sibi
2502 451 2754 508 adluebat
2807 467 2903 522 per
2951 451 3346 523 ercgationcm.
3406 452 3680 527 Erogabat
3734 465 3792 514 et

512 545 660 586 nem.
691 529 862 598 Cujus
911 534 1286 612 responsionis
1333 535 1597 595 dilatione
1643 541 1828 594 statim
1877 541 2096 597 interci-

511 621 738 690 piuntur
785 621 1134 693 imperatoris
1177 628 1487 695 prccatoria
1535 628 1823 700 le'gatione.
1856 632 1923 688 Et
1969 635 2094 704 quia

510 725 686 767 annus
710 719 828 777 est,
857 713 984 789 dum
1015 715 1335 782 moliuntur,
1367 719 1696 787 molitiones,
1727 722 1873 778 illico
1899 725 2096 780 dissol-

510 814 740 856 vuntur.
769 802 1003 862 Auditur
1031 808 1310 878 imperiale
1349 812 1681 878 mandatum,
1708 824 1762 869 et
1787 816 1968 871 audito
1994 832 2093 886 pa-

509 893 648 948 riter
680 894 888 950 reditur
915 901 1326 958 monasterium.

579 987 668 1042 15.
718 986 953 1043 ϐοτὸείίε
988 991 1245 1050 reclusus.
1273 995 1438 1053 —Et
1488 999 1613 1068 quia
1659 1000 1726 1054 ad
1774 1011 1957 1058 votum
2008 1018 2096 1060 res

509 1086 686 1148 empta
718 1078 819 1134 sibi
849 1095 954 1135 non
1011 1086 1408 1155 suppeditabat,
1453 1088 1506 1145 in
1562 1105 1659 1146 suo
1701 1093 1940 1164 disponit
1976 1111 2095 1152 esse

507 1167 901 1242 qualiscunque
932 1173 985 1227 in
1016 1173 1193 1230 alieno
1244 1175 1362 1233 loco
1409 1193 1531 1234 esse
1579 1181 1914 1238 decreverat.
1952 1184 2096 1241 Inter

504 1269 760 1328 parentes
795 1269 904 1317 stat
934 1271 992 1319 et
1028 1275 1282 1334 parentes
1320 1266 1477 1338 fugit,
1511 1270 1636 1340 quia
1674 1272 1971 1330 claustrum
1993 1288 2094 1349 pro

506 1365 692 1406 eremo
717 1351 946 1419 habens,
977 1356 1315 1413 orationibus
1338 1358 1556 1415 insistit.
1587 1361 1730 1418 Nihil
1765 1361 1928 1420 habet
1960 1379 2095 1435 prte-

506 1451 590 1498 ter
614 1458 693 1509 se,
725 1446 792 1501 de
821 1446 1002 1517 seipso
1043 1463 1266 1519 regnum
1298 1449 1602 1516 Deistudet
1627 1456 1728 1511 sibi
1749 1472 2094 1529 comparare,

503 1533 704 1605 vigiliis
733 1546 911 1603 vacat,
938 1539 1144 1610 jejunio
1183 1557 1242 1598 se
1265 1546 1562 1602 excruciat.

577 1626 667 1681 14.
716 1629 890 1685 Abba:
923 1631 1153 1703 eligitur.
1187 1633 1348 1690 Italia
1396 1655 1562 1708 regem
1605 1639 1890 1712 Pippinum
1922 1644 2095 1699 mode-

503 1726 674 1772 ratur.
697 1751 768 1759 —
791 1720 1027 1777 Proinde
1076 1723 1197 1780 talis
1227 1725 1452 1782 edicitur
1477 1719 1658 1786 utnon
1683 1733 1854 1788 solum
1879 1733 2093 1800 ordine,

506 1809 601 1863 sed
624 1811 788 1865 etiam
813 1812 1018 1869 honore
1055 1816 1336 1873 sublimari
1365 1821 1632 1890 dignetur.
1676 1822 1786 1880 Nec
1822 1825 1881 1880 fit
1912 1826 2091 1898 aliqua

506 1899 830 1959 sublimaudi
885 1904 1105 1970 dilatio,
1152 1919 1469 1966 cunctorum
1517 1914 1678 1968 corda
1720 1915 1786 1970 ad
1818 1915 1870 1970 id
1913 1917 2095 1988 dispo-

505 1999 669 2046 nente
693 1992 822 2072 Deo.
848 1993 1008 2050 Pater
1031 1999 1226 2069 quippe
1258 2005 1598 2070 monasterii,
1626 2007 1868 2077 corporis
1892 2009 2094 2066 viribus

504 2094 566 2137 se
612 2083 850 2140 sentiens
893 2086 1155 2154 destitui,
1201 2090 1430 2147 electum
1513 2095 1717 2150 adnutu
1771 2107 2092 2156 cunctorum

503 2174 816 2247 subrogavit
855 2175 1203 2238 Adalardum.
1232 2182 1401 2261 Cujus
1447 2185 1728 2257 dignitatis
1777 2188 1982 2245 honore
2012 2191 2093 2245 in-

501 2267 768 2332 dusiatns.
800 2277 854 2323 et
889 2285 917 2352 a
954 2271 1375 2352 principeregni
1426 2275 1670 2346 legalitcr
1705 2280 2088 2349 intronizatus,

499 2372 608 2412 non
627 2356 860 2413 efficitur
880 2349 1254 2434 pbil0pompus
1275 2365 1408 2435 (58),
1429 2382 1533 2421 non
1554 2377 1608 2421 ut
1625 2368 1804 2439 plures
1824 2371 2088 2439 adsolent,

498 2449 910 2518 pompolentus.
949 2451 1134 2519 Qualis
1163 2455 1275 2524 ipse
1305 2466 1444 2522 erat,
1476 2457 1610 2514 tales
1643 2476 1770 2516 suos
1793 2475 1916 2517 esse
1937 2462 2083 2517 vole-

500 2539 612 2606 bat,
651 2550 795 2598 etut
838 2553 1046 2611 essent,
1094 2548 1340 2618 exemplo
1370 2550 1636 2616 trahebat,
1685 2553 1862 2608 verbis
1893 2555 2088 2624 praedi-

500 2631 678 2685 cabat;
727 2629 836 2687 Nec
868 2633 1051 2688 deerat
1083 2638 1452 2706 praedicationi
1493 2640 1772 2710 multiplex
1802 2643 2030 2699 scientia
2066 2662 2081 2712 ;

501 2723 784 2807 scientiam
819 2741 949 2781 vero
981 2727 1239 2783 fundabat
1267 2731 1319 2784 in
1346 2732 1598 2788 cordibus
1617 2735 1923 2791 auditorum
1947 2751 2088 2807 prte-

501 2806 674 2870 duleis
703 2815 972 2870 facundia.
1009 2817 1062 2872 in
1094 2834 1196 2888 qua
1233 2835 1394 2890 quam
1419 2822 1674 2878 decenter
1700 2806 2087 2893 emicuit,om-

500 2904 591 2960 nis
607 2903 802 2970 Gallia,
827 2919 946 2974 qua:
966 2907 1080 2978 ejus
1103 2910 1328 2966 consilio
1347 2911 1710 2980 innitebatur,
1737 2925 1931 2985 pacata
1966 2933 2088 2989 pro-

501 2994 652 3050 bavit
681 3012 695 3060 ;
728 2998 962 3053 maxime
992 3015 1120 3055 vero
1150 3001 1300 3057 Italia
1330 3019 1449 3074 quae
1479 3007 1580 3062 sibi
1609 3023 1638 3062 a
1675 3007 1872 3067 Carolo
1910 3012 2088 3068 fuerat

2199 543 2534 608 abundabat;
2566 544 2868 599 donabatur
2908 559 3033 599 cum
3070 545 3262 610 dabat;
3287 545 3418 612 quia
3470 546 3653 601 divina
3701 563 3788 603 ra-

2202 634 2424 688 tributio
2464 649 2586 689 eum
2631 649 2844 704 semper
2897 635 3277 704 prazveniebat.
3328 637 3488 704 Quod
3536 639 3652 694 suis
3679 655 3792 696 non

2197 723 2576 789 credentibus,
2631 727 2724 780 sed
2771 724 3069 782 ferentibus
3133 727 3360 798 indigne
3418 725 3606 786 taliter
3655 729 3786 788 oli-

2196 813 2533 883 propalatum
2561 823 2646 868 est
2669 814 2849 870 divina
2879 816 3144 870 bonitate.

2270 904 2356 960 16.
2415 904 2626 964 Eximio
2671 905 2927 976 exemplo.
2980 936 3049 946 —-
3100 905 3274 962 Tanta
3335 908 3582 979 denique
3629 923 3791 980 sape:

2197 1005 2442 1066 petentes
2491 998 2740 1067 largitate
2788 1014 2916 1054 usus
2945 1008 3031 1054 est
3073 998 3364 1069 aliquando
3409 1009 3476 1055 ut
3527 1000 3792 1060 fratribus

2197 1089 2459 1159 pulmenti
2485 1090 2617 1144 nihil
2644 1099 2786 1146 esset
2815 1091 3017 1146 residui
3045 1092 3288 1157 omnino,
3317 1107 3424 1147 non
3448 1093 3652 1163 pisces,
3685 1111 3790 1149 non

2199 1193 2409 1245 caseus,
2443 1195 2549 1234 non
2580 1180 2774 1250 aliquis
2806 1190 3005 1250 przetcr
3039 1196 3231 1252 panem
3275 1183 3788 1238 monachorumvi—

2198 1282 2338 1328 ctus.
2375 1272 2527 1330 Unde
2556 1274 2674 1346 plus
2697 1274 2844 1343 justo
2885 1274 3195 1345 indignatus
3225 1274 3426 1342 frater,
3452 1276 3553 1344 qui
3601 1277 3787 1332 talium

2196 1373 2316 1419 erat
2346 1365 2656 1436 assignatus
2692 1366 2941 1421 minister
2973 1384 2985 1419 :
3024 1385 3042 1416 ι
3073 1365 3262 1432 Miror,
3295 1366 3406 1430 ait,
3435 1365 3640 1432 Pater,
3665 1367 3789 1436 (ξιιιά

2198 1457 2302 1512 sibi
2330 1457 2455 1512 velit
2478 1467 2625 1515 tanta
2657 1459 2946 1528 expcnsio,
2974 1468 3028 1513 et
3053 1457 3250 1513 exinde
3293 1458 3444 1513 nulla
3473 1474 3504 1512 a
3547 1474 3792 1528 quocun-

2195 1565 2303 1622 que
2343 1550 2610 1619 repensio.
2644 1549 2756 1605 Non
2783 1549 3209 1606 animo-reducis
3240 1550 3504 1621 penurias
3532 1550 3790 1614 fratrum,

2196 1654 2256 1698 ut
2284 1643 2544 1710 deberes;
2585 1643 2677 1697 sed
2705 1644 2991 1714 egentibus
3032 1643 3328 1704 succurris,
3356 1651 3414 1697 et
3445 1643 3566 1712 ipse
3592 1658 3743 1712 eges.
3770 1662 3786 1692 ι

2201 1737 2271 1792 At
2304 1736 2392 1792 ille
2418 1737 2706 1793 subridens
2727 1735 3118 1792 dissimulando
3143 1753 3166 1788 εν
3190 1753 3208 1786 ι
3241 1732 3360 1789 Νοη
3393 1735 3663 1796 turbet-is,
3694 1733 3788 1797 ait,

2199 1827 2390 1895 frater,
2444 1827 2784 1898 inquirentes
2827 1827 2970 1880 enim
3024 1825 3310 1879 Dominum
3367 1839 3477 1881 non
3536 1824 3790 1878 deﬁcient

2195 1917 2342 1974 omni
2376 1919 2535 1973 bono.
2572 1918 2676 1984 Tu,
2726 1918 2900 1988 inquit
2936 1917 3045 1982 ille,
3096 1917 3168 1971 ita
3199 1931 3420 1987 semper
3472 1916 3786 1986 polliceris;

2195 2009 2289 2064 sed
2313 2024 2416 2063 non
2441 2009 2519 2064 sic
2539 2010 2797 2064 continuo
2819 2009 3189 2078 dabiturqnod
3215 2008 3594 2064 indesinenter
3614 2005 3790 2061 edun-

2193 2100 2296 2155 ‘dis.
2343 2100 2500 2155 Prius
2531 2101 2767 2156 sentient
2817 2099 3014 2155 fratres
3059 2099 3458 2178 expendentem
3493 2115 3666 2170 quam
3697 2100 3790 2155 de-

2193 2195 2356 2264 beant
2377 2195 2559 2250 videre
2580 2194 2982 2265 rependentcm.
3000 2214 3017 2245 ι
3036 2193 3207 2248 Tanta
3227 2191 3543 2250 lacessitum
3570 2191 3784 2247 Patrem

2193 2284 2560 2356 indignatione
2611 2285 2702 2355 qui
2732 2293 2737 2299 ‘
2768 2285 3137 2354 indignantem
3190 2283 3507 2352 patiebatur
3561 2282 3782 2340 fratrea

2192 2388 2294 2445 pro
2322 2374 2605 2437 charitate,
2649 2373 2884 2443 respexit
2919 2373 3060 2428 ﬁlius
3097 2371 3407 2433 charitatis,
3457 2380 3510 2425 et
3543 2372 3784 2439 porrexit

2192 2481 2412 2521 nanum
2445 2465 2730 2537 largitatis.
2766 2464 2962 2522 Statim
2993 2465 3137 2520 enim
3167 2465 3370 2518 adsunt
3400 2465 3509 2519 duo
3543 2464 3780 2533 plaustra

2191 2571 2290 2626 pro
2321 2557 2549 2623 foribus,
2589 2571 2696 2611 non
2722 2556 2884 2612 boum
2917 2555 3244 2619 ministerio,
3273 2555 3371 2610 sed
3403 2554 3661 2608 ministro
3691 2552 3779 2606 Dei

2191 2645 2420 2702 deducta
2453 2647 2744 2712 divinitus,
2786 2662 2952 2701 unum
2988 2632 3241 2700 onustum
3295 2646 3500 2708 easeis,
3550 2644 3776 2699 aiterum

2190 2738 2453 2808 piscibus.
2489 2739 2602 2805 Qua
2635 2740 2828 2794 beatus
2859 2737 3020 2793 Pater
3050 2738 3365 2793 visitatione
3395 2737 3702 2799 relevatus,
3727 2745 3780 2787 rt

2191 2833 2312 2903 plus
2341 2833 2728 2902 redargttttone
2758 2831 2944 2885 fratris
2973 2829 3314 2900 qnametiam
3339 2829 3458 2900 ipsa
3492 2827 3778 2883 relevatio-

2189 2937 2256 2977 κο
2287 2923 2505 2994 gavisus
2533 2964 2545 2983 ,
2571 2921 2755 2991 jubet,
2783 2930 2838 2975 et
2884 2923 3035 2976 adest
3083 2921 3227 2976 illico
3275 2920 3365 2975 ille
3411 2920 3628 2991 jussus.
3665 2918 3778 2986 Quo

2190 3024 2420 3086 prmsto:
2445 3035 2460 3066 α
2476 3014 3047 3083 Timentibus,inquit,
3069 3012 3462 3074 Deum,frater,
3478 3010 3616 3066 nihil
3639 3011 3780 3065 deest

503 3088 812 3155 commissa,
852 3099 909 3145 ut
960 3091 1188 3164 Pippino
1227 3095 1435 3152 Juniori
1479 3098 1547 3153 ad
1587 3103 1878 3171 regendum
1918 3104 2086 3175 magi-
2115 3133 2161 3197 ρ
2193 3105 2508 3176 aliquando;
2540 3107 2732 3161 beatus
2754 3107 2836 3160 vir
2865 3105 2956 3174 qui
3001 3113 3183 3174 sperat
3238 3105 3289 3158 in
3322 3119 3410 3158 eo.
3446 3103 3610 3166 Ecce,
3639 3103 3778 3171 quod

504 3185 728 3244 strarct,
761 3189 817 3234 et
839 3181 903 3234 ad
931 3190 1187 3238 stateram
1208 3183 1436 3253 justitiae
1467 3203 1692 3260 regnum
1736 3191 1979 3248 Italicum
2007 3195 2089 3249 in-

505 3267 789 3337 formaret,
823 3273 913 3328 ubi
953 3284 1154 3330 tantam
1181 3288 1440 3346 operatus
1468 3291 1552 3336 est
1601 3283 1913 3353 aequitatem
1955 3296 2013 3341 ut
2057 3305 2088 3344 a

504 3361 701 3428 populo
732 3354 1124 3430 comparaverit
1152 3367 1252 3422 sibi
1286 3371 1584 3440 angelicam
1617 3372 1849 3429 laudem.
1880 3376 2089 3436 Nullius

483 3450 651 3504 enim
687 3452 740 3506 in
769 3451 974 3520 judicio
1017 3472 1302 3527 personam
1334 3465 1540 3536 accepit
1584 3482 1759 3537 neque
1800 3472 1855 3526 in
1910 3473 2089 3543 scirpo

502 3542 703 3596 nodum
730 3546 997 3632 quiesivit.
1030 3549 1087 3603 ln
1117 3551 1361 3622 ingressu
1391 3571 1488 3611 suo
1511 3574 1725 3615 omnem
1754 3542 2086 3635 tyrannicam

503 3630 754 3726 deposuit
795 3630 1138 3708 potestatem,
1169 3659 1356 3700 eorum
1381 3647 1610 3716 scilicet,
1659 3653 1751 3722 qui
1774 3630 1928 3710 'velut
1960 3670 2090 3726 prte-

501 3723 672 3780 dones
720 3728 772 3782 in
816 3732 1013 3801 populo
1059 3737 1388 3793 exercebant
1433 3742 1672 3810 rapiendi
1709 3723 2083 3816 tyrannidem;

500 3816 793 3889 unicuique
841 3837 935 3877 sua
978 3827 1254 3893 restituit,
1311 3839 1366 3884 et
1409 3831 1489 3887 sic
1526 3832 1670 3888 inter
1713 3851 1810 3892 eos
1834 3837 2084 3908 jnrgandi

499 3919 720 3962 causam
759 3909 1022 3980 destituit,
1066 3930 1363 3987 pacemque
1401 3920 1607 3975 unitam
1637 3925 1941 3980 constituit.

570 4000 659 4054 15.
698 4001 742 4053 Α
782 4001 952 4059 Leone
990 4023 1127 4075 papa
1188 4008 1459 4065 laudatus.
1510 4012 1683 4079 Quam
1729 4015 1981 4072 liberalis.
2017 4049 2085 4092 -έ

499 4091 706 4148 Taliter
737 4095 902 4166 igitur
952 4099 1290 4170 disponendo
1331 4118 1601 4174 regnum,
1652 4109 1896 4178 pervenit
1949 4091 2086 4167 fines

497 4185 889 4255 Romanorum,
914 4192 1003 4247 ubi
1038 4209 1068 4248 a
1118 4193 1298 4252 Leone
1343 4212 1481 4269 papa
1512 4207 1662 4256 tanta
1693 4211 1972 4274 susceptus
2001 4214 2084 4259 est

497 4275 869 4336 familiaritate
909 4294 1112 4352 quanta
1161 4289 1434 4343 neminem
1483 4289 1818 4348 Francorum
1866 4303 2082 4349 constat

496 4367 651 4436 prius
679 4361 989 4442 susceptum
1030 4375 1216 4432 fuisse.
1265 4378 1374 4434 Nec
1405 4380 1456 4434 id
1488 4397 1619 4437 casu
1667 4385 1868 4451 evenit,
1919 4386 2078 4442 talem

2196 3197 2422 3252 timebas
2449 3212 2475 3250 a
2511 3197 2620 3250 Deo
2644 3196 2886 3266 arguitur
2909 3235 2924 3261 ,
2956 3204 3008 3250 et
3053 3193 3408 3249 incredulitas
3454 3203 3545 3248 tua
3597 3200 3780 3263 aperte

2193 3285 2554 3342 convincitur.
2586 3285 2881 3341 Convictus
2925 3286 3148 3340 tandem
3174 3284 3442 3340 erubesce
3465 3324 3480 3344 .
3525 3293 3584 3338 et
3625 3297 3780 3337 accc.

2192 3380 2298 3450 ptis
2325 3395 2444 3449 qua:
2468 3381 2768 3449 repetebas,
2794 3378 2900 3432 noli
2933 3379 3164 3448 amplius
3191 3377 3507 3446 desperare.
3543 3397 3561 3428 ι
3597 3383 3664 3429 At
3691 3375 3778 3431 ille

2194 3473 2480 3528 discedens
2507 3473 2784 3537 confusus,
2809 3488 2927 3526 erat
2954 3472 3097 3526 enim
3129 3470 3480 3540 simplicitate
3501 3511 3516 3530 ,
3551 3469 3644 3524 sed
3673 3485 3774 3522 non

2179 3563 2310 3640 sine
2346 3563 2466 3618 felle
2497 3561 2865 3618 columbinus:
2897 3581 2915 3614 ι
2948 3563 3022 3616 Da
3047 3562 3197 3625 mibi,
3231 3561 3435 3631 inquit,
3470 3560 3652 3622 Pater,
3687 3573 3778 3613 vc-

2193 3654 2362 3721 niam,
2413 3664 2564 3724 peto;
2625 3655 2881 3724 deinceps
2929 3654 3126 3724 quippe
3180 3655 3404 3708 credam
3454 3652 3551 3706 tibi
3597 3650 3775 3705 omnia

2182 3743 2388 3800 'cedere
2414 3759 2512 3814 pro
2538 3754 2682 3799 voto.
2721 3744 2983 3800 Redditur
3010 3743 3154 3813 quod
3183 3743 3407 3806 dedisti,
3437 3743 3568 3812 quia
3614 3740 3772 3794 babes

2183 3833 2334 3903 quod
2349 3833 2628 3903 accepisti,
2641 3832 2871 3904 gratiam
2895 3848 3054 3903 quam
3079 3832 3347 3887 meruisti.
3362 3853 3378 3884 ι
3407 3829 3546 3886 Vera
3559 3829 3765 3886 confes-

2193 3923 2294 3989 sio,
2320 3939 2422 3979 nec
2442 3925 2660 3978 dissona
2687 3939 2716 3978 a
2741 3924 2958 3978 merito.
2975 3919 3091 3978 Non
3110 3923 3256 3977 enim
3281 3931 3402 3978 erat
3431 3922 3770 3991 semilargns,

2188 4014 2282 4071 sed
2295 4030 2358 4070 ex
2385 4015 2596 4087 integro
2619 4024 2784 4070 totus.
2803 4016 3052 4080 Mentior,
3070 4015 3114 4070 si
3137 4013 3768 4072 testimoniisdestituor.

2261 4107 2348 4160 17.
2391 4105 2489 4160 Pia
2521 4107 2855 4162 discretione.
2880 4138 2951 4149 --
2976 4106 3032 4163 Si
3062 4107 3278 4176 quando
3300 4106 3522 4160 fortuna
3553 4113 3770 4174 egentes

2188 4184 2291 4252 sibi
2325 4197 2686 4267 przesentabat
2710 4197 2794 4252 bis
2817 4213 3001 4261 unum,
3029 4207 3081 4253 et
3112 4211 3318 4268 agapen
3347 4197 3599 4266 utrisque
3629 4210 3767 4251 com.

2185 4294 2453 4358 petentem
2475 4301 2579 4341 non
2594 4286 2829 4342 habebat
2843 4286 2909 4342 ad
2929 4302 3168 4351 manum,
3183 4286 3358 4340 satius
3375 4285 3636 4342 censebat
3653 4285 3767 4340 alte-

2185 4378 2230 4433 ri
2257 4365 2427 4434 toturn
2447 4377 2706 4443 tribuere,
2737 4392 2896 4448 quam
2923 4388 3145 4448 aterque
3177 4393 3368 4432 eorum
3397 4393 3538 4448 pene
3583 4377 3765 4432 inclce-

496 4460 695 4532 quippe
717 4477 840 4517 eum
874 4466 1108 4533 invenit;
1142 4469 1264 4524 ideo
1291 4471 1393 4525 hoc
1413 4473 1460 4525 ei
1497 4475 1864 4531 testimonium
1904 4478 2076 4549 perhio

2195 4462 2497 4539 mosynatus
2517 4467 2794 4522 videretur
2836 4468 3112 4533 recedere;
3150 4467 3238 4522 isti
3282 4466 3634 4537 impendebat
3665 4467 3765 4537 pie-

496 4550 613 4640 buit
646 4571 658 4606 :
697 4571 716 4603 ι
753 4553 924 4620 Scias,
974 4557 1173 4627 inquit,
1212 4562 1418 4630 optime
1469 4564 1824 4633 Francorum,
1854 4571 1979 4640 quia
2027 4571 2073 4626 si

497 4639 642 4695 aliud
669 4651 720 4697 te
755 4643 1014 4703 invenero
1055 4659 1255 4719 praeter
1283 4655 1426 4722 quod
1466 4654 1621 4712 affeci
1652 4639 1916 4726 animum,
1943 4661 2073 4718 nulli

496 4729 750 4802 deinceps
790 4736 1006 4792 credam
1059 4749 1376 4798 ves-tratum.
1414 4762 1434 4797 ι
1478 4744 1683 4817 Magna:
1730 4752 2074 4809 auctoritatis

495 4822 683 4891 homo,
709 4827 863 4898 cujus
909 4829 1043 4887 fides
1090 4848 1282 4904 parum
1313 4837 1466 4893 devia
1510 4841 1670 4897 unius
1720 4844 1871 4914 regni
1920 4845 2076 4902 fieret

493 4919 795 4973 evacuatio.
830 4920 937 4977 Sed
967 4925 1238 4992 quomodo
1258 4928 1326 4982 ab
1369 4943 1431 4983 ea
1481 4941 1664 4998 posset
1710 4933 1948 4999 deviare,
1979 4937 2072 5005 qui

489 5021 611 5062 eam
658 5011 999 5070 deviantibus
1035 5016 1289 5074 studebat
1342 5021 1750 5094 redintegrare,
1801 5037 1858 5082 et
1904 5027 2070 5084 etiam

492 5098 912 5146 imperator-ilum
980 5109 1194 5146 cor-inlita

1258 5111 1510 5146 ἶηΙῖηυιαιΔ
1543 5114 1568 5146 9
1625 5115 1678 5146 Ιη
1728 5118 1830 5146 Ιιηιι
1879 5119 2067 5146 ..εἶα-..Α

2184 4555 2310 4610 tatis
2325 4553 2574 4610 effectum
2586 4595 2600 4618 ,
2613 4555 2690 4609 illi
2703 4556 3016 4611 benevolent
3026 4555 3089 4610 ire
3103 4557 3480 4610 tantummodo
3493 4555 3760 4611 affectum.

2249 4647 2335 4702 18.
2375 4646 2754 4719 Lacrymarum
2773 4649 2912 4704 dono
2933 4649 3203 4719 prwditus.
3227 4647 3422 4704 —Nec
3448 4658 3571 4704 erat
3600 4649 3762 4704 inanis

2180 4755 2211 4796 a
2238 4740 2538 4797 visceribus
2561 4742 2811 4812 pietatis;
2833 4757 2951 4812 quae
2973 4750 3173 4808 quanta
3197 4741 3298 4797 sibi
3326 4742 3554 4806 inesset,
3580 4754 3759 4812 parum

2185 4830 2374 4898 corde,
2416 4832 2598 4887 minus
2628 4831 2811 4908 celare
2836 4839 3050 4903 poterat
3072 4833 3264 4888 oculis.
3301 4831 3533 4904 Semper
3573 4832 3760 4903 quippe

2181 4925 2342 4995 quasi
2368 4924 2587 4995 aliquod
2627 4926 2920 4997 aquagium
2953 4926 3245 4979 manabant
3272 4939 3339 4978 ex
3368 4925 3450 4978 eis
3488 4923 3754 4995 lacryma.

2182 5031 2320 5086 qum,
2350 5026 2408 5071 ut
2434 5019 2605 5074 videri
2634 5026 2868 5088 poterat,
2898 5027 3062 5073 testes
3092 5025 3251 5072 erant
3291 5015 3625 5077 dulcedinis,
3660 5029 3764 5069 non-

2178 5108 2262 5146 val
2305 5110 2615 5146 ηωηῖΙΔηΙῖο
2653 5110 3000 5146 Λιινιοοῖόιιιῖω
3065 5107 3165 5146 nn;
3213 5123 3336 5146 mum
3363 5121 3392 5146 9
3420 5106 3536 5146 cui:
3583 5119 3756 5146 ear-va.
