3960 5320
178 313 335 377 1055

1427 316 1588 376 VlTA
1626 319 1685 377 S.
1723 319 2092 378 ADALARDI.
2139 344 2159 363 ·

3320 319 3456 377 105-5

174 430 473 498 planctum
502 430 775 489 invitaret.
803 431 1244 503 Quandocunque
1266 447 1355 489 res
1382 449 1504 490 eum
1526 448 1764 503 occupa-
1796 441 1844 501 Α
1873 436 1994 501 roli,
2024 447 2080 493 et
2104 437 2376 494 malebant
2400 453 2562 508 quam
2602 437 2747 493 hunc
2778 452 3026 510 regnare,
3059 436 3245 508 fasque
3277 434 3460 495 nem;-

174 519 289 576 liat
316 523 628 590 mundialis,
665 534 851 595 utpote
874 525 1155 595 exigebat,
1188 534 1244 580 et
1279 525 1446 595 exigit
1472 526 1526 580 in
1572 526 1769 584 talibus

175 612 496 671 monomia
529 613 860 683 temporalis,
893 614 1052 683 paulo
1088 622 1210 683 post
1252 623 1620 684 exoccupatus
1669 617 1767 670 ad-

172 712 281 759 tat
307 712 455 760 totus
488 704 544 760 in
586 706 804 762 divinis.
830 706 949 762 Mox
975 705 1175 763 ﬂuebat
1218 708 1581 780 lacrymarum
1614 709 1771 765 inun-

173 796 378 862 datio,
418 805 473 852 et
514 798 656 854 inter
694 798 962 871 lacrymas
990 799 1235 856 idulciter
1269 799 1585 857 susurrabat
1626 800 1770 872 psalo

174 901 407 943 suorum
435 888 816 943 murmuratio.

257 977 355 1033 l9.
381 976 615 1032 Maxime
654 978 708 1032 in
752 979 919 1050 auirio
968 979 1167 1035 divino.
1212 1009 1285 1021 —
1329 977 1426 1037 Ubi
1458 995 1673 1051 quoque
1703 982 1770 1037 ad

172 1068 436 1124 divinum
467 1068 709 1123 officium
740 1069 1019 1134 iutroibat,
1046 1085 1239 1127 omnes
1271 1071 1625 1143 cogitationes
1668 1088 1770 1128 sse-

172 1159 406 1217 culares
434 1175 592 1216 secus
618 1162 818 1216 ostium
850 1162 1103 1217 introitus
1132 1164 1460 1234 reponebat,
1500 1172 1555 1220 et
1585 1178 1768 1221 secum

178 1258 343 1306 totus
368 1258 552 1321 utpote
584 1260 713 1306 ante
737 1250 903 1307 Deum
927 1251 1229 1309 incedebat.
1253 1252 1392 1309 Aliis
1417 1255 1770 1325 psallentibus

175 1342 308 1412 ipse
362 1340 568 1407 flebat;
620 1341 847 1397 dulciori
898 1342 1044 1398 enim
1096 1344 1304 1400 musica
1350 1345 1667 1401 solvebatur
1714 1347 1770 1402 in

178 1430 473 1502 lacrymis,
498 1445 594 1502 per
619 1446 781 1501 quam
837 1441 982 1489 totus
1021 1433 1325 1490 constabat.
1383 1434 1569 1492 Tanta:
1624 1437 1770 1493 enim

175 1534 315 1582 erat
354 1525 658 1581 dulcedinis
693 1535 749 1581 et
787 1525 1113 1582 dulcissima:
1145 1528 1198 1582 in
1232 1527 1400 1584 Deum
1448 1529 1771 1588 intentionis

175 1624 248 1673 ut
280 1615 329 1671 si
354 1616 519 1672 etiam
544 1614 817 1686 regalibus
835 1617 1074 1673 consiliis
1100 1618 1414 1686 assisteret,
1456 1620 1643 1676 audita
1675 1620 1773 1676 ali-

174 1721 298 1776 qua
324 1705 556 1762 melodia
586 1707 733 1762 nullo
764 1709 924 1763 modo
970 1723 1030 1764 se
1081 1724 1112 1763 a
1151 1708 1369 1767 ﬂetibus
1425 1719 1768 1781 temperaret.

174 1774 306 1853 Dleo
332 1797 553 1863 mirum,
579 1797 702 1867 quia
728 1796 956 1855 dulcedo
983 1799 1192 1868 patriae,
1237 1800 1293 1856 in
1337 1815 1441 1871 qua
1485 1774 1768 1868 dulcescit,
1804 1774 1848 1834 Β

176 1887 278 1944 cui
301 1903 516 1958 semper
540 1887 850 1963 suspirabat
874 1889 1146 1945 canticum
1188 1904 1409 1958 novum,
1437 1892 1538 1948 bac
1583 1892 1771 1949 dulce-

174 1978 317 2036 dine
338 1979 587 2036 solvebat
607 1995 752 2036 eum.
1154 2032 1159 2037 .

256 2071 351 2128 20.
386 2072 455 2129 In
485 2074 667 2128 itinere
703 2074 921 2129 seorsim
968 2075 1182 2132 incedit.
1213 2106 1286 2118 —
1312 2076 1556 2148 Cumque
1607 2078 1771 2134 etiam

175 2180 291 2237 pro
322 2164 579 2221 Ecclesia:
611 2165 828 2236 negotio
856 2166 1226 2233 itineraretur,
1270 2168 1415 2237 quod
1467 2169 1536 2224 ab
1580 2167 1769 2239 hujus-

174 2257 337 2314 modi
366 2257 671 2315 ministerio
692 2298 709 2324 ,
754 2258 855 2314 etsi
882 2260 1197 2329 aliquando,
1224 2275 1349 2315 raro
1380 2269 1561 2316 tamen
1591 2274 1774 2333 segre-

177 2349 307 2419 gari
335 2350 722 2419 consequitur,
754 2360 997 2405 secretus
1028 2350 1097 2405 ab
1127 2350 1383 2408 omnibus
1412 2352 1533 2406 aliis
1562 2352 1774 2423 gradie-

174 2438 372 2497 batur.
402 2438 515 2496 Nec
543 2439 830 2496 deserebat
854 2441 1101 2506 instituta
1152 2442 1374 2514 regulze,
1420 2444 1514 2499 sed
1560 2443 1774 2502 ﬂetibus

175 2533 417 2588 vacabat
461 2549 562 2604 pro
614 2533 866 2601 lectione,
915 2544 971 2590 et
1016 2536 1356 2593 orationibus
1403 2552 1504 2607 pro
1565 2537 1776 2608 reliquo

175 2633 552 2680 conventuum
579 2635 788 2683 tenore.
821 2626 1059 2683 Curitites
1085 2629 1175 2699 qui
1201 2628 1256 2682 in
1289 2628 1489 2684 talibus
1521 2633 1770 2686 consueti

175 2725 375 2778 erant,
391 2716 772 2786 prtecedebant
796 2726 850 2773 et
875 2719 1243 2789 sequebantur
1265 2735 1412 2784 eum,
1433 2719 1640 2775 salibus
1660 2720 1776 2776 suis

122 2832 127 2837 -
175 2806 548 2873 intendenda;
591 2808 709 2877 ipse
737 2817 918 2865 autem
958 2807 1202 2865 salebras
1247 2808 1461 2866 itineris
1500 2810 1776 2868 relevabat

174 2897 293 2953 sibi
326 2898 761 2967 psalmodiando.

256 2989 319 3044 ξι
334 3027 348 3043 .
369 2986 564 3044 Pacem
587 2991 723 3045 inter
737 2990 1044 3047 dissidemes
1069 2991 1338 3062 reformat.
1361 3023 1432 3036 —-
1454 2993 1775 3066 Ubicunque

179 3080 563 3152 gradiebatur,
599 3096 703 3151 pax
744 3097 928 3137 secum
970 3082 1362 3149 comitabatur,
1396 3084 1594 3141 bellum
1649 3100 1772 3141 cum
1802 3112 1846 3174 ρ

179 3170 335 3229 bello
358 3170 630 3237 habebat,
662 3170 842 3227 fthllS
891 3187 1015 3228 cum
1056 3187 1187 3242 pace
1216 3173 1434 3229 inierat.
1484 3172 1618 3229 Cum
1668 3191 1772 3245 qua

178 3265 320 3323 olim
378 3265 699 3335 perveniens
756 3263 1144 3330 Beneventum,
1198 3267 1405 3321 invenit
1449 3282 1570 3323 eam
1621 3282 1774 3321 arma

180 3355 494 3427 sumpsisse
517 3364 706 3411 contra
731 3355 1031 3425 Spoletum.
1071 3356 1129 3412 in
1174 3356 1373 3427 quibus
1404 3366 1555 3412 tanto
1601 3368 1776 3414 marte

178 3450 600 3506 hacrhabantur
624 3459 681 3504 ut
709 3450 889 3505 omnia
912 3464 1006 3505 sua
1035 3450 1223 3514 armis,
1248 3450 1444 3516 praedis
1468 3459 1522 3504 et
1543 3448 1775 3505 flatu-imis

180 3543 642 3599 adnibilareutur.
680 3541 947 3597 Fervebat
976 3541 1191 3597 Bellona
1217 3542 1271 3595 in
1296 3541 1538 3597 omnium
1566 3556 1773 3605 necem,

178 3634 443 3690 omnibus
476 3632 759 3703 pulchrum
790 3632 1073 3689 videbatur
1123 3632 1334 3702 perdita
1383 3633 1627 3701 recipere
1681 3647 1778 3701 per

180 3725 429 3781 medium
461 3724 693 3780 hostem.
721 3723 845 3779 [lare
874 3730 993 3778 erat
1026 3737 1278 3778 mensura
1304 3721 1427 3777 belli
1460 3722 1611 3792 prius
1647 3722 1777 3776 defi-

183 3830 317 3874 cere
338 3830 506 3885 quam
538 3815 699 3870 vinei.
730 3814 972 3870 Tandem
1014 3813 1098 3869 vir
1126 3813 1223 3870 Dei
1271 3822 1415 3869 inter
1442 3828 1538 3869 eos
1565 3814 1776 3868 medius

182 3908 524 3965 caduceator
551 3905 879 3970 deambulat,
914 3913 969 3960 et
995 3906 1242 3975 utrisque
1274 3905 1581 3960 consultum
1627 3905 1778 3973 pacis

184 4004 532 4067 expectorat.
557 3995 668 4051 Nec
696 4007 824 4050 ante
852 3988 1064 4050 desistit
1106 4009 1268 4065 quam
1309 3993 1487 4048 fiedus
1518 3993 1658 4047 inter
1686 4008 1779 4048 eos

185 4103 366 4160 usque
384 4087 453 4142 ad
469 4086 650 4143 oscula
672 4087 928 4151 restituit,
943 4101 1130 4156 pacem
1153 4086 1398 4156 partibus
1421 4085 1776 4162 redintegrat,

186 4194 379 4236 nrores
413 4185 469 4232 et
505 4177 640 4248 fines
668 4184 828 4233 certo
879 4177 1052 4233 limite
1090 4177 1356 4246 autiquat.
1409 4175 1505 4230 llis
1558 4191 1689 4246 ergo
1727 4184 1784 4233 et

188 4269 466 4329 similibus
493 4269 795 4325 fcederabat
814 4284 1037 4341 regnum
1064 4268 1387 4325 indefessus.

260 4361 356 4417 22.
386 4358 466 4416 0b
481 4360 705 4431 justizire
741 4360 911 4416 zelum
955 4360 1235 4432 relegatur.
1266 4390 1339 4400 —
1376 4359 1483 4415 Sed
1530 4374 1595 4415 ea
1650 4368 1782 4415 tem-

1874 544 1978 600 que
2000 528 2276 585 confundi.
2304 528 2467 597 Cujus
2493 529 2709 601 invidia:
2727 529 2922 599 adepto
2950 538 3192 600 tempore
3217 512 3452 586 vindicta

1872 621 2109 685 accensi,
2145 630 2412 691 quatenus
2437 635 2560 675 eum
2590 628 2848 689 separent
2896 635 2926 673 a
2979 618 3149 675 latere
3178 621 3323 691 regis
3349 619 3453 674 tir-

1873 722 2093 769 mantur
2130 712 2365 776 convoti,
2396 723 2455 767 ut
2476 710 2748 784 justitiam
2778 711 3007 766 ulterius
3044 726 3148 765 non
3200 711 3451 766 habendo

1869 803 2211 861 defensorem
2269 816 2494 875 regnum
2548 804 2865 869 amitteret,
2911 812 2968 858 et
3028 802 3283 872 iniquitas
3338 800 3454 856 suis

1870 895 2196 968 quandoque
2243 897 2501 968 capienda
2562 895 2849 952 fraudibus
2909 895 3220 951 dominandi
3275 894 3451 948 locum

1872 987 2158 1058 reciperet.
2202 985 2313 1043 Nec
2347 996 2469 1043 erat
2512 1002 2600 1044 res
2653 988 2942 1058 perardua,
2973 987 3101 1057 quia
3131 985 3452 1055 suppetebat

1850 1075 2045 1141 locus,
2075 1087 2308 1149 tempus,
2341 1094 2597 1148 persona.
2637 1078 2900 1147 Denique,
2947 1087 3009 1133 ut
3032 1078 3201 1139 aiunt,
3238 1076 3454 1147 regibus

1870 1166 1995 1223 boui
2025 1183 2186 1238 quam
2214 1168 2338 1225 mali
2360 1169 2723 1240 suspectiores
2748 1177 2894 1225 sunt.
2924 1167 3020 1224 llis
3047 1183 3261 1239 quoque
3282 1167 3454 1251 virtus

1872 1261 2047 1317 aliena
2073 1271 2383 1332 semperest
2405 1261 2776 1318 formidolosa.
2798 1262 2951 1331 Quod
2977 1261 3094 1316 viro
3116 1259 3210 1315 Dei
3241 1258 3316 1313 ita
3330 1271 3454 1317 esse

1872 1353 2006 1408 nihil
2036 1353 2483 1409 constititverius
2514 1353 2629 1422 qui,
2666 1353 2785 1408 sine
2818 1353 2999 1425 judice
3040 1350 3303 1422 dignitate
3354 1349 3454 1403 bo-

1852 1444 2021 1500 'noris
2041 1454 2254 1509 exutus,
2284 1445 2353 1501 ob
2375 1445 2696 1501 beneficium
2721 1446 3027 1516 reipublicae
3050 1443 3300 1499 exsilium
3332 1440 3455 1496 tulit

1871 1535 2058 1605 sicque
2080 1535 2220 1589 mala
2245 1550 2345 1605 pro
2373 1536 2532 1591 bonis
2563 1535 2786 1607 recepit.
2824 1534 2870 1591 0
2894 1535 3101 1591 mores!
3132 1549 3169 1590 o
3187 1542 3451 1603 tempora,

1872 1638 1940 1680 ex
1968 1625 2149 1682 aureis
2175 1626 2360 1697 utique
2384 1626 2603 1682 fictilia!
2641 1625 2749 1682 Sed
2784 1644 2802 1677 ι
2842 1624 2984 1679 beati
3014 1624 3103 1694 qui
3127 1620 3455 1693 persecutio'

1874 1712 1997 1771 n'em
2023 1715 2303 1786 patiuntur
2342 1728 2565 1788 propter
2586 1716 2877 1786 justitiam,
2925 1734 2943 1767 ι
2999 1730 3097 1783 pro
3147 1728 3249 1783 qua
3299 1710 3456 1780 quasi

1875 1804 2109 1860 mundus
2128 1805 2381 1861 exsilium
2406 1821 2510 1861 non
2533 1814 2698 1871 esset,
2724 1804 2950 1860 alterius
2974 1803 3151 1860 exsilii
3201 1790 3458 1870 iniudica-

1873 1900 1960 1949 tus
1984 1894 2194 1966 excepit
2222 1897 2567 1952 sententiam.
2600 1894 2716 1951 Non
2742 1904 2919 1952 tamen
2947 1895 3062 1950 sine
3084 1894 3311 1964 judicio,
3332 1890 3458 1961 Quia

1875 1982 2102 2041 feliciter
2120 1988 2487 2043 munerandus
2507 1987 2711 2042 divino.

1940 2076 2033 2132 23.
2074 2076 2255 2132 Etiam
2279 2088 2326 2134 et
2351 2080 2457 2134 sui.
2485 2109 2556 2119 —
2581 2077 2907 2134 Dissolvitur
2966 2076 3150 2144 itaque
3200 2073 3289 2128 illa
3334 2071 3461 2153 felix

1872 2168 2228 2239 germanitas,
2281 2183 2401 2238 quae
2461 2170 2603 2225 sicut
2661 2168 2841 2238 aliqua
2894 2163 3237 2223 constellatio
3297 2162 3462 2218 totius

1873 2256 2059 2329 palatii
2085 2259 2371 2314 videbatur
2391 2258 2636 2316 claritas.
2662 2258 2919 2316 Germani
2945 2267 3100 2313 erant
3128 2255 3463 2325 quinqui-,1“

1875 2363 2007 2404 sexu
2040 2350 2111 2403 ita
2163 2349 2386 2405 discreti
2416 2359 2472 2405 et
2502 2338 2798 2415 tetate,sed
2823 2348 3010 2402 cadent
3037 2346 3171 2400 uniti
3198 2345 3460 2400 bonitate.

1876 2435 2114 2494 Sanctus
2163 2438 2470 2494 Adalardus
2518 2439 2752 2510 primum
2822 2437 2998 2492 (etatis
3047 2444 3100 2490 et
3156 2432 3464 2489 sanctitatis

1878 2528 2095 2585 tenebat
2122 2528 2384 2599 gradum;
2415 2539 2536 2599 post
2560 2543 2721 2599 quem
2742 2527 2927 2596 Walo,
2957 2526 3193 2580 virorum
3220 2521 3461 2578 clarissi-

1876 2635 2017 2686 mus,
2065 2622 2317 2688 ordinis,
2369 2620 2595 2692 iustitia:
2673 2629 2729 2677 et
2795 2618 3068 2688 aequitatis
3141 2615 3460 2672 basredium.

1877 2713 2084 2781 Quibus
2124 2722 2310 2771 sancta
2358 2714 2512 2786 virgo
2574 2711 2862 2769 Gundrada
2924 2710 3133 2765 lia-rens
3175 2722 3242 2763 ex
3290 2705 3463 2761 latere

1877 2806 2061 2876 dispar
2081 2806 2298 2875 quidem
2324 2814 2442 2861 erat
2466 2819 2623 2869 sexu,
2650 2803 2742 2860 sed
2774 2818 2880 2858 non
2925 2802 3108 2871 dispar
3136 2797 3457 2865 sanctitate,

1878 2911 1998 2966 qua:
2018 2894 2129 2951 sola
2156 2896 2302 2951 inter
2319 2909 2586 2951 venereos
2613 2893 2796 2963 palatii
2820 2892 2984 2948 flores
3013 2891 3187 2962 ignem
3207 2882 3463 2959 inventu.

1880 2988 1952 3042 tis
1996 2986 2196 3042 meruit
2265 2986 2518 3042 evadere.
2576 2984 2790 3053 Reliqui
2860 2984 2975 3063 duo~
3023 2980 3355 3057 Bernbarius
3408 2987 3464 3036 et

1877 3079 2227 3143 Tlieodrada;
2256 3093 2400 3148 quae,
2432 3077 2645 3132 reddito
2674 3074 2849 3133 fructu
2882 3074 3110 3144 nuptiali
3139 3081 3266 3129 ante
3294 3071 3458 3141 pedes

1876 3166 2030 3237 Jesu,
2058 3168 2282 3224 verbum
2316 3167 2410 3222 Dei
2438 3165 2600 3237 elegit
2642 3164 2829 3220 audire
2859 3180 2983 3221 cum
3014 3164 3200 3219 Maria.
3232 3163 3301 3218 Et
3348 3162 3462 3231 ipsa

1858 3261 2093 3331 quidem
2144 3259 2483 3316 Suessiouis-
2517 3258 3010 3314 sanctimonialium
3072 3257 3211 3312 rexit
3259 3255 3459 3319 vitam;

1876 3352 1967 3407 ille
2010 3367 2143 3409 vero
2189 3350 2438 3408 Corbeiaa
2481 3350 2685 3407 Christi
2749 3336 3105 3420 discipulatus
3168 3338 3462 3416 assumpsit

1878 3442 2132 3511 formam.
2798 3458 2801 3461 ·

1945 3533 2036 3587 24.
2077 3532 2141 3588 lli
2183 3547 2313 3602 ergo
2338 3532 2524 3603 palatii
2560 3532 2721 3588 flores
2776 3546 2873 3602 per
2919 3529 3130 3585 diversa
3178 3527 3461 3583 mittuntur

1876 3624 2141 3681 insontes.
2218 3624 2452 3680 Sanctus
2505 3623 2808 3679 Adalardus
2858 3623 2925 3678 ad
2971 3620 3098 3676 Heri
3156 3615 3462 3690 Aquitania;

1862 3716 2065 3786 insula:
2091 3716 2318 3786 adeptus
2349 3716 2443 3771 Dei
2493 3715 2896 3785 dispensatione
2917 3714 3095 3769 locum
3144 3726 3303 3775 quem
3331 3719 3458 3764 ante

1877 3809 2162 3878 quaerebat
2195 3823 2293 3878 per
2318 3807 2521 3878 fugam.
2552 3806 2709 3864 Walo
2738 3806 3056 3876 providente
3071 3802 3180 3857 Deo
3203 3800 3462 3870 recipitur

1878 3897 2142 3965 Corbeiae,
2172 3909 2229 3951 ut
2258 3913 2378 3968 qua:
2412 3895 2553 3952 flens
2571 3907 2625 3951 et
2655 3895 2844 3952 dolens
2880 3893 3120 3951 desolata
3147 3899 3266 3971 erat
3319 3890 3455 3944 tanti

1879 3992 2059 4048 Patris
2106 3991 2423 4047 decessione
2456 4031 2470 4055 ,
2532 3988 2774 4058 ejusdem
2842 3988 3029 4043 fratris
3082 3983 3462 4041 consolaretur

1880 4084 2192 4140 sanctitatis
2239 4092 2296 4138 et
2329 4080 2661 4152 [inclutionis
2711 4080 3076 4136 successione.
3132 4074 3459 4133 Bernbarius

1882 4173 2068 4229 Lirino
2091 4173 2351 4237 mittitur;
2380 4170 2699 4226 Tbeodrada
2727 4167 2882 4239 quasi
2923 4167 3144 4235 reliquis
3199 4165 3461 4219 innocen-

1886 4264 2013 4329 tior,
2061 4279 2183 4319 cum
2239 4278 2429 4318 omnes
2488 4263 2808 4317 innocentes
2879 4267 3081 4323 essent,
3152 4251 3463 4311 Suessiouis

1886 4356 2230 4427 relinquitur.
2243 4354 2476 4411 Pictavis
2491 4353 2741 4425 dirigitur
2760 4350 3070 4415 Gundrada,
3083 4347 3223 4433 apud
3241 4346 3463 4416 dignam

189 4460 407 4524 pestate
436 4451 553 4507 visa
591 4460 675 4506 est
711 4466 744 4506 e
783 4459 927 4506 terra
955 4450 1167 4521 justitia
1196 4450 1450 4522 migrare.
1502 4450 1864 4523 Patiunturn
1888 4449 2068 4519 digna.
2117 4456 2365 4505 sanctam
2413 4445 2626 4502 scilicet
2680 4442 3065 4515 Radegnndem
3116 4438 3459 4514 ancillatura.

192 4545 459 4601 mortales
497 4544 712 4600 lucente
752 4543 869 4599 sole
910 4542 1229 4613 deliquium,
1260 4542 1383 4612 quia
1441 4542 1585 4611 perit
1636 4541 1777 4595 inter

192 4651 293 4692 eos
321 4636 473 4691 color
495 4643 553 4690 et
576 4638 740 4691 decus
765 4649 965 4690 rerum.
982 4633 1096 4688 Lux
1121 4633 1354 4701 demque
1378 4632 1527 4688 orbis
1548 4631 1777 4687 Carolus

195 4731 519 4799 imperator,
546 4726 690 4782 viam
713 4726 976 4781 universa:
1008 4725 1189 4781 carnis
1219 4725 1513 4797 ingressus,
1554 4722 1775 4791 defecit,

194 4822 481 4892 filiumque
515 4835 676 4875 suum
717 4818 1047 4875 Ludovieum
1089 4818 1371 4873 moriendo
1398 4817 1777 4887 imperatorem

193 4910 405 4975 effecit;
439 4910 539 4969 sed
566 4924 675 4964 non
714 4917 825 4962 tam
865 4909 1001 4963 bene
1035 4907 1280 4965 filiatum.
1333 4907 1475 4961 sicut
1504 4905 1780 4961 decuisset

194 5002 511 5073 imperium.
540 4998 660 5055 Non
688 5000 834 5055 enim
873 5007 1108 5055 secutus.
1131 5004 1210 5052 est
1252 4997 1394 5053 viam
1445 5000 1636 5065 patris,
1685 4996 1779 5052 sed

194 5095 511 5151 sensitcum
542 5091 785 5145 Boboam
823 5088 932 5146 filio
963 5088 1285 5159 Salomonis.
1325 5087 1595 5158 Quidquid
1628 5097 1780 5157 pater

195 5192 503 5249 amaverat,
537 5181 668 5237 odio
702 5180 892 5246 liabet;
939 5178 1196 5249 quidquid
1238 5179 1314 5236 illi
1345 5177 1644 5247 placuerat,
1676 5177 1778 5234 sibi

202 5277 444 5300 J2--,I!..-a

534 5273 905 5300 ηΑονιΑοιΔΙ-ιίιι-
942 5270 1150 5300 ﬁniti-II:
1191 5268 1525 5300 ΑΑσιι-ηιιηκηα
1596 5269 1758 5300 ιλιι-ιιι.

1879 4536 1924 4595 0
1966 4538 2128 4595 corde
2171 4548 2279 4593 tam
2334 4537 2493 4604 uniti,
2540 4551 2641 4591 cur
2690 4533 2840 4591 orbis
2896 4529 3301 4601 intercapedine
3352 4536 3459 4582 tam

1883 4629 2143 4685 discreti?
2162 4642 2302 4699 quos
2328 4628 2472 4683 Deus
2492 4625 2795 4696 conjunxit,
2819 4625 2981 4679 homo
3007 4637 3103 4677 cur
3153 4618 3466 4691 separavit?

1872 4724 2010 4785 Haec
2037 4732 2218 4779 autem
2250 4720 2580 4791 proscriptio
2607 4733 2714 4775 non
2755 4719 2813 4771 fit
2842 4715 3029 4787 legalis
3052 4711 3335 4782 iudicatio,
3369 4708 3465 4765 sed

1885 4814 2088 4873 furtiva
2116 4813 2326 4869 relatio.
2376 4811 2523 4867 Loco
2562 4819 2741 4866 tamen
2794 4815 3029 4876 accepta:
3083 4800 3473 4859 benevolentia:

1886 4920 2109 4961 omnem
2135 4902 2376 4961 excludit
2406 4899 2659 4970 iniuriam
2683 4896 3091 4954 malevolentiae.

1952 4996 2045 5052 25.
2104 4995 2365 5052 Omnibus
2411 4981 2708 5062 lugentibus
2759 4990 2868 5061 ipse
2931 4987 3105 5044 la'tus.
3134 4984 3485 5052 —Cumque

1883 5089 2043 5147 simul
2092 5090 2499 5162 egrederentur.
2529 5098 2562 5139 e
2591 5082 2810 5153 palatio,
2855 5079 3102 5144 procedit
3144 5074 3498 5162 Adalardus'.

1882 5182 2027 5253 quod
2048 5141 2245 5256 digunus
2267 5178 2430 5234 fuerit
2448 5175 2839 5233 contumeliam
2872 5172 2981 5242 pati
3009 5170 3217 5240 gratias
3239 5141 3497 5256 agendo:

1886 5273 2077 5300 ι’-..ο-Αι.
2112 5251 2178 5300 ᾔ...
2234 5283 2451 5300 ..ηεαδ-ηρ
2505 5267 2871 5300 Ιηιηιυωοιηηὶα
2937 5259 3141 5300 ηεριιιία
3197 5251 3491 5300 lenienda-

2163 5284 2178 5300 Ι
2234 5285 2361 5300 ΠΙΛἌΛ
2368 5283 2451 5300 ’Δρ
