3960 5320
143 245 168 296 1
181 242 294 297 057

1407 233 1559 288 Vl'l‘A
1599 231 1658 287 S.
1700 231 2062 287 ADALARDI.

3300 237 3440 294 ιοδε

140 357 324 409 ritate
351 371 366 407 :
400 353 582 420 sicque
607 359 826 406 sanctus
849 350 1121 422 egreditur
1145 364 1266 403 cum
1301 347 1546 418 reliquis,
1578 347 1742 402 etiam
1776 354 1816 408 Α
1849 347 2012 402 visset
2037 355 2092 402 et
2117 347 2320 416 quiete,
2348 347 2526 414 vellet,
2566 349 2750 414 nollet,
2781 361 2841 404 se
2870 348 3120 403 habendo
3164 348 3438 418 paululum

139 445 252 500 itlo
284 450 670 515 prosequente.

219 533 321 589 '50.
367 533 567 586 Navem
591 532 936 585 conscendens
957 531 1403 601 proﬁciscitur.-—
1425 529 1608 598 Prmpa
1621 544 1746 582 rau-

142 633 245 676 tur
285 623 560 686 rudentes,
589 621 936 691 impelluntur
960 635 1163 684 naves,
1203 629 1255 674 et
1285 619 1416 672 velis
1455 634 1602 672 aurm
1651 633 1746 687 pa-

143 713 429 778 tentibus,
471 713 754 766 solvuntur
785 713 1066 767 anchorae:
1111 711 1455 781 expapillatis
1510 710 1751 766 brachiis

140 815 418 876 aptantur
451 806 678 876 remiges
707 813 761 858 et
799 813 1068 858 antenme.
1102 805 1239 857 Dant
1264 803 1461 856 fratres
1490 802 1746 873 gemitus,

139 905 204 949 et
238 910 412 949 naves
437 895 694 960 sonitum,
731 905 892 964 atque
925 894 1106 946 tandiu
1147 907 1309 961 super
1338 893 1510 961 ripam
1539 900 1750 946 stantes

141 987 437 1041 recedenti
478 987 746 1040 intentant
781 987 976 1051 visum,
1002 987 1170 1039 donec
1194 983 1555 1052 crispantibus
1577 983 1750 1038 oculis

142 1094 255 1147 pro
289 1059 526 1132 nno'sibi
567 1078 815 1131 videntur
845 1078 1026 1130 videre
1054 1093 1360 1130 numerum.

221 1171 322 1226 51.
365 1171 429 1226 1η
463 1172 719 1242 palatium
757 1171 1042 1239 honori/tce
1075 1171 1348 1239 accipitur.
1369 1169 1530 1223 —At
1556 1169 1642 1224 ille
1663 1185 1752 1222 sc-

142 1263 285 1317 lutis
313 1263 498 1319 carnis
529 1279 635 1316 non
678 1263 859 1318 cordis
900 1261 1228 1332 aspectibus,
1257 1269 1378 1330 post
1405 1260 1610 1330 aliquot
1635 1260 1748 1314 dies

145 1356 379 1410 tandem
418 1356 665 1424 pervenit
700 1355 765 1407 ad
808 1355 1086 1424 palatium,
1119 1343 1274 1422 longa
1305 1353 1547 1422 corporis
1577 1350 1749 1406 macie

142 1447 465 1511 cciifectus,
508 1447 596 1500 tibi
639 1457 921 1514 susceptus
961 1444 1330 1498 favorabiliter
1357 1462 1384 1497 a
1434 1458 1557 1513 rege
1586 1453 1640 1498 et
1679 1443 1748 1498 ab

142 1536 555 1605 optimatibus,
608 1537 820 1589 veniam
876 1535 1004 1590 dare
1054 1536 1258 1604 petitur
1302 1534 1746 1602 laerymabilitcr.

144 1627 425 1680 Fateatur
448 1641 711 1689 errorem,
735 1632 787 1678 et
811 1625 1088 1679 inveniunt
1113 1624 1321 1694 injuria:
1351 1624 1745 1680 immemorem.

1857 437 2171 495 melioratus
2202 438 2420 504 fuisset,
2453 441 2757 494 accercitur
2788 440 2983 494 iterum
3033 441 3101 494 ab
3150 445 3392 512 Augusto
3421 461 3436 498 :

1848 538 1904 584 et
1931 530 2024 598 qui
2069 533 2219 599 prius
2267 531 2522 602 gloriose,
2561 533 2720 588 modo
2748 531 3036 603 gloriosius
3085 534 3338 602 recipitur
3383 537 3441 591 in

1850 620 2066 690 palatio.
2096 620 2264 686 Quem
2314 621 2678 676 introeuntem
2709 630 2856 677 tanta
2902 622 3194 677 comitatur
3239 624 3440 692 gratia,

1851 717 1999 764 tanta
2036 709 2340 779 loquentem
2381 711 2672 779 sapientia,
2701 721 2850 767 tanta
2900 713 3204 783 sapientem
3255 713 3443 770 facun-

1851 801 1960 862 dia,
1993 809 2050 856 ut
2077 816 2174 856 sua
2206 801 2496 872 unicuique
2523 803 2707 858 statim
2739 814 2952 874 pateret
2985 805 3318 875 insipientia.
3345 805 3444 860 Mi-

1851 903 2041 948 rantur
2079 904 2135 949 et
2162 905 2401 964 stupent,
2431 904 2484 950 et
2528 912 2692 966 super
2733 897 2998 954 rationem
3039 899 3157 970 ejus
3212 899 3440 967 hairent,

1849 986 1976 1054 quia
2020 986 2108 1054 qui
2142 987 2294 1054 prius
2325 987 2646 1044 videbantur
2695 989 2799 1044 sibi
2850 990 3081 1060 perfecti
3144 992 3394 1049 rhetores
3422 1032 3440 1058 .

1852 1093 1996 1132 nunc
2032 1078 2200 1144 digito
2235 1077 2316 1131 ori
2342 1080 2684 1148 superposito
2720 1081 2983 1138 ase'stnnt
3011 1097 3148 1150 pene
3175 1083 3442 1153 elingues.

1850 1173 2122 1242 Quidquid
2149 1181 2511 1227 tractaverant
2547 1174 2604 1228 tit
2631 1174 2866 1242 irritum,
2904 1175 3166 1246 quidpiid
3201 1177 3301 1230 iste
3329 1177 3445 1231 elo-

1849 1267 2033 1336 quitur
2058 1265 2116 1318 ftt
2154 1274 2353 1318 ratum.
2391 1264 2629 1321 Solvitur
2663 1266 2846 1335 itaque
2891 1268 3183 1322 multorum
3217 1269 3446 1338 captivi-

1853 1367 2156 1421 tas,eorum
2193 1355 2430 1410 maxime
2447 1356 2645 1424 quibus
2669 1356 2810 1426 regia
2833 1356 3160 1427 jungcbatur
3185 1359 3444 1424 athnitas,

1853 1449 2040 1516 sicque
2069 1447 2122 1500 in
2155 1446 2348 1516 priazis
2375 1446 2677 1501 resarcitur
2705 1447 2821 1514 ejus
2845 1447 2969 1501 felix
3007 1450 3361 1517 germanitas,
3390 1462 3447 1505 ct

1849 1539 2096 1594 redditur
2122 1538 2172 1590 in
2201 1550 2314 1588 uno
2341 1536 2592 1590 omnibus
2623 1536 2780 1605 plena
2826 1536 3067 1593 libertas.
3099 1537 3449 1594 ltevueantur

1851 1647 2042 1701 omnes
2093 1646 2160 1686 ex
2193 1630 2406 1684 diversa
2467 1629 2705 1699 regione,
2739 1630 2842 1685 nisi
2871 1646 3008 1700 quos
3051 1631 3258 1687 telitius
3308 1647 3448 1701 pra:-

143 1715 371 1769 Vidcns—
395 1731 539 1768 cnttn
569 1713 800 1768 suffusos
822 1721 1049 1784 pudore,
1081 1716 1276 1784 quibus
1306 1730 1412 1767 non
1449 1714 1548 1768 fuit
1577 1714 1750 1783 pudor

1858 1724 2076 1778 veniens
2105 1736 2251 1776 mors
2273 1720 2556 1774 remiserat
2582 1731 2792 1790 patriai.
2819 1720 3186 1788 Quorumdam
3222 1737 3447 1777 tonsura

140 1808 284 1861 olim
317 1808 419 1860 sibi
450 1822 618 1876 usque
645 1807 712 1861 ad
743 1805 993 1861 effectum
1026 1806 1288 1867 invidere,
1319 1805 1751 1862 satisfactionem

139 1913 343 1950 eorum
373 1900 648 1965 praevenit.
683 1906 740 1950 et
767 1897 1021 1952 demissis
1057 1895 1364 1964 oculisjam
1409 1895 1753 1951 satisfacien-

143 1998 230 2042 tes
266 1989 342 2042 ita
381 1989 608 2042 dulciter
640 1988 906 2042 delinivit.
940 2008 956 2038 ι
989 1987 1152 2053 Nihil,
1186 1989 1281 2054 ait,
1307 2002 1339 2042 0
1364 1987 1566 2053 Ctesar,
1593 1989 1648 2040 lit
1697 1985 1750 2064 in

144 2091 300 2134 terra
335 2120 350 2145 ,
384 2080 550 2144 nihil,
605 2096 636 2134 ο
685 2095 972 2147 proceres,
1009 2080 1126 2134 sine
1181 2079 1546 2142 causa;nihil
1591 2077 1651 2132 fit
1696 2078 1751 2133 in

143 2169 362 2223 mundo
393 2170 511 2223 sine
536 2169 630 2224 Dei
659 2169 880 2239 judicio.
921 2168 976 2222 Si
1016 2185 1114 2223 nos
1143 2184 1242 2238 pro
1264 2169 1502 2237 peccatis
1550 2167 1752 2222 nostris

141 2259 334 2330 arguit
367 2262 528 2326 Deus,
553 2261 681 2330 quid
725 2262 790 2314 ad
829 2275 925 2314 vos
946 2261 968 2314 ?
991 2275 1091 2314 nos
1123 2260 1436 2314 viderimus.
1468 2259 1611 2313 Nihil
1657 2273 1752 2330 po-

144 2355 304 2409 tuisti
331 2355 452 2408 sine
490 2354 582 2409 Dei
613 2353 1006 2423 perinissione;
1042 2353 1202 2408 modo
1248 2363 1468 2406 utamur
1499 2351 1591 2406 Dei
1637 2352 1753 2420 jus-

141 2452 327 2504 sione.
358 2449 636 2514 Dimittite,
671 2448 867 2517 inquit,
897 2457 944 2501 et
976 2445 1311 2500 dimittentiui
1341 2443 1496 2517 (Luc.
1521 2460 1597 2509 vl,
1621 2443 1748 2514 37');

141 2541 297 2612 quod
324 2556 424 2610 ego
449 2539 656 2608 primus
681 2537 907 2594 faciam:
929 2553 1021 2592 vos
1046 2552 1131 2590 mc
1155 2535 1462 2605 sequimini.
1480 2553 1499 2587 ι
1528 2534 1610 2589 Fit
1631 2534 1752 2589 sine

143 2650 306 2688 mora
340 2636 408 2687 ab
443 2634 722 2698 omnibus;
759 2631 1098 2685 festucantur
1126 2628 1333 2683 omnia.

215 2726 314 2780 δέ.
361 2723 593 2778 Cwuobii
624 2725 706 2776 sui
735 2740 917 2776 curam
944 2723 1252 2775 resumit.—-—
1265 2721 1470 2788 Quibus
1499 2720 1573 2775 ita
1605 2736 1753 2776 com-

141 2817 374 2885 positis,
409 2815 608 2884 petitur
631 2813 916 2883 pristinam
960 2812 1141 2866 sedem
1173 2812 1415 2880 recipere
1459 2810 1753 2881 ﬂagitanti-

142 2909 250 2962 bus
285 2905 409 2959 (illis
445 2905 580 2966 suis,
611 2904 807 2972 quibus
839 2902 1076 2971 fatigatis
1113 2901 1382 2956 desiderio
1407 2901 1750 2971 septennium

143 2994 284 3053 illud
327 2995 591 3064 prolixius
625 2993 909 3048 videbatur
939 2992 1336 3063 centuplicibus
1383 2993 1558 3047 annis.
1589 2992 1752 3046 Reci—

140 3092 223 3160 pit
253 3105 358 3143 nec
398 3087 619 3150 refutat,
656 3087 857 3140 etenim
894 3085 1195 3140 secundum
1236 3100 1476 3141 canones
1505 3100 1611 3139 non
1652 3099 1751 3154 po-
1781 3063 1825 3125 ί)

144 3191 328 3239 terat:
363 3181 470 3235 imo
497 3178 736 3234 charitas
760 3178 991 3231 filiorum
1014 3178 1116 3231 sibi
1144 3187 1372 3246 Imperat
1397 3193 1411 3242 ;
1445 3185 1499 3231 et
1521 3177 1602 3231 sic
1631 3191 1753 3230 cum

145 3275 325 3330 multa
395 3273 689 3343 stipatione
756 3287 974 3325 suorum
1036 3270 1319 3325 Corbeiam
1385 3271 1662 3339 remigrat.
1711 3268 1756 3323 Ο

144 3387 314 3441 quam
368 3367 605 3438 jucunda
655 3367 769 3420 dies
820 3365 1110 3419 illustravit
1172 3375 1299 3418 tunc
1350 3363 1751 3418 Corbeienscs!

143 3464 265 3516 dies
299 3459 412 3524 illa,
446 3459 562 3512 dies
614 3457 830 3520 lmtitiie,
871 3457 987 3510 dies
1019 3453 1403 3509 exsultatiouis
1451 3462 1507 3507 et
1547 3453 1753 3524 gloriae.

144 3555 368 3621 Quanta
401 3550 635 3619 denique
668 3549 827 3603 fuerit
872 3542 1115 3616 receptus
1147 3546 1446 3601 ambitione
1498 3544 1620 3614 quis
1662 3559 1768 3617 va-r

144 3646 223 3701 let
261 3659 524 3714 perorare
552 3642 576 3695 ?
613 3641 863 3695 Procedit
892 3639 1146 3710 palliatus
1173 3639 1308 3692 ordo
1336 3638 1752 3701 monachorum,

146 3739 560 3807 monachosque
591 3735 842 3804 prazcedit
868 3731 1188 3787 candidatus
1227 3731 1362 3784 ordo
1391 3729 1753 3794 clericorum;

144 3833 332 3887 omnis
358 3843 523 3884 sexus
544 3841 596 3882 ct
633 3837 765 3882 mtas
805 3827 912 3880 ruit
943 3826 995 3879 in
1027 3825 1240 3878 obviam
1274 3841 1286 3888 ',
1315 3839 1414 3878 nec
1441 3832 1524 3878 est
1565 3823 1755 3878 audire

147 3924 253 3977 nisi
282 3922 446 3974 unius
487 3920 660 3972 laudis
691 3919 1120 3978 concinentiam,
1155 3914 1356 3970 Clu-isti
1389 3915 1598 3970 scilicet
1623 3929 1755 3984 pro-

146 4027 271 4085 pter
295 4014 534 4068 reditum
569 4012 740 4065 l’atris
784 4010 1120 4064 laudantium
1147 4009 1514 4062 clementiam.
1545 4008 1753 4063 Conso—

147 4116 284 4162 nant
332 4115 389 4159 et
437 4104 750 4165 dissonant,
783 4104 908 4171 quia
964 4115 1142 4162 voces,
1197 4114 1304 4153 non
1356 4098 1755 4168 laudcsjsexus

149 4197 388 4252 mutavit
418 4213 432 4262 ;
463 4211 564 4249 nec
591 4194 768 4264 plures
793 4192 930 4246 fudit
959 4191 1227 4261 laerymas
1257 4187 1375 4257 ejus
1404 4189 1753 4245 discessionis

149 4289 425 4346 desolatio
475 4302 638 4356 quam
682 4300 823 4340 nunc
878 4300 1094 4354 quoque
1147 4281 1346 4338 refudit
1399 4282 1756 4353 regressionis

151 4385 486 4442 consolatio.

219 4480 316 4533 53.
361 4474 520 4529 Febri
551 4474 789 4542 «ﬂectus.
818 4502 882 4511 ——
920 4469 1027 4524 Sed
1059 4485 1165 4524 non
1200 4468 1369 4522 defuit
1395 4469 1752 4537 impedimen-

151 4581 293 4634 tum,
321 4583 430 4639 quo
459 4565 847 4636 aliquantisper
865 4572 1072 4616 tantum
1099 4563 1450 4630 impediretur
1471 4561 1747 4630 gaudium.

148 4661 308 4716 ilium
339 4658 484 4714 enim
517 4672 614 4726 pro
642 4671 747 4725 quo
794 4656 907 4708 huic
937 4654 1250 4706 arridebant
1293 4652 1502 4721 gaudia,
1534 4652 1748 4704 flamma

154 4753 394 4811 febrium
439 4749 701 4803 invadens
743 4744 1022 4815 pestifera,
1053 4744 1293 4797 membra
1335 4743 1425 4795 diu
1471 4751 1747 4795 attenuata

149 4846 368 4912 exsilio,
397 4838 718 4897 attenuabat
747 4839 915 4892 etiam
955 4850 1103 4890 nunc
1125 4833 1508 4886 iuvaletudinis
1534 4831 1742 4886 inorbo.

150 4940 286 5006 Quae
337 4951 426 4992 res
463 4921 717 4988 lanitiam'
750 4931 966 5000 quidem
1008 4926 1310 4990 minuebat,
1344 4924 1438 4979 sed
1486 4923 1751 4994 lacrymas

151 5044 432 5100 utrimque
453 5014 812 5100 procedentes
833 5031 885 5076 et
911 5037 974 5076 ex
1003 5020 1196 5092 gaudio
1225 5029 1279 5074 et
1300 5034 1366 5073 ex
1395 5029 1629 5070 maerore
1655 5032 1748 5070 au-

151 5127 332 5195 gebat.
367 5123 446 5177 Ea
497 5127 712 5174 tantum
767 5113 1144 5169 relevabantur
1186 5108 1584 5166 consolatione.
1625 5109 1750 5178 quia

152 5219 416 5246 ...-I..t......
452 5227 578 5246 auch
628 5207 900 5246 inﬁt-mum
933 5219 1092 5246 nnam
1147 5217 1248 5246 mw
1292 5213 1484 5246 animm
1527 5198 1750 5246 habere-

1855 1814 1972 1869 sine
1990 1814 2114 1882 jure
2149 1820 2422 1881 suscepta,
2463 1827 2562 1881 per
2597 1826 2720 1866 eum
2766 1813 2961 1867 transit
2988 1813 3058 1866 ad
3089 1826 3449 1873 rorimani.rt

1853 1904 2080 1959 offertur
2100 1904 2208 1958 Deo
2231 1913 2424 1972 sponte
2455 1903 2598 1972 quod
2628 1903 2838 1958 illatum
2869 1904 3050 1960 fuerat
3093 1906 3158 1959 ad
3213 1907 3446 1977 ignomi-

1855 2012 2022 2051 Diali}.

1925 2133 2014 2186 55.
2058 2132 2362 2186 Ait/irarum
2412 2120 2662 2202 reformat
2696 2151 2887 2189 mores.
2917 2134 3118 2204 —lpse
3177 2134 3446 2206 publicant

1855 2224 2157 2292 suscipiens
2201 2222 2575 2292 paenitentiam
2625 2224 2920 2300 imperator
2969 2215 3272 2296 gloriasus,
3322 2227 3452 2281 facit

1854 2331 1914 2370 se
1967 2316 2176 2368 cunctis
2212 2315 2554 2370 humiliorem
2588 2315 2640 2370 in
2682 2319 2794 2372 suis
2841 2320 3102 2385 reatibus,
3139 2322 3229 2390 qui
3283 2321 3447 2388 regali

1854 2405 2090 2461 elatione
2129 2404 2353 2461 affectus
2385 2405 2560 2459 fuerat
2596 2407 2734 2461 alter
2780 2406 3130 2480 Tarquinius.
3177 2412 3450 2481 Quidquid

1854 2498 1996 2552 enim
2045 2497 2290 2568 exemplo
2319 2507 2374 2553 et
2421 2499 2688 2566 permissu
2730 2499 2864 2554 alios
2915 2501 3116 2558 fecerat
3149 2503 3448 2568 offendere,

1857 2592 2072 2646 tandem
2103 2589 2305 2645 salubri
2338 2591 2565 2644 consilio
2614 2590 2901 2649 institutus
2939 2594 3166 2648 sanabat
3192 2595 3335 2665 regia
3363 2610 3452 2651 sa-

1859 2681 2186 2744 tisfactione,
2220 2696 2408 2735 omnes
2437 2683 2728 2758 pra‘cundo
2768 2684 3030 2739 reducens
3059 2688 3127 2738 ad
3158 2687 3298 2741 viam
3331 2669 3452 2757 pa:-

1855 2774 2085 2838 nitendi,
2116 2771 2310 2842 quibus
2356 2771 2529 2827 faetus
2561 2774 2739 2828 fuerat
2787 2775 2891 2830 iter
2938 2776 3214 2831 deviandi.
3254 2779 3452 2834 Audio-

1854 2867 1947 2922 bat
1996 2867 2046 2919 iu
2083 2864 2334 2920 omnibus
2372 2874 2617 2919 sanctum
2651 2865 3005 2932 Adalarduni,
3045 2879 3101 2922 et
3157 2869 3224 2922 ad
3269 2869 3456 2939 pristi~

1857 2975 1980 3014 nam
2036 2958 2376 3012 honestatem
2437 2947 2769 3028 precabatur
2821 2958 3080 3014 reducere
3141 2960 3450 3030 imperium.

1858 3050 1966 3104 Nec
1997 3049 2169 3104 defuit
2200 3048 2306 3115 ille,
2339 3049 2433 3103 sed
2459 3049 2724 3118 justitiam
2768 3057 2822 3101 et
2866 3049 3175 3120 aequitatem
3218 3049 3454 3104 restituit

1860 3145 1912 3198 in
1959 3144 2176 3213 propria
2212 3143 2359 3196 sede.
2399 3141 2676 3210 Repressit
2719 3157 2912 3196 vocum
2969 3145 3238 3198 novitates
3268 3154 3322 3198 ct
3375 3151 3446 3196 te-

1859 3237 2124 3292 merarias
2164 3236 2216 3289 in
2269 3234 2466 3304 popqu
2511 3235 2984 3304 prmsumptioncs.
3025 3233 3088 3288 Et
3111 3235 3236 3303 quia
3274 3234 3450 3290 disce-

1859 3329 1991 3384 dens
2041 3328 2261 3392 coelum,
2328 3343 2434 3380 non
2495 3325 2757 3391 animum,
2815 3335 3148 3390 mutaverat,
3185 3335 3452 3379 mutatum

1861 3419 2146 3486 imperium
2195 3417 2478 3471 refrenans
2533 3417 2728 3470 timore
2783 3425 2838 3470 et
2889 3431 3110 3477 amore,
3164 3402 3451 3482 deruptum

1859 3508 2159 3576 majo'ratur
2195 3523 2359 3576 quam
2389 3500 2734 3561 discesserat.
2753 3505 3022 3561 Praeterea
3043 3505 3258 3575 juhctur
3285 3508 3451 3564 etiam

1858 3603 2112 3657 omnibus
2165 3599 2425 3655 Ecclesiis
2475 3599 2845 3670 magistrare;
2886 3600 3082 3668 quibus
3118 3600 3349 3655 consilio
3397 3609 3454 3652 et

1858 3695 2142 3766 prudentia
2176 3694 2464 3763 magister,
2498 3692 2592 3745 sed
2629 3677 2926 3758 discipulus
2955 3701 3181 3762 apparet
3209 3689 3454 3763 .humiii-

1859 3795 1988 3842 tate.
2019 3785 2128 3838 Nec
2155 3792 2280 3837 ante
2308 3781 2518 3836 destitit
2543 3795 2703 3849 quam
2764 3796 2986 3850 regnum
3031 3780 3362 3835 Francorum
3399 3795 3452 3834 in

1857 3878 2002 3932 omni
2033 3874 2204 3948 gloria
2236 3857 2589 3942 juvenescere
2623 3860 2768 3926 fecit.

1927 4011 2017 4066 56.
2058 4009 2271 4064 Abbatis
2311 4022 2501 4060 manus
2537 4006 2721 4058 retinet
2773 4004 2982 4058 inritus.
3013 4003 3130 4058 Sibi
3163 4005 3350 4055 (turus.
3382 4031 3453 4042 -—-

1861 4104 2041 4158 Rebus
2093 4115 2224 4171 ergo
2257 4100 2306 4154 in
2339 4113 2474 4168 pace
2523 4097 2839 4166 compositis
2863 4136 2877 4157 ,
2907 4095 3107 4164 cogitat
3151 4108 3213 4148 se
3253 4095 3448 4147 itcrtnn

1856 4209 2056 4249 exuere
2093 4189 2445 4245 smcularilms
2473 4187 2642 4250 euris,
2675 4195 2734 4239 ut
2786 4184 3051 4253 reliquum
3076 4185 3205 4237 vita:
3233 4193 3450 4250 tempus

1858 4291 2076 4355 peragat
2109 4283 2160 4336 in
2192 4279 2411 4335 divinis.
2450 4277 2557 4332 Sed
2607 4289 2714 4330 non
2749 4285 2836 4330 est
2883 4274 3202 4344 permissus,
3241 4288 3270 4326 a
3325 4270 3452 4326 ﬁliis

1840 4378 1969 4445 suis
1997 4375 2227 4439 scilicet,
2254 4386 2484 4443 quorum
2516 4378 2634 4424 erat
2666 4382 2791 4438 spes
2823 4365 3060 4421 maxima
3105 4373 3228 4433 post
3257 4363 3444 4417 Deum.

1860 4478 1911 4522 et
1943 4476 2099 4538 pater
2141 4473 2438 4518 maternus.
2487 4461 2704 4526 Quanto
2750 4457 2894 4510 enim
2925 4465 3046 4510 erat
3074 4464 3234 4509 relate
3274 4461 3446 4508 utatu-

1857 4557 1989 4619 rior,
2027 4564 2176 4610 tanto
2203 4551 2550 4607 tendentibus
2576 4550 2642 4603 ad
2684 4547 2938 4601 virtutem
2963 4544 3246 4600 videbatur
3270 4542 3455 4597 utilior

1856 4659 1910 4704 et
1933 4647 2155 4717 agendis
2176 4644 2482 4713 quibusque
2521 4639 2828 4707 perfectior.
2854 4638 2963 4693 Nec
2987 4647 3106 4690 erat
3139 4637 3337 4704 aliqu-is
3360 4635 3452 4703 qui

1853 4752 2016 4806 super
2037 4753 2158 4791 eum
2191 4734 2240 4788 id
2267 4744 2522 4786 exercere
2556 4737 2759 4797 posset,
2785 4727 3085 4796 praisertini
3118 4740 3241 4780 cum
3273 4725 3456 4794 vigure

1855 4831 2027 4882 sancti
2082 4826 2334 4897 Spiritus,
2369 4831 2424 4875 et
2466 4820 2744 4874 viriditate
2789 4819 2967 4872 adhuc
3021 4831 3131 4870 non
3183 4818 3460 4872 exhaustae

1861 4920 2042 4975 carnis
2081 4926 2288 4974 tantum
2339 4912 2567 4981 vigeret,
2591 4920 2657 4965 .ut
2704 4911 2754 4965 in
2805 4909 3084 4965 laboribus
3135 4919 3200 4965 et
3237 4902 3467 4973 negotiis

1863 5027 2040 5067 rerum
2087 5010 2282 5066 nullius
2305 5006 2522 5076 juvenis
2549 5003 2858 5060 constantia
2886 5017 3016 5058 eum
3051 5002 3252 5072 sequi,
3277 5008 3341 5048 ne
3361 4993 3471 5041 lum

1861 5106 2076 5170 assequi
2104 5101 2326 5156 valeret.
2349 5095 2499 5150 Adeo
2512 5093 2784 5162 perfectus
2798 5102 2916 5148 erat
2939 5091 2992 5144 iu
3021 5091 3286 5146 actione,
3301 5079 3480 5170 omni}!

1861 5167 2115 5246 dulciter.
2153 5206 2210 5246 se
2273 5189 2449 5246 ipsum
2505 5193 2748 5240 tractans
2810 5187 2930 5239 sine
2975 5179 3313 5235 dulcedine.
3354 5167 3490 5230 Quis
