3960 5320
541 172 681 230 1059

1512 166 1573 221 S.
1608 162 1911 222 CERALDI
1949 162 2242 222 ABBATIS
2281 164 2822 224 SlLVE-bIAJORlS

3683 162 3812 219 1060

542 284 636 339 bat
661 279 1080 345 correctionem,
1110 277 1203 333 sed
1241 276 1398 348 paulo
1444 286 1565 348 post
1595 278 1874 348 repetebat
1924 276 2136 348 vigilias
2163 282 2213 342 Α
2239 279 2488 334 omnibus
2513 279 2721 334 scilicet
2761 294 2880 349 quae
2919 278 3020 334 sibi
3061 278 3320 336 voluisset
3353 290 3651 349 suggerere
3696 279 3811 349 Spi-

544 382 600 428 et
624 372 915 428 essuriem.
954 405 956 408 ν

579 462 705 516 ι57.
773 459 876 516 Sed
934 458 1138 514 liberali
1197 459 1362 514 vultu.
1401 489 1472 499 —-
1513 459 1640 512 Erat
1698 467 1875 512 tamen
1928 458 2142 514 decoris

545 554 718 626 gratia
750 561 1030 617 venustus,
1059 551 1294 606 discreta
1319 553 1492 606 macie
1511 551 1646 605 satis
1672 551 1964 604 admodum
1991 550 2141 606 colo-

545 661 661 703 rus.
694 644 810 700 Non
839 643 1414 700 obumbrabatfaciem
1442 644 1558 713 ejus
1606 642 1823 712 aliquod
1872 641 2139 697 extermi-

548 737 725 799 nium,
751 735 844 790 sed
871 734 1086 788 assidua
1125 734 1373 788 hilaritas
1401 742 1462 787 ut
1493 735 1742 788 edentem
1775 733 1848 786 ita
1895 741 1950 787 et
1994 731 2138 802 jeju-

549 835 768 881 nantcm
796 823 1152 894 componebat
1181 825 1455 878 decorum.
1479 823 1718 878 Canities
1742 837 1866 877 eum
1909 822 2146 876 candore

552 917 713 972 niveo
735 916 1052 980 cxornabat,
1075 923 1132 968 et
1155 914 1300 968 velut
1322 914 1488 968 lilium
1513 929 1676 983 super
1694 927 1875 966 roseos
1892 914 2144 976 amictus,

553 1024 708 1063 coma
735 1007 931 1076 capitis
980 1021 1144 1076 super
1177 1014 1352 1060 cutem
1383 1005 1665 1075 puniceam
1699 1003 1996 1058 relucebat.
2043 1003 2146 1070 Qui

553 1099 597 1152 si
627 1115 690 1153 ex
717 1098 954 1152 millibus
978 1097 1184 1151 electus
1213 1096 1426 1160 fuisset,
1454 1110 1561 1150 non
1591 1092 1896 1159 candidior,
1923 1108 2029 1148 non
2058 1108 2148 1147 ru-

555 1189 842 1244 bicundior
868 1187 994 1258 eligi
1028 1188 1309 1256 potuisset.

625 1282 713 1336 58.
759 1281 1040 1348 Mani/iens
1075 1281 1128 1333 in
1157 1277 1632 1333 omnem—Caetera
1656 1275 1772 1346 ejus
1798 1291 1902 1330 non
1926 1284 2010 1330 est
2035 1275 2149 1328 lau-

2240 369 2375 424 ritus
2403 371 2654 424 sanctus?
2683 369 2782 436 Qui
2811 370 2854 425 si
2882 370 3114 440 vulgari,
3156 371 3208 426 id
3241 381 3327 426 est
3354 372 3606 426 Romana
3647 370 3815 441 lingua

2240 457 2570 528 loqueretur,
2596 459 2838 514 omnium
2865 459 3094 514 aliarum
3130 469 3421 530 putaretur
3449 459 3694 525 inscius;
3725 476 3816 514 nec

2242 553 2440 606 mirum
2466 592 2482 616 ,
2516 561 2635 607 erat
2675 551 2908 622 denique
2939 553 2993 607 in
3043 553 3296 607 omnibus
3345 552 3656 607 liberaliter
3697 553 3818 606 ethi-

2242 651 2415 696 catus.
2449 640 2506 695 Si
2531 656 2659 696 vero
2684 639 3004 708 Teutoniea,
3028 643 3269 698 enitebat
3297 643 3640 712 perfectius;
3668 643 3710 698 si
3729 641 3821 696 La-

2245 732 2379 796 tina,
2430 732 2482 785 in
2530 731 2673 786 nulla
2718 733 2941 787 omnino
2990 733 3314 788 absolutius.
3367 732 3680 788 Testantur
3731 735 3818 788 hac

2245 823 2596 892 quamplures
2627 823 2742 890 ejus
2764 823 3038 893 epistolae,
3068 839 3188 893 quae
3213 824 3443 879 directae
3475 824 3549 878 ad
3581 824 3820 892 plurimos

2247 915 2488 970 omnium
2537 915 2804 970 habentur
2839 914 3254 970 liberalissima.
3280 913 3399 969 Nec
3446 914 3604 969 enim
3636 914 3822 968 litteras

2249 1008 2384 1062 satis
2415 1006 2714 1062 liberaliter
2753 1022 2858 1061 non
2887 1015 3102 1077 poterat
3135 1008 3382 1073 nescire,
3410 1006 3512 1076 qui
3549 1006 3697 1060 inter
3730 1006 3822 1059 alas

2247 1097 2528 1153 scholares
2557 1097 2796 1152 nutritus
2821 1106 2878 1152 et
2910 1098 3153 1152 eruditus
3188 1096 3294 1151 fuit
3337 1113 3468 1151 cum
3511 1096 3823 1152 consobrino

2249 1206 2348 1246 suo
2375 1190 2570 1246 Carolo
2611 1192 2973 1261 imperatore,
3021 1198 3077 1246 et
3119 1197 3484 1258 postea‘,uam
3529 1189 3730 1243 saeculo
3754 1203 3826 1242 reo

2250 1283 2540 1349 nuntiavit,
2569 1284 2705 1338 satis
2733 1282 2972 1338 studiose
3001 1297 3060 1337 se
3084 1281 3271 1336 habuit
3301 1282 3358 1334 in
3385 1283 3704 1336 monastica
3725 1295 3827 1334 ent-

554 1374 675 1428 dari
709 1373 922 1426 modus.
955 1371 1215 1434 Persona,
1245 1379 1295 1424 et
1351 1369 1651 1432 nobilitate,
1683 1377 1737 1422 ct
1766 1367 2049 1437 sapientia,
2097 1376 2154 1422 et
2249 1372 2472 1430 ditione.

559 1467 862 1529 honestate,
892 1479 998 1518 non
1051 1462 1390 1531 discrepabat
1419 1463 1487 1516 ab
1539 1461 1650 1529 ipsa
1689 1459 1974 1514 ministerii
2011 1468 2148 1514 arte.

560 1557 840 1627 Siquidem
868 1570 955 1609 res
984 1553 1238 1608 Ecclesiae
1273 1567 1434 1620 quam
1465 1551 1668 1620 optime
1700 1548 2044 1618 disposuerit,
2075 1557 2154 1602 te-

2321 1463 2412 1517 45.
2469 1462 2653 1534 l’igens
2700 1463 2942 1518 consilio.
2992 1492 3060 1503 —
3102 1462 3193 1518 Sic
3241 1462 3413 1533 igitur
3459 1461 3744 1534 perfectus
3785 1462 3829 1515 ia

2256 1562 2485 1625 utraque
2531 1553 2817 1625 disciplina
2847 1595 2862 1621 ,
2913 1555 3160 1610 saeculari
3217 1553 3484 1610 videlicet
3533 1564 3595 1609 et
3639 1555 3830 1616 divina,

560 1648 798 1704 stabitur
818 1646 1067 1708 Corbeia,
1097 1643 1336 1713 quandiu
1383 1642 1672 1712 supererit.
1704 1639 1776 1695 Ibi
1809 1648 1927 1694 erat
1961 1649 2150 1709 portus
2179 1628 2224 1687 Β
2252 1647 2506 1701 omnibus
2534 1647 2714 1702 omnia
2745 1645 2943 1714 factus,
2974 1655 3258 1717 sequester
3286 1657 3408 1701 erat
3440 1647 3594 1700 inter
3619 1661 3771 1715 reges
3787 1655 3831 1699 et

559 1751 858 1808 pauperum
885 1744 902 1801 ,'
933 1745 1209 1804 respectus
1254 1733 1504 1797 divitum,
1534 1732 1726 1785 domus
1758 1739 2001 1785 materna
2055 1745 2144 1784 or-

561 1828 888 1898 phanorum,
926 1833 981 1880 et
1009 1825 1124 1893 ejus
1173 1821 1420 1892 exemplo
1459 1819 1637 1874 adlmc
1665 1828 1912 1890 superest
1940 1817 2149 1873 cunctis

561 1915 870 1986 petentibus
893 1914 1180 1983 refugium.
1209 1910 1324 1965 Non
1357 1911 1508 1966 dives
1543 1909 1851 1974 indonatus,
1887 1923 1992 1962 non
2022 1922 2152 1977 pau-

561 2020 661 2077 per
694 2004 906 2059 redibat
947 2003 1236 2073 irrogatus.
1263 2001 1490 2056 Czelibes
1534 2001 1680 2055 viros
1705 2009 1761 2054 et
1804 2000 1996 2054 viduas
2045 1999 2147 2052 sti-

563 2098 772 2168 pendiis
801 2096 1102 2151 destinabat
1131 2094 1456 2164 accipiendis
1483 2108 1578 2163 per
1600 2092 1837 2162 singulas
1857 2091 2031 2157 villas,
2059 2091 2148 2160 qui

565 2187 766 2256 ubique
809 2185 940 2239 locis
971 2185 1288 2254 opportunis
1313 2183 1640 2253 accipientes
1678 2183 1746 2236 ab
1793 2197 1859 2238 eo
1915 2183 2153 2237 xenodo-

563 2278 776 2343 chium,
831 2277 1184 2346 possidebant
1237 2289 1326 2329 res
1381 2273 1622 2328 ecclesia:
1680 2275 2043 2328 communiter
2092 2282 2152 2328 ut

563 2371 967 2442 patrimonium.
1022 2368 1334 2422 Thcsaurus
1390 2369 1589 2437 quippe
1633 2367 1685 2421 in
1747 2367 1884 2422 etelo
1939 2367 2040 2422 sibi
2094 2376 2151 2422 et

564 2467 679 2522 suis
706 2467 1020 2537 parabatur,
1043 2474 1100 2521 et
1135 2466 1326 2520 domus
1354 2464 1447 2520 Dei
1498 2464 1772 2533 sapienter
1825 2479 1855 2518 a
1907 2463 2151 2534 sapiente

565 2559 1065 2614 administrabatur.

635 2648 728 2704 59.
769 2647 1022 2703 Habitant
1060 2648 1210 2702 vilem
1254 2647 1481 2718 gerebat.
1515 2677 1584 2687 —
1618 2647 1887 2702 Cmterum
1929 2646 2151 2701 habitus

563 2738 1007 2794 vestimentorum
1042 2738 1159 2805 ejus
1194 2738 1283 2790 vix
1320 2745 1438 2792 erat
1477 2736 1750 2791 sutliciens
1786 2750 1882 2806 pro
1913 2735 2145 2808 frigore,

568 2842 748 2888 tamen
777 2833 954 2903 potius
977 2831 1219 2886 membra
1246 2832 1492 2885 muniens
1515 2846 1676 2900 quam
1699 2830 1902 2900 aliquid
1930 2829 2152 2884 honoris

568 2935 661 2980 aut
692 2923 1046 2995 pretiositatis
1075 2922 1331 2979 inferens.
1362 2922 1592 2978 Prorsus
1621 2939 1725 2976 non
1749 2924 1944 2993 egebat
1968 2923 2149 2991 aliqua

2251 1734 2554 1804 principes,
2590 1733 2826 1803 majores
2855 1744 2908 1790 et
2942 1735 3201 1799 minores,
3242 1735 3604 1804 aequissimus
3652 1735 3706 1788 in
3733 1749 3831 1788 om-

2251 1828 2434 1892 nibus,
2467 1827 2576 1881 Deo
2597 1827 2819 1898 placens
2847 1836 2903 1882 et
2934 1828 3264 1882 hominibus.
3293 1825 3612 1882 Consilium
3640 1841 3758 1880 verr
3787 1827 3830 1879 in

2251 1938 2316 1977 eo
2345 1921 2561 1992 vigebat
2592 1921 2758 1976 totius
2789 1922 3009 1992 patriae,
3039 1931 3095 1976 et.
3126 1921 3252 1976 licet.
3280 1920 3511 1976 unicum
3552 1917 3674 1984 ejus
3704 1928 3832 1974 esset

2254 2013 2583 2071 desiderium
2607 2014 2828 2069 dissolvi
2857 2023 2913 2070 et
2939 2031 3060 2070 cum
3092 2016 3310 2070 Christo
3339 2029 3488 2079 esse,
3519 2023 3704 2068 tamen
3725 2029 3834 2082 pre-

2251 2104 2408 2159 cibus
2435 2117 2653 2158 suorum
2678 2104 2920 2169 evictus,
2949 2103 3162 2175 imperii
3194 2118 3386 2174 pacem
3415 2112 3477 2158 et
3501 2103 3833 2157 honestatem

2251 2193 2572 2262 disponebat
2599 2193 3043 2263 circumquaque.

2319 2282 2410 2336 44.
2452 2281 2684 2337 Corbeia:
2709 2281 2989 2337 Saxonica:
3016 2281 3166 2336 initia
3193 2293 3240 2336 et
3263 2298 3601 2352 progressus.
3627 2312 3699 2323 —
3720 2280 3830 2347 Qui-

2251 2375 2352 2430 bus
2375 2375 2672 2430 insistendo
2711 2376 2960 2446 pervenit
3009 2374 3300 2430 Saxoniam
3352 2390 3484 2429 cum
3533 2375 3639 2429 hoc
3679 2377 3832 2429 etiam

2252 2473 2414 2518 certa:
2444 2463 2520 2518 rei
2550 2465 2788 2534 negotio.
2838 2464 2892 2518 ld
2936 2473 3118 2518 autem
3150 2463 3355 2535 negotii
3393 2473 3544 2528 erat,
3598 2464 3728 2534 quia
3771 2462 3834 2517 ibi

2255 2552 2567 2623 religionem
2603 2553 2899 2608 theoricam
2932 2552 3223 2624 aliquando
3253 2569 3462 2624 ponere
3488 2555 3830 2609 decreverat:

2260 2643 2328 2698 ad
2367 2657 2528 2712 quam
2576 2643 2918 2698 statuendam
2963 2658 3060 2713 per
3105 2644 3397 2712 quemdam
3437 2658 3704 2712 puerum,
3747 2660 3833 2697 no-

2256 2731 2400 2786 mine
2427 2730 2804 2802 Theodradum
2836 2730 2973 2801 (Ml),
3003 2746 3035 2786 a
3066 2730 3299 2787 Saxonis
3332 2731 3631 2788 Franciam
3660 2749 3694 2787 a
3721 2748 3835 2804 rege

2255 2823 2580 2888 deductum,
2621 2832 2676 2879 et
2708 2824 3033 2879 monachum
3079 2825 3324 2881 Corbeia:
3368 2825 3579 2881 factum
3607 2867 3623 2892 ,
3666 2809 3833 2881 lorum

2252 2917 2556 2973 adiﬁcandi
2587 2932 2617 2972 a
2641 2918 2960 2987 parentibus
2988 2919 3106 2989 ejus
3137 2919 3370 2988 adeptus
3405 2917 3610 2973 fuerat.
3645 2917 3760 2984 Quo
3788 2918 3834 2974 in

567 2991 813 3085 corporis
855 3014 1272 3084 compositione,
1312 3013 1444 3068 nihil
1477 3015 1623 3068 enim
1662 3013 1765 3068 sibi
1789 2991 1990 3069 ideerat
2027 3021 2145 3083 put-
2175 2991 2221 3053 (ἶ
2253 3007 2370 3064 loco
2389 3004 2677 3066 ecclesiam
2704 3011 3091 3066 monachorum
3127 3010 3312 3065 usibus
3347 3019 3533 3080 aptam
3561 3010 3828 3066 aediﬁcare

569 3107 896 3162 chritudinis
926 3108 1204 3171 humanm,
1249 3105 1379 3159 nihil
1413 3106 1574 3159 etiam
1607 3105 1889 3161 interioris
1933 3106 2146 3161 animm.

570 3198 805 3266 Aspectu
836 3207 953 3250 crat
989 3196 1449 3265 incomparabilis,
1481 3208 1688 3252 statura
1721 3213 1979 3266 procerus
2004 3239 2018 3262 ,
2065 3199 2149 3252 in-

571 3302 730 3342 cessu
755 3285 1059 3352 virginalis;
1097 3300 1196 3339 vox
1221 3285 1340 3353 ejus
1362 3300 1560 3354 cycnea
1595 3287 1876 3341 dulcedine
1901 3289 1981 3342 sui
2011 3288 2148 3342 mul-

575 3377 735 3432 cebat
777 3376 1050 3439 auditum,
1100 3383 1154 3428 et
1195 3389 1376 3430 sermo
1412 3390 1680 3445 quemque
1718 3379 2026 3432 audientem
2068 3379 2148 3432 sui

576 3466 809 3522 faciebat
841 3467 1244 3521 memoriosum.

644 3557 733 3612 40.
776 3557 854 3612 De
877 3558 986 3611 suis
1020 3572 1178 3627 quam
1209 3556 1484 3612 sollicitus.
1516 3588 1587 3598 —
1621 3557 1738 3628 Ipse
1776 3573 1905 3615 vero
1941 3567 2148 3616 tantam

575 3651 893 3708 memoriam
919 3649 1151 3705 ﬁliorum
1179 3650 1416 3705 habebat
1457 3651 1509 3705 in
1543 3651 1845 3707 visceribus
1873 3653 2147 3722 paternis,

572 3754 634 3798 ut
668 3757 772 3797 non
800 3742 971 3796 solum
998 3757 1178 3797 mores
1202 3741 1522 3814 inspiceret,
1546 3743 1638 3798 sed
1670 3743 1831 3798 etiam
1866 3759 2151 3799 numerum

573 3843 630 3890 et
656 3835 876 3889 nomina
905 3848 1092 3888 eorum
1129 3849 1345 3905 semper
1380 3836 1607 3890 haberet
1634 3835 1903 3906 descripta
1944 3837 1995 3891 in
2033 3853 2149 3893 ma-

573 3927 731 3981 nibus
760 3925 901 3991 suis,
932 3935 1198 3996 quatenus
1235 3942 1339 3981 non
1376 3927 1478 3982 sibi
1528 3930 1800 3984 excideret
1830 3945 1926 4000 pro
1955 3931 2152 4001 quibus

575 4017 840 4071 rationem
872 4017 1182 4073 redditurus
1214 4026 1360 4073 esset
1404 4019 1512 4074 Deo
1541 4029 1594 4074 et
1624 4035 1724 4090 pro
1758 4022 1996 4092 quantis.
2027 4023 2153 4079 Ideo

575 4107 869 4162 maximam
898 4123 1094 4179 gerens
1131 4123 1316 4164 curam
1359 4125 1579 4178 eorum,
1629 4112 1833 4167 nullum
1872 4127 1940 4168 ex
1979 4115 2058 4169 eis
2099 4115 2150 4169 in

575 4199 913 4254 hebdomada
972 4199 1311 4269 relinquebat
1377 4201 1754 4270 inalloeutum,
1822 4218 1888 4260 ne
1942 4204 2152 4261 scilicet

575 4290 829 4344 inimicus
852 4290 1134 4345 inveniens
1153 4298 1427 4358 vacantes,
1455 4294 1660 4348 zizania
1694 4297 2154 4364 superseminaret

576 4379 829 4433 cordibus
856 4392 1065 4432 eorum.

650 4467 737 4522 ιι.
778 4467 1156 4524 Monasterium
1189 4481 1322 4526 recte
1347 4474 1577 4528 ordinat.
1614 4505 1684 4516 —-
1715 4473 1949 4532 Proinde
1992 4494 2152 4548 quam

576 4557 767 4612 eﬁicax
816 4557 979 4613 fuerit
1024 4561 1077 4614 in
1118 4562 1566 4632 dispositionibus
1609 4565 1969 4622 ordinationis
2017 4585 2151 4634 ante,

579 4649 670 4718 qui
713 4665 872 4706 nosse
906 4649 1164 4719 voluerit,
1193 4655 1247 4710 in
1293 4654 1430 4710 libro
1470 4657 1559 4727 qui
1599 4658 1664 4712 de
1696 4659 1781 4713 his
1813 4662 2154 4732 conscriptus

580 4750 664 4795 est
683 4740 816 4812 ('59).
837 4741 1016 4811 legere
1045 4747 1360 4814 poteritnon
1392 4748 1509 4802 sine
1540 4749 1728 4819 grandi
1757 4750 2148 4821 admiratione;

581 4831 670 4885 ubi
727 4833 890 4886 etiam
937 4837 1225 4904 perspiciet
1272 4853 1434 4906 quam
1493 4841 1768 4909 sapienter
1835 4858 1866 4896 a
1908 4845 2154 4913 sapiente

579 4920 838 4990 disposita
862 4923 1025 4978 fuerit
1052 4924 1244 4980 domus
1272 4928 1616 4984 Corbeieusis
1638 4931 1903 4986 ecclesia}.

649 5011 740 5067 42.
781 5011 1106 5084 Linguarum
1135 5034 1233 5071 usu
1257 5019 1543 5086 prtrditus,
1573 5032 1622 5076 et
1654 5022 1940 5079 litteratus.
1982 5057 2052 5067 —
2091 5028 2158 5082 Et

579 5106 707 5177 quid
731 5105 1055 5161 laudandum
1081 5109 1133 5162 in
1157 5126 1222 5164 eo
1244 5112 1442 5180 potius,
1475 5128 1596 5167 cum
1625 5131 1722 5169 nee
1751 5115 1930 5188 Moyse
1956 5121 2152 5185 minor,

580 5211 680 5252 nec
711 5198 997 5254 Salomone
1021 5198 1184 5254 fuerit
1213 5201 1438 5255 inferior
1466 5201 1520 5255 in
1547 5203 1867 5260 ordinandis
1891 5209 2072 5274 rebus,
2099 5221 2154 5266 et

2253 3116 2644 3170 nonnunquam
2688 3101 2986 3172 disposuit;
3041 3100 3152 3156 sed
3178 3101 3306 3170 quia
3335 3099 3522 3156 locum
3562 3117 3668 3156 non
3713 3101 3835 3156 satis

2254 3202 2438 3265 aptum
2491 3193 2787 3259 intellexit,
2834 3205 3058 3264 crepera
3098 3208 3313 3262 semper
3359 3193 3632 3249 dilatione
3679 3195 3835 3248 inter-

2252 3286 2424 3340 misit.
2447 3286 2620 3353 Quam
2650 3285 2968 3340 dilationem
3014 3285 3303 3356 protelavit
3336 3302 3516 3355 usque
3558 3288 3628 3342 ad
3665 3285 3832 3341 Caroli

2254 3385 2507 3442 mortem,
2544 3385 2599 3429 et
2639 3383 2762 3446 post
2794 3374 3046 3430 Carolum
3072 3391 3243 3446 usque
3273 3376 3341 3430 ad
3379 3377 3561 3432 exsilii
3595 3377 3676 3432 sui
3710 3377 3833 3432 rele-

2255 3466 2552 3535 gationem.
2586 3467 2775 3522 Exsilii
2804 3476 2984 3522 autem
3018 3476 3293 3538 tempore,
3323 3483 3563 3539 qmeque
3599 3471 3681 3524 sui
3707 3471 3835 3538 juris

2252 3556 2426 3620 fuere,
2458 3559 2548 3627 qui
2581 3559 2732 3628 prius
2760 3559 2986 3628 accepit,
3022 3559 3074 3614 in
3105 3573 3200 3614 sua
3234 3559 3446 3630 redegit
3470 3571 3762 3631 potestate.

2323 3650 2411 3704 45.
2463 3649 2568 3704 Sed
2605 3650 2838 3705 habebat
2869 3651 2940 3706 ibi
2969 3650 3253 3722 quemdam
3297 3651 3350 3705 in
3406 3651 3636 3708 Christo
3677 3653 3832 3708 ﬁlium

2254 3756 2366 3812 prae
2394 3741 2645 3798 omnibus
2682 3743 2784 3796 sibi
2819 3743 3103 3799 monachis
3132 3741 3460 3798 familiarem
3481 3785 3497 3808 ,
3532 3756 3588 3800 ct
3619 3747 3836 3801 univoce

2253 3833 2613 3902 aeqnivocnm.
2649 3832 2748 3888 llic
2779 3848 2847 3888 ne
2884 3835 3222 3890 subintraret
3265 3835 3469 3905 aliquis
3503 3837 3676 3903 alius,
3705 3854 3833 3908 pra:-

2255 3925 2458 3981 dictum
2486 3925 2662 3980 locum
2693 3926 2981 3996 intercepit
3013 3927 3133 3984 loco
3163 3925 3301 3996 ejus.
3330 3928 3399 3983 Et
3430 3930 3565 4000 quia
3597 3932 3699 3987 hoc
3719 3946 3831 3986 cum

2254 4017 2404 4086 prius
2433 4026 2659 4072 noverat
2696 4018 2948 4085 voluisse,
2977 4020 3149 4090 gratia
3188 4021 3396 4080 amoris
3438 4022 3566 4091 ejus
3603 4038 3668 4078 ex
3708 4023 3830 4079 Cor-

2253 4108 2462 4164 heianis
2485 4109 2790 4180 sumptibus
2819 4110 3006 4166 cellam
3032 4112 3102 4167 ibi
3131 4116 3298 4182 coepit
3323 4114 3631 4181 aediﬁcare,
3662 4119 3828 4186 cepit,

2255 4210 2356 4252 nec
2385 4195 2626 4267 perfecit,
2658 4214 2938 4270 quousque
2971 4209 3191 4256 sanctus
3211 4204 3281 4255 ab
3317 4204 3518 4262 exsilio
3561 4210 3828 4264 remeavit.

2254 4287 2498 4359 Cumque
2526 4299 2846 4358 remeasset,
2867 4292 3151 4348 ordinabat
3181 4294 3226 4349 si
3257 4295 3387 4364 quid
3419 4310 3490 4356 ex
3529 4299 3649 4360 suis
3685 4315 3827 4355 exor-

2258 4381 2500 4437 dinatum
2533 4381 2744 4438 fuisset.

2249 4527 2252 4530 _
2327 4472 2418 4527 ιθ.
2459 4473 2576 4541 Quo
2607 4483 2792 4530 tenore
2819 4472 3108 4531 Saxoniam
3140 4479 3304 4533 modo
3329 4483 3625 4550 pervenit,
3665 4499 3828 4556 perve-

2256 4562 2412 4618 niens
2441 4561 2616 4620 locum
2651 4577 2716 4618 ex
2743 4567 2890 4620 omni
2922 4577 3073 4636 parte
3102 4568 3361 4638 inspexit,
3390 4572 3704 4644 inspectum
3735 4592 3826 4630 ota-

2257 4654 2388 4709 nino
2417 4655 2658 4711 inutilem
2685 4657 2965 4712 intellexit.
2998 4658 3306 4729 Suspensus
3331 4674 3458 4719 erat
3480 4679 3696 4738 mente,
3721 4670 3826 4738 quia

2261 4756 2495 4817 emptum
2527 4747 2802 4818 religionis
2827 4765 2963 4820 opus
2993 4749 3208 4806 nolebat
3230 4753 3513 4812 dimittere
3545 4777 3559 4812 :
3593 4768 3652 4815 et
3679 4761 3826 4831 aptio-

2263 4853 2375 4893 rem
2399 4855 2503 4892 non
2529 4839 2757 4904 habens,
2783 4840 3110 4898 hunclocnm
3139 4842 3432 4902 inhabilem
3466 4849 3687 4906 videbat
3705 4867 3821 4907 esse.

2271 4927 2509 4985 Tandem
2541 4931 2608 4984 ad
2649 4945 2831 5001 regem
2863 4947 2920 4987 se
2953 4933 3204 4998 contulit,
3225 4945 3281 4989 et
3306 4946 3365 4990 ut
3393 4937 3578 4994 locum
3618 4943 3824 4998 adiﬁca-

2262 5019 2423 5074 bilem
2456 5020 2559 5075 sibi
2587 5021 2814 5076 donaret
2844 5022 3052 5092 petivit.
3089 5022 3200 5080 Nec
3231 5041 3513 5098 momento
3544 5031 3699 5087 haesit
3724 5032 3820 5092 ille,

2264 5113 2356 5168 sed
2379 5113 2498 5182 ejus
2543 5113 2795 5181 religiosa
2831 5116 3048 5184 gavisus
3082 5115 3392 5184 voluntate,
3430 5122 3736 5194 ubicunque
3757 5141 3822 5177 ll!-

2263 5202 2492 5269 veniret,
2523 5201 2843 5258 deliberavit
2872 5205 2969 5259 sub
2997 5205 3116 5275 ejus
3143 5209 3388 5276 optione.
3420 5211 3548 5280 lvit,
3577 5219 3817 5286 quassin't,
