3960 5320
140 289 276 351 1061

1376 283 1532 340 VITA
1573 282 1629 337 S.
1671 281 2031 338 ADALARD'.

3258 282 3397 342 4063

140 401 371 466 invenit,
398 399 729 457 renuntiavit
758 417 769 454 :
798 407 853 454 et
882 407 1101 468 accepta
1133 396 1378 451 hilariter
1406 395 1706 456 :ediﬂcandi
1740 400 1788 459 Α
1815 396 1966 448 sima:
1995 408 2232 450 sorores.
2281 393 2430 449 Felix
2477 393 2636 448 Pater
2681 393 2773 449 tali
2806 394 3092 452 tiliatione!
3129 394 3400 458 feliciores

136 501 430 561 potestate,
472 493 690 562 insuper
720 491 906 545 multis
935 491 1164 545 donatus
1194 488 1350 542 donis
1380 487 1523 556 regia
1556 487 1718 556 largi-

139 593 274 649 tate,
309 584 532 639 dimissa
559 583 716 648 cella,
742 581 1048 638 coenobium
1071 579 1233 649 coepit
1262 576 1551 633 aediﬁcare.

206 675 300 729 47.
340 674 436 730 Est
458 685 635 729 autem
661 680 811 729 locus
835 688 996 741 super
1025 671 1252 726 Wisera:
1277 669 1516 732 ﬂuvium,
1547 668 1720 722 maxi-

136 779 244 818 mae
279 765 613 819 anitenitatis
641 774 694 818 et
725 762 999 833 temperiei
1033 761 1423 817 elementorum
1460 761 1533 813 ita
1563 774 1716 814 com-

134 863 348 922 petens,
375 862 439 907 ut
463 861 674 908 constet
702 861 919 908 creatus
949 850 1018 904 ab
1062 851 1214 904 initio
1250 853 1317 904 ad
1355 863 1486 902 usus
1527 863 1718 902 mona-

134 940 389 996 chorum.
424 943 690 996 Dilatatur
727 941 990 1008 siquidem
1023 941 1075 992 in
1117 938 1272 993 vallis
1299 938 1550 1008 planitie,
1586 937 1720 1008 ligu-

136 1039 295 1086 ratus
330 1031 384 1086 in
427 1032 642 1086 modum
693 1043 730 1087 Δ
776 1031 992 1084 litterae.
1045 1028 1216 1083 llabet
1261 1027 1492 1097 denique
1533 1041 1722 1081 versus

135 1121 410 1175 orientem
433 1121 662 1184 alveum,
701 1136 859 1176 secus
883 1135 1044 1190 quem
1078 1128 1316 1174 montem
1348 1119 1400 1172 in
1431 1117 1567 1172 facie
1595 1133 1720 1187 por-

137 1222 382 1277 rectum;
417 1228 580 1283 porro
607 1230 635 1266 a
669 1213 896 1267 meridie
936 1227 1092 1266 mons
1120 1209 1255 1264 alius
1295 1223 1357 1264 ex
1391 1209 1542 1263 alveo
1570 1223 1722 1286 egre-

135 1301 308 1367 ditur,
337 1303 426 1370 qui
458 1315 645 1356 versus
666 1300 1002 1356 occidentem
1034 1298 1256 1354 dilatato
1290 1298 1410 1352 sinu
1445 1297 1717 1352 tenditur:

134 1407 165 1444 a
218 1393 588 1462 septentrione
638 1401 817 1447 autem
863 1390 1000 1445 alter
1056 1389 1172 1458 pari
1219 1389 1324 1442 situ
1377 1403 1408 1442 e
1468 1385 1718 1458 regione,

133 1496 422 1550 quousque
452 1481 590 1534 viam
621 1497 718 1552 per
763 1480 998 1534 medium
1041 1479 1231 1533 dantes
1281 1479 1508 1532 invicem
1551 1493 1610 1532 se
1643 1475 1724 1530 vi-

135 1571 639 1641 deanturcopulare
657 1589 670 1636 ;
685 1581 846 1640 atque
869 1571 942 1625 ita
963 1571 1116 1625 vallis
1133 1570 1444 1640 planissima
1471 1569 1522 1624 in
1549 1568 1725 1624 medio

137 1676 454 1726 remanens,
481 1663 634 1732 quasi
679 1661 817 1717 alter
856 1663 1138 1732 paradisus
1181 1662 1517 1732 iucunditate
1557 1661 1724 1714 totius

1819 485 1940 537 ﬁliae
1975 484 2064 538 tali
2110 485 2468 555 paternitatel
2501 484 2794 540 felicissimi
2842 484 2960 551 lilii,
2993 487 3036 541 si
3088 502 3400 558 permanse-

1817 576 1926 630 rint
1957 576 2009 630 in
2040 578 2141 631 bac
2165 577 2404 632 unitate!
2442 577 2578 632 Ecce
2605 579 2752 633 enim
2787 577 2949 634 Pater
2975 579 3172 645 migrat
3201 597 3214 632 ι
3247 580 3403 635 dese-

1819 668 1886 722 rit
1919 667 1970 721 in
2001 668 2222 734 mundo,
2243 683 2350 724 non
2379 667 2582 724 deserit
2608 670 2663 725 in
2689 669 2925 736 Christo,
2949 687 3084 740 quos
3113 673 3397 729 nutrierat.

1816 759 1983 814 Adest
2014 769 2222 830 tempus
2265 761 2483 816 dissolvi
2513 769 2568 816 et
2593 777 2714 818 esse
2751 778 2874 818 cum
2918 762 3154 828 Christo,
3193 773 3402 836 tempus

1819 850 2082 904 moriendi
2117 850 2169 904 in
2201 851 2376 914 terris,
2411 860 2467 907 et
2487 854 2804 908 renascendi
2837 855 2890 908 in
2929 854 3088 909 caelo.

1890 939 1978 994 5L
2012 938 2172 994 Febri
2213 941 2511 1009 corripitur.
2536 943 2945 998 -—-lmminebat
2986 945 3167 1014 itaque
3208 945 3404 1000 solum-

1822 1029 1965 1085 nitas
1997 1029 2421 1096 solemnitatum,
2453 1031 2540 1085 illa
2571 1032 2778 1088 scilicet
2810 1034 3124 1090 solemnitas
3173 1050 3278 1103 qua
3306 1049 3403 1103 per

1825 1121 2214 1174 incarnationis
2260 1136 2371 1176 sua:
2423 1125 2740 1192 mysterium
2769 1125 2821 1178 in
2852 1125 2963 1180 sole
3009 1125 3186 1195 posuit
3216 1125 3400 1179 Domi-

1825 1226 1923 1264 nus
1981 1211 2388 1280 tabernaculum
2444 1229 2620 1268 suum.
2680 1216 2933 1271 Redierat
2978 1233 3005 1270 a
3059 1216 3291 1271 Sasonia
3347 1215 3400 1270 in

1824 1299 2073 1366 Galliam,
2103 1310 2183 1367 ut,
2222 1301 2439 1357 fundata
2478 1304 2584 1358 filia
2612 1304 2663 1359 in
2692 1305 2926 1373 Christo,
2977 1309 3265 1361 adventum
3298 1306 3404 1358 Do-

1825 1389 1952 1444 mini
2005 1391 2305 1446 celebraret
2356 1393 2496 1462 apnd
2543 1403 2770 1448 matrem
2823 1395 3128 1451 Corbeiam.
3174 1394 3403 1464 Jamque

1824 1481 1964 1536 alter
1993 1481 2210 1538 Simeon
2261 1498 2426 1538 senex
2458 1494 2744 1553 paraverat
2772 1487 3006 1540 venienti
3041 1487 3265 1541 Domino
3311 1500 3404 1540 oc-

1823 1587 2065 1638 currere,
2095 1583 2150 1628 et
2177 1573 2377 1644 Regem
2419 1590 2602 1645 regum
2635 1575 3011 1645 procedentem
3057 1577 3123 1630 de
3166 1575 3402 1630 thalamo

1826 1663 1940 1717 suis
1992 1663 2133 1719 ulnis
2160 1663 2316 1720 laetus
2359 1664 2678 1736 suscipere:
2713 1681 2834 1722 cum
2889 1681 3017 1722 ecce
3069 1666 3245 1720 triduo
3279 1673 3404 1719 ante
3500 1708 3505 1712 .

141 1751 428 1818 temperiei
461 1761 687 1820 apparet
714 1751 934 1817 ﬂorens,
967 1752 1069 1805 hoc
1096 1753 1254 1806 modo
1288 1759 1549 1821 quantum
1573 1751 1723 1804 coin-
1753 1749 1800 1810 B
1827 1752 2070 1809 Natalem
2129 1755 2340 1810 Domini
2397 1756 2571 1827 tetigit
2623 1772 2746 1812 eum
2807 1757 3137 1813 validissima
3198 1758 3362 1812 febris
3386 1796 3401 1821 ,

136 1842 359 1896 cidatnr
390 1843 642 1914 trianguli
676 1843 902 1914 ﬁgurant
929 1845 1260 1912 exprimens.

212 1932 304 1987 48.
346 1932 616 1988 Saxonum
642 1935 932 1989 liberalitas
954 1936 1009 1988 in
1031 1952 1216 1989 novam
1249 1933 1542 1989 Corbciam.
1568 1963 1636 1973 —
1666 1933 1722 1988 In

143 2021 251 2076 hoc
281 2023 464 2092 itaque
490 2023 608 2078 loco
639 2034 961 2080 construens
991 2024 1278 2080 ecclesiam
1316 2041 1439 2079 cum
1467 2022 1720 2088 oﬂicinis,

137 2122 375 2168 exornat
413 2115 728 2171 melioribus
756 2132 892 2187 quos
922 2126 1098 2188 potest
1131 2118 1371 2172 invenire
1402 2117 1719 2172 monachis:

139 2203 444 2258 manachos
470 2205 688 2260 instruit
719 2207 996 2272 moribus,
1040 2207 1214 2261 locum
1259 2206 1637 2271 facultatibus,
1672 2215 1726 2262 et

136 2293 326 2347 omnia
351 2294 600 2348 omnibus
644 2311 764 2366 quae
787 2307 1117 2367 praeceperat
1141 2309 1357 2352 sanetus
1379 2284 1722 2352 Benedictus.

146 2382 317 2439 Vocat
346 2400 538 2440 nomen
570 2386 672 2443 loci
703 2387 1011 2455 Corbeiam,
1043 2399 1099 2442 ut
1123 2390 1276 2459 signo
1299 2398 1444 2444 esset
1469 2389 1721 2457 posteris,

141 2475 288 2528 unde
344 2476 606 2530 existendi
661 2486 954 2547 sumpserit
1010 2479 1314 2543 materiam,
1367 2487 1422 2532 et
1478 2478 1724 2534 Corbcize

136 2563 477 2620 Francorum
502 2569 680 2623 sancit
703 2583 820 2624 esse
851 2568 1036 2623 ﬁliam.
1076 2569 1143 2623 Et
1174 2571 1384 2633 merito,
1415 2570 1539 2640 quia
1568 2571 1730 2640 quid-

138 2658 274 2728 quid
303 2668 440 2725 erat,
481 2661 549 2714 ab
578 2659 667 2713 illa
697 2662 863 2729 ctepit
888 2661 957 2716 ab
983 2675 1105 2717 ovo.
1155 2660 1267 2716 Nec
1313 2647 1540 2716 multum
1584 2671 1720 2717 tem-

137 2750 295 2818 poris
348 2749 467 2816 fuit,
514 2765 623 2821 quo
673 2750 954 2818 facultate,
1003 2751 1217 2807 tametsi
1264 2766 1368 2806 non
1419 2752 1722 2820 dignitate,

140 2839 314 2893 matri
341 2854 399 2895 se
439 2855 756 2910 comparare
783 2843 977 2911 potuit.
1029 2842 1210 2914 Longe
1251 2843 1392 2898 enim
1436 2844 1724 2900 exhalante

139 2931 290 2985 bono
313 2933 478 2987 odore
508 2935 896 2990 monachorum
916 2973 932 3000 ,
978 2950 1115 3004 quos
1153 2934 1315 2989 Pater
1349 2936 1746 2992 sanetis’simus

139 3041 208 3080 es
242 3025 364 3080 sinu
393 3027 582 3084 matris
605 3028 905 3084 adducebat
933 3027 1056 3083 tilia:
1083 3043 1275 3084 omnes
1301 3027 1502 3084 electos
1519 3069 1534 3094 ,
1576 3039 1723 3085 tanta

1825 1855 2018 1902 orante
2047 1862 2112 1903 eo
2162 1857 2219 1902 et
2265 1845 2425 1903 ﬂente
2466 1848 2617 1917 juxta
2649 1851 3094 1904 consuetudinem
3145 1863 3296 1903 suam
3351 1847 3405 1900 in

1825 1936 2073 2003 basilica,
2101 1938 2278 1994 medio
2303 1940 2494 1994 noctis.
2525 1938 2626 2006 Qui
2671 1941 2746 1994 ita
2776 1941 2902 1995 totis
2931 1939 3126 2011 vngiliis
3151 1953 3254 1994 una
3283 1953 3406 1993 cum

1827 2028 2110 2085 Fratribus
2159 2040 2511 2101 perseverans
2553 2031 2816 2102 psallebat
2862 2047 2984 2086 cum
3028 2032 3131 2096 eis,
3162 2038 3218 2084 et
3263 2028 3406 2098 psal-

1827 2118 1988 2174 lendo
2014 2118 2198 2186 ﬂebat,
2225 2135 2396 2190 usque
2427 2121 2492 2176 ad
2524 2120 2695 2176 lucem
2727 2122 2958 2176 hostiam
2991 2121 3322 2176 'ubilationis
3352 2119 3406 2174 in

1825 2218 2047 2277 pectore
2073 2210 2297 2265 Domino
2321 2224 2668 2266 consecrans.

1899 2298 1988 2352 52.
2030 2297 2241 2354 Obitum
2296 2317 2448 2354 suum
2495 2300 2764 2354 imminere
2817 2299 3071 2355 declarat.
3113 2329 3183 2340 -—
3210 2299 3405 2353 Prose-

1829 2398 2026 2455 qnente
2069 2398 2248 2444 autem
2275 2390 2411 2455 luce,
2439 2388 2596 2459 jubet
2631 2393 2826 2446 fratres
2870 2393 2938 2446 ad
2985 2405 3043 2445 se
3092 2392 3404 2446 convenire.

1827 2478 2034 2546 Quibus
2059 2489 2242 2536 coram
2284 2483 2494 2551 positis,
2527 2481 2766 2550 singulos
2800 2481 3024 2536 menens
3051 2482 3116 2536 de
3160 2479 3406 2550 singulis,

1826 2569 2031 2625 indicat
2060 2571 2262 2626 instare
2289 2581 2496 2643 tempus
2533 2587 2643 2627 suae
2672 2571 3060 2637 dissolutionis,
3092 2581 3142 2626 et
3178 2571 3236 2646 in,
3260 2585 3409 2626 com-

1827 2675 1991 2715 mune
2022 2671 2236 2732 perorat
2267 2663 2334 2717 de
2383 2679 2516 2733 pace
2563 2672 2617 2717 et
2666 2648 2870 2718 unitate
2913 2663 3205 2717 secundum
3238 2661 3414 2717 Deum

1828 2750 2021 2808 futura:
2041 2753 2340 2808 electionis.
2362 2753 2430 2808 Et
2452 2755 2637 2809 dicens
2663 2752 2976 2824 Symbolum
2999 2766 3120 2806 cum
3141 2751 3407 2814 oratione,

1827 2843 2040 2900 eteteris
2069 2843 2324 2902 ﬂentibus
2351 2861 2410 2902 se
2448 2845 2856 2903 commendans.
2891 2845 3115 2899 retinuit
3135 2844 3256 2898 illos
3285 2858 3410 2898 cum

1827 2933 2023 3002 quibus
2049 2933 2152 2988 sibi
2179 2944 2298 2990 erat
2321 2937 2588 3006 agendum
2614 2935 2680 2990 de
2709 2949 2888 2990 rerum
2911 2934 3269 2989 ordinatione.

1900 3024 1988 3080 53.
2020 3024 2161 3091 Quid
2206 3027 2412 3080 interim
2463 3035 2605 3097 agat.
2633 3057 2704 3067 —
2732 3026 2975 3095 Cumque
3022 3024 3210 3079 diatim
3243 3038 3414 3095 magis

140 3116 439 3171 abundavit
464 3133 588 3188 erga
616 3119 898 3174 ecclesiam
926 3119 1268 3190 imperatoris
1297 3127 1352 3174 et
1383 3120 1623 3174 omnium
1638 3137 1728 3192 op-
1755 3103 1802 3166 C
1834 3115 2112 3186 magisque
2162 3115 2391 3184 languor
2432 3115 2796 3183 crudesceret,
2829 3117 2902 3172 ita
2946 3115 3202 3187 providus
3230 3115 3414 3170 omnia

143 3209 396 3262 limatum
422 3209 678 3281 largitas,
713 3222 770 3266 ut
798 3212 950 3284 prius
979 3212 1192 3267 deesset
1221 3213 1518 3281 recipiendi
1561 3228 1724 3282 quam

144 3299 317 3354 dandi
350 3299 595 3358 voluntas
626 3321 640 3356 :
679 3311 823 3357 tanta
857 3317 984 3374 erga
1015 3302 1229 3358 Patrem
1261 3312 1504 3357 sanctum
1531 3313 1586 3358 et
1610 3303 1728 3374 ejus

140 3389 290 3444 filios
316 3390 558 3448 fervebat
589 3394 894 3458 veneratio,
919 3403 980 3449 ut
1006 3393 1225 3448 mallent
1249 3393 1531 3448 ecclesiam
1563 3408 1727 3463 quam

142 3489 308 3536 natos
331 3497 458 3538 suos
484 3483 724 3538 haeredes
754 3500 976 3540 suorum
1002 3484 1292 3540 ascribere.

213 3573 310 3628 49.
355 3574 690 3630 Adalhardus
720 3579 871 3632 rebus
909 3580 1052 3646 ponit
1088 3579 1324 3630 modum.
1346 3607 1413 3617 —
1433 3577 1502 3630 At
1538 3577 1627 3632 ille
1655 3577 1732 3631 vi-

141 3664 285 3719 dens
314 3663 644 3720 suillcienter
682 3668 1021 3732 attributum,
1049 3676 1310 3736 quantum
1351 3666 1561 3721 scilicet
1603 3681 1726 3736 sup-

127 3754 390 3826 petebat,
416 3755 661 3811 ecclesite
708 3757 760 3810 in
790 3757 1025 3827 prmdiis,
1068 3758 1121 3810 in
1160 3771 1294 3811 auro
1323 3765 1379 3810 et
1418 3757 1470 3810 in
1518 3757 1730 3811 caeteris

145 3860 358 3911 rerum,
385 3848 534 3918 ponit
560 3848 775 3902 modum
805 3848 1128 3918 recipiendi,
1161 3857 1218 3902 et
1249 3848 1564 3917 quotidiana
1594 3863 1732 3919 prae-

142 3934 425 3992 dicatione
468 3952 498 3990 a
545 3937 799 3992 cordibus
845 3938 1208 4007 subiectorum
1251 3939 1494 3995 eradicat
1539 3940 1729 3994 vitium

140 4026 587 4096 concupiscendi.
643 4047 662 4080 ι
715 4027 948 4094 Mortui,
1001 4030 1228 4094 aiebat,
1294 4030 1550 4084 debemus
1613 4037 1734 4087 esse

142 4117 377 4183 mundo,
404 4126 459 4172 et
480 4118 585 4172 vita
611 4128 793 4172 nostra
819 4133 1043 4189 regnare
1063 4136 1185 4174 cum
1216 4119 1451 4174 Christo.
1480 4121 1583 4175 Sed
1605 4135 1734 4176 ecce

143 4207 331 4273 multi,
362 4208 452 4278 qui
479 4208 676 4264 sateulo
699 4211 1038 4264 renuntiasse
1068 4210 1338 4274 videntur,
1365 4208 1548 4264 nimiis
1571 4211 1734 4266 rebus

142 4299 491 4355 abundantes
537 4300 734 4354 iterum
787 4300 984 4356 saeculo
1035 4301 1308 4355 deservire
1365 4301 1728 4356 inveniuntur.

139 4390 305 4457 Quod
331 4404 492 4460 quam
521 4390 594 4446 sit
630 4386 922 4446 absurdum
959 4391 1222 4446 advertite
1253 4391 1554 4446 nobiscum.
1585 4392 1733 4447 Alio-

1832 3209 2174 3278 disponebat,
2206 3224 2270 3265 ac
2313 3211 2359 3264 si
2391 3209 2524 3265 nihil
2557 3210 2682 3265 mali
2711 3209 2878 3265 ferret
2911 3226 2924 3264 :
2961 3208 3230 3278 praecipue
3271 3206 3414 3261 labo-

1832 3313 1982 3364 rans,
2012 3315 2080 3354 ne
2110 3315 2208 3370 pro
2241 3299 2397 3355 tzedio
2427 3315 2538 3356 suae
2580 3299 2958 3356 invaletudinis
2988 3306 3175 3354 sancta
3212 3295 3412 3352 solem-

1830 3389 1979 3444 nitas
2022 3391 2196 3445 minus
2246 3390 2470 3446 honoris
2499 3399 2592 3445 aut
2641 3391 2886 3462 obsequii
2915 3389 3154 3446 haberet.
3209 3387 3416 3444 Caetera

1830 3495 1959 3536 vero
2003 3497 2108 3536 non
2141 3483 2321 3537 minus
2353 3484 2604 3538 studebat
2648 3483 2921 3547 ordinare,
2951 3496 3018 3536 ne
3047 3489 3168 3550 post
3209 3494 3267 3534 se
3313 3478 3414 3534 ali-

1830 3571 1960 3639 quid
2012 3573 2113 3626 sub
2163 3587 2222 3626 se
2251 3573 2626 3642 imperfectum
2657 3574 2934 3628 videretur
2983 3586 3282 3628 remanere.
3319 3571 3416 3625 Die

1833 3659 1997 3730 igitur
2043 3673 2264 3730 peracto
2297 3679 2402 3733 qua
2454 3664 2627 3734 potuit
2657 3664 3022 3726 veneratione,
3055 3679 3164 3733 quo
3205 3677 3415 3717 summa

1833 3752 2087 3808 divinitas
2138 3756 2530 3811 humanitatem
2584 3763 2824 3812 nostram
2854 3756 3072 3826 dignata
3120 3763 3204 3810 est
3245 3754 3419 3809 susci-

1821 3857 1980 3912 pere,
2018 3843 2206 3914 reliqui
2238 3846 2353 3901 dies
2396 3847 2496 3901 sibi
2543 3846 2767 3916 profesti
2810 3846 2980 3909 fuere,
3012 3846 3135 3916 quia
3172 3845 3338 3914 erepit
3364 3845 3416 3898 in

1832 3948 1898 3988 eo
1947 3935 2224 3989 mortifera
2275 3936 2443 3993 febris
2495 3938 2704 3992 avidius
2757 3938 3117 3993 morbescere.
3168 3935 3420 4003 Quotidie

1835 4032 2014 4081 tamen
2042 4026 2108 4081 ad
2131 4027 2433 4083 oratorium
2467 4029 2610 4084 beati
2641 4028 2812 4084 Μαι-ιιὶ
2838 4028 3107 4092 veniebat,
3139 4026 3288 4095 cujus
3310 4025 3423 4096 pri-

1834 4115 2030 4186 vilegio
2073 4119 2276 4174 amoris
2316 4133 2425 4190 pra:
2457 4120 2672 4175 cteteris
2703 4134 2824 4174 cum
2859 4119 3072 4174 caeteris
3105 4119 3419 4175 memoriam

1835 4207 2132 4271 recolebat,
2167 4207 2349 4277 ibique
2400 4209 2594 4264 missas
2637 4208 2860 4265 audiens
2890 4215 3132 4263 sanetam
3178 4221 3421 4263 commu-

1821 4301 2054 4355 nionem
2086 4299 2439 4371 percipiebat.

1905 4389 1994 4444 54.
2047 4387 2389 4444 Hildematmi
2423 4391 2646 4446 adventu
2690 4391 2919 4446 lwtatur.
2955 4421 3021 4430 —
3057 4389 3278 4445 Interim
3326 4403 3422 4443 au-

139 4451 282 4551 qitiii
335 4451 468 4535 nihil
525 4482 680 4538 nobis
721 4484 938 4553 prodest
987 4498 1084 4537 nos
1117 4483 1451 4552 exspoliasse
1497 4485 1732 4555 propriis
1763 4451 1811 4509 Β
1838 4484 1992 4540 diens
2037 4498 2160 4538 eum
2200 4493 2467 4554 aegrotare
2493 4483 2882 4540 Hildemannns
2910 4484 3195 4554 episcopus
3233 4481 3424 4536 Belva-

141 4575 336 4638 rebus,
393 4574 603 4630 dicente
643 4575 902 4645 Apostolo
942 4593 955 4629 :
1011 4573 1180 4629 Nemo
1216 4576 1446 4631 militans
1491 4576 1600 4632 Deo
1639 4580 1737 4632 im-

136 4663 310 4730 plicat
353 4679 409 4717 se
453 4664 670 4733 negotiis
706 4663 1047 4718 stecularibus
1087 4664 1173 4735 (Il
1212 4663 1344 4719 Tim.
1393 4681 1462 4731 ll,
1500 4667 1578 4738 4).
1620 4667 1733 4723 Νοη

140 4765 230 4810 est.
274 4765 523 4812 nostrum
554 4755 747 4821 ditari,
783 4755 923 4809 unde
961 4754 1054 4810 alii
1098 4756 1285 4825 inopes
1339 4755 1507 4816 ﬂant,
1561 4773 1737 4827 neque

141 4856 400 4903 nostrum
430 4845 623 4913 lauari,
647 4845 792 4901 unde
821 4846 912 4901 alii
953 4845 1187 4901 doleant.
1217 4845 1398 4902 Simus
1420 4845 1735 4903 suﬂicientia

140 4937 428 5004 contenti,
471 4937 669 5013 quibus
707 4936 868 5005 debet
911 4951 1030 4991 esse
1075 4933 1344 4991 suﬂiciens
1388 4936 1551 4989 etiam
1607 4952 1739 5008 pau-

144 5040 337 5100 pertas
363 5028 590 5095 Christi,
633 5028 726 5098 qui
764 5027 946 5093 dives,
994 5043 1092 5097 pro
1152 5027 1308 5083 nobis
1339 5041 1542 5098 pauper
1571 5029 1741 5083 voluit

145 5117 291 5173 fieri.
334 5136 355 5172 ι

1836 4575 2039 4641 censis,
2081 4590 2242 4644 quem
2276 4576 2363 4630 ille
2392 4577 2717 4632 monachum
2750 4577 3032 4638 nutrierat,
3065 4584 3120 4629 et
3163 4589 3226 4629 eo
3260 4572 3425 4628 subli~

1838 4675 2015 4721 marat
2045 4667 2251 4721 honore
2277 4682 2376 4736 per
2400 4681 2717 4722 concessum
2769 4666 2942 4734 regis,
2977 4665 3119 4718 nulla
3157 4663 3426 4718 detinetur

1838 4756 2091 4812 instantis
2120 4756 2246 4810 festi
2296 4755 2614 4811 celebritate
2647 4773 2661 4809 :
2690 4757 2784 4809 sed
2831 4752 3053 4807 mutatis
3095 4751 3305 4822 gaudiis
3334 4764 3428 4818 ra-

1839 4855 1974 4901 trem
2004 4861 2159 4900 suum
2185 4845 2366 4900 visitat
2389 4844 2722 4898 infirmitatis
2752 4841 3148 4912 compassione.
3179 4842 3253 4896 De
3281 4839 3431 4906 cujus

1841 4935 2074 4990 adventu
2112 4943 2258 4988 tanta
2300 4935 2519 5003 gavisus
2555 4941 2642 4986 est
2678 4935 2841 4988 Pater
2868 4939 3093 4987 sanctus
3130 4929 3433 4991 alacritate,

1840 5036 1901 5081 ut
1922 5025 2023 5082 nisi
2056 5026 2242 5081 ultima
2265 5034 2428 5090 esset,
2448 5037 2609 5096 poene
2628 5024 3042 5080 oblivisceretur
3064 5021 3437 5075 infirmitatem

1845 5131 1944 5185 pro
1976 5123 2127 5169 tanta
2160 5113 2550 5169 consolatione.
2579 5112 2830 5168 Reddidit
2860 5114 2969 5167 Deo
3010 5110 3241 5178 gratias,
3265 5116 3318 5160 et
3339 5105 3440 5165 ilIi.
