3960 5320
113 166 140 220 I
153 165 276 223 065

838 173 1187 234 υιηΑουιΑ
1228 176 1287 236 8.
1326 179 1676 238 ΑιιΛιΑιωι

1793 182 1862 237 tB.
1903 181 2602 247 COBBEIENSIS.-—LIB.
2645 193 2685 248 l.

104 280 410 339 discedere
456 283 740 356 voluisset,
772 291 1000 360 pedibus
1043 293 1201 351 haasit
1241 297 1591 368 pavimento,
1645 313 1710 354 ac
1735 302 1783 361 Δ
1813 312 1915 353 nus
1944 298 2082 370 (45).
2120 301 2211 370 qui
2257 316 2324 356 eo
2373 311 2614 374 tempore
2651 305 2863 362 steteris
2911 308 3394 382 pliilOSOpbabatnr

102 372 160 426 si
212 373 389 428 clavis
439 377 687 434 confixus
725 379 936 438 fuisset.
969 385 1186 457 Stupuit
1220 389 1408 457 miser,
1439 390 1705 461 stupenda

99 464 294 534 coepit
342 465 580 536 clamare
621 469 1010 531 miserabiliter
1057 494 1071 530 :
1108 485 1165 532 et
1210 480 1338 550 quia
1385 479 1551 549 pedes
1597 495 1704 534 non

101 562 362 624 poterat,
382 557 591 615 vultum
623 561 983 623 circumferre
1011 567 1457 640 lacrymabiliter.
1482 572 1705 629 Novitas

102 643 196 697 rei
226 643 416 715 plures
440 649 583 718 cogit
614 652 682 705 ad
720 653 1017 722 tumulum;
1067 659 1362 716 monachos
1411 663 1467 716 in
1512 662 1704 731 primis

101 743 423 815 stupentes,
455 741 752 809 mirantes;
803 745 896 801 sed
925 749 1222 818 gaudentes
1250 751 1492 809 novitate
1521 753 1702 826 signo-

99 811 278 888 rum:
306 827 577 886 hominem
605 833 860 890 videlicet
910 851 1016 892 non
1061 853 1124 895 se
1171 854 1332 910 posse
1376 857 1615 911 movere,
1647 854 1704 902 et

103 929 306 976 tamen
333 931 481 977 stare
507 938 726 980 sanum.
757 925 1132 1002 lnterrogahat
1153 933 1273 990 illos
1298 934 1343 990 si
1372 935 1494 1005 quis
1520 935 1594 991 ibi
1621 952 1702 993 re-

101 1013 462 1080 quiesceret,
512 1025 569 1069 et
599 1016 965 1091 interrogatur
997 1023 1066 1080 ab
1091 1023 1202 1080 illis
1245 1026 1291 1079 si
1321 1041 1427 1096 qua
1455 1027 1700 1084 criminis

99 1102 456 1159 conscientia
505 1115 874 1178 torqueretur.
910 1128 929 1163 ι
959 1110 1105 1177 Scio,
1159 1114 1268 1182 ait,
1306 1115 1542 1182 domini,
1573 1117 1698 1188 quia

101 1204 372 1263 peccator
384 1211 502 1252 sum
525 1197 689 1256 homo
706 1217 720 1266 ;
744 1203 839 1258 sed
851 1206 1154 1262 succurrite
1172 1207 1326 1274 mihi,
1341 1223 1546 1279 quaeso,
1574 1210 1699 1265 hinc

100 1287 390 1355 precibus,
423 1288 550 1344 hinc
596 1292 845 1350 consilio.
881 1314 900 1349 ι
929 1295 1018 1352 Fit
1067 1307 1358 1370 utrumque
1408 1311 1648 1358 actutum
1676 1344 1692 1369 ,

95 1387 306 1451 oratur
334 1380 403 1435 ab
429 1382 513 1436 his
542 1399 554 1435 :
588 1381 676 1439 ille
703 1399 816 1440 rem
847 1387 1037 1444 doctus
1061 1399 1224 1453 vovet
1254 1404 1435 1448 votum
1467 1403 1656 1449 sancto
1675 1435 1691 1460 ,

97 1466 324 1522 scilicet
372 1469 676 1539 Adalardo,
727 1471 1028 1532 fabricandi
1081 1479 1370 1536 tumulum.
1417 1481 1616 1554 Sicque
1661 1499 1694 1539 a

95 1559 408 1628 semetipso
453 1561 682 1632 ligatus,
711 1578 741 1617 a
767 1579 877 1634 quo
903 1568 1212 1637 tenebatur,
1256 1573 1374 1628 sine
1419 1589 1570 1628 mora
1611 1581 1698 1629 est

1809 385 1990 452 altius,
2013 403 2282 460 quemque
2300 390 2459 460 hujus
2486 393 2624 464 signi
2657 403 2847 451 testem
2869 412 2977 454 non
3005 415 3125 457 sors
3145 405 3387 473 miserat,

1808 478 1901 532 sed
1940 478 2094 549 cujus
2140 482 2321 553 gregis
2379 493 2567 554 pastor
2624 495 2746 541 erat
2803 500 3026 548 sanctus
3076 491 3382 554 lticharius.

1810 565 1955 623 Ante
2004 584 2165 640 quem
2201 571 2470 628 accedens
2516 573 2762 632 Corbeire
2813 577 2984 636 abbas
3041 580 3381 653 lleribertus,

1807 658 1983 716 innuit
2027 676 2193 718 manu
2227 682 2240 719 :
2281 665 2560 722 silentium
2594 669 2794 740 quippe
2821 671 2924 728 sibi
2954 675 3223 732 indixerat
3258 693 3383 734 san.

1805 759 1927 805 ctus
1961 751 2306 828 Benedictus,
2342 757 2388 812 si
2431 758 2749 831 interruptis
2787 765 3071 822 matutinis
3123 768 3382 840 hymnum

1805 850 2071 923 cantaret,
2107 843 2178 900 Te
2197 845 2367 902 Deum
2392 847 2693 909 laudamus.
2722 853 2925 910 Abnuit
2952 857 3062 923 ille,
3086 862 3379 919 matutinos

1803 920 1983 988 innuit
2021 933 2167 990 finiri
2218 935 2417 995 debere
2458 959 2473 995 :
2522 940 2709 1014 sicque
2745 958 2861 1000 rem
2900 920 3148 1006 laudibus
3191 968 3380 1010 omnes

1803 1021 2101 1079 celebrare.
2128 1024 2354 1082 Factum
2387 1037 2494 1098 est,
2526 1032 2723 1107 mulier
2751 1034 3094 1098 laudantibus
3117 1041 3380 1112 interest,

1801 1110 2026 1184 ipsaque
2053 1129 2166 1171 sua:
2185 1117 2380 1175 salutis
2405 1119 2588 1192 lingua
2611 1124 2908 1185 scientibus
2933 1138 2986 1184 et
3013 1110 3380 1195 nescientibus
3473 1179 3476 1182 ~

1800 1201 1944 1257 facta
1995 1214 2099 1260 est.
2157 1207 2420 1267 Omnibus
2457 1228 2674 1286 quoque
2720 1227 2844 1273 nota
2897 1221 3213 1281 Corbeianis
3249 1243 3381 1284 con-

1804 1299 1995 1357 tracta,
2035 1295 2299 1368 integram
2329 1300 2420 1354 dat
2449 1301 2608 1358 fidem
2632 1305 2894 1365 miraculo
2925 1326 3076 1369 sana.

1800 1380 2026 1440 CAPJ“.
2045 1385 2120 1441 De
2137 1405 2386 1468 manu_um
2415 1394 2650 1468 mulieris
2673 1403 2967 1468 cura:ione,
2985 1409 3182 1464 meritis
3204 1417 3378 1468 sancti

2180 1461 2491 1530 confessoris
2520 1476 2567 1518 et
2613 1461 2998 1530 intercessione.

1874 1542 1927 1599 6.
1960 1542 2150 1601 Mulier
2175 1565 2387 1620 quoque
2416 1563 2532 1608 erat
2574 1555 2627 1610 in
2668 1556 2786 1627 ipso
2832 1564 3078 1621 ctenobio
3110 1567 3375 1638 Corbcim,

97 1648 342 1705 solutus.
394 1651 581 1708 Oritur
627 1655 875 1725 utrisque
914 1657 1127 1726 laetitia,
1159 1662 1234 1717 illi
1281 1665 1593 1722 discedendi
1637 1667 1686 1723 li-

1801 1647 1919 1702 quae
1949 1649 2072 1690 cum
2106 1643 2256 1692 varia
2303 1644 2546 1713 corporis
2592 1643 2864 1704 laboraret
2912 1653 3262 1725 inﬁrmitate,
3299 1662 3375 1717 ita

96 1741 312 1806 centia,
342 1744 624 1799 monachis
650 1749 860 1815 patroni
903 1750 985 1804 sui
1016 1754 1435 1824 magnificentia.
1462 1756 1574 1813 Nec
1605 1759 1695 1814 de-

97 1829 209 1885 fuit
255 1844 447 1889 sancto
484 1834 685 1906 ligandi
721 1833 1070 1914 Solvendique
1111 1847 1413 1916 prtemium.
1463 1848 1694 1906 Rediens

94 1922 252 1977 cnim
309 1925 398 1980 ille
445 1927 726 1986 decentem
778 1933 1066 1991 fabricavit
1120 1937 1416 2006 tumulum,
1449 1949 1693 1998 statuens

97 2015 335 2088 insuper
361 2022 612 2079 omnibus
659 2025 850 2083 diebus
885 2028 1009 2084 vitae
1055 2044 1166 2084 suae
1213 2031 1462 2089 solvendi
1495 2049 1692 2091 census

96 2107 251 2181 diem
283 2111 750 2170 anniversarium.
779 2103 781 2105 1

93 2196 235 2255 CAP.
263 2201 324 2255 ll.
367 2202 440 2258 De
463 2206 678 2261 muliere
720 2219 1007 2332 cznfracta,
1034 2224 1082 2269 et
1117 2233 1212 2286 per
1248 2221 1418 2274 sancti
1447 2221 1690 2276 meritum

686 2296 718 2332 α
792 2297 851 2332 ϐο
896 2295 1102 2332 curam.

686 2296 718 2333 a
743 2295 851 2335 υεο
896 2295 1102 2338 curata.

174 2362 232 2416 5.
258 2362 383 2418 ilzec
416 2365 578 2436 igitur
610 2367 798 2440 ligatio
844 2373 1138 2431 multorum
1164 2379 1389 2448 posthac
1414 2379 1516 2437 fuit
1546 2382 1690 2438 solu-

98 2453 201 2506 tio.
250 2452 328 2507 Ex
382 2455 484 2512 hac
536 2459 680 2514 enim
731 2459 940 2518 famosa
985 2470 1276 2524 occasione
1322 2470 1473 2526 locus
1518 2475 1687 2530 multa

94 2539 272 2613 coepit
321 2543 650 2614 frequentari
684 2555 1055 2611 veneratione.
1090 2557 1435 2618 Conveniunt
1485 2565 1602 2619 sani
1633 2577 1688 2621 et

97 2634 340 2704 debiles;
373 2639 447 2693 illi
481 2642 696 2708 animae,
736 2644 822 2700 isti
867 2649 1094 2706 salutem
1125 2656 1373 2724 corporis
1395 2659 1686 2726 qtimritan-

98 2731 209 2778 tes.
260 2724 407 2782 lnter
458 2744 598 2800 quos
656 2742 938 2792 contracta
982 2741 1226 2809 quaedam
1274 2724 1487 2815 semper
1541 2746 1686 2816 adja-

97 2831 234 2872 cens
261 2820 569 2889 sepultum,
597 2825 707 2879 vim
755 2827 874 2883 viro
914 2829 1009 2885 Dei
1041 2836 1439 2902 quodammodo
1465 2837 1686 2894 videba-

98 2915 204 2961 tur'
225 2908 422 2966 facere.
457 2911 573 2968 Non
598 2931 726 2983 nox,
757 2930 986 2992 excepto
1011 2925 1187 2994 primo
1216 2929 1535 2996 conticinio,
1564 2946 1682 2987 eam

1797 1727 1949 1797 digiti
1977 1729 2248 1786 haeserant
2273 1733 2468 1803 palma:
2504 1739 2800 1808 radicibus,
2837 1753 2894 1800 ut
2939 1749 3161 1806 omnino
3207 1753 3374 1810 desti-

1797 1823 1909 1870 tuta
1956 1827 2102 1873 esset
2150 1820 2325 1878 cilicio
2378 1826 2660 1898 utriusque
2710 1847 2922 1889 manus.
2955 1837 3118 1908 Cujus
3156 1855 3373 1901 contra-

1794 1906 1990 1962 ctionis
2037 1924 2188 1980 spem
2237 1928 2304 1967 ex
2355 1915 2565 1988 integro
2621 1936 2828 1990 ponens
2868 1925 2924 1982 in
2973 1906 3220 1990 sanctum
3253 1935 3370 2004 Dei,

1794 1991 1945 2062 cujus
1984 1996 2271 2056 clementia
2300 2004 2498 2061 multos
2529 2008 2864 2068 inlirmorum
2892 2031 3034 2087 saepe
3061 2021 3277 2080 videbat
3303 1991 3371 2084 ab

1793 2083 1912 2154 ipso
1961 2093 2156 2148 mortis
2207 2095 2448 2164 periculo
2503 2105 2785 2172 revocari;
2847 2083 3086 2179 quotidie
3120 2119 3373 2178 veniebat

1792 2175 1860 2228 ad
1912 2181 2198 2249 tumulum,
2246 2193 2300 2240 et
2348 2186 2492 2244 inter
2545 2191 2785 2264 reliquos
2836 2175 3118 2272 infirmos,
3169 2209 3266 2266 Dei
3318 2223 3374 2267 et

1791 2268 1966 2323 sancti
1997 2271 2254 2329 Adalardi
2293 2275 2615 2348 implorabat
2651 2287 2932 2344 auxilium.
2963 2268 3204 2366 Cumque
3232 2303 3374 2358 mul-

1793 2365 1876 2412 tos
1904 2360 2176 2418 multoties
2229 2365 2438 2423 videret
2483 2385 2646 2428 sanos
2699 2379 2975 2448 recedere,
3009 2360 3204 2453 quibus
3252 2391 3368 2462 ipsa

1789 2451 1940 2520 prior
1965 2464 2028 2520 et
2058 2455 2320 2516 intentior
2347 2466 2632 2536 satagebat
2678 2475 2965 2543 accedere;
3000 2451 3200 2538 nullam
3243 2451 3370 2543 inde

1788 2543 2021 2602 incurrit
2069 2547 2523 2623 desperationem,
2571 2559 2665 2614 sed
2710 2565 2880 2635 magis
2916 2568 3266 2631 animabatur
3295 2579 3362 2633 ad

1786 2638 2124 2707 petitionem.
2173 2643 2482 2715 imputabat
2507 2651 2652 2707 enim
2683 2659 2920 2725 peccatis
2951 2663 3064 2720 suis
3091 2668 3236 2734 quod
3265 2672 3368 2725 mi-

1787 2743 1891 2784 nus
1947 2731 2135 2788 efficax
2186 2747 2331 2792 esset
2378 2755 2489 2796 sua:
2541 2745 2834 2814 petitionis.
2895 2731 3257 2832 Petivitcrgo
3311 2775 3366 2820 et

1787 2823 1996 2894 accepit
2021 2842 2032 2876 :
2057 2828 2303 2895 quaesivit
2332 2839 2386 2886 et
2414 2831 2644 2904 invenit;
2669 2841 2904 2908 pulsavit
2932 2856 2987 2902 et
3022 2823 3262 2910 intravit.
3295 2856 3364 2911 Et

1786 2913 1910 2982 quia
1941 2930 2046 2969 non
2079 2917 2309 2990 destitit,
2348 2932 2405 2978 ut
2455 2925 2782 2999 Chananzea,
2819 2936 2966 2992 salva
2998 2937 3140 2998 facta
3170 2956 3255 3001 est
3304 2949 3360 3004 in

95 3000 452 3071 excludebat;
484 3023 589 3062 non
623 3009 760 3078 dies,
789 3010 889 3068 nisi
935 3018 1151 3084 quando
1181 3034 1380 3090 corpus
1410 3011 1683 3097 alimentis

1793 3001 1892 3060 fide
1932 3021 2046 3061 sua.
2079 3007 2214 3064 Cum
2266 3014 2410 3068 cnim
2456 3016 2657 3076 diutius
2709 3025 3136 3090 misericordiam
3187 3045 3366 3097 sancti

95 3094 407 3148 recreabat.
445 3094 753 3155 Vocabatur
775 3111 958 3158 autem
996 3106 1282 3164 L‘lfiardis:
1315 3119 1370 3166 et
1397 3095 1518 3169 ideo
1543 3129 1682 3169 sem-

94 3194 204 3253 per
229 3184 303 3239 ita
332 3196 562 3255 praesto,
594 3191 720 3260 quia
752 3193 925 3249 incola
975 3207 1091 3252 erat
1133 3201 1515 3259 (Jorbeiensis:
1548 3206 1683 3262 adeo

95 3281 403 3342 contracta,
431 3287 489 3332 ut
530 3282 702 3351 magis
753 3282 1026 3342 incederet
1059 3293 1394 3358 portantium
1421 3296 1676 3365 pedibus,

94 3383 262 3437 quam
295 3370 428 3427 suis.
445 3370 596 3439 Quod
619 3375 664 3429 si
689 3375 941 3434 deessent
963 3383 1274 3452 portitores,
1304 3400 1410 3440 non
1434 3387 1680 3458 bipedem

95 3459 463 3527 gradientem,
501 3464 596 3518 sed
627 3467 1030 3538 quadrupedem
1064 3473 1372 3531 scabellulis
1403 3489 1681 3548 repentem

95 3559 341 3616 putares.
383 3552 577 3609 Deerat
631 3565 826 3613 cmtera
867 3575 989 3631 spes
1027 3563 1256 3620 salutem
1303 3573 1680 3639 recuperandi,

93 3651 326 3711 excepta
377 3655 498 3714 post
545 3645 714 3702 Deum
769 3650 1126 3710 miseratione
1179 3659 1354 3713 sancti
1403 3659 1678 3718 Adalardi.

94 3727 344 3795 Quadam
393 3735 557 3806 igitur
584 3749 766 3808 nocte,
807 3744 947 3799 sicut
992 3747 1202 3804 solebat
1228 3751 1451 3810 veniens
1493 3756 1559 3810 ad
1598 3764 1681 3810 tu-

94 3823 327 3888 mulum,
365 3835 561 3884 terrain
593 3833 789 3902 capite,
817 3839 911 3891 sed
941 3841 1194 3908 precibus
1221 3846 1442 3914 petebat
1461 3849 1678 3904 calum.

96 3913 337 3969 Sedebat
380 3928 502 3988 post
542 3924 870 3996 orationem,
904 3932 1030 3998 quia
1074 3913 1233 3988 stare
1271 3952 1378 3991 non
1427 3947 1677 4008 poterat:

93 4006 381 4062 candelam
407 4012 661 4079 tenendo,
686 4015 940 4090 licrymis
966 4030 1020 4076 et
1069 4025 1288 4079 miseria
1327 4027 1410 4082 sui
1431 4006 1676 4098 psallen-

94 4095 233 4149 tium
264 4098 412 4154 visus
431 4104 815 4162 monachorum
846 4109 898 4162 in
940 4125 999 4166 se
1025 4114 1391 4170 convertebat.
1427 4095 1682 4189 lilul:ipli-

93 4188 256 4244 cabat
303 4193 622 4261 orationem,
667 4198 793 4268 quia
831 4214 936 4255 non
971 4202 1140 4271 alius,
1188 4206 1282 4261 sed
1331 4222 1480 4262 suam
1535 4223 1681 4280 qna:-

92 4283 254 4338 rebat
306 4285 555 4343 salutem.
602 4289 841 4347 Tandem
901 4295 1074 4352 adfuit
1116 4298 1296 4354 divina
1353 4302 1630 4359 miseratio
1659 4345 1674 4371 ,

93 4373 222 4443 quia
262 4373 505 4432 interfuit
552 4381 737 4437 amissi
788 4385 871 4438 sui
910 4385 1248 4445 intercessio.
1277 4390 1509 4450 Auditus
1546 4411 1675 4450 ner-

91 4478 286 4519 vorum
335 4469 601 4539 crepitus,
661 4475 845 4530 nervis
893 4478 961 4531 ad
1021 4492 1236 4547 nervos,
1287 4481 1558 4551 juncturis
1607 4487 1676 4542 ad

85 4551 375 4621 juncturas
428 4562 816 4622 resilientibus.
874 4566 1132 4626 Sentiens
1192 4572 1386 4628 mulier
1447 4577 1675 4632 salutem

93 4663 196 4717 per
260 4653 434 4707 sancti
486 4655 741 4713 Adalardi
804 4661 1296 4730 intercessionem,
1355 4670 1571 4724 vocavit
1610 4671 1677 4726 ad

92 4755 154 4794 se
204 4739 441 4811 bajulam
486 4759 640 4824 suam
687 4757 832 4805 retro
881 4766 1002 4806 eam
1043 4754 1391 4810 residentem.
1423 4758 1548 4815 Adit
1585 4759 1676 4815 illa

93 4840 400 4897 vocantem,
449 4844 505 4888 et
556 4837 704 4891 dicto
757 4839 919 4896 citius
970 4841 1176 4899 invenit
1220 4860 1415 4900 sanam
1466 4855 1521 4902 et
1558 4863 1678 4902 ere-

95 4931 236 4979 ctam
259 4927 538 4987 ‘stantem.
579 4927 847 4985 Mirantur
901 4935 995 5004 qui
1045 4937 1295 5004 aderant,
1346 4938 1536 4994 eadem
1587 4954 1679 5010 pe-

97 5024 286 5084 tentes,
313 5017 651 5090 jamjamqne
689 5021 884 5080 salutis
929 5041 1040 5083 sua:
1069 5029 1368 5085 redduntur
1394 5031 1675 5088 certiores.

98 5107 372 5167 Nonachis
399 5126 618 5182 quoque
668 5122 818 5170 tanta
863 5120 1096 5175 accessit
1142 5121 1455 5190 exsultatio,
1489 5131 1548 5178 ut
1576 5139 1677 5195 pro

97 5201 244 5259 laude
267 5205 438 5269 servi,
489 5204 701 5260 Domini
755 5205 971 5264 laudum
1005 5210 1126 5266 fieri
1164 5213 1442 5269 videretur
1481 5215 1561 5270 eis
1595 5216 1680 5272 in-

121 5297 350 5320 Α----..ιι2-
427 5294 534 5320 n-.l
572 5297 834 5320 Ι-ιΑ-Α-.-ι
872 5312 1013 5320 _..-.__

1786 3097 2154 3169 implorasset,
2183 3112 2239 3160 et
2281 3109 2523 3176 quotidie
2567 3113 2819 3183 adjacens
2855 3121 2970 3190 ejus
3006 3131 3211 3187 tumulo
3259 3133 3363 3189 imo

1784 3189 2100 3260 plorazionis
2127 3195 2374 3253 effectum
2416 3214 2774 3272 exspectaret,
2801 3189 3015 3268 tandem
3049 3221 3223 3287 prima
3259 3223 3365 3282 Do-

1785 3284 1983 3341 tninica
2037 3291 2306 3359 passionis
2360 3295 2692 3367 Dominicae,
2743 3307 2887 3374 quod
2936 3310 3026 3364 diu
3077 3317 3366 3383 quaesierat

1783 3373 2014 3433 feliciter
2033 3383 2230 3438 meruit
2254 3384 2519 3445 invenire.
2541 3389 2702 3448 Stans
2728 3373 2924 3467 quippe
2948 3373 3155 3462 intenta
3181 3420 3364 3468 mente

1779 3468 1912 3522 ante
1933 3471 2223 3538 tumulum,
2246 3476 2334 3530 ubi
2360 3489 2604 3535 sanctum
2636 3499 2832 3554 corpus
2865 3501 2984 3546 erat
3015 3499 3361 3570 tumulatum,

1786 3557 1930 3614 inter
1954 3576 2146 3630 preces
2171 3574 2226 3620 et
2255 3567 2522 3640 lacrymas
2549 3577 2713 3646 coepit
2747 3585 3038 3643 extendere
3066 3594 3236 3649 nodos
3282 3557 3364 3651 di:

1781 3649 2039 3719 gitorum.
2078 3652 2340 3712 Redditur
2386 3660 2623 3720 libertati
2654 3669 2933 3742 utriusque
2973 3693 3165 3738 manus
3215 3649 3356 3754 vola,

1778 3737 1890 3808 jam
1942 3757 2170 3813 quaajue
2220 3747 2462 3808 involare
2505 3765 2560 3809 et
2609 3737 2860 3818 revolare
2905 3776 3084 3835 potest
3129 3737 3360 3847 utraque

1785 3832 1981 3903 palma.
2042 3835 2292 3894 Redeunt
2347 3843 2413 3897 ad
2467 3845 2702 3904 oflicium
2759 3832 2948 3914 manus
2997 3878 3012 3915 :
3057 3832 3360 3924 restituiiur

1785 3926 2053 3994 sospitati,
2080 3930 2223 4001 quod
2249 3931 2565 3992 infirmitate
2596 3938 2876 4000 laborabat
2906 3963 3121 4021 corpus.
3158 3953 3360 4028 Sicque

1784 4016 2104 4086 gloriﬁcatio
2162 4024 2375 4092 sancti,
2429 4026 2499 4083 Te
2545 4029 2712 4086 Deum
2772 4016 3053 4096 laudamus
3108 4016 3357 4109 canendo

1786 4108 2017 4164 refertur
2051 4113 2116 4166 ad
2158 4112 2371 4170 laudem
2420 4117 2557 4186 Dei,
2611 4133 2666 4178 et
2706 4133 2764 4180 ut
2815 4132 2995 4186 omnia
3048 4136 3360 4199 referantur

1785 4202 1885 4255 sub
1931 4204 2278 4273 testimonio,
2338 4213 2492 4267 testis
2539 4224 2622 4270 est
2689 4218 2914 4279 idoneus
2965 4233 3093 4282 tunc
3133 4232 3350 4300 quidem

1784 4307 1948 4360 puer.
1992 4297 2085 4350 sed
2135 4302 2476 4366 postmodum
2515 4305 2680 4363 abbas
2729 4310 2895 4368 Fulco
2922 4355 2936 4378 ,
2990 4318 3078 4386 qui
3131 4297 3270 4378 onus
3303 4335 3360 4380 et

1784 4382 2044 4439 honorem
2082 4385 2322 4444 Corbeize
2357 4393 2582 4451 sortitus
2622 4407 2704 4453 est
2734 4382 3231 4467 Richardoabbate
3259 4414 3361 4468 hu-

1780 4473 1954 4527 manis
1982 4487 2250 4547 exempto.

1778 4584 1903 4640 Car.
1937 4585 2023 4640 IV.
2073 4585 2151 4642 De
2191 4587 2474 4670 el_eva!ione
2502 4601 2670 4687 stricti
2704 4610 2752 4654 et
2796 4609 3132 4684 succensione
3159 4618 3359 4687 templi,

2308 4673 2356 4715 et
2400 4666 2632 4733 periculo
2675 4674 2836 4740 regni.

1847 4772 1902 4826 7.
1935 4772 2043 4830 Sed
2083 4775 2149 4830 de
2176 4777 2262 4831 his
2300 4776 2567 4835 hactenus
2607 4799 2620 4835 :
2662 4785 2822 4841 modo
2851 4789 3138 4852 dicendum
3190 4800 3368 4867 quali-

1781 4874 1861 4920 ter
1895 4866 1966 4921 sit
1998 4868 2269 4924 celebrata
2303 4867 2536 4927 elevatio
2566 4874 2702 4944 ejus.
2742 4877 2817 4932 Ea
2850 4889 3172 4953 tempesmte
3209 4866 3364 4959 plus

1779 4956 2118 5016 incommoda
2148 4959 2412 5026 Corbeite,
2439 4963 2532 5017 sed
2566 4980 2729 5038 regno
2756 4969 3095 5032 Francorum
3133 4979 3366 5049 plurima

1777 5050 2005 5120 contigit
2028 5051 2272 5108 irruisse.
2307 5051 2549 5111 Corbeiae
2591 5059 2733 5114 enim
2781 5065 3080 5134 principale
3109 5070 3366 5140 templum

1779 5139 1969 5196 Sancti
1996 5142 2161 5211 Petri,
2212 5141 2412 5198 diaboli
2447 5144 2646 5203 invidia
2677 5150 2798 5222 igne
2835 5159 3184 5213 succenditur
3214 5139 3233 5212 ξ
3248 5173 3368 5213 om-

1778 5229 1863 5285 nis
1897 5246 2036 5302 pene
2069 5235 2244 5291 Gallia
2271 5232 2432 5290 famis
2459 5239 2699 5305 periculo
2738 5244 3026 5300 addicitur.
3081 5239 3372 5320 Fungeba-

3255 203 3394 258 1036
3495 210 3500 215 ’
