3960 5320
395 179 542 260 ἠοω

1372 186 1428 244 s.
1461 184 1762 244 omnm
1799 179 2088 242 ABBATIS
2128 160 2676 241 SILVAS-MAJORIS

3538 176 3678 236 tces

406 288 651 370 Corbelt'e
681 319 809 365 vero
834 305 952 363 vice
975 301 1179 362 Christi
1225 299 1392 358 abbas
1421 298 1728 356 Ricbardus
1770 317 1784 354 :
1832 306 1982 353 uter-
2008 304 2055 363 Α
2082 295 2335 351 invocato
2352 286 2570 350 nomine
2589 272 2998 350 Corbeiensium
3019 296 3357 354 sanctorum,
3380 286 3501 344 sine
3525 305 3677 345 mora

330 408 331 411 ‘
407 417 516 475 que
545 399 809 465 feliciter;
836 394 950 453 nisi
1008 409 1133 453 eum
1174 394 1281 451 isto
1310 392 1638 463 iguis,cum
1681 388 1773 445 illo
1818 388 1992 445 fames

406 501 615 567 septem
666 490 825 548 annis
867 494 1147 561 regnasset
1184 481 1464 542 atrociter.
1496 482 1601 539 Tot
1644 481 1845 552 quippe
1895 494 1992 550 po-
2034 476 2037 479 “

404 586 563 659 pultis~
591 586 710 642 neci
748 577 1340 641 dimittebat'esnrics.
1386 581 1450 630 ut
1492 588 1601 629 non
1631 572 1848 644 pollice,
1896 570 1993 627 sed

406 684 539 731 ense
588 674 907 730 viderentur
949 681 1201 739 rumpere
1250 664 1338 719 illa
1370 677 1606 719 sorores.
1642 660 1768 716 Haec
1809 668 1989 715 autem

406 764 529 820 lues
573 763 940 827 morientium,
967 772 1091 816 cum
1139 767 1368 814 caeteras
1392 754 1578 820 nimis,
1605 751 1839 807 maxime
1867 764 1995 821 par-

407 860 493 909 tes
504 853 755 909 vexabat
769 847 1233 906 Ambianensium.

480 942 532 997 8.
553 942 672 1009 Qua
694 938 960 1010 compulsi
1008 935 1353 1000 necessitate,
1409 929 1787 989 statuunt‘sibi
1819 942 1992 985 reme-

410 1034 558 1088 dium
586 1032 748 1087 citius
792 1028 1103 1100 providere;
1151 1028 1321 1081 Deum
1346 1024 1576 1090 scilicet,
1605 1036 1767 1093 quem
1810 1019 1995 1076 multi-

408 1122 589 1179 modis
608 1122 764 1178 malis
783 1120 1139 1185 oll'enderant,
1165 1118 1436 1188 aliquibus
1456 1116 1614 1172 bonis
1634 1114 1872 1184 placare.
1892 1111 1990 1169 Vi-

411 1229 533 1268 sum
565 1221 647 1269 est
670 1212 936 1284 siquidem
964 1212 1105 1266 lianc
1126 1209 1395 1265 ultionem.
1422 1208 1545 1264 ideo
1578 1207 1682 1262 sibi
1705 1204 1995 1276 superponi

412 1303 649 1369 caelitus,
672 1346 673 1349 η
698 1303 830 1375 quia
855 1317 1041 1374 pacem
1091 1314 1366 1371 nunquam
1407 1306 1791 1362 servaverant,
1828 1308 1995 1365 quam

408 1378 575 1451 unice
620 1394 796 1466 diligit
832 1402 903 1450 et
926 1392 1075 1464 diligi
1110 1392 1263 1463 jubet
1308 1389 1589 1447 Dominus.
1620 1387 1770 1443 Talis
1799 1386 1997 1457 quippe

412 1486 747 1544 consuetudo
775 1483 1093 1541 naturaliter
1118 1484 1305 1537 innata
1343 1488 1428 1537 est
1473 1493 1644 1551 regno
1693 1477 1994 1542 Gallorum,

419 1592 477 1634 ut
505 1587 699 1651 praeter
743 1585 968 1635 caeteras
1004 1577 1502 1646 nationcs‘semper
1534 1573 1702 1629 velint
1739 1585 1999 1628 exercere

418 1671 626 1727 rabiem
660 1669 944 1727 bellorum.
980 1667 1087 1724 Sed
1116 1667 1243 1739 quid
1290 1667 1451 1722 modo
1474 1666 1629 1721 ?'non
1666 1677 1890 1720 necesse
1915 1669 2000 1718 est
2026 1659 2074 1719 Β

411 1762 554 1821 velle
574 1762 711 1819 mori
741 1761 798 1818 in
824 1760 983 1828 bello,
1035 1760 1160 1830 quia
1203 1758 1522 1815 catervatim
1573 1756 1876 1812 moriuntur
1915 1752 1996 1807 fa-

412 1853 520 1909 mis
545 1860 600 1907 et
631 1851 797 1923 pestis
826 1849 1025 1923 gladio.
1058 1848 1176 1904 Non
1202 1856 1378 1919 potest
1423 1846 1658 1901 mundus
1682 1843 1829 1900 ferre
1859 1845 1996 1899 iram

411 1943 621 2000 Iudicis
646 1960 660 1997 :
690 1941 857 1998 initur
878 1940 1164 1997 consilium
1196 1954 1318 1995 cum
1341 1936 1616 1994 Ninivitis.
1650 1935 1765 1992 Una
1794 1948 1993 1990 conve-

418 2037 580 2091 niunt
603 2050 710 2106 pax
731 2043 787 2089 et
814 2032 1021 2103 justitia
1057 2050 1071 2086 :
1095 2030 1317 2101 jamjam
1344 2030 1520 2102 placet
1551 2028 1727 2084 redire
1742 2026 1997 2083 Saturnia

418 2138 606 2197 regna.
639 2123 900 2195 Superest
919 2121 1218 2192 desperatis
1246 2135 1410 2174 unum
1454 2134 1524 2174 ex
1562 2118 1813 2173 omnibus
1864 2131 1996 2172 con-

417 2214 624 2280 silium,
675 2212 742 2267 ad
768 2210 1085 2282 placandam
1112 2209 1321 2265 scilicet
1362 2209 1496 2263 iram
1545 2207 1767 2278 superni
1791 2206 1998 2263 Judicis

421 2309 699 2379 requirere
710 2304 964 2378 suifragia
983 2312 1312 2359 sanctorum.
1337 2300 1706 2372 Requiruntur
1719 2299 1962 2371 reliquiae
1981 2317 1994 2354 :

416 2400 487 2455 ad
512 2397 767 2468 reliquias
797 2404 853 2452 ut
878 2407 1113 2464 quaeque
1153 2391 1265 2448 loca
1299 2391 1399 2447 sibi
1428 2388 1678 2459 adjacent
1708 2387 1999 2444 conferun-

424 2501 530 2558 tur,
577 2472 757 2561 ibique
784 2487 934 2560 pacis
995 2483 1304 2540 inviolabile
1354 2493 1571 2552 pactum
1621 2478 1997 2535 confirmatur.

416 2584 497 2640 ιω
524 2564 916 2640 Ambianenses
937 2588 991 2635 et
1032 2576 1393 2634 Corbeienses
1421 2589 1544 2629 cum
1602 2572 1715 2628 suis
1757 2571 2001 2642 patronis

420 2674 772 2739 conveniunt,
799 2673 1063 2744 integram
1085 2683 1295 2741 pacem,
1327 2667 1377 2722 id
1406 2674 1489 2723 est
1519 2666 1681 2721 totius
1703 2660 1998 2721 hebdoma-

415 2768 503 2833 de:
532 2767 849 2829 decernunt,
873 2772 928 2819 et
951 2771 1123 2833 utpcr
1146 2757 1389 2831 singulos
1416 2772 1589 2813 annos
1615 2755 1684 2811 ad
1705 2755 1757 2811 id
1803 2752 2002 2811 confiro

418 2861 677 2927 mandum
705 2858 984 2916 Ambianis
1032 2857 1085 2911 in
1118 2855 1206 2911 die
1249 2853 1521 2910 fcstivatis
1569 2852 1743 2908 sancti
1773 2849 1999 2905 Firmini

418 2951 660 3017 redeant,
712 2948 1040 3006 unanimiter
1088 2947 1196 3003 Deo
1248 2946 1653 3018 repromittunt.
1702 2942 1895 3015 Ligant
1943 2957 2003 2998 se

424 3041 582 3111 hujus
613 3036 993 3114 promissionis
1023 3046 1149 3092 voto
1173 3078 1187 3104 ,
1223 3046 1515 3106 votumque
1547 3033 1777 3106 religant
1816 3048 2001 3088 sacra-

417 3145 625 3191 mento.
665 3133 792 3189 Fuit
819 3140 997 3187 autem
1031 3129 1145 3186 haec
1191 3127 1563 3199 repromissio,
1596 3136 1657 3181 ut
1706 3126 1752 3181 si
1781 3125 2007 3196 quidis-

419 3229 703 3294 ceptarent
727 3222 867 3276 inter
892 3232 950 3274 se
981 3218 1162 3288 aliquo
1182 3214 1429 3282 discidio,
1460 3229 1566 3272 non
1592 3229 1651 3270 se
1669 3212 2003 3271 vindicarent

420 3312 602 3384 pneda
626 3318 720 3366 aut
743 3308 1011 3373 incendio,
1041 3307 1213 3362 donec
1238 3313 1439 3362 statuta
1469 3306 1554 3362 die
1573 3314 1698 3361 ante
1719 3305 2005 3361 ecclesiam

420 3410 613 3459 coram
670 3398 929 3472 pontiﬁce
955 3408 1010 3455 et
1062 3396 1263 3453 comite
1305 3394 1457 3451 ﬂeret
1500 3395 1799 3468 paciﬁcalis
1827 3392 2006 3451 decla-

420 3492 614 3548 matio.

497 3583 567 3641 9.
592 3584 766 3651 Quam
812 3587 1025 3654 gratum
1060 3590 1190 3634 vero
1238 3578 1345 3634 hoc
1380 3577 1669 3635 consilium
1706 3576 1845 3633 foret
1898 3572 2005 3631 Da-

422 3675 581 3731 ntino
600 3672 970 3738 dominorum,
996 3670 1114 3725 luce
1139 3670 1336 3726 clarius
1357 3668 1749 3725 demonstravit
1774 3681 2011 3723 conven-

422 3780 517 3826 tus
538 3768 638 3841 'qui
681 3767 755 3823 ibi
786 3773 905 3821 erat
931 3772 1265 3821 sanctarum.
1303 3763 1377 3819 Ea
1406 3765 1606 3834 quippe
1645 3762 1732 3818 die
1762 3761 2010 3832 probavit

350 3897 356 3902 -
404 3858 659 3931 .Corbeia
707 3856 894 3928 quanti
929 3863 1116 3912 essent
1164 3856 1301 3926 apud
1335 3855 1503 3911 Deum
1536 3854 1717 3910 meriti
1751 3861 2008 3926 patrono—

403 3943 553 4025 ;rum
596 3963 826 4005 suorum
875 3947 1151 4018 suii'ragia.
1202 3946 1441 4014 Quorum
1479 3947 1531 4002 in
1583 3956 1738 4018 parte
1789 3944 2012 4004 semotis

404 4036 712 4108 greliquiis,
744 4037 834 4092 ubi
874 4037 1128 4093 videlicet
1155 4034 1363 4109 placuit
1391 4036 1573 4094 abbati
1608 4048 1663 4094 et
1703 4036 2009 4100 monachis.

394 4134 696 4199 quotquot
739 4125 867 4182 illuc
900 4124 1120 4182 debiles
1165 4134 1382 4183 oratum
1428 4136 1734 4194 venerunt,
1786 4127 1905 4184 sani
1956 4136 2012 4184 et

408 4219 734 4305 =incolumes
763 4218 966 4288 absque
992 4228 1142 4272 mora
1171 4218 1348 4276 eli'ecti
1378 4227 1524 4275 sunt.
1555 4218 1758 4292 Sicque
1787 4234 2005 4291 compo-

2029 2997 2079 3061 C

2092 384 2399 440 sentiebant
2423 383 2597 440 sancti
2622 381 2768 438 Petri
2797 379 3175 451 principatum.

2166 472 2254 530 l0.
2295 473 2432 531 Cum
2476 487 2608 544 ergo
2650 472 2792 528 fama
2835 471 2968 526 tanti
3012 469 3138 526 boni
3185 468 3253 526 de
3297 468 3389 525 die
3430 468 3490 527 in
3539 469 3680 525 diem
3720 490 3723 497 ⁴

2094 567 2329 624 clareret
2358 567 2617 634 lucidius;
2650 564 2853 637 placuit
2880 564 3091 621 auctori
3123 563 3317 619 borum
3351 562 3539 620 locum
3569 580 3683 619 ma-

2093 655 2352 729 gniﬁcare
2389 655 2653 720 nobilius,
2693 654 2839 710 beati
2887 652 3136 710 videlicet
3171 652 3436 709 Adalardi
3489 654 3685 709 merita

2072 745 2548 809 demonstrando,
2581 743 2734 815 cujus
2766 758 2967 814 corpus
3003 741 3295 813 sepulcrali
3328 742 3515 797 adhuc
3546 752 3690 813 tege-

2077 837 2255 891 ‘batur
2295 834 2522 890 tumulo.
2568 833 2874 906 Tegebatur
2915 841 3096 893 autem
3143 832 3199 888 in
3250 831 3462 903 templo
3488 871 3507 898 ,
3547 831 3691 903 quod

2062 933 2216 982 erat
2260 925 2386 997 igne
2430 923 2774 982 combustum
2812 943 2827 978 :
2871 922 3094 979 Fratres
3142 936 3276 980 vero
3328 922 3404 979 ad
3452 922 3689 979 vicinam

2098 1014 2283 1072 Sancti
2322 1016 2586 1073 Johannis
2624 1014 2970 1086 evangelista:
3006 1013 3341 1069 transierant
3395 1012 3690 1073 ecclesiam

2095 1120 2219 1161 cum
2259 1105 2500 1176 reliquiis
2544 1113 2889 1170 sanctorum,
2931 1103 3021 1158 ubi
3049 1103 3283 1174 qualiter
3308 1110 3368 1160 et
3403 1104 3611 1174 quibus
3634 1117 3694 1159 se

2096 1194 2395 1259 revelavit,
2445 1193 2513 1249 ad
2557 1192 2864 1265 sepulcrum
2905 1207 3123 1264 quoque
3160 1198 3281 1262 post
3324 1191 3693 1249 elevationem

2095 1285 2215 1358 ejus
2242 1298 2408 1357 quam
2441 1284 2676 1355 gloriose
2712 1283 2856 1340 Deus
2891 1298 3017 1340 eum
3050 1280 3424 1355 magniﬁcavit
3449 1323 3471 1351 ,
3510 1285 3694 1339 dicen-

2097 1376 2226 1431 dum
2257 1376 2476 1446 quidem
2511 1386 2594 1433 est
2623 1392 2637 1431 :
2670 1375 2767 1433 sed
2802 1376 2872 1432 de
2913 1374 3000 1432 bis
3039 1374 3221 1446 prius,
3261 1373 3480 1432 deillis
3516 1385 3694 1431 auten

2097 1466 2396 1536 posterius.

2098 1574 2229 1632 Car.
2255 1576 2322 1633 V.
2355 1574 2557 1643 Quibus
2590 1576 2753 1648 tignis
2786 1577 3052 1630 animatus
3075 1576 3142 1631 sit
3178 1575 3347 1631 abbas
3396 1574 3701 1631 Richardua

2502 1656 2558 1702 ut
2586 1645 2779 1703 leuaret
2815 1656 3053 1702 sanctum
3091 1663 3301 1717 corpus.

2168 1759 2257 1814 ll.
2287 1757 2518 1826 Quidam
2559 1758 2863 1831 presbyter,
2891 1758 3110 1813 nomine
3159 1757 3472 1824 Himoldus,
3506 1775 3704 1815 secun-

2098 1848 2224 1903 dum
2275 1863 2432 1903 suum
2473 1847 2815 1919 propositum
2879 1847 3010 1904 satis
3075 1848 3217 1904 bona
3270 1849 3421 1911 fama
3472 1851 3700 1918 potitus,

2098 1940 2538 2015 commorabatur
2561 1940 2615 1994 in
2637 1937 2896 2010 praedicto
2907 1938 3241 1995 monasterio
3267 1937 3461 1996 Sancti
3475 1939 3701 1995 Joannis

2096 2028 2591 2103 evangelista:,qnia
2611 2030 2841 2085 mdituus
2853 2028 3409 2100 babebaturejusdem
3424 2031 3701 2087 ecclesiae.

2097 2121 2196 2176 Cui
2222 2131 2380 2178 nocte
2414 2123 2646 2192 quadam
2689 2122 2742 2176 in
2774 2122 3052 2177 ltoramate
3078 2119 3156 2193 [id
3184 2132 3261 2176 est
3288 2122 3344 2176 in
3374 2121 3617 2193 visione]
3643 2137 3729 2176 se‘

2100 2212 2241 2267 idem
2262 2210 2542 2268 confessor
2569 2209 2826 2278 oll‘erens,
2852 2226 3145 2284 secumque
3160 2227 3286 2268 eum
3309 2227 3410 2283 per
3428 2210 3706 2268 combusti

2100 2304 2283 2375 templi
2311 2305 2607 2362 diversoria
2639 2303 2868 2372 ducens,
2908 2305 3081 2360 multa
3120 2306 3261 2361 mira
3313 2315 3374 2362 et
3429 2308 3702 2377 stupenda

2100 2395 2174 2450 illi
2207 2394 2534 2463 insinuavit,
2599 2412 2720 2468 quae
2768 2397 2858 2453 ille
2895 2397 3160 2454 insomnis
3211 2398 3461 2455 redditus
3517 2399 3705 2454 multis

2102 2502 2328 2545 narrare
2343 2487 2561 2559 dignum
2592 2488 2767 2545 auxit.
2793 2487 2941 2544 Vidit
2965 2489 3110 2544 enim
3135 2488 3279 2544 inter
3308 2499 3514 2546 caetera
3544 2492 3705 2561 quasi

2101 2577 2377 2635 hominem
2420 2579 2713 2650 quemdam
2750 2578 3091 2648 nebulosum,
3137 2579 3402 2636 deformis
3452 2589 3704 2646 statura.

2103 2669 2337 2739 nigrum,
2388 2669 2717 2741 squalidum,
2774 2669 2969 2741 pannis
2998 2670 3241 2726 etannis
3293 2669 3709 2742 obsitum,rqui

2103 2760 2382 2815 maxillam
2413 2760 2685 2817 inclinans
2715 2777 2881 2833 super
2908 2776 3129 2817 manum
3162 2770 3310 2817 totus
3336 2770 3482 2827 erat,
3520 2772 3583 2818 ut
3630 2763 3707 2816 ita

2103 2851 2306 2915 dicam,
2330 2866 2437 2905 non
2468 2849 2719 2916 dolentis,
2753 2852 2847 2907 scil
2889 2850 3090 2906 doloris
3118 2850 3359 2920 signum.
3389 2848 3573 2920 Super
3598 2866 3709 2921 quo

2104 2942 2389 3013 presbyter
2409 2942 2730 2998 somniando
2777 2943 2831 2996 in
2882 2941 3064 2996 multis
3112 2942 3404 3011 requirens
3452 2950 3708 2997 sanctum

2106 3031 2422 3087 ductorem:
2455 3049 2474 3083 ‹
2501 3030 2634 3099 Quis
2651 3038 2732 3086 est
2750 3031 2872 3096 iste,
2894 3031 3088 3102 inquit,
3116 3032 3357 3096 domine,
3374 3031 3471 3103 qui
3497 3040 3710 3086 tantum

2106 3120 2803 3177 deducitdolorcmi—llic
2815 3130 2915 3187 est,
2940 3120 3113 3191 inquit
3141 3121 3711 3186 sanetusAdalardns,

2107 3214 2317 3270 daemon
2347 3214 2459 3282 ille,
2489 3212 2643 3287 cujus
2676 3214 2791 3271 sola
2837 3215 3085 3271 voluntas
3127 3225 3213 3270 est
3244 3225 3449 3272 cuncta
3483 3220 3556 3272 ad
3596 3234 3713 3289 ρετ-

2108 3304 2304 3361 niciem
2336 3306 2576 3371 trahere,
2623 3307 2826 3378 quique
2869 3307 2971 3362 hoc
3009 3307 3318 3362 sacrarium
3376 3309 3522 3379 ignis
3578 3325 3705 3381 pes.

2108 3396 2381 3453 sumdedit
2417 3398 2692 3454 edacitati.
2749 3398 2886 3468 Quia
2930 3413 3057 3455 vero
3102 3409 3302 3469 printer
3358 3416 3515 3473 spem
3569 3418 3715 3458 nunc

2108 3489 2287 3546 cernit
2313 3489 2416 3545 sibi
2445 3490 2688 3557 evenire,
2718 3490 2951 3560 optimos
2990 3490 3238 3547 videlicet
3288 3492 3603 3548 cmuobitas
3642 3492 3715 3548 ad

2108 3581 2519 3637 restaurandam
2542 3580 2867 3653 elegantius,
2894 3597 3054 3653 quam
3086 3583 3240 3652 prius
3266 3581 3441 3647 foret.
3489 3584 3713 3640 domum

2110 3671 2205 3728 Dei
2230 3672 2454 3728 omnino
2506 3682 2789 3746 satagere;
2819 3672 2941 3729 ideo
2990 3682 3197 3744 quanto
3227 3675 3387 3729 vides
3416 3674 3606 3731 dolore
3652 3690 3715 3731 se

2112 3761 2295 3827 allicit,
2320 3773 2375 3820 et
2399 3778 2562 3834 super
2588 3766 2691 3819 ltoc
2718 3764 2864 3819 dolet
2886 3764 3027 3837 quod
3058 3778 3154 3819 vos
3179 3763 3331 3819 laetos
3354 3762 3546 3820 ellicit.
3586 3784 3606 3819 ι
3633 3764 3715 3818 Ad

2112 3853 2229 3911 haec
2255 3856 2537 3927 presbyter
2548 3854 2883 3928 stupefactus
2903 3867 2957 3912 ct
2980 3857 3244 3928 stupende
3267 3858 3711 3930 expergefactus,

2114 3960 2220 4000 non
2250 3954 2334 4000 est
2371 3929 2596 4002 eil‘ectus
2650 3946 2848 4002 surdus
2899 3946 3131 4014 auditor,
3182 3947 3280 4003 sed
3328 3929 3563 4006 visionis
3606 3965 3715 4006 sua

2115 4036 2386 4092 veridicus
2412 4036 2756 4107 praedicator.

2187 4125 2272 4181 12.
2301 4123 2503 4198 Sicque
2531 4126 2673 4194 istis,
2694 4136 2751 4182 et
2780 4128 3020 4186 anterius
3048 4129 3230 4199 dictis,
3261 4139 3316 4187 et
3348 4133 3547 4190 multis
3574 4148 3715 4205 sape

2116 4224 2426 4294 patentibus
2481 4223 2651 4298 signis
2696 4226 2871 4281 visum
2902 4234 2987 4281 est
3024 4223 3206 4281 abbati
3255 4223 3548 4283 Ricbardo
3602 4228 3716 4283 l'eli-

424 4313 536 4370 sita
552 4324 697 4384 pace
725 4308 1003 4366 redierunt
1028 4309 1097 4365 ad
1134 4325 1229 4364 sua
1260 4310 1481 4380 quique.
1515 4311 1724 4368 Exinde
1760 4310 2007 4382 hujusce.
2042 4343 2088 4400 Ι)
2118 4316 2196 4372 cis
2227 4316 2526 4383 memoriae,
2558 4317 2702 4389 quod
2751 4317 2893 4374 Deus
2928 4316 3145 4374 volebat
3177 4326 3234 4373 et
3261 4308 3505 4377 valendo
3531 4335 3716 4375 mons-

428 4404 580 4461 modi
634 4402 781 4458 fama
826 4402 898 4457 ita
951 4401 1109 4472 longe
1151 4401 1369 4473 lateque
1424 4403 1896 4475 empit‘vulgari,‘
1947 4415 2008 4461 ut

422 4493 665 4550 Corbeia
717 4491 917 4548 merito
959 4493 1249 4550 duceretur
1294 4493 1464 4551 altera
1510 4492 1681 4550 Roma
1728 4495 2017 4567 appellari.

433 4580 740 4643 Praesentes
765 4581 998 4654 denique
1021 4591 1082 4640 et
1106 4582 1380 4653 absentes,
1407 4584 1575 4642 vincti
1601 4593 1656 4643 et
1683 4586 2011 4653 carcerales,

402 4797 417 4823 ,
504 4760 634 4836 (μὶ
659 4761 894 4836 Coi-vigit
932 4761 1075 4817 lianc
1101 4776 1287 4819 vocem
1316 4764 1637 4836 Bollandus,
1674 4767 1829 4836 quasi
1865 4750 2041 4824 erra-‘

428 4830 573 4907 verit
595 4830 862 4907 Geraldu's
888 4834 1507 4907 summum__pontiticem
1522 4906 1526 4907 ί
1540 4830 1856 4907 appellando
1874 4840 2015 4894 uica-

429 4905 566 4957 rium
591 4904 767 4956 sancti
796 4900 957 4965 Petri,
984 4918 1106 4958 cum
1134 4900 1333 4960 Cliristi
1365 4900 1625 4969 vicarius,
1653 4917 1709 4963 et
1732 4924 2015 4964 successor

428 4973 608 5029 sancti
652 4971 801 5028 Petri
834 4972 1092 5027 dicendus
1121 4984 1285 5029 esset.
1323 4975 1520 5031 Verum
1554 4993 1658 5031 non
1696 4978 1866 5033 solum
1905 4976 2014 5031 Ge-

429 5042 642 5108 raldus,
682 5042 779 5098 sed
817 5041 909 5095 alii
941 5043 1111 5096 etiam
1139 5053 1391 5100 auctores
1413 5046 1601 5101 eodem
1632 5047 1893 5103 vocabulo
1932 5046 2015 5101 nsi

430 5122 556 5187 sunt
580 5127 755 5187 usque
776 5111 849 5187 ad
879 5111 1133 5187 saeuiunt
1163 5114 1378 5187 tertium
1405 5117 1707 5187 decimum,
1738 5130 1851 5187 quo
1877 5132 2015 5186 papa

386 5182 627 5254 {Christi
667 5182 911 5254 uicarius
960 5182 1220 5254 peculiari
1268 5184 1633 5253 appellatione
1682 5182 2011 5254 dic'tus'cs't;

330 5253 403 5279 Μ
430 5264 560 5320 nam
584 5261 746 5306 antea
781 5251 835 5305 id
862 5262 1056 5306 numen
1095 5250 1217 5306 aliis
1250 5250 1520 5320 episcopis
1556 5270 1845 5311 commune
1872 5250 2017 5312 erat.

2118 4409 2326 4473 trahat,
2378 4408 2703 4481 negligentia
2750 4423 2847 4463 sua
2888 4423 2997 4463 non
3036 4405 3277 4464 dill‘erre.
3325 4406 3491 4465 Unde
3540 4410 3718 4465 missis

2116 4496 2311 4568 legatis
2341 4497 2591 4569 accipere
2619 4498 3052 4554 benedictionem
3094 4513 3125 4554 a
3155 4496 3368 4554 Joanne
3406 4515 3578 4571 papa,
3628 4500 3717 4574 qui

2119 4598 2246 4645 tunc
2295 4589 2550 4661 temporis
2591 4589 2828 4646 vicarius
2870 4589 3043 4646 sancti
3077 4589 3226 4647 Petri
3259 4586 3379 4662 (Η)
3409 4588 3719 4648 habebatur

2119 4766 2397 4839 Stephano,
2427 4782 2563 4839 papa
2604 4768 2645 4823 ll
2680 4778 2736 4825 et
2784 4769 2836 4824 in
2872 4768 2993 4824 aliis
3017 4808 3032 4838 ,
3078 4768 3368 4826 concilium
3421 4770 3717 4829 Ticinense

2157 4837 2226 4911 ro
2244 4837 2442 4911 Garuli
2455 4837 2602 4894 calvi
2635 4840 2984 4911 imperatoria
3014 4837 3299 4911 dignitate.
3329 4842 3631 4898 Aimoinus
3664 4844 3712 4895 'm

2169 4908 2371 4981 istoria:
2399 4908 2731 4981 Francorum
2757 4911 2853 4966 lib.
2888 4926 2960 4975 tv,
2990 4908 3114 4981 cap.
3145 4912 3198 4975 l;
3234 4910 3346 4965 Leo
3372 4912 3715 4968 Mat-sicanos

2119 4980 2174 5032 in
2204 4979 2456 5051 Ch_ronici
2487 4979 2803 5051 Casinensis
2828 4980 2919 5051 lib.
2949 4979 3165 5051 t,capp.
3194 4981 3264 5035 12
3296 4991 3355 5035 et
3386 4983 3491 5048 15;
3522 4981 3715 5038 Ausci.

2119 5046 2569 5120 musuBeccensis
2588 5049 2644 5104 in
2673 5050 2904 5120 epistola
2934 5046 3369 5120 deiférmentato
3399 5062 3457 5107 et
3475 5046 3711 5120 azyma.

2119 5127 2175 5189 et
2201 5117 2292 5189 alii
2318 5134 2335 5184 ;
2369 5119 2483 5189 imo
2501 5119 2665 5175 etiam
2700 5117 2981 5189 pontifices
3008 5119 3240 5175 Romani
3277 5135 3390 5175 non
3421 5117 3577 5177 aliud
3604 5123 3712 5177 fere

2121 5187 2227 5263 sibi
2263 5187 2580 5263 vocabulum
2605 5187 3047 5263 _suin_eban_t,_ut
3094 5189 3350 5245 Nicolaus
3398 5207 3547 5263 papa
3594 5193 3617 5248 Ι
3658 5195 3707 5245 in

2120 5257 2342 5320 epistola
2381 5258 2450 5313 30
2485 5259 2557 5313 ad
2595 5257 2849 5316 Ca‘mlum
2879 5260 3126 5320 Calvum.
3181 5269 3309 5320 ante
3350 5257 3632 5320 medium.
3660 5273 3712 5315 et
