3960 5320
496 361 630 419 1071

1457 354 1514 412 5.
1558 353 1855 412 GERALDI
1894 356 2186 414 ABBA'I‘IS
2225 356 2766 416 SlLWE-MAJORIS

3631 363 3766 419 1073

491 475 732 545 Uterque
762 471 1027 543 siquidem
1057 485 1220 527 sexus
1248 469 1528 527 cachinnis
1565 477 1620 525 et
1662 469 1868 526 lusibus
1894 469 2072 526 inten-
2101 478 2147 535 Λ
2177 471 2270 528 sed
2298 473 2472 528 stabat
2494 472 2804 543 percutiens
2825 479 3032 541 pectus,
3062 479 3116 528 ct
3134 473 3456 531 exosculans
3483 474 3763 535 feretrum.

491 569 641 633 dere,
672 565 844 622 ordiri
891 565 1124 621 choreas
1147 605 1162 630 ,
1209 573 1266 619 et
1305 563 1666 618 irreverenter
1696 579 1857 633 agere
1884 581 1896 616 :
1925 572 1979 617 et
2004 565 2084 621 sic

487 671 630 727 pene
652 669 845 711 omnes
876 669 1105 726 corpora
1136 661 1447 708 sanctorum
1475 652 1766 724 negligere.
1803 651 2082 724 Displicuit

487 765 582 805 res
605 748 694 804 illa
723 745 904 812 bonis,
936 754 993 802 et
1013 745 1250 800 maxime
1293 745 1593 799 monachis.

564 842 652 896 16.
693 839 930 894 Przeerat
967 839 1135 893 abbas
1163 837 1466 894 Richardus
1494 835 1753 901 Corbeite,
1780 835 1946 891 abbas
1976 835 2080 890 uti-

405 927 420 944 ’
489 948 599 1002 quc
645 932 817 987 beatae
854 929 1281 1000 mcmorianqui
1326 945 1446 984 cum
1489 927 1617 983 talia
1666 927 1780 982 fieri
1833 933 2082 982 cev-nerei

486 1021 738 1094 pluribus
780 1019 960 1083 annis,
991 1017 1282 1088 aliquandn
1338 1034 1461 1073 cum
1520 1015 1826 1088 processuri
1874 1023 2076 1081 essent,

487 1111 754 1166 fratribus
781 1109 1094 1165 convocatis
1127 1123 1142 1163 :
1177 1128 1194 1160 c
1217 1109 1425 1174 Timeo,
1487 1109 1688 1179 inquit,
1721 1118 1940 1164 sanctos
1985 1109 2076 1179 qui

486 1203 667 1258 solent
715 1200 846 1256 ferri
889 1199 1186 1257 ollendere.
1217 1199 1424 1256 Videtis
1470 1201 1615 1255 enim
1647 1200 1873 1272 singulis
1921 1203 2079 1258 annis

487 1303 751 1364 quantum
785 1291 877 1346 flat
905 1292 983 1347 eis
1015 1292 1401 1348 irreverentiae.
1433 1290 1540 1347 Sed
1578 1292 1624 1348 si
1656 1291 1809 1348 vobis
1839 1293 2074 1359 videtur,

485 1387 545 1442 in
576 1383 844 1442 cubilibus
891 1383 1004 1440 suis
1049 1384 1388 1453 requiescere
1434 1383 1703 1439 sinantur.
1730 1414 1798 1424 —
1840 1381 1958 1438 Non
1999 1384 2076 1439 ita

484 1487 718 1550 oportet,
763 1477 1011 1548 inquiunt
1047 1479 1265 1543 fratres,
1297 1479 1422 1550 quia
1453 1478 1665 1534 venturi
1691 1495 1814 1534 cum
1845 1479 1979 1546 suis,
2029 1483 2073 1538 si

483 1584 588 1626 nos
611 1567 766 1622 aliter
791 1569 1209 1634 occurrerimus,
1262 1568 1527 1640 superbiae
1563 1569 1900 1640 deputabunt
1947 1570 2074 1623 Am-

482 1665 797 1721 bianenses.
825 1694 897 1704 ——
919 1664 1060 1727 Fiat,
1089 1663 1264 1733 inquit
1295 1662 1487 1728 abbas,
1511 1661 1823 1718 sicutvobis
1840 1662 2070 1718 videtur:

2184 561 2421 618 Tandem
2451 563 2692 634 respexit
2712 578 2832 619 eum
2858 564 3034 618 divina
3071 563 3384 632 clementia,
3431 576 3492 622 ut
3515 583 3616 638 per
3643 583 3764 625 eum

2182 659 2484 707 ostentaret
2540 652 2710 708 sancti
2741 650 3072 709 confessoris
3120 655 3203 709 sui
3250 656 3469 711 merita.
3525 657 3766 729 Cumque

2181 740 2455 812 paulisper
2485 741 2539 796 in
2567 757 2625 797 se
2648 743 2910 799 sensisset
2940 743 3196 799 virtutem
3229 745 3353 814 Dei,
3379 748 3472 804 diu
3505 749 3758 804 multum-

2181 847 2287 902 que
2315 834 2554 889 oscitans
2576 834 2741 904 coepit
2764 834 2817 890 in
2847 829 3048 892 vocem.
3068 837 3243 892 inniti.
3267 839 3528 896 Movebat
3568 842 3764 898 multos

2183 924 2249 979 ad
2276 926 2556 994 pietatem,
2605 925 2788 996 plures
2841 928 3004 984 etiam
3062 945 3235 1000 usque
3284 931 3353 986 ad
3393 930 3761 1004 laciyntarum

2179 1013 2519 1071 effusionem.
2547 1015 2698 1072 Totis
2717 1027 2901 1074 autem
2945 1019 3151 1076 viribus
3178 1023 3233 1076 in
3280 1037 3475 1078 vocem
3531 1025 3762 1090 enitens,

2180 1105 2373 1161 iterum
2401 1121 2500 1178 per
2526 1122 2708 1175 nares,
2731 1122 2829 1179 per
2856 1124 2940 1177 os,
2969 1119 3022 1164 et
3045 1126 3142 1181 per
3171 1125 3334 1168 aures
3381 1118 3761 1184 expectoravit

2179 1196 2457 1266 sanguinis
2481 1195 2728 1264 ﬂuvium,
2755 1199 2848 1270 qui
2880 1208 3051 1254 totum
3075 1203 3329 1272 guttatim
3375 1207 3650 1275 respersit
3691 1208 3764 1262 fe-

2179 1295 2406 1342 retrum.
2430 1288 2497 1342 Et
2533 1286 2614 1344 sic
2672 1290 2872 1345 emissa
2931 1307 3085 1357 voce,
3137 1295 3320 1366 erupit
3356 1297 3414 1352 in
3465 1298 3576 1354 hoc
3627 1302 3763 1368 quo-1

2176 1379 2326 1450 prius
2347 1380 2582 1446 volebat,
2611 1389 2667 1436 et
2687 1395 2802 1438 non.
2822 1392 3038 1453 poterat
3085 1387 3336 1456 proferre
3368 1407 3383 1442 :
3423 1408 3443 1441 ι
3473 1378 3765 1457 Deus,'aa!-

2169 1472 2298 1544 juva
2319 1487 2424 1540 me,
2450 1473 2719 1544 inquiens,
2743 1483 2799 1530 et
2825 1483 2904 1544 tu,
2921 1487 3109 1534 sancte
3130 1479 3437 1536 Adalardel
3470 1501 3491 1536 ι
3519 1481 3648 1538 llaec
3673 1483 3762 1538 fuit

2173 1562 2352 1632 prima
2384 1579 2485 1619 vox
2512 1575 2830 1636 recuperata
2857 1568 3062 1625 salute:
3092 1571 3388 1641 statimque
3417 1589 3620 1630 omnes
3649 1591 3764 1629 cur-

2175 1667 2318 1720 rere,
2349 1662 2404 1709 et
2433 1654 2545 1724 ipse
2566 1657 2731 1726 ccepit
2750 1657 2839 1712 vix
2873 1659 3178 1718 subsistens
3199 1663 3359 1732 quasi
3386 1663 3589 1720 ebrius
3652 1666 3762 1718 tali-

485 1757 583 1812 sed
615 1758 659 1812 si
699 1758 882 1825 vultis,
916 1765 1164 1813 sanctum
1194 1753 1520 1810 Adalardum
1548 1753 1776 1819 deferte,
1801 1753 1925 1824 quia
1956 1752 2074 1807 nul-
2108 1818 2144 1825 _
2175 1743 2396 1814 Pedal‘eo
2428 1743 2534 1800 Sed
2566 1746 2824 1816 reCipitur
2843 1757 2897 1805 et
2924 1748 3121 1806 leniter
3139 1766 3351 1808 sessum
3377 1756 3762 1824 componi.ur:

484 1847 572 1902 lus
599 1847 824 1924 alipruui
850 1818 1284 1904 circumferetur.
1319 1865 1337 1898 ι
1355 1843 1632 1900 Fitratum
1649 1844 1790 1916 quod
1805 1818 2072 1915 j‘usseral;
2108 1818 2150 1877 Β
2178 1834 2577 1907 interrogatur;
2609 1837 2867 1894 virtutem
2895 1840 2948 1894 in
2973 1855 3032 1896 se
3058 1840 3259 1896 factam
3277 1818 3614 1913 exponendo
3640 1861 3763 1899 con-

485 1953 650 1994 nemo
697 1941 893 2012 quippe
930 1939 1302 1996 contradicere
1353 1946 1604 2009 poterat,
1652 1938 1762 1994 imo
1813 1938 1953 1992 Deus
2002 1937 2074 1993 ita

484 2030 864 2102 disposuerat:
903 2033 1087 2103 sicque
1110 2041 1334 2086 sanctus
1372 2030 1695 2098 Adalardus,
1735 2023 1889 2101 quasi
1937 2029 2076 2085 intll-

483 2123 642 2192 gnior
665 2125 897 2190 caeteris,
947 2124 1146 2194 excipit
1188 2120 1460 2192 injuriam,
1507 2136 1668 2192 quam
1725 2137 1822 2192 pro
1865 2123 2076 2178 caeteris

478 2216 664 2285 jussus
695 2224 831 2271 erat.
885 2216 1079 2272 Exitur
1124 2216 1191 2270 ad
1223 2215 1626 2286 processioncm
1687 2232 1698 2268 :
1753 2215 1966 2270 venitur
2007 2217 2073 2270 ad

484 2313 747 2362 statutam
788 2308 1139 2364 indictionem
1169 2307 1309 2379 (46).
1340 2306 1649 2363 Occurrunt
1687 2308 2074 2364 Ambianenses

483 2412 610 2451 cum
640 2407 831 2454 saneto
860 2397 1123 2464 Firmino,
1146 2398 1507 2454 Corbeienses
1547 2412 1668 2452 cum
1699 2408 1886 2454 sancto
1933 2399 2074 2454 Ada-

482 2487 638 2543 lardo
671 2507 682 2542 :
716 2499 880 2560 utque
910 2490 1068 2545 simul
1097 2490 1439 2561 perveniunt,
1463 2489 1786 2559 antiphonas
1829 2507 1894 2545 ex
1925 2507 2072 2546 more

483 2581 793 2650 imponunt.
821 2581 1138 2638 Subsistunt
1158 2597 1224 2637 ex
1255 2592 1490 2652 utraque
1512 2595 1685 2653 parte,
1719 2592 1774 2639 et
1799 2592 1958 2639 orant
1979 2583 2073 2639 de.

479 2672 596 2726 hita
627 2673 883 2745 religione
917 2690 929 2726 :
961 2673 1055 2729 sed
1083 2688 1148 2729 ex
1181 2673 1331 2728 brevi
1365 2674 1670 2744 ignorantia
1718 2673 1938 2744 grandis
1968 2672 2066 2726 ali-

481 2763 695 2831 quando
722 2763 1021 2834 acquiritur
1041 2765 1236 2834 gratia.
1263 2763 1505 2818 Fuerunt
1527 2762 1670 2818 enim
1700 2761 1866 2833 aliqui
1893 2761 2072 2818 feren-

479 2862 566 2909 tes
592 2854 827 2926 indigne,
862 2855 1017 2926 quasi
1048 2851 1299 2910 menachi
1329 2861 1559 2910 czeteras
1601 2863 1917 2910 sanctorum
1946 2853 2071 2908 reli-

481 2950 638 3019 quias
673 2991 687 3015 ,
745 2950 919 3005 sancti
973 2950 1114 3006 Petri
1166 2949 1375 3005 scilicet
1429 2959 1482 3004 et
1535 2949 1708 3004 sancti
1764 2947 2015 3004 Gentiani
2053 2988 2066 3011 ,

478 3037 752 3109 dedignati
783 3039 1008 3096 fuissent
1049 3039 1172 3095 illuc
1197 3040 1429 3096 deferre.
1479 3039 1686 3094 Revera
1744 3047 1921 3094 tamen
1961 3055 2067 3093 non

2177 1927 2384 1984 fltetur.
2416 1927 2655 1984 laetatur
2680 1938 2910 2001 uterque
2946 1931 3199 2002 populus,
3221 1943 3278 1988 et
3304 1935 3565 1990 referunt
3592 1935 3768 1991 laudes

2177 2029 2407 2091 uterque
2433 2021 2565 2076 ordo
2592 2029 2646 2077 et
2677 2036 2861 2077 sexus.
2895 2021 3051 2077 Nulla
3081 2023 3280 2079 insidet
3329 2025 3636 2092 dubitatio,
3681 2027 3765 2080 ubi

2179 2121 2358 2170 tamen
2381 2113 2668 2170 manifesta
2685 2115 2825 2171 facta
2846 2124 2933 2171 est
2954 2116 3187 2172 curatio.
3215 2116 3352 2172 Erat
3371 2133 3510 2172 sane
3535 2119 3763 2173 maxima

2176 2208 2430 2262 materies
2459 2207 2734 2271 credendi,
2764 2220 2998 2277 persona
3027 2207 3285 2264 videlicet
3313 2209 3458 2280 ipsis
3485 2225 3617 2264 cum
3649 2211 3764 2280 qui-

2177 2299 2276 2354 bus
2309 2307 2530 2354 venerat
2579 2299 3035 2355 Atnbianensibus
3090 2308 3242 2366 nota,
3302 2316 3429 2371 quae
3487 2312 3767 2371 receperat

2176 2405 2331 2444 usum
2353 2389 2602 2460 loquendi
2633 2397 2687 2444 et
2723 2390 3005 2445 audiendi.
3031 2390 3176 2460 -lpse
3203 2405 3427 2462 quoque
3480 2392 3761 2456 lioculfus,

2173 2481 2328 2550 cujus
2366 2493 2482 2537 erat
2507 2482 2778 2548 minister,
2810 2483 3180 2538 testimonium
3228 2485 3567 2554 perhibebat
3599 2485 3762 2539 fideli-

2177 2584 2276 2630 ter.
2307 2574 2447 2630 Deus
2475 2575 2636 2629 etiam
2673 2575 2766 2644 qui
2797 2574 3002 2632 fecerat
3051 2575 3400 2641 miraculum,
3464 2578 3764 2647 teliquerat

2172 2667 2393 2723 evidens
2422 2667 2676 2722 credendi
2703 2667 2918 2738 signum
2945 2677 3038 2723 :et
3076 2669 3299 2740 sanguis
3333 2670 3429 2739 qui
3485 2685 3762 2740 reSperse-

2175 2772 2256 2818 rat
2288 2761 2575 2829 feretrum,
2597 2764 2669 2820 ab
2693 2764 2938 2820 omnium
2964 2763 3222 2821 cordibus
3275 2764 3606 2836 extergebat
3644 2765 3761 2819 inﬁ-

2173 2855 2410 2911 delitatis
2436 2871 2725 2912 venenum.

2241 2948 2327 3004 18.
2369 2945 2502 3018 Ipsis
2521 2947 2684 3002 etiam
2709 2945 3154 3003 Ambianensium
3179 2945 3396 3003 clericis
3420 2963 3592 3018 quam
3613 2959 3760 3003 certa

2171 3055 2260 3096 res
2290 3038 2457 3094 fuerit
2491 3039 2617 3094 hinc
2652 3039 3024 3109 perpenditur,
3053 3038 3197 3107 quod
3236 3039 3304 3093 ab
3333 3054 3445 3092 uno
3480 3054 3670 3094 eorum
3707 3042 3760 3092 in

477 3137 597 3183 erat
615 3131 876 3186 omissum
906 3129 1009 3184 alio
1032 3144 1098 3186 ex
1122 3131 1371 3197 consilio,
1415 3131 1540 3196 nisi,
1573 3140 1631 3184 ut
1679 3133 2054 3201 praiscriptum
2089 3157 2137 3222 ο
2169 3131 2580 3189 eminentiorem
2629 3128 2806 3184 locum
2846 3131 3031 3184 statim
3062 3129 3378 3184 ascenditur
3399 3169 3413 3195 ,
3450 3140 3507 3185 et
3535 3129 3606 3184 de
3645 3130 3758 3199 ipsa

476 3231 586 3283 est,
613 3235 712 3290 pro
735 3221 1092 3276 irreverentia
1123 3237 1243 3291 qua:
1267 3221 1430 3276 fiebat
1475 3221 1556 3276 eis
1608 3235 1638 3273 a
1692 3219 1907 3289 populo.
1955 3219 2063 3274 Sed

479 3311 637 3365 multi
670 3310 836 3364 multa
864 3309 1180 3380 loquuntur,
1213 3310 1341 3366 dum
1373 3310 1611 3380 qualiter
1642 3325 1700 3364 se
1749 3324 1836 3364 res
1864 3309 2064 3364 habeat

479 3421 513 3457 ει
539 3402 724 3457 multis
755 3403 1015 3457 nescitur.
1046 3402 1291 3458 Monachi
1336 3403 1522 3473 itaque
1553 3413 1740 3459 sancto
1791 3401 2063 3459 Adalardo

478 3495 729 3550 coruinus
751 3494 1008 3550 decenter
1030 3494 1225 3559 locato,
1276 3509 1340 3550 ea
1393 3508 1498 3564 qua
1545 3493 1745 3549 debent
1784 3492 2063 3566 diligentia

476 3587 741 3642 assistunt
769 3594 1000 3656 patrono
1021 3601 1139 3642 suo.
1183 3585 1418 3656 Populus
1444 3583 1786 3640 Corbeiensis
1814 3598 1880 3639 ex
1913 3599 2063 3640 more

474 3677 611 3748 agit,
652 3687 904 3747 sanctum
932 3676 1231 3732 Firminum
1259 3675 1580 3731 muneribus
1606 3675 1790 3742 donat,
1814 3676 2063 3732 oratione

472 3767 635 3837 petit.
671 3765 904 3822 Sanctus
939 3765 1244 3824 Adalardus
1297 3765 1508 3836 positus
1535 3779 1566 3820 e
1591 3765 1811 3834 regione
1865 3781 1972 3820 non
1999 3780 2062 3819 ea

471 3857 932 3928 frequentabatur
957 3872 1062 3928 qua
1097 3856 1293 3928 dignus
1321 3865 1440 3912 erat
1470 3856 1842 3912 veneratione.
1892 3854 2064 3912 Nemo

471 3952 618 4020 apud
643 3966 767 4007 eum
794 3951 1008 4019 orabat,
1033 3965 1189 4007 nemo
1238 3949 1442 4020 aliquid
1481 3950 1548 4004 ab
1595 3964 1660 4004 eo
1711 3948 1932 4019 petebat
1965 3967 1976 4003 :
2007 3957 2063 4004 et

447 4049 661 4111 tamen
691 4041 929 4096 nondum
953 4040 1151 4112 petitus
1173 4039 1288 4110 jam
1319 4040 1450 4095 dare
1471 4037 1815 4109 disponebat.

549 4134 638 4188 l7.
678 4131 793 4188 Non
819 4131 938 4187 tulit
982 4130 1166 4201 itaque
1209 4131 1470 4185 Dominus
1513 4130 1870 4200 dejectionem
1918 4127 2062 4186 servi

445 4216 581 4299 faui,
607 4225 701 4281 sed
731 4239 828 4296 per
849 4224 1128 4295 cujusdam
1155 4221 1543 4278 relevationem
1587 4222 1771 4276 statim
1823 4220 2061 4277 ostendit

468 4317 834 4390 praesentibus
870 4316 1058 4388 quanti
1101 4324 1286 4371 essent
1315 4315 1457 4385 apud
1505 4327 1566 4369 se
1590 4313 1790 4368 meriti.
1838 4312 2054 4368 Exalta-

471 4413 555 4465 vit
576 4411 820 4471 electum
847 4424 1029 4474 suum,
1056 4417 1111 4464 et
1140 4406 1506 4478 magnificavit
1532 4421 1644 4476 prae
1666 4405 1940 4470 omnibus,
1966 4405 2060 4474 qui

2166 3245 2226 3284 re
2247 3236 2300 3282 et
2327 3227 2393 3282 de
2419 3223 2632 3281 caeteris
2659 3223 3052 3293 aliquantisper
3079 3224 3145 3278 ad
3169 3223 3425 3294 populum
3451 3236 3755 3295 peroratur.

2163 3320 2422 3375 lnsonant
2470 3329 2631 3371 voces
2672 3316 2845 3386 (ligna:
2891 3315 3099 3381 laudis,
3142 3318 3450 3386 crescitque
3500 3319 3759 3372 tumultus

2166 3420 2330 3468 tanta:
2369 3407 2766 3466 exsultationis.
2799 3407 2888 3462 Fit
2931 3407 3330 3464 inaccessibilis
3373 3410 3522 3464 circa
3564 3424 3758 3480 corpus

2164 3501 2506 3572 frequentia,
2548 3499 2850 3556 funduntur
2886 3515 3105 3571 preces,
3136 3501 3453 3556 offeruntur
3494 3518 3750 3565 munera,

2165 3594 2462 3663 imponitur
2493 3593 2622 3648 laus.
2644 3591 2715 3646 Te
2751 3590 2916 3646 Deum
2955 3591 3270 3656 laudamus,
3302 3601 3569 3662 personat
3601 3593 3654 3645 in
3689 3607 3753 3646 eo

2163 3699 2394 3758 uterque
2432 3687 2565 3742 ordo
2614 3695 2669 3741 et
2707 3700 2912 3740 sexus:
2954 3685 3140 3754 sicque
3176 3694 3400 3740 sanctos
3443 3685 3514 3740 ab
3560 3684 3751 3754 injuria

2162 3781 2402 3836 vindicat
2423 3789 2648 3836 sanctus
2691 3778 3024 3845 Adalardus,
3061 3793 3224 3848 quam
3255 3795 3360 3850 pro
3396 3780 3480 3836 eis
3508 3783 3750 3849 accipere

2161 3872 2340 3928 fuerat
2368 3873 2586 3927 missus.

2236 3964 2417 4020 Rebus
2461 3964 2645 4032 itaque
2692 3963 3009 4032 compositis
3060 3961 3295 4018 solvitur
3334 3971 3659 4025 conventus,
3694 3971 3749 4016 et

2162 4058 2376 4114 orditur
2414 4056 2730 4113 monachica
2761 4057 3067 4127 processio,
3091 4055 3331 4111 refertur
3369 4055 3437 4110 ad
3480 4055 3745 4125 propriam

2163 4147 2344 4202 sedem
2375 4163 2388 4200 :
2421 4153 2682 4216 sequente
2710 4147 2876 4200 etiam
2914 4144 3366 4200 Ambianensium
3397 4144 3618 4214 pepulo.
3649 4141 3752 4196 lle-

2163 4239 2431 4308 spondent
2481 4237 2658 4307 campi
2712 4237 2765 4292 in
2813 4236 2931 4308 ejus
2987 4235 3146 4291 laude
3188 4253 3200 4288 :
3257 4236 3580 4290 occurritur
3626 4235 3673 4289 ei
3719 4248 3747 4286 a

2162 4326 2360 4382 vicinis
2389 4326 2549 4396 digna
2571 4323 2944 4382 veneratione.
2970 4324 3200 4391 Quidam
3223 4338 3357 4379 vero
3379 4340 3447 4379 ex
3474 4324 3750 4378 monachis

2162 4424 2469 4487 praeeuntes
2493 4415 2560 4469 ad
2591 4415 2910 4480 ecclesiam,
2941 4415 3080 4470 albis
3111 4422 3167 4470 et
3195 4414 3386 4484 cappis
3422 4414 3604 4468 induti
3632 4428 3744 4467 cum

475 4500 642 4560 delati
672 4495 892 4553 fuerant
920 4508 1048 4552 ante
1093 4510 1238 4551 eum.
1291 4494 1519 4562 Quidam
1573 4495 1718 4550 enim
1766 4494 2058 4550 lietbertus
2089 4497 2138 4556 D
2165 4507 2384 4577 reliquis
2425 4514 2739 4562 sanctorum
2779 4507 3098 4577 pignoribus
3130 4506 3388 4561 exierunt
3423 4507 3478 4562 ei
3515 4507 3743 4562 obviam,

473 4591 544 4666 υ.
574 4592 912 4667 ltotbcrtus],
939 4593 1083 4648 sicut
1131 4591 1370 4646 monitus
1407 4597 1527 4645 erat
1581 4588 1637 4644 in
1682 4590 1912 4654 somnis,
1965 4603 2054 4643 ve-

469 4684 632 4740 niens
661 4700 782 4741 cum
805 4681 1255 4739 Ambianensium
1281 4680 1498 4753 populo,
1533 4680 1784 4736 minister
1840 4679 2054 4734 scilicet

473 4773 757 4845 cujusdam
803 4773 1012 4830 Rocultl
1068 4788 1135 4829 ex
1189 4780 1372 4827 castro
1429 4769 1694 4836 Aliniaco,
1744 4767 2056 4826 videntibus

449 4855 454 4923 ξ
481 4864 696 4920 cunctis
723 4864 874 4935 juxta
909 4864 1168 4920 feretrum
1197 4862 1363 4933 C(Bpll
1388 4876 1565 4928 orare,
1591 4871 1738 4933 eteo
1767 4862 2049 4927 attentius,

474 4957 604 5028 quia
629 4958 872 5026 privatus
899 4965 1020 5012 erat
1041 4956 1265 5011 omnino
1291 4954 1479 5009 auditu
1534 4963 1590 5008 et
1611 4966 1762 5008 voce.
1827 4951 2048 5008 Sull‘un-

476 5047 1319 5121 debaturlacrymarumimbre,
1368 5045 1706 5116 exprimebat
1761 5047 1966 5116 gemitu
1996 5055 2052 5100 et

2162 4597 2404 4667 Cumque
2440 4595 2601 4652 simul
2646 4595 2934 4651 ecclesiam
2975 4597 3364 4668 hymnizantes
3397 4597 3743 4666 repetissent,

2161 4697 2216 4744 et
2243 4703 2440 4759 corpus
2472 4685 2648 4742 sancti
2687 4685 2947 4742 Adalardi
2982 4702 3142 4757 super
3179 4685 3356 4740 altare
3406 4686 3742 4757 posuissent.

2161 4780 2356 4834 iterum
2387 4775 2475 4831 ille
2501 4776 2591 4846 qui
2627 4785 2854 4832 sanatus
2887 4775 3065 4834 fuerat
3098 4786 3226 4833 ante
3268 4791 3474 4846 corpus
3512 4777 3570 4831 in
3597 4776 3741 4846 pavi-

2161 4879 2345 4927 mento
2373 4883 2433 4926 se
2458 4877 2834 4941 prosternens,
2869 4869 3080 4940 gratias
3104 4867 3400 4935 referebat,
3428 4869 3743 4941 sanguinem

2155 4977 2347 5019 rursus
2399 4975 2496 5031 per
2537 4975 2698 5016 aures
2724 5001 2738 5026 ,
2780 4975 2880 5032 per
2920 4976 2983 5017 os
3032 4967 3086 5016 et
3128 4975 3227 5032 per
3270 4975 3437 5015 nares
3468 4960 3740 5016 entittens.

2155 5054 2393 5109 Resonat
2430 5059 2540 5106 tota
2576 5050 2809 5106 ecclesia
2844 5050 3393 5123 vocibusgavisoriis
3438 5067 3454 5104 :
3489 5064 3653 5104 nemo
3691 5047 3740 5099 in

466 5138 670 5180 ρειηίςεα
692 5146 822 5182 uuln
845 5137 987 5186 mind
1010 5135 1271 5190 nequibat
1297 5148 1450 5192 voce.
1489 5148 1578 5194 ηιιι
1598 5134 1642 5178 εἰ
1671 5143 1919 5188 sanetum
1947 5135 2052 5192 sibi
2152 5156 2218 5198 ea
2255 5147 2435 5196 cessat
2466 5155 2498 5194 ελ.
2525 5138 2776 5198 laudibus
2799 5149 2854 5195 et
2885 5140 3123 5202 hymnis.
3153 5138 3266 5195 Nec
3301 5139 3616 5201 immerito;
3650 5135 3736 5190 tali
