3960 5320
873 272 1225 334 MIRACCLA
1264 276 1319 332 S.
1359 277 1705 335 ADALARDl
1743 279 1894 336 ABB.
1936 279 2400 342 COllBEIENSIS.
2442 309 2513 326 ι-
2539 280 2664 337 LIB.
2705 263 2802 338 ll.‘

2946 245 3004 261 ιθ,
3019 237 3036 254 .-

3239 295 3242 298 ’
3320 281 3458 340 1οη

809 407 1170 498 LIBER
1239 409 1849 502 SECUNDUS
1925 412 2058 500 Ml
2083 410 2807 505 RACULORUM

1209 598 1508 686 Scriptus
1537 599 1610 660 ab
1639 617 1944 678 anonymo
1975 600 2187 664 saeculi
2218 602 2362 664 XII.

583 765 952 825 PROLOGUS
989 766 1356 824 AUCTORIS.

263 862 312 918 Ι.
346 860 588 930 Virtutes
619 869 675 914 et
705 858 988 930 miracula,
1032 858 1226 928 quibus
1260 861 1313 914 in
1337 860 1606 930 .prmsenti
1639 875 1763 914 san-

189 945 309 991 ctos
368 949 496 988 suos
545 929 818 986 illustrare
873 929 1152 1000 dignatur
1183 931 1516 1000 operationis
1567 931 1765 984 divine

191 1005 460 1076 potentia,
509 1002 727 1076 quoties
780 1008 1097 1076 apparent_,_
1128 999 1347 1070 dignum
1402 1010 1486 1076 est
1523 1001 1764 1076 postea-is

194 1071 556 1130 transmittere
600 1072 902 1127 litterarum
943 1071 1178 1125 notitia:
1223 1080 1280 1124 ut
1317 1071 1480 1126 corda
1523 1071 1764 1140 ipsorum

189 1147 258 1200 ad
288 1145 606 1199 laudandam
647 1140 741 1195 Dei
777 1141 1032 1194 virtutem
1062 1141 1390 1207 excitentur,
1428 1149 1482 1194 et
1515 1142 1581 1194 ad
1611 1142 1764 1195 exiti-

194 1216 416 1271 dendum
445 1215 708 1268 honorem
743 1210 990 1282 reliquiis
1026 1220 1335 1266 sanctorum
1369 1212 1541 1282 magis
1570 1225 1764 1266 accen-

187 1284 399 1340 dantur.
439 1283 592 1339 Unde
621 1285 853 1337 virtutes
890 1280 1100 1348 aliquas
1141 1282 1378 1337 breviter
1419 1280 1762 1345 adnotatnus,

189 1370 322 1424 quas
358 1355 559 1410 nostris
595 1352 1239 1424 temporibuspatronus
1287 1361 1493 1424 noster,
1542 1361 1765 1408 sanctus

190 1421 393 1480 scilicet
424 1433 675 1496 operatus
708 1421 793 1496 cst
827 1421 1146 1496 Adclardus,
1172 1423 1292 1496 inn)
1319 1437 1412 1492 per
1437 1423 1608 1496 ipsum
1637 1437 1767 1496 ope-

191 1505 304 1550 rata
341 1504 427 1550 est
458 1491 646 1548 divina
682 1493 879 1562 virtus.
910 1492 1058 1558 Quas
1093 1491 1523 1562 quidem’oculis
1564 1491 1764 1547 nostris

188 1581 292 1620 non
318 1566 708 1635 perspeximus.
731 1563 826 1635 sed
854 1560 1091 1635 ﬁdelium
1115 1560 1478 1635 virorumqui
1508 1563 1764 1618 viderunt

185 1647 241 1688 et
270 1632 559 1706 prmseiites
585 1632 945 1706 interfuerunt
984 1633 1246 1706 relatione
1270 1633 1592 1706 didicimus,
1629 1649 1764 1706 quo-

191 1701 304 1759 rum
353 1704 597 1758 relationi
645 1703 799 1772 plena
852 1701 986 1757 fides
1033 1711 1116 1757 est
1161 1702 1463 1758 exhibenda
1503 1719 1516 1765 ;
1563 1701 1760 1773 quippe

187 1791 320 1843 riuos
349 1773 695 1829 commendat
729 1773 992 1827 sanctitas
1031 1779 1240 1828 morum
1261 1814 1273 1835 .
1307 1787 1361 1826 et
1400 1773 1579 1827 aetatis
1612 1789 1763 1827 reve-

192 1847 384 1900 rentia.
419 1843 534 1898 Non
555 1844 697 1898 enim
722 1843 803 1897 eis
831 1843 1023 1898 salutis
1051 1844 1418 1906 commodum,
1447 1857 1548 1897 nec
1575 1855 1764 1897 sancto

188 1917 371 1982 gloria:
419 1922 688 1969 cresceret
737 1925 1126 1981 augmentum,
1180 1914 1224 1968 si
1277 1915 1437 1968 modo
1491 1914 1764 1983 aliquibus

187 1995 519 2039 astrueretur
561 1984 859 2038 mendaciis
885 2025 898 2049 ,
926 1999 1089 2052 quem
1131 1993 1348 2040 constat
1389 1983 1572 2039 multis
1602 1993 1760 2036 antea

183 2055 544 2124 gloriﬁcatqu
581 2053 877 2124 miraculis.
917 2054 1070 2108 Sicut
1109 2063 1288 2109 autem
1334 2054 1402 2109 ab
1440 2055 1520 2110 eis
1554 2055 1763 2124 accepi-

188 2123 322 2189 mus,
350 2126 423 2179 ita
448 2133 502 2180 et
529 2123 905 2193 prosequendo
934 2125 1242 2181 referimus.

181 2215 311 2272 CAP.
353 2215 394 2270 l.
435 2215 611 2270 Causa
647 2232 744 2270 cur
779 2224 992 2285 sanctus
1031 2215 1335 2270 Adalardus
1371 2223 1667 2285 usportatus
1701 2216 1769 2270 sit

762 2287 817 2338 in
853 2282 1190 2340 Flandriam.

253 2377 310 2452 ετ
351 2375 616 2432 Henricus
643 2375 806 2444 igimr
833 2390 925 2452 rex
960 2374 1324 2444 Francorum,
1362 2378 1453 2447 qui
1499 2376 1640 2447 patri
1667 2390 1768 2452 suo

184 2445 449 2501 Rotberto
496 2456 837 2500 successerat
884 2446 936 2499 in
959 2461 1224 2516 regnum,
1269 2445 1514 2503 sororem
1551 2445 1768 2501 nomine
1820 2460 1834 2472 °

185 2517 411 2571 Adelam
470 2517 689 2581 habuit,
739 2531 899 2584 quam
957 2515 1368 2572 Fla’ndrensium
1421 2517 1765 2580 marchioni,

184 2587 449 2658 llahluino
483 2585 690 2658 scilicet
726 2585 944 2645 seniori.
973 2586 1199 2655 nuptiali
1233 2589 1422 2658 copula
1461 2587 1766 2658 conjunxit,

179 2667 240 2711 et
269 2659 317 2710 ei
352 2657 787 2728 Corbeiaquua;
816 2670 984 2728 regno
1015 2672 1112 2711 suo
1141 2657 1444 2727 adjacebat,
1474 2673 1573 2728 pro
1602 2657 1764 2713 dotali

184 2742 409 2780 munere
438 2742 560 2781 cum
583 2725 703 2782 aliis
724 2725 972 2796 pluribus
1000 2725 1288 2782 concessit.
1323 2728 1429 2783 Pro
1461 2725 1560 2782 hac
1586 2736 1765 2781 autem

182 2795 566 2865 coiijunctione
602 2810 696 2850 rex
726 2795 781 2852 et
807 2811 993 2851 comes
1021 2796 1196 2852 foedus
1230 2799 1370 2853 inter
1403 2814 1462 2854 se
1498 2799 1762 2862 inierunt,

179 2878 239 2921 et
269 2881 466 2936 magna
495 2867 638 2938 inter
671 2881 768 2922 eos
793 2867 963 2938 viguit
990 2868 1250 2938 amicitia,
1280 2869 1458 2938 quoad
1493 2868 1762 2922 vixerunt.

181 2937 292 2992 Sed
318 2935 464 3010 quia,
485 2935 625 3010 sicut
639 2953 672 2991 a
697 2935 930 3006 quodam
948 2937 1267 3010 philosOpbo
1283 2935 1496 3001 dicitur,
1512 2938 1764 3010 Amicitia

181 3023 327 3076 saepe.
347 3007 753 3079 exbaeredatur;
787 3017 1069 3078 postquam
1096 3007 1342 3079 uterque.
1367 3025 1460 3064 rex
1482 3009 1689 3079 scilicet
1711 3015 1766 3061 et

88 3098 98 3102 '
184 3091 388 3142 :ames,
403 3077 614 3132 mortali
626 3077 1128 3144 conce’ssitnaturre,
1145 3077 1434 3135 interlilios
1445 3093 1630 3134 eorum
1643 3078 1765 3132 Phi-

177 3146 388 3216 l:ppum
416 3147 623 3202 scilicet
647 3162 854 3216 regem,
883 3157 934 3202 et
964 3148 1283 3204 Rotbertum
1308 3151 1558 3205 comitem
1590 3149 1764 3202 foedus

180 3229 404 3284 ruptum
431 3227 516 3272 est
550 3218 820 3272 amicitiae.
846 3218 1127 3288 Philippus
1152 3230 1330 3274 autem
1371 3235 1464 3274 rex
1508 3227 1763 3288 reputans

177 3288 307 3358 sibi
342 3289 668 3343 detrimento
713 3303 871 3351 esse,
920 3289 1063 3357 quod
1121 3304 1342 3358 regnum
1399 3305 1554 3343 suum
1607 3291 1764 3357 quasi

175 3356 511 3411 diminutum
556 3367 701 3412 esset
743 3356 1046 3426 privatione
1091 3356 1366 3423 Corbeiae,
1407 3374 1568 3428 quam
1612 3356 1764 3428 pater

173 3427 516 3513 ejususicut
551 3443 712 3510 supra
750 3429 1028 3513 diximus,
1057 3428 1110 3481 in
1150 3427 1516 3513 matrimonia
1541 3427 1764 3483 dederat
1791 3451 1835 3513 ο

172 3498 379 3568 sorori
416 3513 564 3562 suae,
617 3497 784 3568 ipsam
835 3497 1122 3568 Corbeiam
1170 3514 1295 3553 cum
1353 3499 1517 3568 regali
1570 3514 1761 3568 pompa

173 3567 442 3640 intravit,
469 3577 523 3623 et
551 3567 652 3623 sibi
680 3567 822 3624 sicut
859 3566 970 3638 regi
1016 3567 1228 3624 fidelem
1272 3566 1619 3626 securitatem
1650 3570 1766 3640 opi‘

88 3673 90 3678 -
170 3638 357 3692 danos
381 3639 568 3707 jurare
595 3640 789 3707 coegit.

251 3709 309 3762 3.
350 3708 502 3775 Quod
549 3717 834 3779 postquam
882 3709 1068 3764 comiti
1116 3709 1378 3765 Botberto
1431 3718 1767 3779 compertae;

170 3777 307 3842 fuit,
343 3777 595 3849 injuriam
636 3778 740 3850 sibi
779 3779 976 3850 factam
1011 3779 1235 3835 moleste
1267 3782 1420 3835 tulit:
1453 3777 1611 3850 quam
1640 3781 1767 3849 quia

171 3857 328 3902 scut
358 3848 437 3904 ira
464 3849 756 3922 exigebat,
783 3848 848 3922 ad
893 3851 1233 3922 praesensin
1266 3865 1446 3922 regem
1468 3848 1769 3922 'vindicarc

168 3934 290 3973 non
327 3921 520 3988 potuit,
553 3918 608 3974 in
631 3918 1012 3990 Corbeiensem
1045 3918 1352 3975 ecclesiam'
1370 3935 1474 3975 non
1504 3920 1609 3975 tale
1640 3920 1768 3990 quid

172 3990 440 4044 meritam
483 3997 719 4044 retorsit.
758 3989 912 4061 Nam
959 3988 1081 4061 ejus
1123 3991 1276 4046 villas
1323 3999 1380 4045 et
1421 3991 1618 4061 przedia
1659 3988 1772 4060 'per

169 4068 392 4114 terram
422 4075 575 4114 suam
607 4061 714 4114 late
739 4058 932 4114 diffusa
959 4060 1145 4114 statim
1179 4061 1398 4127 invasit,
1423 4058 1486 4116 et
1513 4058 1770 4116 fratribus

169 4130 316 4200 inihi
344 4130 562 4185 Christo
585 4129 939 4186 militantibus
961 4146 1081 4200 quae
1109 4132 1554 4187 vestimentorum
1580 4145 1768 4186 eorum

168 4199 378 4271 usibus
401 4199 658 4270 deputata
680 4209 856 4265 erant,
883 4199 1189 4271 denegavit.
1223 4201 1372 4256 Unde
1393 4201 1558 4257 Falco
1581 4202 1768 4268 abbas,

165 4269 273 4343 qui
329 4269 751 4343 tunc’temporis
791 4269 1047 4343 ecclesia?
1071 4270 1385 4327 Corbeiensi
1428 4283 1687 4343 praeerat,
1717 4281 1773 4327 et

163 4337 390 4414 fratres
421 4355 526 4394 non
565 4337 774 4414 modice
803 4341 1034 4414 turbati,
1071 4337 1467 4414 querimoniam
1505 4343 1772 4414 lacryma-

164 4409 356 4488 bilem
390 4424 576 4488 eccam
608 4413 748 4480 regis
779 4412 1066 4488 praesentia
1092 4409 1369 4488 fuderunt,
1400 4423 1456 4469 et
1485 4409 1650 4488 super
1669 4414 1774 4468 hoc

161 4480 629 4552 ejusconsilinmr
649 4489 702 4536 et
731 4481 988 4552 auxilium
1031 4483 1477 4552 imploraverunt.
1507 4480 1613 4538 sed
1648 4498 1770 4537 cum

165 4559 275 4602 aut
313 4549 752 4622 impossibilitate
788 4560 882 4605 aut
923 4549 1132 4606 incuria
1171 4553 1316 4622 regis
1338 4552 1483 4607 nulla
1510 4554 1590 4608 eis
1616 4552 1772 4607 fleret

167 4621 536 4701 recupcratio
576 4622 937 4701 perditorum,
963 4621 1330 4701 magqqpnﬂue
1361 4623 1772 4701 damnumper-

164 4689 338 4763 pessi
365 4689 612 4763 fuissent,
637 4691 752 4745 suis
776 4691 1012 4746 carendo
1036 4689 1334 4763 redditibus
1358 4691 1470 4748 fere
1500 4709 1597 4763 per
1622 4689 1773 4747 bien-

164 4760 374 4824 nium,
409 4760 538 4831 quid
581 4759 725 4816 facto
765 4772 901 4830 opus
947 4761 1450 4831 essetmogitantes,
1490 4759 1654 4831 super
1692 4763 1774 4816 his

161 4831 374 4885 animo
403 4829 670 4885 fluctuare
702 4829 1002 4899 coeperunt.
1039 4829 1278 4884 Tandem
1313 4832 1364 4883 in
1397 4829 1624 4885 Domino
1657 4841 1769 4886 tan-

159 4915 352 4970 quam
383 4903 434 4954 in
463 4910 622 4969 portu
645 4899 914 4970 iactantes
945 4901 1240 4970 cogitatum
1265 4913 1444 4970 suum,
1472 4901 1766 4955 anchorain

160 4967 296 5025 sua:
331 4967 527 5026 salutis
571 4971 623 5023 in
646 4967 772 5038 ipso
807 4967 1062 5024 fixerunt.
1089 4967 1223 5022 Nam
1267 4969 1367 5022 fuit
1399 4984 1587 5023 eorum
1625 4986 1771 5024 com-

162 5057 350 5096 mune
396 5040 682 5097 consilium
726 5039 792 5095 ad
842 5040 1082 5094 divinum
1130 5039 1423 5108 confugere
1474 5039 1768 5104 auxilium,

157 5121 550 5181 sanctumque
571 5109 755 5181 comiti
781 5116 1105 5181 praesentare
1127 5109 1475 5181 Adajardum,
1506 5117 1564 5162 ut
1591 5123 1774 5181 eomes

153 5179 293 5249 ejus
327 5178 624 5250 praesentia
653 5178 842 5246 ﬂexus,
864 5180 914 5234 ei
941 5185 996 5233 et
1017 5189 1208 5238 sancto
1232 5179 1395 5234 Petro
1427 5193 1584 5233 suum
1615 5180 1772 5235 resti-

155 5259 363 5305 tueret
396 5250 676 5320 allpdium.

1791 771 1838 830 Α
1868 777 2047 824 autem
2099 779 2373 839 praeeunte
2419 783 2605 826 comes
2653 771 2754 826 sibi
2809 779 3054 827 sanctum
3105 787 3132 826 a
3191 770 3454 828 fratribus

1869 840 2301 908 praesentandum
2335 842 2609 905 audierat,
2637 849 2691 896 et
2720 855 2787 896 ne
2817 841 2922 898 illis
2948 841 3176 910 alicujus
3207 842 3455 898 ecclesias

1865 919 2076 979 pateret
2131 911 2384 966 introitus
2444 911 2832 975 interdixerat,
2891 913 3214 968 existimans
3272 911 3451 968 taliter

1867 980 2070 1034 nullum
2094 982 2160 1036 ad
2183 996 2241 1036 se
2261 982 2329 1053 ab
2357 981 2462 1037 illis
2491 996 2648 1053 posse
2669 982 2792 1053 fieri
2820 998 3119 1038 accessum.
3152 982 3451 1053 Sedﬂsecus'

1866 1065 1929 1104 ac
1974 1061 2126 1106 ratus
2163 1067 2252 1107 res
2293 1051 2622 1108 habita'est.
2667 1051 2803 1106 Nam
2847 1053 3194 1108 tendentibus
3241 1052 3343 1108 illis
3378 1054 3485 1106 ad-

1865 1121 2048 1192 villam
2094 1137 2216 1192 qua:
2264 1123 2464 1176 dicitur
2504 1122 2712 1185 Curba,
2755 1119 2845 1179 ubi
2895 1122 3079 1179 Sancti
3131 1122 3276 1178 Petri
3323 1122 3446 1192 jure

1867 1191 2211 1276 lizereditario
2252 1193 2482 1276 habetur
2519 1193 2777 1276 ecclesia,
2822 1195 3109 1276 prcsbytet;
3149 1195 3446 1276 secundum

1864 1263 2082 1318 comitis
2126 1273 2454 1333 praeceptum
2493 1263 2762 1319 obseratis
2799 1263 3043 1318 ecclesiae
3085 1263 3320 1326 foribus,
3358 1279 3446 1317 se-

1862 1348 2079 1404 cessum
2111 1333 2414 1398 occultum,
2443 1347 2514 1403 ne
2547 1345 2728 1404 posset
2763 1334 3028 1398 inveniri,
3062 1336 3441 1404 petieratcum

1867 1403 2130 1458 clavibus.
2164 1403 2402 1459 Tandem
2447 1404 2514 1457 ad
2561 1403 2846 1474 ecclesiam
2891 1403 3231 1474 pervenitur,
3264 1403 3446 1458 claves

1868 1474 2250 1541 requiruntur,
2286 1474 2571 1544 presbyter
2596 1473 3016 1544 circumquaque
3037 1475 3316 1544 quazritur.
3348 1474 3442 1529 sed

1868 1490 2250 1541 requiruntur,
2324 1490 2571 1544 resbyter
2596 1490 3016 1544 etrcumquaque
3037 1490 3316 1544 qualrnur,
3348 1490 3440 1529 seu

1865 1544 2234 1666 quaerentibus
2277 1490 2508 1599 Etcultas
2549 1544 2858 1599 inveniendi
2898 1545 3212 1616 denegatur.
3250 1543 3440 1623 Mirum

1906 1623 2010 1666 ictu
2053 1614 2066 1666 l
2123 1613 2331 1666 fidelem
2376 1628 2626 1666 aitarens
2679 1614 2999 1666 auditorem.
3079 1615 3204 1666 dum
3259 1615 3440 1666 alutua

1906 1615 2010 1668 ictu
2053 1614 2066 1666 l
2123 1613 2331 1668 fidelem
2376 1628 2626 1682 qumrens
2679 1614 2999 1674 auditorem.
3046 1613 3204 1669 'dum
3259 1615 3440 1684 aliqua

1866 1699 2016 1738 mora
2081 1684 2232 1740 fieret
2283 1685 2577 1754 qmerendo
2627 1683 2810 1752 templi
2862 1684 3238 1748 sacerdotem,
3299 1683 3444 1738 illico

1863 1764 2056 1823 sponte
2083 1769 2179 1809 sua
2213 1754 2507 1809 confractis
2532 1755 2701 1819 seris,
2728 1754 3116 1810 dissilieutibus
3145 1754 3442 1823 repagulis,

1867 1833 2157 1892 patuerunt
2184 1823 2327 1880 fores
2354 1825 2630 1888 ecclesiaa,
2663 1833 2718 1878 et
2754 1824 3291 1894 sanctorcunctisque
3320 1837 3444 1879 eum

1865 1895 2249 1950 comitantibus
2278 1910 2337 1949 se
2360 1897 2571 1964 pervias
2595 1895 2892 1964 praebuere.
2925 1893 3040 1949 Non
3074 1893 3302 1964 magica,
3337 1911 3442 1948 non

1865 1979 1954 2020 ars
1989 1964 2060 2018 ibi
2096 1975 2318 2034 operata
2343 1976 2428 2020 est
2451 1965 2764 2020 mechanica
2794 1983 2808 2017 :
2838 1965 2931 2020 sed
2961 1966 3028 2019 ad
3050 1965 3446 2021 ostendendum

1863 2035 2036 2106 sancti
2076 2035 2330 2089 Adalardi
2367 2035 3162 2106 meritum,ﬂvirtusiapparuit
3207 2034 3446 2106 caelestis

1800 2105 1926 2171 Bin
1976 2106 2254 2174 apertione
2307 2105 2606 2160 valvarum.
2661 2105 2800 2160 Ecce
2851 2104 2995 2160 alter
3033 2106 3086 2160 in
3143 2107 3245 2161 hoc
3299 2104 3446 2158 faeta

1871 2175 2092 2240 Petrus;
2125 2185 2422 2246 sanctoque
2454 2176 2633 2240 Petro,
2668 2175 2753 2246 cui
2779 2176 3083 2232 commissa:
3112 2185 3236 2230 sunt
3267 2176 3447 2230 claves

1869 2247 2018 2317 regni
2044 2245 2400 2312 cmlorum,in
2420 2247 2510 2301 tali
2535 2245 2795 2301 miraculo
2813 2247 3224 2317 comparandus.
3243 2245 3446 2302 Sancta

1868 2316 2072 2372 etenim
2100 2317 2258 2371 Petro
2287 2319 2355 2372 de
2375 2330 2594 2372 carcere
2622 2331 2717 2386 per
2744 2317 2990 2386 angelum
3031 2316 3256 2371 liberato
3287 2323 3444 2386 porta

1871 2389 2011 2442 ultro
2037 2387 2211 2455 patuit
2235 2386 2446 2443 ferrea:
2484 2387 2570 2442 isti
2601 2386 2851 2441 similiter
2885 2387 2950 2441 de
2985 2386 3299 2453 carcere,id
3338 2395 3443 2445 est.

1870 2460 1936 2513 de
1964 2458 2144 2512 carnis
2165 2457 2439 2524 ergastulo
2459 2473 2556 2527 per
2583 2456 2830 2525 angelum
2861 2455 3071 2527 consilii
3095 2456 3205 2527 jam
3227 2457 3443 2527 educto,

1869 2536 2150 2582 cesserunt
2184 2527 2327 2582 ultro
2358 2525 2495 2582 dura
2533 2535 2816 2597 portarum
2863 2526 3080 2597 robora.
3107 2525 3155 2580 Ο
3183 2525 3447 2597 stupenda

1869 2598 2109 2669 dignatio
2137 2597 2421 2669 !_gratiam
2471 2595 2740 2669 meruit_a
2778 2595 3031 2669 Domino,
3070 2611 3189 2669 quae
3235 2595 3443 2651 caelesti

1869 2665 2128 2738 concessa
2158 2665 2332 2722 fuerat
2352 2665 2801 2738 clavigero.g.lure
2825 2665 2986 2738 etiam
3019 2666 3071 2720 in
3092 2665 3276 2738 aliena
3302 2675 3444 2738 terra

1907 2738 2042 2791 atuit
2076 2737 2148 2791 illi
2180 2740 2353 2792 sancti
2382 2736 2528 2792 Petri
2561 2736 2823 2801 ecclesia,
2853 2736 2944 2805 qui
2981 2737 3120 2805 apud
3158 2736 3443 2791 Corbeiam

1907 2753 2042 2791 aunt
2076 2753 2148 2791 un
2180 2753 2353 2792 sancti
2386 2753 2528 2792 l'etl'l
2561 2753 2823 2801 eceteSia,
2853 2753 2944 2805 qui
2981 2753 3120 2805 apuu
3158 2753 3443 2791 cometam

1868 2753 2158 2877 Eospitium
2199 2809 2421 2862 sortitus
2455 2807 2631 2862 sancti
2657 2807 2802 2861 Petri
2830 2806 3135 2877 ecclesiam,
3167 2807 3320 2877 quasi
3350 2805 3446 2875 pro

1867 2875 2238 2932 contubernali
2264 2877 2489 2941 foedere,
2513 2877 2580 2931 ad
2605 2877 2925 2948 requirenda
2952 2875 3068 2948 ejus
3094 2878 3228 2948 bona
3258 2876 3446 2944 funge-

1866 2948 2026 3002 batur
2059 2948 2344 3016 legatione.
2383 2948 2588 3003 Taliter
2624 2946 2943 3002 in‘ecclesia
2981 2947 3131 3015 prius
3167 2947 3446 3001 inaccessa

1866 3017 2086 3072 sanctus
2112 3016 2354 3072 defertur
2377 3060 2390 3083 ,
2429 3017 2656 3088 populus
2693 3017 2976 3085 utriusque
3003 3030 3164 3088 sexus
3194 3017 3447 3088 quicou-

1865 3097 2085 3159 venerat
2139 3085 2521 3159 prosequituri
2555 3087 2752 3159 laudes
2798 3101 2919 3159 cum
2962 3085 3112 3159 vocis
3161 3087 3449 3159 cordisque

1863 3155 2229 3213 exsultatione
2258 3174 2288 3212 a
2317 3155 2596 3213 monachis
2625 3168 2678 3212 et
2705 3157 2924 3212 clericis
2953 3155 3148 3210 divinae
3175 3156 3447 3224 majestati

1866 3228 2194 3353 referuntq’r,
2212 3229 2422 3300 populis
2437 3227 2900 3299 applaudentibus,
2928 3235 2982 3282 et
2998 3227 3206 3297 gratias
3218 3225 3448 3282 Domino

1867 3314 1924 3353 re
1948 3308 2120 3353 erentt
2162 3315 2243 3353 us.

1867 3299 2243 3355 referentibus.

1901 3410 2028 3467 CAP.
2069 3411 2154 3468 Ill.
2194 3412 2270 3466 De
2295 3428 2355 3467 eo
2382 3413 2520 3483 quod
2537 3428 2715 3536 bcomles
2752 3413 2980 3535 Seddidit
3010 3412 3057 3466 ei
3087 3409 3266 3468 omnia
3287 3424 3407 3470 quae

2499 3500 2530 3536 a
2568 3493 2649 3536 stu
2673 3499 2762 3536 era
2791 3522 2806 3536 .

2499 3493 2806 3538 abstulerat.

1938 3574 1986 3628 5.
2025 3572 2282 3642 Sequenti
2306 3574 2392 3628 die
2422 3573 2546 3628 inde
2571 3583 2898 3642 aSportatur,
2928 3581 2981 3627 et
3005 3573 3070 3627 ad
3094 3571 3449 3642 quaerendum

1869 3641 2129 3699 comitem
2153 3643 2491 3698 acceleratur
2527 3641 2665 3712 iter.
2700 3642 3018 3712 Ubicunque
3058 3641 3237 3712 autem
3269 3641 3447 3712 sani-ti

1868 3713 2190 3784 audiebatur
2233 3713 2518 3776 adventus,
2573 3711 2813 3784 alonge
2859 3710 2958 3784 pro
3003 3711 3115 3784 jam
3169 3710 3448 3784 divulgato

1871 3783 2133 3838 miraculo
2164 3784 2446 3853 immensa:
2469 3780 2828 3853 multitudinis
2858 3780 3179 3853 p0pulorum
3203 3780 3252 3835 ei
3284 3781 3448 3834 liebat

1867 3867 2151 3910 occursus.
2211 3851 2321 3908 Nec
2373 3851 2544 3909 solum
2593 3850 2708 3920 jam
2760 3852 2808 3908 ei
2859 3850 3061 3908 contra
3112 3858 3447 3920 praeceptum

1870 3924 2087 3980 comitis
2125 3924 2335 3994 januas
2362 3922 2713 3994 ecclesiarum
2764 3924 2977 3994 aperire
2997 3920 3319 3994 _r.ertabant,
3353 3921 3451 3974 sed

1870 3995 2036 4050 etiam
2077 3991 2185 4048 tam
2227 3992 2609 4050 ecclesiasticze
2644 3991 2814 4062 quam
2850 3991 3156 4062 smcularesi
3180 3997 3444 4060 persona),

1871 4075 1932 4119 ut
1957 4073 2176 4118 sanctus
2205 4063 2258 4117 in
2290 4062 2533 4118 ecclesiis
2569 4060 2885 4133 inferretur,
2929 4060 3294 4133 postulabant,
3320 4073 3447 4133 ina~

1869 4136 1954 4206 gis
1980 4134 2217 4206 divinam
2251 4148 2414 4201 quam
2441 4132 2674 4206 comitis_
2692 4128 2969 4190 incurrere
3002 4135 3250 4206 timentes
3277 4128 3448 4186 oll‘eu-

1871 4201 2009 4260 sam.
2073 4204 2370 4258 Audientes
2417 4211 2597 4257 autem
2650 4203 2849 4258 fratres
2899 4202 3153 4259 comitem
3207 4201 3260 4254 in
3307 4214 3454 4268 pago.

1873 4274 2203 4329 'l‘ornacensi
2241 4273 2383 4327 circa
2417 4271 2696 4344 Schelmas
2726 4272 2951 4344 (Scltlin)
2980 4271 3258 4342 oppidum,
3301 4269 3448 4344 quod

1871 4346 2152 4400 obsidione
2192 4344 2424 4398 militum
2474 4338 2756 4406 cinxerat,
2805 4338 3273 4406 comitiorantem,
3319 4338 3446 4392 illuc

1874 4416 1977 4471 iter
1999 4414 2280 4478 ﬂexerunt,
2305 4421 2361 4468 et
2385 4429 2493 4483 quo
2516 4423 2794 4483 coeperant
2822 4413 3036 4468 tandem
3061 4417 3442 4483 pervenerunt.

1874 4487 2042 4553 Quem
2068 4501 2186 4540 cum
2211 4485 2312 4538 sibi
2341 4481 2523 4538 comes
2543 4481 2990 4546 audiretdeferri,
3008 4483 3123 4553 ejus
3145 4481 3448 4553 praesentia;

1874 4549 1932 4611 se
1963 4555 2285 4611 subtrahere
2322 4553 2620 4608 festinavit.
2663 4554 2816 4609 Tunc
2844 4549 3117 4622 principes
3146 4549 3266 4622 qui
3287 4549 3445 4622 lateri

1873 4626 1990 4694 cjns
2024 4624 2270 4680 solebant
2303 4625 2681 4694 assistere,ret
2720 4624 2771 4676 in
2810 4619 3039 4691 quorum
3078 4619 3305 4676 consilio
3329 4619 3450 4690 ejus

1874 4693 2050 4750 omnis
2072 4694 2339 4764 pendebat
2367 4693 2677 4764 dispositio;
2698 4708 2870 4764 super
2894 4694 2995 4745 hoc
3014 4698 3305 4764 coeperunt
3322 4703 3448 4742 eum

1806 4791 1850 4848 ι)
1876 4757 2121 4848 arguens
2172 4763 2415 4848 dicentes
2454 4757 2622 4848 Wa.
2651 4757 2788 4848 nihil
2818 4757 3449 4848 ,ei._vr9§ve'1'°.9999595’

1877 4826 2122 4905 quamdiu
2155 4826 2772 4905 sanctorum'ecclesias
2809 4826 2930 4886 suis
2970 4826 3133 4884 rebus
3149 4826 3452 4905 spoliaret.

1875 4894 2240 4961 Consulebant
2284 4910 2463 4954 autem
2514 4901 2586 4955 illi
2635 4911 2694 4956 ut
2733 4911 2926 4956 sancto
2977 4915 3104 4955 cum
3149 4894 3464 4950 humilitate

1876 4980 2209 5037 occurreret,
2253 4979 2310 5042 e_t
2351 4971 2612 5040 quidquid
2661 4987 2787 5042 erga
2833 4981 3086 5042 sanctum
3132 4966 3464 5040 deliquerat,

1876 5044 2210 5099 emendaret.
2239 5039 2515 5112 _Quo_rtnn’
2546 5039 2797 5109 prudenti
2832 5039 3082 5112 ‘consiliu
3131 5047 3308 5112 comes
3359 5045 3474 5112 ac-

1877 5114 2102 5182 quievit,
2144 5120 2199 5166 et
2238 5099 2752 5182 humiliter-sancto
2795 5109 2989 5182 obvius
3036 5101 3314 5182 processit.
3341 5099 3481 5182 UVi-

1879 5169 2038 5237 dares
2066 5169 2227 5236 alium
2257 5193 2439 5249 regem
2464 5169 2822 5234 Ninivitarum
2850 5169 3050 5249 de__su6
3072 5171 3207 5249 solio
3235 5169 3486 5249 ᾳθερθη-

1877 5252 2045 5317 disse,
2068 5237 2404 5320 pedibusque
2433 5249 2592 5304 nudis
2619 5264 2729 5320 prae
2756 5245 3066 5304 humilitate
3099 5237 3494 5320 incedentem,
