  <div class='ocr_page' id='page_1' title='image "/cluster/home/n/w/nwhite01/storage/ocr_20150623/147/hvd.32044010574002/545.png"; bbox 0 0 3960 5320; ppageno 0'>
   <div class='ocr_carea' id='block_1_1' title="bbox 512 206 652 268">
    <p class='ocr_par' dir='ltr' id='par_1_1' title="bbox 512 206 652 268">
     <span class='ocr_line' id='line_1_1' title="bbox 512 206 652 268; baseline -0.014 0"><span class='ocrx_word' id='word_1_1' title='bbox 512 208 536 268; x_wconf 70' lang='grc'><strong>1</strong></span> <span class='ocrx_word' id='word_1_2' title='bbox 547 206 652 268; x_wconf 82' lang='lat'><strong>079</strong></span> 
     </span>
    </p>
   </div>
   <div class='ocr_carea' id='block_1_2' title="bbox 1631 181 2642 301">
    <p class='ocr_par' dir='ltr' id='par_1_2' title="bbox 1631 181 2642 301">
     <span class='ocr_line' id='line_1_2' title="bbox 1631 181 2642 301; baseline 0.002 -38"><span class='ocrx_word' id='word_1_3' title='bbox 1631 181 1974 265; x_wconf 62' lang='lat' dir='ltr'><strong>sensison</strong></span> <span class='ocrx_word' id='word_1_4' title='bbox 2013 205 2103 265; x_wconf 67' lang='lat' dir='ltr'><strong>an</strong></span> <span class='ocrx_word' id='word_1_5' title='bbox 2144 207 2200 266; x_wconf 87' lang='lat' dir='ltr'><strong>s.</strong></span> <span class='ocrx_word' id='word_1_6' title='bbox 2242 203 2642 301; x_wconf 75' lang='lat' dir='ltr'><strong>GERALDUM.</strong></span> 
     </span>
    </p>
   </div>
   <div class='ocr_carea' id='block_1_3' title="bbox 3640 207 3773 269">
    <p class='ocr_par' dir='ltr' id='par_1_3' title="bbox 3640 207 3773 269">
     <span class='ocr_line' id='line_1_3' title="bbox 3640 207 3773 269; baseline 0.03 -4"><span class='ocrx_word' id='word_1_7' title='bbox 3640 207 3773 269; x_wconf 69' lang='lat'><strong>{080</strong></span> 
     </span>
    </p>
   </div>
   <div class='ocr_carea' id='block_1_4' title="bbox 510 301 3774 399">
    <p class='ocr_par' dir='ltr' id='par_1_4' title="bbox 510 301 3774 399">
     <span class='ocr_line' id='line_1_4' title="bbox 510 301 3774 399; baseline -0 -16"><span class='ocrx_word' id='word_1_8' title='bbox 510 324 802 392; x_wconf 86' lang='lat' dir='ltr'><strong>minuetur,</strong></span> <span class='ocrx_word' id='word_1_9' title='bbox 844 321 994 381; x_wconf 85' lang='lat' dir='ltr'><strong>finito</strong></span> <span class='ocrx_word' id='word_1_10' title='bbox 1023 319 1244 382; x_wconf 73' lang='lat' dir='ltr'><strong>alterius</strong></span> <span class='ocrx_word' id='word_1_11' title='bbox 1287 323 1480 389; x_wconf 83' lang='lat' dir='ltr'><strong>ollicio,</strong></span> <span class='ocrx_word' id='word_1_12' title='bbox 1516 317 1850 382; x_wconf 88' lang='lat' dir='ltr'><strong>rcstituetur.</strong></span> <span class='ocrx_word' id='word_1_13' title='bbox 1898 325 2088 382; x_wconf 84' lang='lat' dir='ltr'><strong>Omnis</strong></span> <span class='ocrx_word' id='word_1_14' title='bbox 2115 338 2161 394; x_wconf 78' lang='grc' dir='ltr'><strong>Α</strong></span> <span class='ocrx_word' id='word_1_15' title='bbox 2189 336 2311 399; x_wconf 91' lang='lat' dir='ltr'><strong>post</strong></span> <span class='ocrx_word' id='word_1_16' title='bbox 2337 329 2660 398; x_wconf 83' lang='lat' dir='ltr'><strong>capitulum;</strong></span> <span class='ocrx_word' id='word_1_17' title='bbox 2688 342 2796 398; x_wconf 91' lang='lat' dir='ltr'><strong>quo</strong></span> <span class='ocrx_word' id='word_1_18' title='bbox 2819 327 2907 384; x_wconf 87' lang='lat' dir='ltr'><strong>die</strong></span> <span class='ocrx_word' id='word_1_19' title='bbox 2929 301 3086 398; x_wconf 81' lang='lat' dir='ltr'><strong>panis</strong></span> <span class='ocrx_word' id='word_1_20' title='bbox 3114 334 3170 384; x_wconf 91' lang='lat' dir='ltr'><strong>et</strong></span> <span class='ocrx_word' id='word_1_21' title='bbox 3199 327 3306 383; x_wconf 81' lang='lat' dir='ltr'><strong>vini</strong></span> <span class='ocrx_word' id='word_1_22' title='bbox 3337 326 3630 398; x_wconf 61' lang='lat' dir='ltr'><strong>prabenda</strong></span> <span class='ocrx_word' id='word_1_23' title='bbox 3678 344 3774 397; x_wconf 80' lang='lat' dir='ltr'><strong>pm</strong></span> 
     </span>
    </p>
   </div>
   <div class='ocr_carea' id='block_1_5' title="bbox 513 417 2096 490">
    <p class='ocr_par' dir='ltr' id='par_1_5' title="bbox 513 417 2096 490">
     <span class='ocr_line' id='line_1_5' title="bbox 513 417 2096 490; baseline 0.001 -16"><span class='ocrx_word' id='word_1_24' title='bbox 513 426 694 474; x_wconf 82' lang='lat' dir='ltr'><strong>autem</strong></span> <span class='ocrx_word' id='word_1_25' title='bbox 724 417 1071 490; x_wconf 72' lang='lat' dir='ltr'><strong>congregatio</strong></span> <span class='ocrx_word' id='word_1_26' title='bbox 1093 418 1284 488; x_wconf 82' lang='lat' dir='ltr'><strong>primis</strong></span> <span class='ocrx_word' id='word_1_27' title='bbox 1315 426 1516 490; x_wconf 90' lang='lat' dir='ltr'><strong>septem</strong></span> <span class='ocrx_word' id='word_1_28' title='bbox 1549 419 1740 475; x_wconf 84' lang='lat' dir='ltr'><strong>diebus</strong></span> <span class='ocrx_word' id='word_1_29' title='bbox 1771 428 1898 474; x_wconf 82' lang='lat' dir='ltr'><strong>ante</strong></span> <span class='ocrx_word' id='word_1_30' title='bbox 1925 421 2096 476; x_wconf 85' lang='lat' dir='ltr'><strong>altare</strong></span> 
     </span>
    </p>
   </div>
   <div class='ocr_carea' id='block_1_6' title="bbox 508 509 2096 581">
    <p class='ocr_par' dir='ltr' id='par_1_6' title="bbox 508 509 2096 581">
     <span class='ocr_line' id='line_1_6' title="bbox 508 509 2096 581; baseline 0.004 -20"><span class='ocrx_word' id='word_1_31' title='bbox 508 516 634 578; x_wconf 84' lang='lat' dir='ltr'><strong>post</strong></span> <span class='ocrx_word' id='word_1_32' title='bbox 679 509 970 578; x_wconf 86' lang='lat' dir='ltr'><strong>capitulum</strong></span> <span class='ocrx_word' id='word_1_33' title='bbox 1001 509 1240 580; x_wconf 79' lang='lat' dir='ltr'><strong>psalmos</strong></span> <span class='ocrx_word' id='word_1_34' title='bbox 1268 518 1535 581; x_wconf 89' lang='lat' dir='ltr'><strong>prostrata</strong></span> <span class='ocrx_word' id='word_1_35' title='bbox 1567 511 1828 566; x_wconf 82' lang='lat' dir='ltr'><strong>cantabit.</strong></span> <span class='ocrx_word' id='word_1_36' title='bbox 1876 510 1932 566; x_wconf 90' lang='lat' dir='ltr'><strong>Si</strong></span> <span class='ocrx_word' id='word_1_37' title='bbox 1969 526 2096 567; x_wconf 86' lang='lat' dir='ltr'><strong>vero</strong></span> 
     </span>
    </p>
   </div>
   <div class='ocr_carea' id='block_1_7' title="bbox 510 591 2093 671">
    <p class='ocr_par' dir='ltr' id='par_1_7' title="bbox 510 591 2093 671">
     <span class='ocr_line' id='line_1_7' title="bbox 510 591 2093 671; baseline 0.001 -18"><span class='ocrx_word' id='word_1_38' title='bbox 510 591 566 654; x_wconf 81' lang='lat' dir='ltr'><strong>in</strong></span> <span class='ocrx_word' id='word_1_39' title='bbox 593 597 750 662; x_wconf 84' lang='lat' dir='ltr'><strong>cella,</strong></span> <span class='ocrx_word' id='word_1_40' title='bbox 781 613 900 668; x_wconf 86' lang='lat' dir='ltr'><strong>quae</strong></span> <span class='ocrx_word' id='word_1_41' title='bbox 931 613 958 653; x_wconf 83' lang='lat' dir='ltr'><strong>a</strong></span> <span class='ocrx_word' id='word_1_42' title='bbox 989 599 1318 654; x_wconf 88' lang='lat' dir='ltr'><strong>monasterio</strong></span> <span class='ocrx_word' id='word_1_43' title='bbox 1351 597 1506 671; x_wconf 88' lang='lat' dir='ltr'><strong>longe</strong></span> <span class='ocrx_word' id='word_1_44' title='bbox 1535 601 1625 663; x_wconf 88' lang='lat' dir='ltr'><strong>sit,</strong></span> <span class='ocrx_word' id='word_1_45' title='bbox 1657 600 1851 671; x_wconf 83' lang='lat' dir='ltr'><strong>aliquis</strong></span> <span class='ocrx_word' id='word_1_46' title='bbox 1876 602 2093 668; x_wconf 90' lang='lat' dir='ltr'><strong>obierit,</strong></span> 
     </span>
    </p>
   </div>
   <div class='ocr_carea' id='block_1_8' title="bbox 512 683 2096 764">
    <p class='ocr_par' dir='ltr' id='par_1_8' title="bbox 512 683 2096 764">
     <span class='ocr_line' id='line_1_8' title="bbox 512 683 2096 764; baseline 0.003 -21"><span class='ocrx_word' id='word_1_47' title='bbox 512 695 684 747; x_wconf 71' lang='lat' dir='ltr'><strong>totum</strong></span> <span class='ocrx_word' id='word_1_48' title='bbox 717 703 814 757; x_wconf 91' lang='lat' dir='ltr'><strong>pro</strong></span> <span class='ocrx_word' id='word_1_49' title='bbox 835 703 901 753; x_wconf 82' lang='lat' dir='ltr'><strong>eo</strong></span> <span class='ocrx_word' id='word_1_50' title='bbox 921 683 1061 757; x_wconf 69' lang='lat' dir='ltr'><strong>quoi]</strong></span> <span class='ocrx_word' id='word_1_51' title='bbox 1088 703 1186 758; x_wconf 91' lang='lat' dir='ltr'><strong>pro</strong></span> <span class='ocrx_word' id='word_1_52' title='bbox 1212 691 1464 758; x_wconf 64' lang='lat' dir='ltr'><strong>praesenti</strong></span> <span class='ocrx_word' id='word_1_53' title='bbox 1491 691 1845 760; x_wconf 79' lang='lat' dir='ltr'><strong>persolvatur,</strong></span> <span class='ocrx_word' id='word_1_54' title='bbox 1870 704 2096 764; x_wconf 82' lang='lat' dir='ltr'><strong>excepto</strong></span> 
     </span>
    </p>
   </div>
   <div class='ocr_carea' id='block_1_9' title="bbox 509 779 2094 855">
    <p class='ocr_par' dir='ltr' id='par_1_9' title="bbox 509 779 2094 855">
     <span class='ocr_line' id='line_1_9' title="bbox 509 779 2094 855; baseline 0.006 -23"><span class='ocrx_word' id='word_1_55' title='bbox 509 780 654 849; x_wconf 86' lang='lat' dir='ltr'><strong>quod</strong></span> <span class='ocrx_word' id='word_1_56' title='bbox 686 779 841 850; x_wconf 87' lang='lat' dir='ltr'><strong>panis</strong></span> <span class='ocrx_word' id='word_1_57' title='bbox 873 787 928 834; x_wconf 90' lang='lat' dir='ltr'><strong>et</strong></span> <span class='ocrx_word' id='word_1_58' title='bbox 955 779 1139 834; x_wconf 84' lang='lat' dir='ltr'><strong>vinum</strong></span> <span class='ocrx_word' id='word_1_59' title='bbox 1190 782 1244 844; x_wconf 86' lang='lat' dir='ltr'><strong>in</strong></span> <span class='ocrx_word' id='word_1_60' title='bbox 1272 781 1408 854; x_wconf 85' lang='lat' dir='ltr'><strong>cella</strong></span> <span class='ocrx_word' id='word_1_61' title='bbox 1456 783 1546 836; x_wconf 81' lang='lat' dir='ltr'><strong>ubi</strong></span> <span class='ocrx_word' id='word_1_62' title='bbox 1579 783 1795 852; x_wconf 86' lang='lat' dir='ltr'><strong>obicrit,</strong></span> <span class='ocrx_word' id='word_1_63' title='bbox 1829 801 1999 855; x_wconf 90' lang='lat' dir='ltr'><strong>usque</strong></span> <span class='ocrx_word' id='word_1_64' title='bbox 2027 788 2094 842; x_wconf 89' lang='lat' dir='ltr'><strong>ad</strong></span> 
     </span>
    </p>
   </div>
   <div class='ocr_carea' id='block_1_10' title="bbox 422 869 2092 947">
    <p class='ocr_par' dir='ltr' id='par_1_10' title="bbox 422 869 2092 947">
     <span class='ocr_line' id='line_1_10' title="bbox 422 869 2092 947; baseline 0.007 -24"><span class='ocrx_word' id='word_1_65' title='bbox 422 869 426 872; x_wconf 83' lang='grc'><em>’</em></span> <span class='ocrx_word' id='word_1_66' title='bbox 512 885 736 937; x_wconf 81' lang='lat' dir='ltr'><strong>annum,</strong></span> <span class='ocrx_word' id='word_1_67' title='bbox 768 871 911 926; x_wconf 89' lang='lat' dir='ltr'><strong>sicut</strong></span> <span class='ocrx_word' id='word_1_68' title='bbox 927 871 1039 942; x_wconf 83' lang='lat' dir='ltr'><strong>jam</strong></span> <span class='ocrx_word' id='word_1_69' title='bbox 1065 872 1265 929; x_wconf 91' lang='lat' dir='ltr'><strong>dictum</strong></span> <span class='ocrx_word' id='word_1_70' title='bbox 1293 881 1396 938; x_wconf 88' lang='lat' dir='ltr'><strong>est,</strong></span> <span class='ocrx_word' id='word_1_71' title='bbox 1427 873 1480 928; x_wconf 92' lang='lat' dir='ltr'><strong>in</strong></span> <span class='ocrx_word' id='word_1_72' title='bbox 1511 872 1852 947; x_wconf 81' lang='lat' dir='ltr'><strong>eleetnosyna</strong></span> <span class='ocrx_word' id='word_1_73' title='bbox 1886 876 2092 934; x_wconf 62' lang='lat' dir='ltr'><strong>consti-</strong></span> 
     </span>
    </p>
   </div>
   <div class='ocr_carea' id='block_1_11' title="bbox 511 970 714 1018">
    <p class='ocr_par' dir='ltr' id='par_1_11' title="bbox 511 970 714 1018">
     <span class='ocr_line' id='line_1_11' title="bbox 511 970 714 1018; baseline -0.005 -3"><span class='ocrx_word' id='word_1_74' title='bbox 511 970 659 1018; x_wconf 71' lang='grc' dir='ltr'><strong>ιιτθιιι</strong></span> <span class='ocrx_word' id='word_1_75' title='bbox 671 977 714 1014; x_wconf 81' lang='grc' dir='ltr'><strong>Γ.</strong></span> 
     </span>
    </p>
   </div>
   <div class='ocr_carea' id='block_1_12' title="bbox 584 1051 2092 1126">
    <p class='ocr_par' dir='ltr' id='par_1_12' title="bbox 584 1051 2092 1126">
     <span class='ocr_line' id='line_1_12' title="bbox 584 1051 2092 1126; baseline 0.005 -20"><span class='ocrx_word' id='word_1_76' title='bbox 584 1051 660 1106; x_wconf 88' lang='lat' dir='ltr'><strong>De</strong></span> <span class='ocrx_word' id='word_1_77' title='bbox 694 1052 1203 1124; x_wconf 73' lang='lat' dir='ltr'><strong>congregationibus</strong></span> <span class='ocrx_word' id='word_1_78' title='bbox 1248 1064 1428 1111; x_wconf 91' lang='lat' dir='ltr'><strong>autem</strong></span> <span class='ocrx_word' id='word_1_79' title='bbox 1457 1070 1577 1126; x_wconf 83' lang='lat' dir='ltr'><strong>quae</strong></span> <span class='ocrx_word' id='word_1_80' title='bbox 1604 1057 1882 1114; x_wconf 89' lang='lat' dir='ltr'><strong>nobiscum</strong></span> <span class='ocrx_word' id='word_1_81' title='bbox 1916 1059 2092 1115; x_wconf 89' lang='lat' dir='ltr'><strong>socie-</strong></span> 
     </span>
    </p>
   </div>
   <div class='ocr_carea' id='block_1_13' title="bbox 512 1144 2097 1220">
    <p class='ocr_par' dir='ltr' id='par_1_13' title="bbox 512 1144 2097 1220">
     <span class='ocr_line' id='line_1_13' title="bbox 512 1144 2097 1220; baseline 0.008 -24"><span class='ocrx_word' id='word_1_82' title='bbox 512 1144 678 1197; x_wconf 84' lang='lat' dir='ltr'><strong>tatem</strong></span> <span class='ocrx_word' id='word_1_83' title='bbox 715 1154 1059 1214; x_wconf 89' lang='lat' dir='ltr'><strong>acceperunt,</strong></span> <span class='ocrx_word' id='word_1_84' title='bbox 1092 1147 1176 1202; x_wconf 89' lang='lat' dir='ltr'><strong>vel</strong></span> <span class='ocrx_word' id='word_1_85' title='bbox 1203 1154 1503 1217; x_wconf 69' lang='lat' dir='ltr'><strong>acceptura:</strong></span> <span class='ocrx_word' id='word_1_86' title='bbox 1536 1155 1683 1216; x_wconf 89' lang='lat' dir='ltr'><strong>sunt,</strong></span> <span class='ocrx_word' id='word_1_87' title='bbox 1710 1150 1754 1205; x_wconf 91' lang='lat' dir='ltr'><strong>si</strong></span> <span class='ocrx_word' id='word_1_88' title='bbox 1793 1151 1917 1220; x_wconf 89' lang='lat' dir='ltr'><strong>quis</strong></span> <span class='ocrx_word' id='word_1_89' title='bbox 1947 1152 2097 1208; x_wconf 85' lang='lat' dir='ltr'><strong>obie-</strong></span> 
     </span>
    </p>
   </div>
   <div class='ocr_carea' id='block_1_14' title="bbox 513 1232 2090 1308">
    <p class='ocr_par' dir='ltr' id='par_1_14' title="bbox 513 1232 2090 1308">
     <span class='ocr_line' id='line_1_14' title="bbox 513 1232 2090 1308; baseline 0.009 -24"><span class='ocrx_word' id='word_1_90' title='bbox 513 1233 604 1296; x_wconf 79' lang='lat' dir='ltr'><strong>rit,</strong></span> <span class='ocrx_word' id='word_1_91' title='bbox 639 1232 706 1287; x_wconf 86' lang='lat' dir='ltr'><strong>ad</strong></span> <span class='ocrx_word' id='word_1_92' title='bbox 756 1249 962 1304; x_wconf 88' lang='lat' dir='ltr'><strong>nosque</strong></span> <span class='ocrx_word' id='word_1_93' title='bbox 992 1235 1213 1292; x_wconf 90' lang='lat' dir='ltr'><strong>nuntius</strong></span> <span class='ocrx_word' id='word_1_94' title='bbox 1262 1239 1595 1308; x_wconf 75' lang='lat' dir='ltr'><strong>pervenerit,</strong></span> <span class='ocrx_word' id='word_1_95' title='bbox 1640 1249 1846 1308; x_wconf 81' lang='lat' dir='ltr'><strong>septem</strong></span> <span class='ocrx_word' id='word_1_96' title='bbox 1879 1241 2090 1302; x_wconf 78' lang='lat' dir='ltr'><strong>miSsas.</strong></span> 
     </span>
    </p>
   </div>
   <div class='ocr_carea' id='block_1_15' title="bbox 512 1323 2095 1403">
    <p class='ocr_par' dir='ltr' id='par_1_15' title="bbox 512 1323 2095 1403">
     <span class='ocr_line' id='line_1_15' title="bbox 512 1323 2095 1403; baseline 0.008 -26"><span class='ocrx_word' id='word_1_97' title='bbox 512 1323 845 1396; x_wconf 85' lang='lat' dir='ltr'><strong>totidemque</strong></span> <span class='ocrx_word' id='word_1_98' title='bbox 890 1324 1101 1399; x_wconf 74' lang='lat' dir='ltr'><strong>vigilias</strong></span> <span class='ocrx_word' id='word_1_99' title='bbox 1145 1325 1514 1398; x_wconf 88' lang='lat' dir='ltr'><strong>persolvemus</strong></span> <span class='ocrx_word' id='word_1_100' title='bbox 1548 1332 1938 1398; x_wconf 79' lang='lat' dir='ltr'><strong>communiter;</strong></span> <span class='ocrx_word' id='word_1_101' title='bbox 1966 1343 2095 1403; x_wconf 31' lang='lat' dir='ltr'><strong>,tres</strong></span> 
     </span>
    </p>
   </div>
   <div class='ocr_carea' id='block_1_16' title="bbox 513 1417 2096 1498">
    <p class='ocr_par' dir='ltr' id='par_1_16' title="bbox 513 1417 2096 1498">
     <span class='ocr_line' id='line_1_16' title="bbox 513 1417 2096 1498; baseline 0.009 -30"><span class='ocrx_word' id='word_1_102' title='bbox 513 1423 692 1470; x_wconf 88' lang='lat' dir='ltr'><strong>autem</strong></span> <span class='ocrx_word' id='word_1_103' title='bbox 723 1417 935 1487; x_wconf 73' lang='lat' dir='ltr'><strong>vigilias</strong></span> <span class='ocrx_word' id='word_1_104' title='bbox 959 1419 1162 1490; x_wconf 86' lang='lat' dir='ltr'><strong>primas</strong></span> <span class='ocrx_word' id='word_1_105' title='bbox 1187 1435 1309 1476; x_wconf 92' lang='lat' dir='ltr'><strong>cum</strong></span> <span class='ocrx_word' id='word_1_106' title='bbox 1340 1421 1659 1478; x_wconf 90' lang='lat' dir='ltr'><strong>lectionibus</strong></span> <span class='ocrx_word' id='word_1_107' title='bbox 1687 1440 1903 1494; x_wconf 86' lang='lat' dir='ltr'><strong>novem,</strong></span> <span class='ocrx_word' id='word_1_108' title='bbox 1929 1427 2096 1498; x_wconf 79' lang='lat' dir='ltr'><strong>signis</strong></span> 
     </span>
    </p>
   </div>
   <div class='ocr_carea' id='block_1_17' title="bbox 511 1508 2091 1584">
    <p class='ocr_par' dir='ltr' id='par_1_17' title="bbox 511 1508 2091 1584">
     <span class='ocr_line' id='line_1_17' title="bbox 511 1508 2091 1584; baseline 0.008 -23"><span class='ocrx_word' id='word_1_109' title='bbox 511 1508 766 1564; x_wconf 88' lang='lat' dir='ltr'><strong>omnibus</strong></span> <span class='ocrx_word' id='word_1_110' title='bbox 787 1509 1044 1579; x_wconf 83' lang='lat' dir='ltr'><strong>pulsatis;</strong></span> <span class='ocrx_word' id='word_1_111' title='bbox 1072 1511 1309 1582; x_wconf 87' lang='lat' dir='ltr'><strong>reliquas</strong></span> <span class='ocrx_word' id='word_1_112' title='bbox 1328 1529 1457 1570; x_wconf 87' lang='lat' dir='ltr'><strong>vero</strong></span> <span class='ocrx_word' id='word_1_113' title='bbox 1480 1525 1714 1584; x_wconf 85' lang='lat' dir='ltr'><strong>quatuor</strong></span> <span class='ocrx_word' id='word_1_114' title='bbox 1735 1533 1855 1573; x_wconf 90' lang='lat' dir='ltr'><strong>cum</strong></span> <span class='ocrx_word' id='word_1_115' title='bbox 1881 1520 2054 1574; x_wconf 90' lang='lat' dir='ltr'><strong>tribus</strong></span> <span class='ocrx_word' id='word_1_116' title='bbox 2079 1537 2091 1573; x_wconf 93' lang='lat'><strong>:</strong></span> 
     </span>
    </p>
   </div>
   <div class='ocr_carea' id='block_1_18' title="bbox 455 1599 2098 1680">
    <p class='ocr_par' dir='ltr' id='par_1_18' title="bbox 455 1599 2098 1680">
     <span class='ocr_line' id='line_1_18' title="bbox 455 1599 2098 1680; baseline 0.007 -26"><span class='ocrx_word' id='word_1_117' title='bbox 455 1651 458 1654; x_wconf 82' lang='lat'><strong>.</strong></span> <span class='ocrx_word' id='word_1_118' title='bbox 513 1599 588 1653; x_wconf 88' lang='lat' dir='ltr'><strong>ita</strong></span> <span class='ocrx_word' id='word_1_119' title='bbox 617 1607 798 1654; x_wconf 88' lang='lat' dir='ltr'><strong>tamen</strong></span> <span class='ocrx_word' id='word_1_120' title='bbox 825 1600 968 1670; x_wconf 90' lang='lat' dir='ltr'><strong>quod</strong></span> <span class='ocrx_word' id='word_1_121' title='bbox 998 1601 1114 1671; x_wconf 88' lang='lat' dir='ltr'><strong>ipso</strong></span> <span class='ocrx_word' id='word_1_122' title='bbox 1143 1603 1230 1660; x_wconf 86' lang='lat' dir='ltr'><strong>die</strong></span> <span class='ocrx_word' id='word_1_123' title='bbox 1252 1619 1360 1674; x_wconf 91' lang='lat' dir='ltr'><strong>quo</strong></span> <span class='ocrx_word' id='word_1_124' title='bbox 1399 1606 1620 1662; x_wconf 91' lang='lat' dir='ltr'><strong>nuntius</strong></span> <span class='ocrx_word' id='word_1_125' title='bbox 1647 1607 1948 1678; x_wconf 75' lang='lat' dir='ltr'><strong>advenerit,</strong></span> <span class='ocrx_word' id='word_1_126' title='bbox 1976 1619 2098 1680; x_wconf 90' lang='lat' dir='ltr'><strong>post</strong></span> 
     </span>
    </p>
   </div>
   <div class='ocr_carea' id='block_1_19' title="bbox 2196 417 3773 487">
    <p class='ocr_par' dir='ltr' id='par_1_19' title="bbox 2196 417 3773 487">
     <span class='ocr_line' id='line_1_19' title="bbox 2196 417 3773 487; baseline -0.002 -14"><span class='ocrx_word' id='word_1_127' title='bbox 2196 432 2262 474; x_wconf 89' lang='lat' dir='ltr'><strong>eo</strong></span> <span class='ocrx_word' id='word_1_128' title='bbox 2289 419 2521 474; x_wconf 82' lang='lat' dir='ltr'><strong>dabitur.</strong></span> <span class='ocrx_word' id='word_1_129' title='bbox 2557 417 2659 474; x_wconf 93' lang='lat' dir='ltr'><strong>Pro</strong></span> <span class='ocrx_word' id='word_1_130' title='bbox 2683 418 2971 474; x_wconf 86' lang='lat' dir='ltr'><strong>abbatibus</strong></span> <span class='ocrx_word' id='word_1_131' title='bbox 3008 426 3188 474; x_wconf 84' lang='lat' dir='ltr'><strong>autem</strong></span> <span class='ocrx_word' id='word_1_132' title='bbox 3223 417 3511 487; x_wconf 84' lang='lat' dir='ltr'><strong>utriusque</strong></span> <span class='ocrx_word' id='word_1_133' title='bbox 3555 432 3773 486; x_wconf 74' lang='lat' dir='ltr'><strong>congre-</strong></span> 
     </span>
    </p>
   </div>
   <div class='ocr_carea' id='block_1_20' title="bbox 2197 509 3776 583">
    <p class='ocr_par' dir='ltr' id='par_1_20' title="bbox 2197 509 3776 583">
     <span class='ocr_line' id='line_1_20' title="bbox 2197 509 3776 583; baseline -0.003 -17"><span class='ocrx_word' id='word_1_134' title='bbox 2197 512 2449 583; x_wconf 87' lang='lat' dir='ltr'><strong>gationis,</strong></span> <span class='ocrx_word' id='word_1_135' title='bbox 2495 519 2754 583; x_wconf 88' lang='lat' dir='ltr'><strong>quantum</strong></span> <span class='ocrx_word' id='word_1_136' title='bbox 2802 525 2904 581; x_wconf 87' lang='lat' dir='ltr'><strong>pro</strong></span> <span class='ocrx_word' id='word_1_137' title='bbox 2951 509 3123 566; x_wconf 81' lang='lat' dir='ltr'><strong>fratre</strong></span> <span class='ocrx_word' id='word_1_138' title='bbox 3167 509 3407 579; x_wconf 86' lang='lat' dir='ltr'><strong>ejusdem</strong></span> <span class='ocrx_word' id='word_1_139' title='bbox 3457 509 3563 564; x_wconf 91' lang='lat' dir='ltr'><strong>loci</strong></span> <span class='ocrx_word' id='word_1_140' title='bbox 3603 510 3684 572; x_wconf 85' lang='lat' dir='ltr'><strong>lit,</strong></span> <span class='ocrx_word' id='word_1_141' title='bbox 3729 510 3776 562; x_wconf 79' lang='lat' dir='ltr'><strong>in</strong></span> 
     </span>
    </p>
   </div>
   <div class='ocr_carea' id='block_1_21' title="bbox 2196 597 3781 672">
    <p class='ocr_par' dir='ltr' id='par_1_21' title="bbox 2196 597 3781 672">
     <span class='ocr_line' id='line_1_21' title="bbox 2196 597 3781 672; baseline -0.004 -14"><span class='ocrx_word' id='word_1_142' title='bbox 2196 613 2458 658; x_wconf 65' lang='lat' dir='ltr'><strong>aeternum</strong></span> <span class='ocrx_word' id='word_1_143' title='bbox 2502 604 2918 658; x_wconf 89' lang='lat' dir='ltr'><strong>constituerunt.</strong></span> <span class='ocrx_word' id='word_1_144' title='bbox 2965 597 3080 657; x_wconf 80' lang='lat' dir='ltr'><strong>Hoc</strong></span> <span class='ocrx_word' id='word_1_145' title='bbox 3121 602 3299 672; x_wconf 88' lang='lat' dir='ltr'><strong>ipsum</strong></span> <span class='ocrx_word' id='word_1_146' title='bbox 3330 601 3390 655; x_wconf 90' lang='lat' dir='ltr'><strong>lit</strong></span> <span class='ocrx_word' id='word_1_147' title='bbox 3433 614 3536 671; x_wconf 90' lang='lat' dir='ltr'><strong>pro</strong></span> <span class='ocrx_word' id='word_1_148' title='bbox 3563 614 3781 668; x_wconf 75' lang='lat' dir='ltr'><strong>congre-</strong></span> 
     </span>
    </p>
   </div>
   <div class='ocr_carea' id='block_1_22' title="bbox 2196 690 3781 765">
    <p class='ocr_par' dir='ltr' id='par_1_22' title="bbox 2196 690 3781 765">
     <span class='ocr_line' id='line_1_22' title="bbox 2196 690 3781 765; baseline -0.004 -17"><span class='ocrx_word' id='word_1_149' title='bbox 2196 696 2411 765; x_wconf 88' lang='lat' dir='ltr'><strong>gatione</strong></span> <span class='ocrx_word' id='word_1_150' title='bbox 2439 694 2611 754; x_wconf 85' lang='lat' dir='ltr'><strong>sancti</strong></span> <span class='ocrx_word' id='word_1_151' title='bbox 2652 693 2924 750; x_wconf 83' lang='lat' dir='ltr'><strong>Benedicti</strong></span> <span class='ocrx_word' id='word_1_152' title='bbox 2954 691 3207 748; x_wconf 84' lang='lat' dir='ltr'><strong>Nantolii.</strong></span> <span class='ocrx_word' id='word_1_153' title='bbox 3243 691 3358 749; x_wconf 82' lang='lat' dir='ltr'><strong>Hoc</strong></span> <span class='ocrx_word' id='word_1_154' title='bbox 3390 693 3571 760; x_wconf 88' lang='lat' dir='ltr'><strong>ipsum</strong></span> <span class='ocrx_word' id='word_1_155' title='bbox 3612 690 3781 760; x_wconf 85' lang='lat' dir='ltr'><strong>agitur</strong></span> 
     </span>
    </p>
   </div>
   <div class='ocr_carea' id='block_1_23' title="bbox 2194 778 3782 858">
    <p class='ocr_par' dir='ltr' id='par_1_23' title="bbox 2194 778 3782 858">
     <span class='ocr_line' id='line_1_23' title="bbox 2194 778 3782 858; baseline -0.004 -23"><span class='ocrx_word' id='word_1_156' title='bbox 2194 795 2294 851; x_wconf 77' lang='lat' dir='ltr'><strong>pro</strong></span> <span class='ocrx_word' id='word_1_157' title='bbox 2335 781 2750 851; x_wconf 72' lang='lat' dir='ltr'><strong>congregatione</strong></span> <span class='ocrx_word' id='word_1_158' title='bbox 2777 779 3120 844; x_wconf 86' lang='lat' dir='ltr'><strong>Lucionensi,</strong></span> <span class='ocrx_word' id='word_1_159' title='bbox 3148 787 3210 858; x_wconf 77' lang='lat' dir='ltr'><strong>et</strong></span> <span class='ocrx_word' id='word_1_160' title='bbox 3231 794 3333 849; x_wconf 90' lang='lat' dir='ltr'><strong>pro</strong></span> <span class='ocrx_word' id='word_1_161' title='bbox 3361 778 3654 833; x_wconf 80' lang='lat' dir='ltr'><strong>abbatibus</strong></span> <span class='ocrx_word' id='word_1_162' title='bbox 3694 779 3782 830; x_wconf 72' lang='lat' dir='ltr'><strong>tri-</strong></span> 
     </span>
    </p>
   </div>
   <div class='ocr_carea' id='block_1_24' title="bbox 2197 867 3783 938">
    <p class='ocr_par' dir='ltr' id='par_1_24' title="bbox 2197 867 3783 938">
     <span class='ocr_line' id='line_1_24' title="bbox 2197 867 3783 938; baseline -0.004 -12"><span class='ocrx_word' id='word_1_163' title='bbox 2197 871 2494 936; x_wconf 90' lang='lat' dir='ltr'><strong>cenarium,</strong></span> <span class='ocrx_word' id='word_1_164' title='bbox 2524 879 2578 925; x_wconf 90' lang='lat' dir='ltr'><strong>et</strong></span> <span class='ocrx_word' id='word_1_165' title='bbox 2602 877 2802 926; x_wconf 75' lang='lat' dir='ltr'><strong>sanctae</strong></span> <span class='ocrx_word' id='word_1_166' title='bbox 2829 869 3009 925; x_wconf 72' lang='lat' dir='ltr'><strong>Mariae</strong></span> <span class='ocrx_word' id='word_1_167' title='bbox 3042 869 3108 925; x_wconf 89' lang='lat' dir='ltr'><strong>de</strong></span> <span class='ocrx_word' id='word_1_168' title='bbox 3139 867 3459 938; x_wconf 88' lang='lat' dir='ltr'><strong>Pampilona</strong></span> <span class='ocrx_word' id='word_1_169' title='bbox 3505 867 3783 922; x_wconf 84' lang='lat' dir='ltr'><strong>canonico-</strong></span> 
     </span>
    </p>
   </div>
   <div class='ocr_carea' id='block_1_25' title="bbox 2195 957 3780 1028">
    <p class='ocr_par' dir='ltr' id='par_1_25' title="bbox 2195 957 3780 1028">
     <span class='ocr_line' id='line_1_25' title="bbox 2195 957 3780 1028; baseline -0.004 -10"><span class='ocrx_word' id='word_1_170' title='bbox 2195 978 2338 1028; x_wconf 90' lang='lat' dir='ltr'><strong>rum,</strong></span> <span class='ocrx_word' id='word_1_171' title='bbox 2361 971 2415 1017; x_wconf 91' lang='lat' dir='ltr'><strong>et</strong></span> <span class='ocrx_word' id='word_1_172' title='bbox 2442 962 2612 1020; x_wconf 85' lang='lat' dir='ltr'><strong>sancti</strong></span> <span class='ocrx_word' id='word_1_173' title='bbox 2644 960 2920 1018; x_wconf 80' lang='lat' dir='ltr'><strong>Michaelis</strong></span> <span class='ocrx_word' id='word_1_174' title='bbox 2940 961 3007 1017; x_wconf 89' lang='lat' dir='ltr'><strong>de</strong></span> <span class='ocrx_word' id='word_1_175' title='bbox 3027 960 3245 1027; x_wconf 85' lang='lat' dir='ltr'><strong>Eremo,</strong></span> <span class='ocrx_word' id='word_1_176' title='bbox 3271 970 3328 1016; x_wconf 82' lang='lat' dir='ltr'><strong>et</strong></span> <span class='ocrx_word' id='word_1_177' title='bbox 3347 959 3533 1015; x_wconf 84' lang='lat' dir='ltr'><strong>sancti</strong></span> <span class='ocrx_word' id='word_1_178' title='bbox 3562 957 3780 1012; x_wconf 70' lang='lat' dir='ltr'><strong>Haurini</strong></span> 
     </span>
    </p>
   </div>
   <div class='ocr_carea' id='block_1_26' title="bbox 2195 1047 3781 1123">
    <p class='ocr_par' dir='ltr' id='par_1_26' title="bbox 2195 1047 3781 1123">
     <span class='ocr_line' id='line_1_26' title="bbox 2195 1047 3781 1123; baseline -0.004 -16"><span class='ocrx_word' id='word_1_179' title='bbox 2195 1053 2261 1107; x_wconf 89' lang='lat' dir='ltr'><strong>de</strong></span> <span class='ocrx_word' id='word_1_180' title='bbox 2284 1051 2530 1122; x_wconf 86' lang='lat' dir='ltr'><strong>Agenno,</strong></span> <span class='ocrx_word' id='word_1_181' title='bbox 2550 1050 3008 1106; x_wconf 82' lang='lat' dir='ltr'><strong>etcanonico&#39;rum</strong></span> <span class='ocrx_word' id='word_1_182' title='bbox 3032 1051 3206 1106; x_wconf 86' lang='lat' dir='ltr'><strong>sancti</strong></span> <span class='ocrx_word' id='word_1_183' title='bbox 3227 1049 3466 1106; x_wconf 85' lang='lat' dir='ltr'><strong>Romani</strong></span> <span class='ocrx_word' id='word_1_184' title='bbox 3491 1048 3560 1102; x_wconf 88' lang='lat' dir='ltr'><strong>de</strong></span> <span class='ocrx_word' id='word_1_185' title='bbox 3577 1047 3781 1123; x_wconf 70' lang='lat' dir='ltr'><strong>maria;</strong></span> 
     </span>
    </p>
   </div>
   <div class='ocr_carea' id='block_1_27' title="bbox 2196 1138 3785 1214">
    <p class='ocr_par' dir='ltr' id='par_1_27' title="bbox 2196 1138 3785 1214">
     <span class='ocr_line' id='line_1_27' title="bbox 2196 1138 3785 1214; baseline -0.004 -15"><span class='ocrx_word' id='word_1_186' title='bbox 2196 1143 2447 1199; x_wconf 86' lang='lat' dir='ltr'><strong>similiter</strong></span> <span class='ocrx_word' id='word_1_187' title='bbox 2495 1143 2705 1214; x_wconf 83' lang='lat' dir='ltr'><strong>agimus</strong></span> <span class='ocrx_word' id='word_1_188' title='bbox 2749 1157 2847 1213; x_wconf 87' lang='lat' dir='ltr'><strong>pro</strong></span> <span class='ocrx_word' id='word_1_189' title='bbox 2895 1142 3178 1198; x_wconf 84' lang='lat' dir='ltr'><strong>monachis</strong></span> <span class='ocrx_word' id='word_1_190' title='bbox 3217 1150 3430 1198; x_wconf 68' lang='lat' dir='ltr'><strong>sanctas</strong></span> <span class='ocrx_word' id='word_1_191' title='bbox 3470 1138 3656 1194; x_wconf 72' lang='lat' dir='ltr'><strong>Maria:</strong></span> <span class='ocrx_word' id='word_1_192' title='bbox 3689 1138 3785 1192; x_wconf 83' lang='lat' dir='ltr'><strong>Do-</strong></span> 
     </span>
    </p>
   </div>
   <div class='ocr_carea' id='block_1_28' title="bbox 2199 1231 3784 1301">
    <p class='ocr_par' dir='ltr' id='par_1_28' title="bbox 2199 1231 3784 1301">
     <span class='ocr_line' id='line_1_28' title="bbox 2199 1231 3784 1301; baseline -0.005 -10"><span class='ocrx_word' id='word_1_193' title='bbox 2199 1237 2380 1301; x_wconf 81' lang='lat' dir='ltr'><strong>lensis,</strong></span> <span class='ocrx_word' id='word_1_194' title='bbox 2411 1245 2466 1292; x_wconf 89' lang='lat' dir='ltr'><strong>et</strong></span> <span class='ocrx_word' id='word_1_195' title='bbox 2513 1236 2685 1292; x_wconf 86' lang='lat' dir='ltr'><strong>sancti</strong></span> <span class='ocrx_word' id='word_1_196' title='bbox 2736 1234 3008 1291; x_wconf 84' lang='lat' dir='ltr'><strong>Vincentii</strong></span> <span class='ocrx_word' id='word_1_197' title='bbox 3062 1233 3473 1301; x_wconf 82' lang='lat' dir='ltr'><strong>Laudunensis,</strong></span> <span class='ocrx_word' id='word_1_198' title='bbox 3525 1242 3580 1288; x_wconf 87' lang='lat' dir='ltr'><strong>et</strong></span> <span class='ocrx_word' id='word_1_199' title='bbox 3624 1231 3784 1286; x_wconf 80' lang='lat' dir='ltr'><strong>sancti</strong></span> 
     </span>
    </p>
   </div>
   <div class='ocr_carea' id='block_1_29' title="bbox 2197 1323 3788 1396">
    <p class='ocr_par' dir='ltr' id='par_1_29' title="bbox 2197 1323 3788 1396">
     <span class='ocr_line' id='line_1_29' title="bbox 2197 1323 3788 1396; baseline -0.003 -14"><span class='ocrx_word' id='word_1_200' title='bbox 2197 1325 2339 1382; x_wconf 83' lang='lat' dir='ltr'><strong>Petri</strong></span> <span class='ocrx_word' id='word_1_201' title='bbox 2383 1325 2747 1382; x_wconf 88' lang='lat' dir='ltr'><strong>Ferrariensis</strong></span> <span class='ocrx_word' id='word_1_202' title='bbox 2785 1326 3046 1392; x_wconf 68' lang='lat' dir='ltr'><strong>ecclesiae,</strong></span> <span class='ocrx_word' id='word_1_203' title='bbox 3076 1334 3132 1383; x_wconf 92' lang='lat' dir='ltr'><strong>et</strong></span> <span class='ocrx_word' id='word_1_204' title='bbox 3159 1340 3260 1396; x_wconf 89' lang='lat' dir='ltr'><strong>pro</strong></span> <span class='ocrx_word' id='word_1_205' title='bbox 3297 1324 3596 1381; x_wconf 84' lang='lat' dir='ltr'><strong>abbatibus</strong></span> <span class='ocrx_word' id='word_1_206' title='bbox 3641 1323 3788 1377; x_wconf 76' lang='lat' dir='ltr'><strong>trice-</strong></span> 
     </span>
    </p>
   </div>
   <div class='ocr_carea' id='block_1_30' title="bbox 2197 1414 3786 1490">
    <p class='ocr_par' dir='ltr' id='par_1_30' title="bbox 2197 1414 3786 1490">
     <span class='ocr_line' id='line_1_30' title="bbox 2197 1414 3786 1490; baseline -0.005 -14"><span class='ocrx_word' id='word_1_207' title='bbox 2197 1419 2408 1476; x_wconf 87' lang='lat' dir='ltr'><strong>narium</strong></span> <span class='ocrx_word' id='word_1_208' title='bbox 2435 1417 2808 1490; x_wconf 86' lang='lat' dir='ltr'><strong>complebitur,</strong></span> <span class='ocrx_word' id='word_1_209' title='bbox 2841 1427 2952 1473; x_wconf 92' lang='lat' dir='ltr'><strong>tam</strong></span> <span class='ocrx_word' id='word_1_210' title='bbox 2982 1419 3034 1474; x_wconf 91' lang='lat' dir='ltr'><strong>in</strong></span> <span class='ocrx_word' id='word_1_211' title='bbox 3065 1418 3268 1485; x_wconf 80' lang='lat' dir='ltr'><strong>missis,</strong></span> <span class='ocrx_word' id='word_1_212' title='bbox 3295 1432 3465 1488; x_wconf 88' lang='lat' dir='ltr'><strong>quam</strong></span> <span class='ocrx_word' id='word_1_213' title='bbox 3499 1416 3555 1471; x_wconf 91' lang='lat' dir='ltr'><strong>in</strong></span> <span class='ocrx_word' id='word_1_214' title='bbox 3582 1414 3786 1484; x_wconf 80' lang='lat' dir='ltr'><strong>vigiliis,</strong></span> 
     </span>
    </p>
   </div>
   <div class='ocr_carea' id='block_1_31' title="bbox 2197 1509 3786 1581">
    <p class='ocr_par' dir='ltr' id='par_1_31' title="bbox 2197 1509 3786 1581">
     <span class='ocr_line' id='line_1_31' title="bbox 2197 1509 3786 1581; baseline -0.004 -16"><span class='ocrx_word' id='word_1_215' title='bbox 2197 1517 2253 1565; x_wconf 92' lang='lat' dir='ltr'><strong>et</strong></span> <span class='ocrx_word' id='word_1_216' title='bbox 2303 1509 2608 1566; x_wconf 85' lang='lat' dir='ltr'><strong>scribentur</strong></span> <span class='ocrx_word' id='word_1_217' title='bbox 2661 1510 2715 1564; x_wconf 93' lang='lat' dir='ltr'><strong>in</strong></span> <span class='ocrx_word' id='word_1_218' title='bbox 2777 1509 3183 1581; x_wconf 83' lang='lat' dir='ltr'><strong>martyrologio,</strong></span> <span class='ocrx_word' id='word_1_219' title='bbox 3233 1517 3298 1564; x_wconf 90' lang='lat' dir='ltr'><strong>ut</strong></span> <span class='ocrx_word' id='word_1_220' title='bbox 3338 1522 3568 1576; x_wconf 87' lang='lat' dir='ltr'><strong>semper</strong></span> <span class='ocrx_word' id='word_1_221' title='bbox 3610 1515 3786 1576; x_wconf 80' lang='lat' dir='ltr'><strong>agatur</strong></span> 
     </span>
    </p>
   </div>
   <div class='ocr_carea' id='block_1_32' title="bbox 2199 1596 3792 1671">
    <p class='ocr_par' dir='ltr' id='par_1_32' title="bbox 2199 1596 3792 1671">
     <span class='ocr_line' id='line_1_32' title="bbox 2199 1596 3792 1671; baseline -0.001 -17"><span class='ocrx_word' id='word_1_222' title='bbox 2199 1601 2566 1657; x_wconf 78' lang='lat' dir='ltr'><strong>anniversaria</strong></span> <span class='ocrx_word' id='word_1_223' title='bbox 2593 1602 3040 1658; x_wconf 83' lang='lat' dir='ltr'><strong>commemoratio</strong></span> <span class='ocrx_word' id='word_1_224' title='bbox 3066 1615 3165 1671; x_wconf 90' lang='lat' dir='ltr'><strong>pro</strong></span> <span class='ocrx_word' id='word_1_225' title='bbox 3197 1601 3310 1666; x_wconf 87' lang='lat' dir='ltr'><strong>eis;</strong></span> <span class='ocrx_word' id='word_1_226' title='bbox 3337 1608 3398 1655; x_wconf 89' lang='lat' dir='ltr'><strong>et</strong></span> <span class='ocrx_word' id='word_1_227' title='bbox 3424 1606 3638 1656; x_wconf 78' lang='lat' dir='ltr'><strong>sancta:</strong></span> <span class='ocrx_word' id='word_1_228' title='bbox 3670 1596 3792 1653; x_wconf 82' lang='lat' dir='ltr'><strong>Cm-</strong></span> 
     </span>
    </p>
   </div>
   <div class='ocr_carea' id='block_1_33' title="bbox 514 1680 2101 1767">
    <p class='ocr_par' dir='ltr' id='par_1_33' title="bbox 514 1691 2099 1767">
     <span class='ocr_line' id='line_1_33' title="bbox 514 1691 2099 1767; baseline 0.008 -23"><span class='ocrx_word' id='word_1_229' title='bbox 514 1691 832 1759; x_wconf 75' lang='lat' dir='ltr'><strong>capitulum,</strong></span> <span class='ocrx_word' id='word_1_230' title='bbox 878 1693 1044 1764; x_wconf 78' lang='lat' dir='ltr'><strong>signis</strong></span> <span class='ocrx_word' id='word_1_231' title='bbox 1093 1696 1432 1762; x_wconf 89' lang='lat' dir='ltr'><strong>sonantibus,</strong></span> <span class='ocrx_word' id='word_1_232' title='bbox 1475 1699 1715 1767; x_wconf 87' lang='lat' dir='ltr'><strong>psalmus</strong></span> <span class='ocrx_word' id='word_1_233' title='bbox 1777 1700 1946 1756; x_wconf 73' lang='lat' dir='ltr'><strong>Verba</strong></span> <span class='ocrx_word' id='word_1_234' title='bbox 1985 1719 2099 1757; x_wconf 84' lang='lat' dir='ltr'><strong>mea</strong></span> 
     </span>
    </p>
   </div>
   <div class='ocr_carea' id='block_1_34' title="bbox 2204 1680 3792 1767">
    <p class='ocr_par' dir='ltr' id='par_1_34' title="bbox 2204 1686 3792 1762">
     <span class='ocr_line' id='line_1_34' title="bbox 2204 1686 3792 1762; baseline -0.004 -14"><span class='ocrx_word' id='word_1_235' title='bbox 2204 1692 2278 1748; x_wconf 89' lang='lat' dir='ltr'><strong>cis</strong></span> <span class='ocrx_word' id='word_1_236' title='bbox 2309 1692 2376 1748; x_wconf 91' lang='lat' dir='ltr'><strong>de</strong></span> <span class='ocrx_word' id='word_1_237' title='bbox 2426 1691 2715 1762; x_wconf 71' lang='lat' dir='ltr'><strong>Kimpe&#39;rlé,</strong></span> <span class='ocrx_word' id='word_1_238' title='bbox 2743 1699 2797 1747; x_wconf 88' lang='lat' dir='ltr'><strong>et</strong></span> <span class='ocrx_word' id='word_1_239' title='bbox 2843 1692 3018 1747; x_wconf 87' lang='lat' dir='ltr'><strong>sancti</strong></span> <span class='ocrx_word' id='word_1_240' title='bbox 3064 1690 3372 1746; x_wconf 82' lang='lat' dir='ltr'><strong>Salvatoris</strong></span> <span class='ocrx_word' id='word_1_241' title='bbox 3409 1688 3672 1753; x_wconf 81' lang='lat' dir='ltr'><strong>Karroﬁi,</strong></span> <span class='ocrx_word' id='word_1_242' title='bbox 3706 1686 3792 1742; x_wconf 81' lang='lat' dir='ltr'><strong>sed</strong></span> 
     </span>
    </p>
   </div>
   <div class='ocr_carea' id='block_1_35' title="bbox 513 1783 2100 1853">
    <p class='ocr_par' dir='ltr' id='par_1_35' title="bbox 513 1783 2100 1853">
     <span class='ocr_line' id='line_1_35' title="bbox 513 1783 2100 1853; baseline 0.008 -21"><span class='ocrx_word' id='word_1_243' title='bbox 513 1793 612 1848; x_wconf 90' lang='lat' dir='ltr'><strong>pro</strong></span> <span class='ocrx_word' id='word_1_244' title='bbox 641 1795 704 1834; x_wconf 90' lang='lat' dir='ltr'><strong>eo</strong></span> <span class='ocrx_word' id='word_1_245' title='bbox 735 1790 1012 1850; x_wconf 83' lang='lat' dir='ltr'><strong>cantetur;</strong></span> <span class='ocrx_word' id='word_1_246' title='bbox 1042 1791 1098 1838; x_wconf 91' lang='lat' dir='ltr'><strong>et</strong></span> <span class='ocrx_word' id='word_1_247' title='bbox 1130 1784 1222 1853; x_wconf 90' lang='lat' dir='ltr'><strong>qui</strong></span> <span class='ocrx_word' id='word_1_248' title='bbox 1250 1786 1505 1841; x_wconf 75' lang='lat' dir='ltr'><strong>sacerdos</strong></span> <span class='ocrx_word' id='word_1_249' title='bbox 1532 1783 1698 1842; x_wconf 81' lang='lat' dir='ltr'><strong>fuerit</strong></span> <span class='ocrx_word' id='word_1_250' title='bbox 1729 1789 1947 1844; x_wconf 86' lang='lat' dir='ltr'><strong>missam</strong></span> <span class='ocrx_word' id='word_1_251' title='bbox 1977 1805 2100 1844; x_wconf 86' lang='lat' dir='ltr'><strong>ora-</strong></span> 
     </span>
    </p>
   </div>
   <div class='ocr_carea' id='block_1_36' title="bbox 513 1871 2099 1952">
    <p class='ocr_par' dir='ltr' id='par_1_36' title="bbox 513 1871 2099 1952">
     <span class='ocr_line' id='line_1_36' title="bbox 513 1871 2099 1952; baseline 0.007 -28"><span class='ocrx_word' id='word_1_252' title='bbox 513 1871 620 1934; x_wconf 85' lang='lat' dir='ltr'><strong>bit;</strong></span> <span class='ocrx_word' id='word_1_253' title='bbox 651 1873 833 1928; x_wconf 75' lang='lat' dir='ltr'><strong>cmteri</strong></span> <span class='ocrx_word' id='word_1_254' title='bbox 866 1889 994 1931; x_wconf 90' lang='lat' dir='ltr'><strong>vero</strong></span> <span class='ocrx_word' id='word_1_255' title='bbox 1024 1875 1346 1946; x_wconf 75' lang='lat' dir='ltr'><strong>psalterium</strong></span> <span class='ocrx_word' id='word_1_256' title='bbox 1374 1893 1572 1942; x_wconf 84' lang='lat' dir='ltr'><strong>unum;</strong></span> <span class='ocrx_word' id='word_1_257' title='bbox 1605 1880 1698 1949; x_wconf 88' lang='lat' dir='ltr'><strong>qui</strong></span> <span class='ocrx_word' id='word_1_258' title='bbox 1743 1882 1916 1937; x_wconf 83' lang='lat' dir='ltr'><strong>nescit</strong></span> <span class='ocrx_word' id='word_1_259' title='bbox 1955 1881 2099 1952; x_wconf 81' lang='lat' dir='ltr'><strong>psal-</strong></span> 
     </span>
    </p>
   </div>
   <div class='ocr_carea' id='block_1_37' title="bbox 517 1963 2097 2042">
    <p class='ocr_par' dir='ltr' id='par_1_37' title="bbox 517 1963 2097 2042">
     <span class='ocr_line' id='line_1_37' title="bbox 517 1963 2097 2042; baseline 0.006 -25"><span class='ocrx_word' id='word_1_260' title='bbox 517 1963 735 2031; x_wconf 89' lang='lat' dir='ltr'><strong>terium,</strong></span> <span class='ocrx_word' id='word_1_261' title='bbox 781 1965 1018 2034; x_wconf 85' lang='lat' dir='ltr'><strong>psalmos</strong></span> <span class='ocrx_word' id='word_1_262' title='bbox 1059 1975 1296 2037; x_wconf 87' lang='lat' dir='ltr'><strong>septem;</strong></span> <span class='ocrx_word' id='word_1_263' title='bbox 1337 1969 1427 2038; x_wconf 87' lang='lat' dir='ltr'><strong>qui</strong></span> <span class='ocrx_word' id='word_1_264' title='bbox 1462 1984 1561 2024; x_wconf 92' lang='lat' dir='ltr'><strong>nec</strong></span> <span class='ocrx_word' id='word_1_265' title='bbox 1607 1979 1810 2042; x_wconf 81' lang='lat' dir='ltr'><strong>septem</strong></span> <span class='ocrx_word' id='word_1_266' title='bbox 1841 1973 2097 2041; x_wconf 90' lang='lat' dir='ltr'><strong>psalmos,</strong></span> 
     </span>
    </p>
   </div>
   <div class='ocr_carea' id='block_1_38' title="bbox 514 2053 2102 2133">
    <p class='ocr_par' dir='ltr' id='par_1_38' title="bbox 514 2053 2102 2133">
     <span class='ocr_line' id='line_1_38' title="bbox 514 2053 2102 2133; baseline 0.007 -24"><span class='ocrx_word' id='word_1_267' title='bbox 514 2053 765 2112; x_wconf 70' lang='lat' dir='ltr'><strong>Miserere</strong></span> <span class='ocrx_word' id='word_1_268' title='bbox 795 2059 1024 2128; x_wconf 89' lang='lat' dir='ltr'><strong>septies;</strong></span> <span class='ocrx_word' id='word_1_269' title='bbox 1055 2061 1147 2130; x_wconf 89' lang='lat' dir='ltr'><strong>qui</strong></span> <span class='ocrx_word' id='word_1_270' title='bbox 1175 2075 1304 2116; x_wconf 87' lang='lat' dir='ltr'><strong>vero</strong></span> <span class='ocrx_word' id='word_1_271' title='bbox 1332 2077 1432 2116; x_wconf 91' lang='lat' dir='ltr'><strong>nec</strong></span> <span class='ocrx_word' id='word_1_272' title='bbox 1473 2061 1742 2129; x_wconf 78' lang='lat' dir='ltr'><strong>Miserere,</strong></span> <span class='ocrx_word' id='word_1_273' title='bbox 1766 2066 1964 2133; x_wconf 91' lang='lat' dir='ltr'><strong>septies</strong></span> <span class='ocrx_word' id='word_1_274' title='bbox 1994 2065 2102 2120; x_wconf 83' lang='lat' dir='ltr'><strong>Pa-</strong></span> 
     </span>
    </p>
   </div>
   <div class='ocr_carea' id='block_1_39' title="bbox 513 2147 2102 2221">
    <p class='ocr_par' dir='ltr' id='par_1_39' title="bbox 513 2147 2102 2221">
     <span class='ocr_line' id='line_1_39' title="bbox 513 2147 2102 2221; baseline 0.008 -23"><span class='ocrx_word' id='word_1_275' title='bbox 513 2158 591 2199; x_wconf 78' lang='lat' dir='ltr'><strong>ter</strong></span> <span class='ocrx_word' id='word_1_276' title='bbox 630 2157 826 2203; x_wconf 79' lang='lat' dir='ltr'><strong>uoster.</strong></span> <span class='ocrx_word' id='word_1_277' title='bbox 873 2147 1334 2221; x_wconf 86' lang='lat' dir='ltr'><strong>Congregationes</strong></span> <span class='ocrx_word' id='word_1_278' title='bbox 1366 2161 1545 2206; x_wconf 89' lang='lat' dir='ltr'><strong>autem</strong></span> <span class='ocrx_word' id='word_1_279' title='bbox 1592 2163 1789 2208; x_wconf 74' lang='lat' dir='ltr'><strong>nostrm</strong></span> <span class='ocrx_word' id='word_1_280' title='bbox 1824 2153 2102 2211; x_wconf 79' lang='lat' dir='ltr'><strong>societatis</strong></span> 
     </span>
    </p>
   </div>
   <div class='ocr_carea' id='block_1_40' title="bbox 469 2237 2095 2310">
    <p class='ocr_par' dir='ltr' id='par_1_40' title="bbox 469 2237 2095 2310">
     <span class='ocr_line' id='line_1_40' title="bbox 469 2237 2095 2310; baseline 0.006 -20"><span class='ocrx_word' id='word_1_281' title='bbox 469 2294 476 2300; x_wconf 93' lang='lat'>_</span> <span class='ocrx_word' id='word_1_282' title='bbox 513 2237 598 2292; x_wconf 73' lang='lat' dir='ltr'><strong>hac</strong></span> <span class='ocrx_word' id='word_1_283' title='bbox 627 2247 754 2292; x_wconf 91' lang='lat' dir='ltr'><strong>sunt</strong></span> <span class='ocrx_word' id='word_1_284' title='bbox 787 2256 799 2291; x_wconf 92' lang='lat'>:</span> <span class='ocrx_word' id='word_1_285' title='bbox 833 2240 1178 2310; x_wconf 74' lang='lat' dir='ltr'><strong>congregatio</strong></span> <span class='ocrx_word' id='word_1_286' title='bbox 1199 2241 1370 2296; x_wconf 89' lang='lat' dir='ltr'><strong>sancti</strong></span> <span class='ocrx_word' id='word_1_287' title='bbox 1409 2241 1602 2298; x_wconf 88' lang='lat' dir='ltr'><strong>Sicarii</strong></span> <span class='ocrx_word' id='word_1_288' title='bbox 1633 2243 1697 2298; x_wconf 82' lang='lat' dir='ltr'><strong>tle</strong></span> <span class='ocrx_word' id='word_1_289' title='bbox 1725 2243 2095 2308; x_wconf 88' lang='lat' dir='ltr'><strong>Branstosma,</strong></span> 
     </span>
    </p>
   </div>
   <div class='ocr_carea' id='block_1_41' title="bbox 517 2325 2102 2407">
    <p class='ocr_par' dir='ltr' id='par_1_41' title="bbox 517 2325 2102 2407">
     <span class='ocr_line' id='line_1_41' title="bbox 517 2325 2102 2407; baseline 0.006 -24"><span class='ocrx_word' id='word_1_290' title='bbox 517 2330 692 2385; x_wconf 90' lang='lat' dir='ltr'><strong>sancti</strong></span> <span class='ocrx_word' id='word_1_291' title='bbox 743 2325 1004 2386; x_wconf 88' lang='lat' dir='ltr'><strong>Florentii</strong></span> <span class='ocrx_word' id='word_1_292' title='bbox 1060 2333 1126 2388; x_wconf 93' lang='lat' dir='ltr'><strong>de</strong></span> <span class='ocrx_word' id='word_1_293' title='bbox 1183 2331 1473 2401; x_wconf 90' lang='lat' dir='ltr'><strong>Salmurio,</strong></span> <span class='ocrx_word' id='word_1_294' title='bbox 1514 2335 1860 2407; x_wconf 78' lang='lat' dir='ltr'><strong>congregatio</strong></span> <span class='ocrx_word' id='word_1_295' title='bbox 1901 2347 2102 2393; x_wconf 75' lang='lat' dir='ltr'><strong>sancta:</strong></span> 
     </span>
    </p>
   </div>
   <div class='ocr_carea' id='block_1_42' title="bbox 512 2413 1044 2480">
    <p class='ocr_par' dir='ltr' id='par_1_42' title="bbox 512 2413 1044 2480">
     <span class='ocr_line' id='line_1_42' title="bbox 512 2413 1044 2480; baseline 0.008 -5"><span class='ocrx_word' id='word_1_296' title='bbox 512 2413 662 2476; x_wconf 77' lang='lat' dir='ltr'><strong>Fidis</strong></span> <span class='ocrx_word' id='word_1_297' title='bbox 697 2421 762 2476; x_wconf 80' lang='lat' dir='ltr'><strong>tle</strong></span> <span class='ocrx_word' id='word_1_298' title='bbox 789 2421 1044 2480; x_wconf 84' lang='lat' dir='ltr'><strong>Conchis.</strong></span> 
     </span>
    </p>
   </div>
   <div class='ocr_carea' id='block_1_43' title="bbox 587 2510 2100 2587">
    <p class='ocr_par' dir='ltr' id='par_1_43' title="bbox 587 2510 2100 2587">
     <span class='ocr_line' id='line_1_43' title="bbox 587 2510 2100 2587; baseline 0.005 -21"><span class='ocrx_word' id='word_1_299' title='bbox 587 2510 701 2568; x_wconf 83' lang='lat' dir='ltr'><strong>Iloc</strong></span> <span class='ocrx_word' id='word_1_300' title='bbox 753 2522 837 2569; x_wconf 89' lang='lat' dir='ltr'><strong>est</strong></span> <span class='ocrx_word' id='word_1_301' title='bbox 869 2513 1047 2572; x_wconf 70' lang='grc' dir='ltr'><strong>ΐωάιιε</strong></span> <span class='ocrx_word' id='word_1_302' title='bbox 1100 2515 1470 2573; x_wconf 90' lang='lat' dir='ltr'><strong>indissolubile</strong></span> <span class='ocrx_word' id='word_1_303' title='bbox 1513 2517 1734 2587; x_wconf 74' lang='lat' dir='ltr'><strong>Maioris</strong></span> <span class='ocrx_word' id='word_1_304' title='bbox 1767 2518 2100 2586; x_wconf 78' lang='lat' dir='ltr'><strong>Monasterii,</strong></span> 
     </span>
    </p>
   </div>
   <div class='ocr_carea' id='block_1_44' title="bbox 517 2599 2104 2674">
    <p class='ocr_par' dir='ltr' id='par_1_44' title="bbox 517 2599 2104 2674">
     <span class='ocr_line' id='line_1_44' title="bbox 517 2599 2104 2674; baseline 0.005 -18"><span class='ocrx_word' id='word_1_305' title='bbox 517 2599 800 2674; x_wconf 76' lang='lat' dir='ltr'><strong>Sylvaeque</strong></span> <span class='ocrx_word' id='word_1_306' title='bbox 848 2604 1068 2674; x_wconf 76' lang='lat' dir='ltr'><strong>Maioris</strong></span> <span class='ocrx_word' id='word_1_307' title='bbox 1117 2606 1510 2671; x_wconf 77' lang='lat' dir='ltr'><strong>ctenobiorum,</strong></span> <span class='ocrx_word' id='word_1_308' title='bbox 1539 2608 1789 2663; x_wconf 78' lang='lat' dir='ltr'><strong>videlicet</strong></span> <span class='ocrx_word' id='word_1_309' title='bbox 1825 2617 1883 2662; x_wconf 91' lang='lat' dir='ltr'><strong>ut</strong></span> <span class='ocrx_word' id='word_1_310' title='bbox 1921 2607 2104 2664; x_wconf 76' lang='lat' dir='ltr'><strong>{ratri—</strong></span> 
     </span>
    </p>
   </div>
   <div class='ocr_carea' id='block_1_45' title="bbox 516 2694 2107 2768">
    <p class='ocr_par' dir='ltr' id='par_1_45' title="bbox 516 2694 2107 2768">
     <span class='ocr_line' id='line_1_45' title="bbox 516 2694 2107 2768; baseline 0.004 -20"><span class='ocrx_word' id='word_1_311' title='bbox 516 2694 618 2750; x_wconf 77' lang='lat' dir='ltr'><strong>Lus</strong></span> <span class='ocrx_word' id='word_1_312' title='bbox 667 2695 946 2767; x_wconf 88' lang='lat' dir='ltr'><strong>utriusque</strong></span> <span class='ocrx_word' id='word_1_313' title='bbox 1001 2697 1316 2752; x_wconf 87' lang='lat' dir='ltr'><strong>monasterii</strong></span> <span class='ocrx_word' id='word_1_314' title='bbox 1371 2705 1661 2767; x_wconf 85' lang='lat' dir='ltr'><strong>utrumque</strong></span> <span class='ocrx_word' id='word_1_315' title='bbox 1709 2697 1999 2768; x_wconf 76' lang='lat' dir='ltr'><strong>capitulum</strong></span> <span class='ocrx_word' id='word_1_316' title='bbox 2049 2708 2107 2754; x_wconf 90' lang='lat' dir='ltr'><strong>et</strong></span> 
     </span>
    </p>
   </div>
   <div class='ocr_carea' id='block_1_46' title="bbox 521 2788 2104 2859">
    <p class='ocr_par' dir='ltr' id='par_1_46' title="bbox 521 2788 2104 2859">
     <span class='ocr_line' id='line_1_46' title="bbox 521 2788 2104 2859; baseline 0.003 -19"><span class='ocrx_word' id='word_1_317' title='bbox 521 2799 680 2841; x_wconf 89' lang='lat' dir='ltr'><strong>omne</strong></span> <span class='ocrx_word' id='word_1_318' title='bbox 723 2788 1062 2842; x_wconf 79' lang='lat' dir='ltr'><strong>benefactum</strong></span> <span class='ocrx_word' id='word_1_319' title='bbox 1111 2788 1393 2858; x_wconf 89' lang='lat' dir='ltr'><strong>spirituale</strong></span> <span class='ocrx_word' id='word_1_320' title='bbox 1422 2797 1476 2844; x_wconf 89' lang='lat' dir='ltr'><strong>et</strong></span> <span class='ocrx_word' id='word_1_321' title='bbox 1503 2790 1781 2859; x_wconf 77' lang='lat' dir='ltr'><strong>corporale</strong></span> <span class='ocrx_word' id='word_1_322' title='bbox 1814 2789 1884 2848; x_wconf 77' lang='lat' dir='ltr'><strong>sit</strong></span> <span class='ocrx_word' id='word_1_323' title='bbox 1908 2791 2104 2845; x_wconf 82' lang='lat' dir='ltr'><strong>utrim-</strong></span> 
     </span>
    </p>
   </div>
   <div class='ocr_carea' id='block_1_47' title="bbox 522 2879 2106 2951">
    <p class='ocr_par' dir='ltr' id='par_1_47' title="bbox 522 2879 2106 2951">
     <span class='ocr_line' id='line_1_47' title="bbox 522 2879 2106 2951; baseline 0.004 -21"><span class='ocrx_word' id='word_1_324' title='bbox 522 2893 626 2947; x_wconf 92' lang='lat' dir='ltr'><strong>que</strong></span> <span class='ocrx_word' id='word_1_325' title='bbox 669 2879 921 2934; x_wconf 84' lang='lat' dir='ltr'><strong>omnibns</strong></span> <span class='ocrx_word' id='word_1_326' title='bbox 949 2894 1260 2945; x_wconf 91' lang='lat' dir='ltr'><strong>commune,</strong></span> <span class='ocrx_word' id='word_1_327' title='bbox 1286 2888 1341 2934; x_wconf 91' lang='lat' dir='ltr'><strong>et</strong></span> <span class='ocrx_word' id='word_1_328' title='bbox 1364 2881 1541 2935; x_wconf 88' lang='lat' dir='ltr'><strong>omnis</strong></span> <span class='ocrx_word' id='word_1_329' title='bbox 1568 2897 1668 2951; x_wconf 89' lang='lat' dir='ltr'><strong>per</strong></span> <span class='ocrx_word' id='word_1_330' title='bbox 1709 2884 1888 2938; x_wconf 81' lang='lat' dir='ltr'><strong>omnia</strong></span> <span class='ocrx_word' id='word_1_331' title='bbox 1935 2883 2106 2938; x_wconf 83' lang='lat' dir='ltr'><strong>socie-</strong></span> 
     </span>
    </p>
   </div>
   <div class='ocr_carea' id='block_1_48' title="bbox 524 2969 2106 3029">
    <p class='ocr_par' dir='ltr' id='par_1_48' title="bbox 524 2969 2106 3029">
     <span class='ocr_line' id='line_1_48' title="bbox 524 2969 2106 3029; baseline 0.006 -9"><span class='ocrx_word' id='word_1_332' title='bbox 524 2977 625 3023; x_wconf 89' lang='lat' dir='ltr'><strong>tas.</strong></span> <span class='ocrx_word' id='word_1_333' title='bbox 681 2969 786 3024; x_wconf 90' lang='lat' dir='ltr'><strong>Pro</strong></span> <span class='ocrx_word' id='word_1_334' title='bbox 840 2970 1099 3025; x_wconf 78' lang='lat' dir='ltr'><strong>fratribus</strong></span> <span class='ocrx_word' id='word_1_335' title='bbox 1145 2985 1275 3027; x_wconf 83' lang='lat' dir='ltr'><strong>vero</strong></span> <span class='ocrx_word' id='word_1_336' title='bbox 1322 2971 1594 3027; x_wconf 80' lang='lat' dir='ltr'><strong>defunctis</strong></span> <span class='ocrx_word' id='word_1_337' title='bbox 1638 2973 1805 3028; x_wconf 90' lang='lat' dir='ltr'><strong>semel</strong></span> <span class='ocrx_word' id='word_1_338' title='bbox 1856 2973 1910 3027; x_wconf 85' lang='lat' dir='ltr'><strong>in</strong></span> <span class='ocrx_word' id='word_1_339' title='bbox 1965 2988 2106 3029; x_wconf 90' lang='lat' dir='ltr'><strong>anno</strong></span> 
     </span>
    </p>
   </div>
   <div class='ocr_carea' id='block_1_49' title="bbox 523 3057 2106 3130">
    <p class='ocr_par' dir='ltr' id='par_1_49' title="bbox 523 3057 2106 3130">
     <span class='ocr_line' id='line_1_49' title="bbox 523 3057 2106 3130; baseline 0.005 -20"><span class='ocrx_word' id='word_1_340' title='bbox 523 3057 822 3126; x_wconf 83' lang='lat' dir='ltr'><strong>plenariam</strong></span> <span class='ocrx_word' id='word_1_341' title='bbox 850 3059 1085 3129; x_wconf 81' lang='lat' dir='ltr'><strong>vigiliam</strong></span> <span class='ocrx_word' id='word_1_342' title='bbox 1114 3069 1170 3114; x_wconf 90' lang='lat' dir='ltr'><strong>et</strong></span> <span class='ocrx_word' id='word_1_343' title='bbox 1202 3062 1422 3115; x_wconf 84' lang='lat' dir='ltr'><strong>missam</strong></span> <span class='ocrx_word' id='word_1_344' title='bbox 1459 3061 1708 3116; x_wconf 82' lang='lat' dir='ltr'><strong>festivam</strong></span> <span class='ocrx_word' id='word_1_345' title='bbox 1747 3062 2106 3130; x_wconf 87' lang='lat' dir='ltr'><strong>celebramus,</strong></span> 
     </span>
    </p>
   </div>
   <div class='ocr_carea' id='block_1_50' title="bbox 524 3148 2106 3221">
    <p class='ocr_par' dir='ltr' id='par_1_50' title="bbox 524 3148 2106 3221">
     <span class='ocr_line' id='line_1_50' title="bbox 524 3148 2106 3221; baseline 0.003 -20"><span class='ocrx_word' id='word_1_346' title='bbox 524 3158 582 3202; x_wconf 92' lang='lat' dir='ltr'><strong>et</strong></span> <span class='ocrx_word' id='word_1_347' title='bbox 610 3148 773 3203; x_wconf 88' lang='lat' dir='ltr'><strong>breve</strong></span> <span class='ocrx_word' id='word_1_348' title='bbox 823 3159 1063 3218; x_wconf 79' lang='lat' dir='ltr'><strong>accepto,</strong></span> <span class='ocrx_word' id='word_1_349' title='bbox 1097 3165 1218 3204; x_wconf 82' lang='lat' dir='ltr'><strong>mox</strong></span> <span class='ocrx_word' id='word_1_350' title='bbox 1268 3149 1422 3206; x_wconf 84' lang='lat' dir='ltr'><strong>finito</strong></span> <span class='ocrx_word' id='word_1_351' title='bbox 1471 3151 1727 3221; x_wconf 89' lang='lat' dir='ltr'><strong>capitulo,</strong></span> <span class='ocrx_word' id='word_1_352' title='bbox 1769 3151 1938 3207; x_wconf 73' lang='lat' dir='ltr'><strong>Verba</strong></span> <span class='ocrx_word' id='word_1_353' title='bbox 1973 3169 2106 3212; x_wconf 79' lang='lat' dir='ltr'><strong>mea.</strong></span> 
     </span>
    </p>
   </div>
   <div class='ocr_carea' id='block_1_51' title="bbox 525 3241 2108 3318">
    <p class='ocr_par' dir='ltr' id='par_1_51' title="bbox 525 3241 2108 3318">
     <span class='ocr_line' id='line_1_51' title="bbox 525 3241 2108 3318; baseline 0.004 -24"><span class='ocrx_word' id='word_1_354' title='bbox 525 3255 648 3294; x_wconf 90' lang='lat' dir='ltr'><strong>cum</strong></span> <span class='ocrx_word' id='word_1_355' title='bbox 697 3241 1030 3310; x_wconf 88' lang='lat' dir='ltr'><strong>appendiciis</strong></span> <span class='ocrx_word' id='word_1_356' title='bbox 1060 3241 1194 3306; x_wconf 85' lang='lat' dir='ltr'><strong>suis,</strong></span> <span class='ocrx_word' id='word_1_357' title='bbox 1225 3259 1321 3312; x_wconf 93' lang='lat' dir='ltr'><strong>pro</strong></span> <span class='ocrx_word' id='word_1_358' title='bbox 1367 3243 1705 3300; x_wconf 86' lang='lat' dir='ltr'><strong>absolutione</strong></span> <span class='ocrx_word' id='word_1_359' title='bbox 1751 3244 1977 3302; x_wconf 88' lang='lat' dir='ltr'><strong>fratrum</strong></span> <span class='ocrx_word' id='word_1_360' title='bbox 2019 3247 2108 3318; x_wconf 90' lang='lat' dir='ltr'><strong>qui</strong></span> 
     </span>
    </p>
   </div>
   <div class='ocr_carea' id='block_1_52' title="bbox 527 3329 1884 3404">
    <p class='ocr_par' dir='ltr' id='par_1_52' title="bbox 527 3329 1884 3404">
     <span class='ocr_line' id='line_1_52' title="bbox 527 3329 1884 3404; baseline 0.004 -20"><span class='ocrx_word' id='word_1_361' title='bbox 527 3330 738 3384; x_wconf 78' lang='lat' dir='ltr'><strong>rccitati</strong></span> <span class='ocrx_word' id='word_1_362' title='bbox 770 3329 988 3392; x_wconf 88' lang='lat' dir='ltr'><strong>fuerint,</strong></span> <span class='ocrx_word' id='word_1_363' title='bbox 1020 3331 1246 3400; x_wconf 89' lang='lat' dir='ltr'><strong>pulsatis</strong></span> <span class='ocrx_word' id='word_1_364' title='bbox 1275 3332 1465 3402; x_wconf 84' lang='lat' dir='ltr'><strong>signis,</strong></span> <span class='ocrx_word' id='word_1_365' title='bbox 1499 3334 1884 3404; x_wconf 88' lang='lat' dir='ltr'><strong>persolvemus.</strong></span> 
     </span>
    </p>
   </div>
   <div class='ocr_carea' id='block_1_53' title="bbox 597 3419 2106 3500">
    <p class='ocr_par' dir='ltr' id='par_1_53' title="bbox 597 3419 2106 3500">
     <span class='ocr_line' id='line_1_53' title="bbox 597 3419 2106 3500; baseline 0.007 -27"><span class='ocrx_word' id='word_1_366' title='bbox 597 3419 793 3475; x_wconf 82' lang='lat' dir='ltr'><strong>Notum</strong></span> <span class='ocrx_word' id='word_1_367' title='bbox 833 3420 904 3474; x_wconf 85' lang='lat' dir='ltr'><strong>sit</strong></span> <span class='ocrx_word' id='word_1_368' title='bbox 931 3421 1202 3485; x_wconf 86' lang='lat' dir='ltr'><strong>omnibus,</strong></span> <span class='ocrx_word' id='word_1_369' title='bbox 1233 3430 1339 3477; x_wconf 89' lang='lat' dir='ltr'><strong>tam</strong></span> <span class='ocrx_word' id='word_1_370' title='bbox 1385 3427 1740 3494; x_wconf 52' lang='lat' dir='ltr'><strong>praesentibus</strong></span> <span class='ocrx_word' id='word_1_371' title='bbox 1769 3445 1930 3500; x_wconf 89' lang='lat' dir='ltr'><strong>quam</strong></span> <span class='ocrx_word' id='word_1_372' title='bbox 1965 3429 2106 3485; x_wconf 89' lang='lat' dir='ltr'><strong>futu-</strong></span> 
     </span>
    </p>
   </div>
   <div class='ocr_carea' id='block_1_54' title="bbox 530 3512 2104 3591">
    <p class='ocr_par' dir='ltr' id='par_1_54' title="bbox 530 3512 2104 3591">
     <span class='ocr_line' id='line_1_54' title="bbox 530 3512 2104 3591; baseline 0.007 -27"><span class='ocrx_word' id='word_1_373' title='bbox 530 3513 628 3575; x_wconf 61' lang='lat' dir='ltr'><strong>ris,</strong></span> <span class='ocrx_word' id='word_1_374' title='bbox 652 3513 794 3582; x_wconf 70' lang='lat' dir='ltr'><strong>quod</strong></span> <span class='ocrx_word' id='word_1_375' title='bbox 841 3514 1071 3568; x_wconf 88' lang='lat' dir='ltr'><strong>domnus</strong></span> <span class='ocrx_word' id='word_1_376' title='bbox 1094 3512 1208 3570; x_wconf 89' lang='lat' dir='ltr'><strong>Odo</strong></span> <span class='ocrx_word' id='word_1_377' title='bbox 1233 3515 1399 3571; x_wconf 83' lang='lat' dir='ltr'><strong>abbas</strong></span> <span class='ocrx_word' id='word_1_378' title='bbox 1427 3515 1608 3573; x_wconf 82' lang='lat' dir='ltr'><strong>Sancti</strong></span> <span class='ocrx_word' id='word_1_379' title='bbox 1637 3517 1898 3576; x_wconf 83' lang='lat' dir='ltr'><strong>Johannis</strong></span> <span class='ocrx_word' id='word_1_380' title='bbox 1924 3522 2104 3591; x_wconf 79' lang='lat' dir='ltr'><strong>Ange-</strong></span> 
     </span>
    </p>
   </div>
   <div class='ocr_carea' id='block_1_55' title="bbox 528 3603 2105 3683">
    <p class='ocr_par' dir='ltr' id='par_1_55' title="bbox 528 3603 2105 3683">
     <span class='ocr_line' id='line_1_55' title="bbox 528 3603 2105 3683; baseline 0.006 -25"><span class='ocrx_word' id='word_1_381' title='bbox 528 3605 660 3660; x_wconf 86' lang='lat' dir='ltr'><strong>riacl</strong></span> <span class='ocrx_word' id='word_1_382' title='bbox 692 3606 839 3660; x_wconf 85' lang='lat' dir='ltr'><strong>venit</strong></span> <span class='ocrx_word' id='word_1_383' title='bbox 868 3603 920 3660; x_wconf 91' lang='lat' dir='ltr'><strong>in</strong></span> <span class='ocrx_word' id='word_1_384' title='bbox 947 3605 1182 3676; x_wconf 88' lang='lat' dir='ltr'><strong>capitulo</strong></span> <span class='ocrx_word' id='word_1_385' title='bbox 1205 3606 1417 3664; x_wconf 76' lang='lat' dir='ltr'><strong>Sancta:</strong></span> <span class='ocrx_word' id='word_1_386' title='bbox 1447 3609 1628 3665; x_wconf 77' lang='lat' dir='ltr'><strong>Maria:</strong></span> <span class='ocrx_word' id='word_1_387' title='bbox 1657 3609 2105 3683; x_wconf 74' lang='lat' dir='ltr'><strong>Sy!va:-Majoris,</strong></span> 
     </span>
    </p>
   </div>
   <div class='ocr_carea' id='block_1_56' title="bbox 524 3695 2110 3767">
    <p class='ocr_par' dir='ltr' id='par_1_56' title="bbox 524 3695 2110 3767">
     <span class='ocr_line' id='line_1_56' title="bbox 524 3695 2110 3767; baseline 0.005 -18"><span class='ocrx_word' id='word_1_388' title='bbox 524 3705 579 3751; x_wconf 87' lang='lat' dir='ltr'><strong>et</strong></span> <span class='ocrx_word' id='word_1_389' title='bbox 607 3696 836 3752; x_wconf 83' lang='lat' dir='ltr'><strong>cons&#39;lio</strong></span> <span class='ocrx_word' id='word_1_390' title='bbox 889 3697 1069 3752; x_wconf 85' lang='lat' dir='ltr'><strong>domui</strong></span> <span class='ocrx_word' id='word_1_391' title='bbox 1102 3695 1319 3754; x_wconf 84' lang='lat' dir='ltr'><strong>Geraldi</strong></span> <span class='ocrx_word' id='word_1_392' title='bbox 1368 3700 1602 3767; x_wconf 82' lang='lat' dir='ltr'><strong>abbatis,</strong></span> <span class='ocrx_word' id='word_1_393' title='bbox 1630 3711 1685 3757; x_wconf 93' lang='lat' dir='ltr'><strong>et</strong></span> <span class='ocrx_word' id='word_1_394' title='bbox 1709 3703 1949 3758; x_wconf 90' lang='lat' dir='ltr'><strong>omnium</strong></span> <span class='ocrx_word' id='word_1_395' title='bbox 1998 3703 2110 3757; x_wconf 61' lang='lat' dir='ltr'><strong>frao</strong></span> 
     </span>
    </p>
   </div>
   <div class='ocr_carea' id='block_1_57' title="bbox 527 3785 2110 3857">
    <p class='ocr_par' dir='ltr' id='par_1_57' title="bbox 527 3785 2110 3857">
     <span class='ocr_line' id='line_1_57' title="bbox 527 3785 2110 3857; baseline 0.006 -19"><span class='ocrx_word' id='word_1_396' title='bbox 527 3794 691 3850; x_wconf 90' lang='lat' dir='ltr'><strong>trum,</strong></span> <span class='ocrx_word' id='word_1_397' title='bbox 725 3802 822 3857; x_wconf 90' lang='lat' dir='ltr'><strong>pro</strong></span> <span class='ocrx_word' id='word_1_398' title='bbox 845 3785 1116 3842; x_wconf 86' lang='lat' dir='ltr'><strong>defunctis</strong></span> <span class='ocrx_word' id='word_1_399' title='bbox 1142 3788 1397 3848; x_wconf 88' lang='lat' dir='ltr'><strong>fratribus</strong></span> <span class='ocrx_word' id='word_1_400' title='bbox 1423 3801 1728 3848; x_wconf 88' lang='lat' dir='ltr'><strong>statuerunt</strong></span> <span class='ocrx_word' id='word_1_401' title='bbox 1769 3794 2018 3856; x_wconf 90' lang='lat' dir='ltr'><strong>invicem,</strong></span> <span class='ocrx_word' id='word_1_402' title='bbox 2051 3802 2110 3848; x_wconf 91' lang='lat' dir='ltr'><strong>ut</strong></span> 
     </span>
    </p>
   </div>
   <div class='ocr_carea' id='block_1_58' title="bbox 526 3877 2114 3954">
    <p class='ocr_par' dir='ltr' id='par_1_58' title="bbox 526 3877 2114 3954">
     <span class='ocr_line' id='line_1_58' title="bbox 526 3877 2114 3954; baseline 0.006 -23"><span class='ocrx_word' id='word_1_403' title='bbox 526 3877 643 3946; x_wconf 86' lang='lat' dir='ltr'><strong>ipsa</strong></span> <span class='ocrx_word' id='word_1_404' title='bbox 668 3879 755 3933; x_wconf 90' lang='lat' dir='ltr'><strong>die</strong></span> <span class='ocrx_word' id='word_1_405' title='bbox 781 3893 885 3948; x_wconf 90' lang='lat' dir='ltr'><strong>qua</strong></span> <span class='ocrx_word' id='word_1_406' title='bbox 915 3878 1094 3934; x_wconf 81' lang='lat' dir='ltr'><strong>brevis</strong></span> <span class='ocrx_word' id='word_1_407' title='bbox 1133 3879 1302 3949; x_wconf 91' lang='lat' dir='ltr'><strong>ipsius</strong></span> <span class='ocrx_word' id='word_1_408' title='bbox 1335 3882 1558 3949; x_wconf 89' lang='lat' dir='ltr'><strong>veniret,</strong></span> <span class='ocrx_word' id='word_1_409' title='bbox 1601 3884 1824 3954; x_wconf 82' lang='lat' dir='ltr'><strong>pulsatis</strong></span> <span class='ocrx_word' id='word_1_410' title='bbox 1865 3885 2114 3940; x_wconf 89' lang='lat' dir='ltr'><strong>omnibus</strong></span> 
     </span>
    </p>
   </div>
   <div class='ocr_carea' id='block_1_59' title="bbox 528 3967 2114 4042">
    <p class='ocr_par' dir='ltr' id='par_1_59' title="bbox 528 3967 2114 4042">
     <span class='ocr_line' id='line_1_59' title="bbox 528 3967 2114 4042; baseline 0.006 -20"><span class='ocrx_word' id='word_1_411' title='bbox 528 3969 717 4038; x_wconf 78' lang='lat' dir='ltr'><strong>I&#39;gnis,</strong></span> <span class='ocrx_word' id='word_1_412' title='bbox 741 3967 1058 4038; x_wconf 78' lang='lat' dir='ltr'><strong>plenissima</strong></span> <span class='ocrx_word' id='word_1_413' title='bbox 1087 3970 1268 4042; x_wconf 86' lang='lat' dir='ltr'><strong>vigilia</strong></span> <span class='ocrx_word' id='word_1_414' title='bbox 1295 3982 1565 4039; x_wconf 87' lang='lat' dir='ltr'><strong>oraretur,</strong></span> <span class='ocrx_word' id='word_1_415' title='bbox 1595 3975 1648 4029; x_wconf 92' lang='lat' dir='ltr'><strong>in</strong></span> <span class='ocrx_word' id='word_1_416' title='bbox 1689 3975 1924 4032; x_wconf 87' lang='lat' dir='ltr'><strong>crastino</strong></span> <span class='ocrx_word' id='word_1_417' title='bbox 1963 3976 2114 4031; x_wconf 90' lang='lat' dir='ltr'><strong>simi-</strong></span> 
     </span>
    </p>
   </div>
   <div class='ocr_carea' id='block_1_60' title="bbox 528 4059 2112 4138">
    <p class='ocr_par' dir='ltr' id='par_1_60' title="bbox 528 4059 2112 4138">
     <span class='ocr_line' id='line_1_60' title="bbox 528 4059 2112 4138; baseline 0.006 -25"><span class='ocrx_word' id='word_1_418' title='bbox 528 4059 652 4114; x_wconf 90' lang='lat' dir='ltr'><strong>liter</strong></span> <span class='ocrx_word' id='word_1_419' title='bbox 701 4060 868 4117; x_wconf 89' lang='lat' dir='ltr'><strong>missa</strong></span> <span class='ocrx_word' id='word_1_420' title='bbox 920 4060 1257 4132; x_wconf 88' lang='lat' dir='ltr'><strong>plenissime,</strong></span> <span class='ocrx_word' id='word_1_421' title='bbox 1299 4074 1354 4120; x_wconf 90' lang='lat' dir='ltr'><strong>et</strong></span> <span class='ocrx_word' id='word_1_422' title='bbox 1407 4081 1579 4137; x_wconf 89' lang='lat' dir='ltr'><strong>usque</strong></span> <span class='ocrx_word' id='word_1_423' title='bbox 1629 4069 1696 4122; x_wconf 87' lang='lat' dir='ltr'><strong>ad</strong></span> <span class='ocrx_word' id='word_1_424' title='bbox 1748 4067 1864 4124; x_wconf 89' lang='lat' dir='ltr'><strong>dies</strong></span> <span class='ocrx_word' id='word_1_425' title='bbox 1907 4076 2112 4138; x_wconf 86' lang='lat' dir='ltr'><strong>septem</strong></span> 
     </span>
    </p>
   </div>
   <div class='ocr_carea' id='block_1_61' title="bbox 530 4150 2116 4228">
    <p class='ocr_par' dir='ltr' id='par_1_61' title="bbox 530 4150 2116 4228">
     <span class='ocr_line' id='line_1_61' title="bbox 530 4150 2116 4228; baseline 0.004 -22"><span class='ocrx_word' id='word_1_426' title='bbox 530 4150 816 4218; x_wconf 74' lang='lat' dir='ltr'><strong>similiter;</strong></span> <span class='ocrx_word' id='word_1_427' title='bbox 871 4155 964 4208; x_wconf 90' lang='lat' dir='ltr'><strong>sed</strong></span> <span class='ocrx_word' id='word_1_428' title='bbox 1015 4153 1185 4224; x_wconf 83' lang='lat' dir='ltr'><strong>signis</strong></span> <span class='ocrx_word' id='word_1_429' title='bbox 1230 4171 1336 4211; x_wconf 92' lang='lat' dir='ltr'><strong>non</strong></span> <span class='ocrx_word' id='word_1_430' title='bbox 1373 4157 1622 4227; x_wconf 89' lang='lat' dir='ltr'><strong>pulsatis,</strong></span> <span class='ocrx_word' id='word_1_431' title='bbox 1664 4158 1904 4228; x_wconf 89' lang='lat' dir='ltr'><strong>psalmus</strong></span> <span class='ocrx_word' id='word_1_432' title='bbox 1947 4156 2116 4215; x_wconf 78' lang='lat' dir='ltr'><strong>Verba</strong></span> 
     </span>
    </p>
   </div>
   <div class='ocr_carea' id='block_1_62' title="bbox 2201 1780 3792 1857">
    <p class='ocr_par' dir='ltr' id='par_1_62' title="bbox 2201 1780 3792 1857">
     <span class='ocr_line' id='line_1_62' title="bbox 2201 1780 3792 1857; baseline -0.005 -17"><span class='ocrx_word' id='word_1_433' title='bbox 2201 1799 2297 1857; x_wconf 88' lang='lat' dir='ltr'><strong>pro</strong></span> <span class='ocrx_word' id='word_1_434' title='bbox 2333 1783 2758 1840; x_wconf 84' lang='lat' dir='ltr'><strong>Karrofensibus</strong></span> <span class='ocrx_word' id='word_1_435' title='bbox 2798 1785 2919 1856; x_wconf 83' lang='lat' dir='ltr'><strong>plus</strong></span> <span class='ocrx_word' id='word_1_436' title='bbox 2949 1786 3157 1855; x_wconf 86' lang='lat' dir='ltr'><strong>agitur;</strong></span> <span class='ocrx_word' id='word_1_437' title='bbox 3189 1782 3424 1854; x_wconf 88' lang='lat' dir='ltr'><strong>triginta</strong></span> <span class='ocrx_word' id='word_1_438' title='bbox 3456 1781 3652 1836; x_wconf 88' lang='lat' dir='ltr'><strong>diebus</strong></span> <span class='ocrx_word' id='word_1_439' title='bbox 3693 1780 3792 1835; x_wconf 61' lang='lat' dir='ltr'><strong>sino</strong></span> 
     </span>
    </p>
   </div>
   <div class='ocr_carea' id='block_1_63' title="bbox 2200 1869 3790 1949">
    <p class='ocr_par' dir='ltr' id='par_1_63' title="bbox 2200 1869 3790 1949">
     <span class='ocr_line' id='line_1_63' title="bbox 2200 1869 3790 1949; baseline -0.007 -16"><span class='ocrx_word' id='word_1_440' title='bbox 2200 1869 2350 1949; x_wconf 83' lang='lat' dir='ltr'><strong>gulis</strong></span> <span class='ocrx_word' id='word_1_441' title='bbox 2380 1877 2531 1934; x_wconf 90' lang='lat' dir='ltr'><strong>horis</strong></span> <span class='ocrx_word' id='word_1_442' title='bbox 2568 1875 2806 1948; x_wconf 86' lang='lat' dir='ltr'><strong>psalmus</strong></span> <span class='ocrx_word' id='word_1_443' title='bbox 2846 1876 2983 1931; x_wconf 81' lang='lat' dir='ltr'><strong>Voce</strong></span> <span class='ocrx_word' id='word_1_444' title='bbox 3023 1893 3161 1940; x_wconf 84' lang='lat' dir='ltr'><strong>mea,</strong></span> <span class='ocrx_word' id='word_1_445' title='bbox 3190 1875 3257 1930; x_wconf 85' lang='lat' dir='ltr'><strong>ad</strong></span> <span class='ocrx_word' id='word_1_446' title='bbox 3286 1872 3538 1944; x_wconf 84' lang='lat' dir='ltr'><strong>psalmos</strong></span> <span class='ocrx_word' id='word_1_447' title='bbox 3568 1870 3790 1925; x_wconf 81' lang='lat' dir='ltr'><strong>familia-</strong></span> 
     </span>
    </p>
   </div>
   <div class='ocr_carea' id='block_1_64' title="bbox 2199 1964 3795 2042">
    <p class='ocr_par' dir='ltr' id='par_1_64' title="bbox 2199 1964 3795 2042">
     <span class='ocr_line' id='line_1_64' title="bbox 2199 1964 3795 2042; baseline -0.008 -15"><span class='ocrx_word' id='word_1_448' title='bbox 2199 1987 2308 2037; x_wconf 87' lang='lat' dir='ltr'><strong>res,</strong></span> <span class='ocrx_word' id='word_1_449' title='bbox 2339 1980 2394 2027; x_wconf 92' lang='lat' dir='ltr'><strong>ct</strong></span> <span class='ocrx_word' id='word_1_450' title='bbox 2434 1979 2558 2042; x_wconf 90' lang='lat' dir='ltr'><strong>post</strong></span> <span class='ocrx_word' id='word_1_451' title='bbox 2601 1970 2912 2034; x_wconf 90' lang='lat' dir='ltr'><strong>matutinos,</strong></span> <span class='ocrx_word' id='word_1_452' title='bbox 2950 1967 3120 2024; x_wconf 81' lang='lat' dir='ltr'><strong>Verba</strong></span> <span class='ocrx_word' id='word_1_453' title='bbox 3141 1983 3279 2022; x_wconf 78' lang='lat' dir='ltr'><strong>mea.</strong></span> <span class='ocrx_word' id='word_1_454' title='bbox 3311 1965 3590 2020; x_wconf 87' lang='lat' dir='ltr'><strong>Similiter</strong></span> <span class='ocrx_word' id='word_1_455' title='bbox 3629 1964 3795 2034; x_wconf 85' lang='lat' dir='ltr'><strong>agitur</strong></span> 
     </span>
    </p>
   </div>
   <div class='ocr_carea' id='block_1_65' title="bbox 2201 2057 3793 2134">
    <p class='ocr_par' dir='ltr' id='par_1_65' title="bbox 2201 2057 3793 2134">
     <span class='ocr_line' id='line_1_65' title="bbox 2201 2057 3793 2134; baseline -0.006 -18"><span class='ocrx_word' id='word_1_456' title='bbox 2201 2078 2301 2133; x_wconf 90' lang='lat' dir='ltr'><strong>pro</strong></span> <span class='ocrx_word' id='word_1_457' title='bbox 2346 2062 2766 2134; x_wconf 87' lang='lat' dir='ltr'><strong>congregatione</strong></span> <span class='ocrx_word' id='word_1_458' title='bbox 2795 2061 2965 2118; x_wconf 88' lang='lat' dir='ltr'><strong>sancti</strong></span> <span class='ocrx_word' id='word_1_459' title='bbox 3009 2060 3154 2116; x_wconf 90' lang='lat' dir='ltr'><strong>Petri</strong></span> <span class='ocrx_word' id='word_1_460' title='bbox 3197 2057 3591 2120; x_wconf 81' lang='lat' dir='ltr'><strong>Malliacensis,</strong></span> <span class='ocrx_word' id='word_1_461' title='bbox 3623 2064 3677 2110; x_wconf 89' lang='lat' dir='ltr'><strong>et</strong></span> <span class='ocrx_word' id='word_1_462' title='bbox 3705 2070 3793 2125; x_wconf 78' lang='lat' dir='ltr'><strong>pro</strong></span> 
     </span>
    </p>
   </div>
   <div class='ocr_carea' id='block_1_66' title="bbox 2202 2144 3792 2222">
    <p class='ocr_par' dir='ltr' id='par_1_66' title="bbox 2202 2144 3792 2222">
     <span class='ocr_line' id='line_1_66' title="bbox 2202 2144 3792 2222; baseline -0.006 -15"><span class='ocrx_word' id='word_1_463' title='bbox 2202 2154 2487 2209; x_wconf 89' lang='lat' dir='ltr'><strong>abbatibus</strong></span> <span class='ocrx_word' id='word_1_464' title='bbox 2532 2152 2966 2208; x_wconf 70' lang='lat' dir='ltr'><strong>Malliacensibus</strong></span> <span class='ocrx_word' id='word_1_465' title='bbox 3011 2150 3229 2222; x_wconf 88' lang='lat' dir='ltr'><strong>triginta</strong></span> <span class='ocrx_word' id='word_1_466' title='bbox 3279 2149 3476 2204; x_wconf 90' lang='lat' dir='ltr'><strong>diebus</strong></span> <span class='ocrx_word' id='word_1_467' title='bbox 3514 2144 3792 2217; x_wconf 69' lang='lat' dir='ltr'><strong>praebenda</strong></span> 
     </span>
    </p>
   </div>
   <div class='ocr_carea' id='block_1_67' title="bbox 2203 2233 3794 2310">
    <p class='ocr_par' dir='ltr' id='par_1_67' title="bbox 2203 2233 3794 2310">
     <span class='ocr_line' id='line_1_67' title="bbox 2203 2233 3794 2310; baseline -0.008 -11"><span class='ocrx_word' id='word_1_468' title='bbox 2203 2243 2438 2308; x_wconf 88' lang='lat' dir='ltr'><strong>dabitur,</strong></span> <span class='ocrx_word' id='word_1_469' title='bbox 2465 2250 2522 2297; x_wconf 87' lang='lat' dir='ltr'><strong>et</strong></span> <span class='ocrx_word' id='word_1_470' title='bbox 2551 2257 2739 2298; x_wconf 89' lang='lat' dir='ltr'><strong>omnes</strong></span> <span class='ocrx_word' id='word_1_471' title='bbox 2767 2241 2964 2296; x_wconf 87' lang='lat' dir='ltr'><strong>fratres</strong></span> <span class='ocrx_word' id='word_1_472' title='bbox 2991 2241 3160 2310; x_wconf 90' lang='lat' dir='ltr'><strong>ipsius</strong></span> <span class='ocrx_word' id='word_1_473' title='bbox 3184 2237 3288 2293; x_wconf 93' lang='lat' dir='ltr'><strong>loci</strong></span> <span class='ocrx_word' id='word_1_474' title='bbox 3319 2237 3377 2293; x_wconf 86' lang='lat' dir='ltr'><strong>in</strong></span> <span class='ocrx_word' id='word_1_475' title='bbox 3409 2233 3794 2306; x_wconf 72' lang='lat' dir='ltr'><strong>martyrologio</strong></span> 
     </span>
    </p>
   </div>
   <div class='ocr_carea' id='block_1_68' title="bbox 2202 2321 3796 2388">
    <p class='ocr_par' dir='ltr' id='par_1_68' title="bbox 2202 2321 3796 2388">
     <span class='ocr_line' id='line_1_68' title="bbox 2202 2321 3796 2388; baseline -0.009 0"><span class='ocrx_word' id='word_1_476' title='bbox 2202 2343 2390 2388; x_wconf 89' lang='lat' dir='ltr'><strong>nostro</strong></span> <span class='ocrx_word' id='word_1_477' title='bbox 2417 2332 2747 2388; x_wconf 90' lang='lat' dir='ltr'><strong>scribantur.</strong></span> <span class='ocrx_word' id='word_1_478' title='bbox 2778 2330 2884 2387; x_wconf 88' lang='lat' dir='ltr'><strong>Pro</strong></span> <span class='ocrx_word' id='word_1_479' title='bbox 2930 2329 3211 2385; x_wconf 89' lang='lat' dir='ltr'><strong>monachis</strong></span> <span class='ocrx_word' id='word_1_480' title='bbox 3259 2326 3439 2382; x_wconf 89' lang='lat' dir='ltr'><strong>sancti</strong></span> <span class='ocrx_word' id='word_1_481' title='bbox 3488 2323 3643 2379; x_wconf 87' lang='lat' dir='ltr'><strong>Pauli</strong></span> <span class='ocrx_word' id='word_1_482' title='bbox 3672 2321 3796 2376; x_wconf 76' lang='lat' dir='ltr'><strong>Cor-</strong></span> 
     </span>
    </p>
   </div>
   <div class='ocr_carea' id='block_1_69' title="bbox 2205 2417 3796 2494">
    <p class='ocr_par' dir='ltr' id='par_1_69' title="bbox 2205 2417 3796 2494">
     <span class='ocr_line' id='line_1_69' title="bbox 2205 2417 3796 2494; baseline -0.006 -15"><span class='ocrx_word' id='word_1_483' title='bbox 2205 2424 2584 2492; x_wconf 86' lang='lat' dir='ltr'><strong>meriacensis,</strong></span> <span class='ocrx_word' id='word_1_484' title='bbox 2627 2423 2792 2479; x_wconf 75' lang='lat' dir='ltr'><strong>breve</strong></span> <span class='ocrx_word' id='word_1_485' title='bbox 2839 2431 3083 2494; x_wconf 82' lang='lat' dir='ltr'><strong>accepto,</strong></span> <span class='ocrx_word' id='word_1_486' title='bbox 3113 2429 3235 2492; x_wconf 90' lang='lat' dir='ltr'><strong>post</strong></span> <span class='ocrx_word' id='word_1_487' title='bbox 3277 2417 3582 2491; x_wconf 89' lang='lat' dir='ltr'><strong>capitulum</strong></span> <span class='ocrx_word' id='word_1_488' title='bbox 3635 2417 3796 2487; x_wconf 80' lang='lat' dir='ltr'><strong>signis</strong></span> 
     </span>
    </p>
   </div>
   <div class='ocr_carea' id='block_1_70' title="bbox 2205 2515 3796 2593">
    <p class='ocr_par' dir='ltr' id='par_1_70' title="bbox 2205 2515 3796 2593">
     <span class='ocr_line' id='line_1_70' title="bbox 2205 2515 3796 2593; baseline -0.008 -19"><span class='ocrx_word' id='word_1_489' title='bbox 2205 2517 2543 2593; x_wconf 79' lang='lat' dir='ltr'><strong>sonantibus,</strong></span> <span class='ocrx_word' id='word_1_490' title='bbox 2597 2516 2825 2572; x_wconf 88' lang='lat' dir='ltr'><strong>facimus</strong></span> <span class='ocrx_word' id='word_1_491' title='bbox 2874 2515 3287 2578; x_wconf 89' lang='lat' dir='ltr'><strong>absolutionem,</strong></span> <span class='ocrx_word' id='word_1_492' title='bbox 3324 2521 3396 2567; x_wconf 71' lang='lat' dir='ltr'><strong>et</strong></span> <span class='ocrx_word' id='word_1_493' title='bbox 3445 2526 3546 2583; x_wconf 86' lang='lat' dir='ltr'><strong>per</strong></span> <span class='ocrx_word' id='word_1_494' title='bbox 3595 2519 3796 2580; x_wconf 81' lang='lat' dir='ltr'><strong>septem</strong></span> 
     </span>
    </p>
   </div>
   <div class='ocr_carea' id='block_1_71' title="bbox 2206 2605 3798 2681">
    <p class='ocr_par' dir='ltr' id='par_1_71' title="bbox 2206 2605 3798 2681">
     <span class='ocr_line' id='line_1_71' title="bbox 2206 2605 3798 2681; baseline -0.008 -14"><span class='ocrx_word' id='word_1_495' title='bbox 2206 2611 2320 2667; x_wconf 87' lang='lat' dir='ltr'><strong>dies</strong></span> <span class='ocrx_word' id='word_1_496' title='bbox 2357 2619 2559 2681; x_wconf 87' lang='lat' dir='ltr'><strong>septem</strong></span> <span class='ocrx_word' id='word_1_497' title='bbox 2586 2608 2758 2666; x_wconf 83' lang='lat' dir='ltr'><strong>oflicia</strong></span> <span class='ocrx_word' id='word_1_498' title='bbox 2785 2609 2943 2679; x_wconf 89' lang='lat' dir='ltr'><strong>plena</strong></span> <span class='ocrx_word' id='word_1_499' title='bbox 2975 2624 3099 2665; x_wconf 93' lang='lat' dir='ltr'><strong>cum</strong></span> <span class='ocrx_word' id='word_1_500' title='bbox 3135 2607 3361 2662; x_wconf 87' lang='lat' dir='ltr'><strong>totidem</strong></span> <span class='ocrx_word' id='word_1_501' title='bbox 3389 2605 3596 2670; x_wconf 86' lang='lat' dir='ltr'><strong>missis,</strong></span> <span class='ocrx_word' id='word_1_502' title='bbox 3623 2613 3679 2659; x_wconf 86' lang='lat' dir='ltr'><strong>et</strong></span> <span class='ocrx_word' id='word_1_503' title='bbox 3706 2618 3798 2674; x_wconf 73' lang='lat' dir='ltr'><strong>per</strong></span> 
     </span>
    </p>
   </div>
   <div class='ocr_carea' id='block_1_72' title="bbox 2209 2694 3798 2772">
    <p class='ocr_par' dir='ltr' id='par_1_72' title="bbox 2209 2694 3798 2772">
     <span class='ocr_line' id='line_1_72' title="bbox 2209 2694 3798 2772; baseline -0.006 -16"><span class='ocrx_word' id='word_1_504' title='bbox 2209 2701 2428 2772; x_wconf 88' lang='lat' dir='ltr'><strong>triginta</strong></span> <span class='ocrx_word' id='word_1_505' title='bbox 2471 2701 2586 2757; x_wconf 85' lang='lat' dir='ltr'><strong>dies</strong></span> <span class='ocrx_word' id='word_1_506' title='bbox 2618 2698 2787 2755; x_wconf 83' lang='lat' dir='ltr'><strong>Verba</strong></span> <span class='ocrx_word' id='word_1_507' title='bbox 2811 2716 2926 2754; x_wconf 85' lang='lat' dir='ltr'><strong>mea</strong></span> <span class='ocrx_word' id='word_1_508' title='bbox 2966 2708 3021 2754; x_wconf 90' lang='lat' dir='ltr'><strong>et</strong></span> <span class='ocrx_word' id='word_1_509' title='bbox 3054 2697 3187 2752; x_wconf 68' lang='lat' dir='ltr'><strong>Voce</strong></span> <span class='ocrx_word' id='word_1_510' title='bbox 3219 2713 3358 2752; x_wconf 86' lang='lat' dir='ltr'><strong>mea.</strong></span> <span class='ocrx_word' id='word_1_511' title='bbox 3392 2695 3668 2751; x_wconf 87' lang='lat' dir='ltr'><strong>Similiter</strong></span> <span class='ocrx_word' id='word_1_512' title='bbox 3693 2694 3798 2764; x_wconf 82' lang='lat' dir='ltr'><strong>agi-</strong></span> 
     </span>
    </p>
   </div>
   <div class='ocr_carea' id='block_1_73' title="bbox 2207 2786 3797 2864">
    <p class='ocr_par' dir='ltr' id='par_1_73' title="bbox 2207 2786 3797 2864">
     <span class='ocr_line' id='line_1_73' title="bbox 2207 2786 3797 2864; baseline -0.006 -16"><span class='ocrx_word' id='word_1_513' title='bbox 2207 2810 2326 2850; x_wconf 88' lang='lat' dir='ltr'><strong>mus</strong></span> <span class='ocrx_word' id='word_1_514' title='bbox 2375 2807 2472 2863; x_wconf 89' lang='lat' dir='ltr'><strong>pro</strong></span> <span class='ocrx_word' id='word_1_515' title='bbox 2503 2793 2920 2864; x_wconf 86' lang='lat' dir='ltr'><strong>congregatione</strong></span> <span class='ocrx_word' id='word_1_516' title='bbox 2957 2789 3269 2854; x_wconf 88' lang='lat' dir='ltr'><strong>Usercensi,</strong></span> <span class='ocrx_word' id='word_1_517' title='bbox 3306 2796 3363 2844; x_wconf 92' lang='lat' dir='ltr'><strong>et</strong></span> <span class='ocrx_word' id='word_1_518' title='bbox 3393 2801 3493 2857; x_wconf 85' lang='lat' dir='ltr'><strong>pro</strong></span> <span class='ocrx_word' id='word_1_519' title='bbox 3544 2786 3797 2840; x_wconf 71' lang='lat' dir='ltr'><strong>fratribus</strong></span> 
     </span>
    </p>
   </div>
   <div class='ocr_carea' id='block_1_74' title="bbox 2206 2877 3799 2954">
    <p class='ocr_par' dir='ltr' id='par_1_74' title="bbox 2206 2877 3799 2954">
     <span class='ocr_line' id='line_1_74' title="bbox 2206 2877 3799 2954; baseline -0.006 -14"><span class='ocrx_word' id='word_1_520' title='bbox 2206 2884 2531 2940; x_wconf 85' lang='lat' dir='ltr'><strong>Generensis</strong></span> <span class='ocrx_word' id='word_1_521' title='bbox 2561 2883 2980 2949; x_wconf 76' lang='lat' dir='ltr'><strong>monasterii,‘et</strong></span> <span class='ocrx_word' id='word_1_522' title='bbox 3001 2897 3099 2954; x_wconf 93' lang='lat' dir='ltr'><strong>pro</strong></span> <span class='ocrx_word' id='word_1_523' title='bbox 3131 2879 3418 2936; x_wconf 87' lang='lat' dir='ltr'><strong>monachis</strong></span> <span class='ocrx_word' id='word_1_524' title='bbox 3447 2880 3623 2934; x_wconf 89' lang='lat' dir='ltr'><strong>sancti</strong></span> <span class='ocrx_word' id='word_1_525' title='bbox 3668 2877 3799 2931; x_wconf 74' lang='lat' dir='ltr'><strong>Lan-</strong></span> 
     </span>
    </p>
   </div>
   <div class='ocr_carea' id='block_1_75' title="bbox 2210 2971 3794 3046">
    <p class='ocr_par' dir='ltr' id='par_1_75' title="bbox 2210 2971 3794 3046">
     <span class='ocr_line' id='line_1_75' title="bbox 2210 2971 3794 3046; baseline -0.006 -15"><span class='ocrx_word' id='word_1_526' title='bbox 2210 2977 2421 3033; x_wconf 88' lang='lat' dir='ltr'><strong>nomari</strong></span> <span class='ocrx_word' id='word_1_527' title='bbox 2463 2977 2654 3042; x_wconf 86' lang='lat' dir='ltr'><strong>Blesis,</strong></span> <span class='ocrx_word' id='word_1_528' title='bbox 2692 2985 2748 3032; x_wconf 92' lang='lat' dir='ltr'><strong>et</strong></span> <span class='ocrx_word' id='word_1_529' title='bbox 2799 2977 2884 3031; x_wconf 91' lang='lat' dir='ltr'><strong>die</strong></span> <span class='ocrx_word' id='word_1_530' title='bbox 2929 2991 3034 3046; x_wconf 94' lang='lat' dir='ltr'><strong>quo</strong></span> <span class='ocrx_word' id='word_1_531' title='bbox 3064 2975 3229 3030; x_wconf 83' lang='lat' dir='ltr'><strong>breve</strong></span> <span class='ocrx_word' id='word_1_532' title='bbox 3269 2973 3563 3029; x_wconf 85' lang='lat' dir='ltr'><strong>recitatum</strong></span> <span class='ocrx_word' id='word_1_533' title='bbox 3620 2971 3794 3033; x_wconf 70' lang='lat' dir='ltr'><strong>fixerit,</strong></span> 
     </span>
    </p>
   </div>
   <div class='ocr_carea' id='block_1_76' title="bbox 2209 3063 3797 3139">
    <p class='ocr_par' dir='ltr' id='par_1_76' title="bbox 2209 3063 3797 3139">
     <span class='ocr_line' id='line_1_76' title="bbox 2209 3063 3797 3139; baseline -0.005 -17"><span class='ocrx_word' id='word_1_534' title='bbox 2209 3069 2497 3139; x_wconf 81' lang='lat' dir='ltr'><strong>praebenda</strong></span> <span class='ocrx_word' id='word_1_535' title='bbox 2532 3068 2686 3137; x_wconf 88' lang='lat' dir='ltr'><strong>panis</strong></span> <span class='ocrx_word' id='word_1_536' title='bbox 2716 3076 2771 3122; x_wconf 89' lang='lat' dir='ltr'><strong>et</strong></span> <span class='ocrx_word' id='word_1_537' title='bbox 2801 3066 2931 3132; x_wconf 82' lang='lat' dir='ltr'><strong>viui,</strong></span> <span class='ocrx_word' id='word_1_538' title='bbox 2959 3074 3014 3121; x_wconf 93' lang='lat' dir='ltr'><strong>et</strong></span> <span class='ocrx_word' id='word_1_539' title='bbox 3049 3065 3219 3122; x_wconf 91' lang='lat' dir='ltr'><strong>sancti</strong></span> <span class='ocrx_word' id='word_1_540' title='bbox 3244 3064 3394 3120; x_wconf 89' lang='lat' dir='ltr'><strong>Petri</strong></span> <span class='ocrx_word' id='word_1_541' title='bbox 3425 3063 3797 3129; x_wconf 75' lang='lat' dir='ltr'><strong>Carnotensis,</strong></span> 
     </span>
    </p>
   </div>
   <div class='ocr_carea' id='block_1_77' title="bbox 2212 3150 3798 3223">
    <p class='ocr_par' dir='ltr' id='par_1_77' title="bbox 2212 3150 3798 3223">
     <span class='ocr_line' id='line_1_77' title="bbox 2212 3150 3798 3223; baseline -0.007 -9"><span class='ocrx_word' id='word_1_542' title='bbox 2212 3168 2268 3214; x_wconf 92' lang='lat' dir='ltr'><strong>et</strong></span> <span class='ocrx_word' id='word_1_543' title='bbox 2299 3167 2499 3213; x_wconf 63' lang='lat' dir='ltr'><strong>sanctae</strong></span> <span class='ocrx_word' id='word_1_544' title='bbox 2542 3157 2722 3212; x_wconf 77' lang='lat' dir='ltr'><strong>Maria:</strong></span> <span class='ocrx_word' id='word_1_545' title='bbox 2750 3155 3106 3218; x_wconf 85' lang='lat' dir='ltr'><strong>Guistrensis,</strong></span> <span class='ocrx_word' id='word_1_546' title='bbox 3151 3164 3204 3210; x_wconf 89' lang='lat' dir='ltr'><strong>et</strong></span> <span class='ocrx_word' id='word_1_547' title='bbox 3235 3155 3411 3210; x_wconf 88' lang='lat' dir='ltr'><strong>sancti</strong></span> <span class='ocrx_word' id='word_1_548' title='bbox 3444 3153 3710 3223; x_wconf 80' lang='lat' dir='ltr'><strong>Stephani</strong></span> <span class='ocrx_word' id='word_1_549' title='bbox 3737 3150 3798 3203; x_wconf 83' lang='lat' dir='ltr'><strong>de</strong></span> 
     </span>
    </p>
   </div>
   <div class='ocr_carea' id='block_1_78' title="bbox 2212 3243 3796 3318">
    <p class='ocr_par' dir='ltr' id='par_1_78' title="bbox 2212 3243 3796 3318">
     <span class='ocr_line' id='line_1_78' title="bbox 2212 3243 3796 3318; baseline -0.007 -14"><span class='ocrx_word' id='word_1_550' title='bbox 2212 3249 2444 3314; x_wconf 88' lang='lat' dir='ltr'><strong>Bcania;</strong></span> <span class='ocrx_word' id='word_1_551' title='bbox 2477 3264 2574 3318; x_wconf 89' lang='lat' dir='ltr'><strong>pro</strong></span> <span class='ocrx_word' id='word_1_552' title='bbox 2617 3248 2833 3306; x_wconf 87' lang='lat' dir='ltr'><strong>clericis</strong></span> <span class='ocrx_word' id='word_1_553' title='bbox 2879 3247 3049 3303; x_wconf 89' lang='lat' dir='ltr'><strong>sancti</strong></span> <span class='ocrx_word' id='word_1_554' title='bbox 3095 3246 3312 3301; x_wconf 73' lang='lat' dir='ltr'><strong>Martini</strong></span> <span class='ocrx_word' id='word_1_555' title='bbox 3342 3244 3411 3300; x_wconf 85' lang='lat' dir='ltr'><strong>&#39;de</strong></span> <span class='ocrx_word' id='word_1_556' title='bbox 3460 3243 3796 3297; x_wconf 75' lang='lat' dir='ltr'><strong>Ruricicnrte</strong></span> 
     </span>
    </p>
   </div>
   <div class='ocr_carea' id='block_1_79' title="bbox 2218 3323 3798 3411">
    <p class='ocr_par' dir='ltr' id='par_1_79' title="bbox 2218 3323 3798 3411">
     <span class='ocr_line' id='line_1_79' title="bbox 2218 3323 3798 3411; baseline -0.008 -15"><span class='ocrx_word' id='word_1_557' title='bbox 2218 3350 2328 3397; x_wconf 87' lang='lat' dir='ltr'><strong>tres</strong></span> <span class='ocrx_word' id='word_1_558' title='bbox 2363 3341 2574 3411; x_wconf 85' lang='lat' dir='ltr'><strong>vigilias</strong></span> <span class='ocrx_word' id='word_1_559' title='bbox 2601 3349 2657 3394; x_wconf 91' lang='lat' dir='ltr'><strong>et</strong></span> <span class='ocrx_word' id='word_1_560' title='bbox 2687 3349 2796 3395; x_wconf 89' lang='lat' dir='ltr'><strong>tres</strong></span> <span class='ocrx_word' id='word_1_561' title='bbox 2827 3340 3052 3404; x_wconf 89' lang='lat' dir='ltr'><strong>missas;</strong></span> <span class='ocrx_word' id='word_1_562' title='bbox 3078 3339 3252 3408; x_wconf 89' lang='lat' dir='ltr'><strong>prima</strong></span> <span class='ocrx_word' id='word_1_563' title='bbox 3282 3345 3465 3391; x_wconf 88' lang='lat' dir='ltr'><strong>tamen</strong></span> <span class='ocrx_word' id='word_1_564' title='bbox 3497 3336 3608 3399; x_wconf 90' lang='lat' dir='ltr'><strong>die,</strong></span> <span class='ocrx_word' id='word_1_565' title='bbox 3632 3323 3798 3404; x_wconf 77' lang='lat' dir='ltr'><strong>polsa-</strong></span> 
     </span>
    </p>
   </div>
   <div class='ocr_carea' id='block_1_80' title="bbox 2212 3425 3796 3504">
    <p class='ocr_par' dir='ltr' id='par_1_80' title="bbox 2212 3425 3796 3504">
     <span class='ocr_line' id='line_1_80' title="bbox 2212 3425 3796 3504; baseline -0.009 -16"><span class='ocrx_word' id='word_1_566' title='bbox 2212 3433 2282 3489; x_wconf 91' lang='lat' dir='ltr'><strong>tis</strong></span> <span class='ocrx_word' id='word_1_567' title='bbox 2329 3433 2521 3504; x_wconf 87' lang='lat' dir='ltr'><strong>signis,</strong></span> <span class='ocrx_word' id='word_1_568' title='bbox 2549 3432 2651 3487; x_wconf 92' lang='lat' dir='ltr'><strong>hoc</strong></span> <span class='ocrx_word' id='word_1_569' title='bbox 2702 3429 2841 3485; x_wconf 87' lang='lat' dir='ltr'><strong>idem</strong></span> <span class='ocrx_word' id='word_1_570' title='bbox 2897 3430 3107 3501; x_wconf 89' lang='lat' dir='ltr'><strong>agimus</strong></span> <span class='ocrx_word' id='word_1_571' title='bbox 3139 3443 3238 3498; x_wconf 88' lang='lat' dir='ltr'><strong>pro</strong></span> <span class='ocrx_word' id='word_1_572' title='bbox 3273 3425 3560 3482; x_wconf 87' lang='lat' dir='ltr'><strong>sororibus</strong></span> <span class='ocrx_word' id='word_1_573' title='bbox 3605 3432 3796 3504; x_wconf 72' lang='lat' dir='ltr'><strong>saneta:</strong></span> 
     </span>
    </p>
   </div>
   <div class='ocr_carea' id='block_1_81' title="bbox 2215 3512 3796 3590">
    <p class='ocr_par' dir='ltr' id='par_1_81' title="bbox 2215 3512 3796 3590">
     <span class='ocr_line' id='line_1_81' title="bbox 2215 3512 3796 3590; baseline -0.009 -10"><span class='ocrx_word' id='word_1_574' title='bbox 2215 3525 2394 3580; x_wconf 81' lang='lat' dir='ltr'><strong>Mariae</strong></span> <span class='ocrx_word' id='word_1_575' title='bbox 2424 3521 2857 3588; x_wconf 87' lang='lat' dir='ltr'><strong>Suessionensis;</strong></span> <span class='ocrx_word' id='word_1_576' title='bbox 2880 3521 3130 3577; x_wconf 88' lang='lat' dir='ltr'><strong>similiter</strong></span> <span class='ocrx_word' id='word_1_577' title='bbox 3154 3518 3369 3590; x_wconf 88' lang='lat' dir='ltr'><strong>agimus</strong></span> <span class='ocrx_word' id='word_1_578' title='bbox 3396 3532 3498 3588; x_wconf 91' lang='lat' dir='ltr'><strong>pro</strong></span> <span class='ocrx_word' id='word_1_579' title='bbox 3524 3512 3796 3570; x_wconf 84' lang='lat' dir='ltr'><strong>monachis</strong></span> 
     </span>
    </p>
   </div>
   <div class='ocr_carea' id='block_1_82' title="bbox 2213 3600 3795 3680">
    <p class='ocr_par' dir='ltr' id='par_1_82' title="bbox 2213 3600 3795 3680">
     <span class='ocr_line' id='line_1_82' title="bbox 2213 3600 3795 3680; baseline -0.01 -9"><span class='ocrx_word' id='word_1_580' title='bbox 2213 3614 2386 3671; x_wconf 86' lang='lat' dir='ltr'><strong>sancti</strong></span> <span class='ocrx_word' id='word_1_581' title='bbox 2434 3612 2575 3668; x_wconf 90' lang='lat' dir='ltr'><strong>Petri</strong></span> <span class='ocrx_word' id='word_1_582' title='bbox 2628 3610 3100 3674; x_wconf 89' lang='lat' dir='ltr'><strong>Solemniacensis,</strong></span> <span class='ocrx_word' id='word_1_583' title='bbox 3149 3622 3248 3680; x_wconf 91' lang='lat' dir='ltr'><strong>pro</strong></span> <span class='ocrx_word' id='word_1_584' title='bbox 3296 3606 3585 3662; x_wconf 85' lang='lat' dir='ltr'><strong>monachis</strong></span> <span class='ocrx_word' id='word_1_585' title='bbox 3631 3600 3795 3658; x_wconf 81' lang='lat' dir='ltr'><strong>sancti</strong></span> 
     </span>
    </p>
   </div>
   <div class='ocr_carea' id='block_1_83' title="bbox 2213 3694 3794 3773">
    <p class='ocr_par' dir='ltr' id='par_1_83' title="bbox 2213 3694 3794 3773">
     <span class='ocr_line' id='line_1_83' title="bbox 2213 3694 3794 3773; baseline -0.011 -11"><span class='ocrx_word' id='word_1_586' title='bbox 2213 3703 2434 3762; x_wconf 78' lang='lat' dir='ltr'><strong>Martini</strong></span> <span class='ocrx_word' id='word_1_587' title='bbox 2465 3701 2533 3758; x_wconf 91' lang='lat' dir='ltr'><strong>de</strong></span> <span class='ocrx_word' id='word_1_588' title='bbox 2566 3702 2806 3773; x_wconf 87' lang='lat' dir='ltr'><strong>Campis,</strong></span> <span class='ocrx_word' id='word_1_589' title='bbox 2853 3708 2978 3771; x_wconf 87' lang='lat' dir='ltr'><strong>post</strong></span> <span class='ocrx_word' id='word_1_590' title='bbox 3021 3698 3340 3769; x_wconf 86' lang='lat' dir='ltr'><strong>capitulum,</strong></span> <span class='ocrx_word' id='word_1_591' title='bbox 3384 3694 3794 3754; x_wconf 74' lang='lat' dir='ltr'><strong>absolutionem,</strong></span> 
     </span>
    </p>
   </div>
   <div class='ocr_carea' id='block_1_84' title="bbox 2213 3781 3796 3864">
    <p class='ocr_par' dir='ltr' id='par_1_84' title="bbox 2213 3781 3796 3864">
     <span class='ocr_line' id='line_1_84' title="bbox 2213 3781 3796 3864; baseline -0.011 -14"><span class='ocrx_word' id='word_1_592' title='bbox 2213 3806 2270 3851; x_wconf 91' lang='lat' dir='ltr'><strong>et</strong></span> <span class='ocrx_word' id='word_1_593' title='bbox 2318 3810 2478 3850; x_wconf 89' lang='lat' dir='ltr'><strong>uuam</strong></span> <span class='ocrx_word' id='word_1_594' title='bbox 2515 3793 2729 3864; x_wconf 80' lang='lat' dir='ltr'><strong>plenam</strong></span> <span class='ocrx_word' id='word_1_595' title='bbox 2775 3791 3034 3864; x_wconf 87' lang='lat' dir='ltr'><strong>vigiliam,</strong></span> <span class='ocrx_word' id='word_1_596' title='bbox 3085 3798 3141 3846; x_wconf 88' lang='lat' dir='ltr'><strong>et</strong></span> <span class='ocrx_word' id='word_1_597' title='bbox 3187 3804 3355 3844; x_wconf 89' lang='lat' dir='ltr'><strong>unam</strong></span> <span class='ocrx_word' id='word_1_598' title='bbox 3405 3788 3650 3843; x_wconf 83' lang='lat' dir='ltr'><strong>missam.</strong></span> <span class='ocrx_word' id='word_1_599' title='bbox 3698 3781 3796 3835; x_wconf 84' lang='lat' dir='ltr'><strong>Pro</strong></span> 
     </span>
    </p>
   </div>
   <div class='ocr_carea' id='block_1_85' title="bbox 2215 3879 3793 3958">
    <p class='ocr_par' dir='ltr' id='par_1_85' title="bbox 2215 3879 3793 3958">
     <span class='ocr_line' id='line_1_85' title="bbox 2215 3879 3793 3958; baseline -0.01 -16"><span class='ocrx_word' id='word_1_600' title='bbox 2215 3885 2633 3958; x_wconf 89' lang='lat' dir='ltr'><strong>congregatione</strong></span> <span class='ocrx_word' id='word_1_601' title='bbox 2669 3883 2920 3940; x_wconf 82' lang='lat' dir='ltr'><strong>Exiensis</strong></span> <span class='ocrx_word' id='word_1_602' title='bbox 2946 3881 3176 3938; x_wconf 74' lang='lat' dir='ltr'><strong>emnobii</strong></span> <span class='ocrx_word' id='word_1_603' title='bbox 3201 3888 3413 3951; x_wconf 89' lang='lat' dir='ltr'><strong>septem</strong></span> <span class='ocrx_word' id='word_1_604' title='bbox 3449 3879 3646 3933; x_wconf 84' lang='lat' dir='ltr'><strong>missas</strong></span> <span class='ocrx_word' id='word_1_605' title='bbox 3680 3889 3793 3928; x_wconf 80' lang='lat' dir='ltr'><strong>eum</strong></span> 
     </span>
    </p>
   </div>
   <div class='ocr_carea' id='block_1_86' title="bbox 2216 3966 3794 4048">
    <p class='ocr_par' dir='ltr' id='par_1_86' title="bbox 2216 3966 3794 4048">
     <span class='ocr_line' id='line_1_86' title="bbox 2216 3966 3794 4048; baseline -0.008 -17"><span class='ocrx_word' id='word_1_606' title='bbox 2216 3977 2437 4048; x_wconf 89' lang='lat' dir='ltr'><strong>vigiliis,</strong></span> <span class='ocrx_word' id='word_1_607' title='bbox 2464 3985 2520 4032; x_wconf 93' lang='lat' dir='ltr'><strong>et</strong></span> <span class='ocrx_word' id='word_1_608' title='bbox 2545 3976 2830 4046; x_wconf 81' lang='lat' dir='ltr'><strong>praebenda</strong></span> <span class='ocrx_word' id='word_1_609' title='bbox 2858 3975 2976 4045; x_wconf 87' lang='lat' dir='ltr'><strong>ipso</strong></span> <span class='ocrx_word' id='word_1_610' title='bbox 3015 3974 3103 4029; x_wconf 88' lang='lat' dir='ltr'><strong>die</strong></span> <span class='ocrx_word' id='word_1_611' title='bbox 3127 3988 3235 4043; x_wconf 90' lang='lat' dir='ltr'><strong>quo</strong></span> <span class='ocrx_word' id='word_1_612' title='bbox 3263 3972 3454 4026; x_wconf 83' lang='lat' dir='ltr'><strong>brevis</strong></span> <span class='ocrx_word' id='word_1_613' title='bbox 3485 3972 3540 4025; x_wconf 89' lang='lat' dir='ltr'><strong>in</strong></span> <span class='ocrx_word' id='word_1_614' title='bbox 3577 3966 3794 4038; x_wconf 87' lang='lat' dir='ltr'><strong>capitulo</strong></span> 
     </span>
    </p>
   </div>
   <div class='ocr_carea' id='block_1_87' title="bbox 2217 4056 3796 4136">
    <p class='ocr_par' dir='ltr' id='par_1_87' title="bbox 2217 4056 3796 4136">
     <span class='ocr_line' id='line_1_87' title="bbox 2217 4056 3796 4136; baseline -0.011 -9"><span class='ocrx_word' id='word_1_615' title='bbox 2217 4071 2554 4127; x_wconf 88' lang='lat' dir='ltr'><strong>recitabitur.</strong></span> <span class='ocrx_word' id='word_1_616' title='bbox 2583 4069 2696 4125; x_wconf 80' lang='lat' dir='ltr'><strong>Hoc</strong></span> <span class='ocrx_word' id='word_1_617' title='bbox 2742 4067 2900 4122; x_wconf 60' lang='lat' dir='ltr'><strong>idem”</strong></span> <span class='ocrx_word' id='word_1_618' title='bbox 2930 4065 2989 4121; x_wconf 84' lang='lat' dir='ltr'><strong>lit</strong></span> <span class='ocrx_word' id='word_1_619' title='bbox 3027 4079 3126 4136; x_wconf 87' lang='lat' dir='ltr'><strong>pro</strong></span> <span class='ocrx_word' id='word_1_620' title='bbox 3158 4063 3446 4121; x_wconf 86' lang='lat' dir='ltr'><strong>canonicis</strong></span> <span class='ocrx_word' id='word_1_621' title='bbox 3488 4060 3661 4118; x_wconf 79' lang='lat' dir='ltr'><strong>sancti</strong></span> <span class='ocrx_word' id='word_1_622' title='bbox 3686 4056 3796 4112; x_wconf 80' lang='lat' dir='ltr'><strong>Ste-</strong></span> 
     </span>
    </p>
   </div>
   <div class='ocr_carea' id='block_1_88' title="bbox 2215 4158 2937 4232">
    <p class='ocr_par' dir='ltr' id='par_1_88' title="bbox 2215 4158 2937 4232">
     <span class='ocr_line' id='line_1_88' title="bbox 2215 4158 2937 4232; baseline -0.003 -18"><span class='ocrx_word' id='word_1_623' title='bbox 2215 4160 2381 4232; x_wconf 89' lang='lat' dir='ltr'><strong>phani</strong></span> <span class='ocrx_word' id='word_1_624' title='bbox 2412 4159 2746 4231; x_wconf 82' lang='lat' dir='ltr'><strong>Agennensis</strong></span> <span class='ocrx_word' id='word_1_625' title='bbox 2771 4158 2937 4216; x_wconf 88' lang='lat' dir='ltr'><strong>sedis.</strong></span> 
     </span>
    </p>
   </div>
   <div class='ocr_carea' id='block_1_89' title="bbox 551 4339 3791 4389">
    <p class='ocr_par' dir='ltr' id='par_1_89' title="bbox 551 4339 3791 4389">
     <span class='ocr_line' id='line_1_89' title="bbox 551 4339 3791 4389; baseline 0.001 -9"><span class='ocrx_word' id='word_1_626' title='bbox 551 4339 3791 4389; x_wconf 36' lang='grc' dir='ltr'>Μ</span> 
     </span>
    </p>
   </div>
   <div class='ocr_carea' id='block_1_90' title="bbox 1103 4493 2097 4613">
    <p class='ocr_par' dir='ltr' id='par_1_90' title="bbox 1103 4493 2097 4613">
     <span class='ocr_line' id='line_1_90' title="bbox 1103 4493 2097 4613; baseline 0.002 -6"><span class='ocrx_word' id='word_1_627' title='bbox 1103 4493 1820 4613; x_wconf 88' lang='lat' dir='ltr'><strong>APPENDIX</strong></span> <span class='ocrx_word' id='word_1_628' title='bbox 1909 4497 2097 4612; x_wconf 87' lang='lat' dir='ltr'><strong>AD</strong></span> 
     </span>
    </p>
   </div>
   <div class='ocr_carea' id='block_1_91' title="bbox 2005 4700 2369 4723">
    <p class='ocr_par' dir='ltr' id='par_1_91' title="bbox 2005 4700 2369 4723">
     <span class='ocr_line' id='line_1_91' title="bbox 2005 4700 2369 4723; baseline -0.019 -3"><span class='ocrx_word' id='word_1_629' title='bbox 2005 4700 2369 4723; x_wconf 50' lang='lat' dir='ltr'><strong>W-</strong></span> 
     </span>
    </p>
   </div>
   <div class='ocr_carea' id='block_1_92' title="bbox 2212 4493 3230 4608">
    <p class='ocr_par' dir='ltr' id='par_1_92' title="bbox 2212 4493 3230 4608">
     <span class='ocr_line' id='line_1_92' title="bbox 2212 4493 3230 4608; baseline -0.011 0"><span class='ocrx_word' id='word_1_630' title='bbox 2212 4493 2331 4608; x_wconf 91' lang='lat' dir='ltr'><strong>S.</strong></span> <span class='ocrx_word' id='word_1_631' title='bbox 2434 4493 3230 4608; x_wconf 83' lang='lat' dir='ltr'><strong>GERALDUM.</strong></span> 
     </span>
    </p>
   </div>
   <div class='ocr_carea' id='block_1_93' title="bbox 1583 4817 2792 4914">
    <p class='ocr_par' dir='ltr' id='par_1_93' title="bbox 1583 4817 2792 4914">
     <span class='ocr_line' id='line_1_93' title="bbox 1583 4817 2792 4914; baseline -0.006 0"><span class='ocrx_word' id='word_1_632' title='bbox 1583 4817 2792 4914; x_wconf 80' lang='lat' dir='ltr'><strong>COMMEMORATIONES</strong></span> 
     </span>
    </p>
   </div>
   <div class='ocr_carea' id='block_1_94' title="bbox 669 5023 3700 5094">
    <p class='ocr_par' dir='ltr' id='par_1_94' title="bbox 669 5023 3700 5094">
     <span class='ocr_line' id='line_1_94' title="bbox 669 5023 3700 5094; baseline -0.003 -1"><span class='ocrx_word' id='word_1_633' title='bbox 669 5027 717 5093; x_wconf 74' lang='grc' dir='ltr'><strong>Δ</strong></span> <span class='ocrx_word' id='word_1_634' title='bbox 767 5023 1344 5094; x_wconf 65' lang='lat' dir='ltr'><strong>SYLVE-MAJOBIS</strong></span> <span class='ocrx_word' id='word_1_635' title='bbox 1391 5034 1739 5094; x_wconf 82' lang='lat' dir='ltr'><strong>MONACHIS</strong></span> <span class='ocrx_word' id='word_1_636' title='bbox 1774 5033 1912 5092; x_wconf 77' lang='lat' dir='ltr'><strong>PRO</strong></span> <span class='ocrx_word' id='word_1_637' title='bbox 1946 5027 2258 5090; x_wconf 77' lang='lat' dir='ltr'><strong>ALIARUM</strong></span> <span class='ocrx_word' id='word_1_638' title='bbox 2314 5029 2796 5090; x_wconf 75' lang='lat' dir='ltr'><strong>ECCLESIARUM</strong></span> <span class='ocrx_word' id='word_1_639' title='bbox 2841 5028 3145 5088; x_wconf 74' lang='lat' dir='ltr'><strong>ALUMNIS</strong></span> <span class='ocrx_word' id='word_1_640' title='bbox 3182 5027 3369 5087; x_wconf 80' lang='lat' dir='ltr'><strong>FlERl</strong></span> <span class='ocrx_word' id='word_1_641' title='bbox 3408 5027 3700 5086; x_wconf 71' lang='lat' dir='ltr'><strong>SOLILE.</strong></span> 
     </span>
    </p>
   </div>
   <div class='ocr_carea' id='block_1_95' title="bbox 1174 5199 2101 5286">
    <p class='ocr_par' dir='ltr' id='par_1_95' title="bbox 1174 5199 2082 5286">
     <span class='ocr_line' id='line_1_95' title="bbox 1174 5199 2082 5286; baseline -0.01 -17"><span class='ocrx_word' id='word_1_642' title='bbox 1174 5211 1471 5286; x_wconf 60' lang='lat' dir='ltr'><strong>(Murem,</strong></span> <span class='ocrx_word' id='word_1_643' title='bbox 1505 5210 1781 5275; x_wconf 60' lang='lat' dir='ltr'><strong>Thesaun,</strong></span> <span class='ocrx_word' id='word_1_644' title='bbox 1814 5199 2010 5263; x_wconf 61' lang='lat' dir='ltr'><strong>Anecd.</strong></span> <span class='ocrx_word' id='word_1_645' title='bbox 2040 5203 2082 5272; x_wconf 83' lang='grc'><strong>1,</strong></span> 
     </span>
    </p>
   </div>
   <div class='ocr_carea' id='block_1_96' title="bbox 2204 5199 3193 5286">
    <p class='ocr_par' dir='ltr' id='par_1_96' title="bbox 2204 5201 3193 5278">
     <span class='ocr_line' id='line_1_96' title="bbox 2204 5201 3193 5278; baseline -0.003 -18"><span class='ocrx_word' id='word_1_646' title='bbox 2204 5205 2246 5273; x_wconf 86' lang='lat' dir='ltr'><strong>l,</strong></span> <span class='ocrx_word' id='word_1_647' title='bbox 2273 5221 2340 5262; x_wconf 77' lang='lat' dir='ltr'><strong>ex</strong></span> <span class='ocrx_word' id='word_1_648' title='bbox 2369 5205 2686 5276; x_wconf 85' lang='lat' dir='ltr'><strong>Necrologio</strong></span> <span class='ocrx_word' id='word_1_649' title='bbox 2715 5201 3193 5278; x_wconf 66' lang='lat' dir='ltr'><strong>Sylva-Maioris.)</strong></span> 
     </span>
    </p>
   </div>
  </div>
