3960 5320
209 295 359 355 1081

672 298 1352 359 COMMEMORATIONES
1388 302 1741 361 SlLV'.-MAJ.
1784 303 1945 362 ΜΘΝ.
1985 307 2120 366 PRO
2155 305 2265 364 AL.
2310 306 2587 364 ECCLES.
2626 302 3024 363 DEFUNCTIS.

3342 299 3478 359 1082

285 412 345 467 2.
368 410 763 471 Canonicorum
806 416 978 471 sancti
1025 415 1330 484 Rmiliani,
1362 419 1524 474 missa
1558 419 1711 491 plena
1746 431 1799 477 et
1827 423 1875 478 Α
1966 422 2055 475 27.
2089 421 2218 477 Item
2247 421 2477 476 fratrum
2501 419 2699 475 Gratiae
2727 421 2843 487 Dei,
2876 420 3065 478 eodem
3098 413 3204 473 die.

204 502 425 572 vigilia.
452 502 523 558 26
552 502 815 559 Januarii.

286 589 342 648 5.
385 592 636 651 Fratrum
682 596 831 651 Casa:
860 597 976 663 Dei,
1012 599 1175 654 missa
1213 601 1370 668 plena
1416 611 1471 657 et
1512 602 1713 673 vigilia,
1742 612 1798 658 et

206 684 567 741 tricenarium
593 687 829 758 plenum,
860 689 1084 761 singulis
1112 692 1302 747 diebus
1321 694 1606 762 praebenda
1642 696 1798 765 panis

205 784 271 829 et
304 776 435 842 vini,
461 793 585 833 cum
614 779 834 849 reliquis
855 782 1012 837 cibis.
1045 784 1078 837 5
1107 783 1408 841 Februarii.

288 863 341 917 4.
380 866 581 930 Eodem
631 868 716 925 die
779 873 1165 928 canonicorum
1232 874 1408 932 sancti
1457 875 1680 933 Joannis
1731 878 1799 934 de

206 950 552 1015 Valentinas.
578 958 612 1015 5
640 961 943 1021 Februarii.

272 1049 343 1103 ’5.
372 1047 620 1107 Fratrum
668 1055 734 1109 de
763 1055 1035 1127 Borcieto,
1081 1059 1247 1118 missa
1289 1062 1444 1134 plena
1493 1072 1548 1119 et
1593 1063 1795 1136 vigilia.

211 1139 287 1195 15
314 1139 617 1198 Februarii.

287 1230 340 1285 6.
372 1231 621 1289 Fratrum
645 1236 817 1293 sancti
843 1237 998 1310 Eligii
1028 1239 1419 1309 Noviomensis,
1451 1247 1613 1300 missa
1642 1246 1797 1315 plena

211 1334 271 1379 et
297 1323 509 1394 vigilia;
538 1328 826 1398 praebenda
854 1346 975 1387 cum
1022 1334 1159 1391 cibis
1200 1334 1374 1392 danda
1407 1354 1422 1391 :
1455 1338 1681 1407 quilibet
1710 1354 1798 1393 sa-

211 1416 409 1471 crrdos
459 1417 600 1474 dicet
654 1434 817 1477 unam
866 1424 1108 1490 missam,
1144 1425 1234 1479 alii
1287 1437 1493 1496 septem
1539 1428 1794 1499 psalmos.

212 1505 375 1562 Feria
405 1522 459 1561 tv
486 1508 761 1566 Ciuerum.

240 1654 243 1655 ν
284 1597 337 1651 7.
370 1596 625 1654 Fratrum
652 1599 1087 1660 Pracmonstratae
1135 1606 1398 1676 ecclesia),
1431 1608 1597 1665 missa
1632 1618 1687 1664 et
1716 1608 1795 1666 vi-

162 1698 167 1707 ‘
210 1686 358 1757 gilia.
386 1688 449 1744 21
482 1688 783 1748 Februarii.

1968 512 2058 568 28.
2122 512 2521 567 Canonicorum
2570 521 2768 568 sancta:
2832 510 3015 565 Mariae
3080 506 3475 562 Laudunensis.

1900 605 1965 659 H
1991 604 2137 659 Jttlii.

1971 696 2061 752 29.
2113 696 2367 751 Fratrum
2423 697 2597 752 sancti
2653 695 2881 759 Severi,
2934 695 3104 750 tribus
3154 691 3479 764 pauperibus

1898 788 2185 859 prmbenda
2220 788 2396 852 datur,
2427 804 2547 841 cum
2579 789 2791 843 caeteris
2820 788 2980 842 cibis.
3016 786 3085 840 27
3116 783 3263 838 Julii.

1969 881 2060 936 50.
2104 879 2499 935 Canonicorum
2559 881 2729 935 sancti
2791 878 3050 949 Stephani
3100 874 3475 948 Agennensis,

1899 972 2064 1027 missa
2096 971 2309 1036 festive,
2337 982 2392 1026 et
2416 972 2596 1042 vigilia
2620 972 2797 1042 plena.
2819 971 2854 1026 4
2874 971 3121 1040 Augusti.

1970 1064 2058 1119 51.
2090 1065 2221 1118 Item
2252 1065 2635 1119 canonicorum
2672 1065 2736 1119 de
2762 1064 2985 1131 Castris,
3009 1064 3197 1119 eodem
3222 1062 3329 1117 die.

1969 1154 2059 1210 52.
2085 1154 2335 1211 Fratrum
2359 1154 2529 1210 sancti
2558 1154 2813 1223 Stephani
2838 1152 3258 1208 Lemovicensis.
3288 1150 3353 1204 12
3370 1150 3476 1205 Au-

1898 1244 2060 1314 gusti.

1968 1335 2056 1387 55.
2112 1334 2296 1389 Sancti
2356 1333 2579 1390 Joannis
2652 1331 2787 1388 Novi
2857 1331 3165 1389 monasterii
3220 1330 3475 1389 Pictavis.

1900 1423 1967 1479 16
1990 1424 2234 1495 Augusti.

1966 1517 2056 1572 54.
2087 1516 2339 1571 Fratrum
2365 1516 2432 1571 de
2457 1514 2789 1580 Cancellata,
2818 1513 2981 1568 missa
3012 1512 3200 1568 festive
3221 1520 3273 1567 ct
3301 1512 3475 1583 vigilia

1896 1606 2074 1678 plena.
2098 1606 2171 1661 25
2192 1606 2438 1677 Augusti.
3142 1672 3143 1675 η
3408 1678 3414 1683 _

1970 1699 2059 1753 55.
2083 1696 2802 1756 CanonicorumAusteusis
2821 1694 3080 1761 ecclesiae,
3106 1694 3267 1749 missa
3291 1693 3477 1748 festive

283 1780 335 1835 8.
367 1778 759 1839 Canonicorum
792 1784 1289 1857 Catalaunensium,
1334 1791 1498 1847 missa
1545 1792 1698 1862 plena
1741 1803 1798 1850 et
1826 1758 1873 1819 Β
1900 1799 1955 1845 et
1980 1788 2156 1861 vigilia
2184 1788 2359 1858 plena,
2393 1788 2581 1841 eodem
2616 1786 2722 1840 die.

213 1868 415 1941 vigilia.
446 1872 603 1929 Feria
627 1890 665 1929 tt
693 1884 815 1946 post
846 1878 1178 1939 Dominicam
1201 1897 1219 1937 ι
1244 1882 1698 1957 Quadragesimm.

284 1961 338 2016 9.
362 1961 613 2019 Fratrum
636 1966 1026 2025 Auriliacensis
1058 1975 1396 2042 monasterii,
1431 1978 1592 2033 missa
1633 1977 1795 2033 festa-

208 2053 279 2107 lis
301 2063 352 2109 et
381 2058 692 2125 praebenda.
730 2060 801 2113 27
828 2061 1129 2121 Februarii.

280 2147 368 2200 10.
414 2146 669 2205 Fratrum
706 2154 879 2207 sancti
916 2153 1125 2221 Severi,
1153 2158 1541 2214 canonicorum
1579 2160 1790 2216 Caesar-

212 2240 643 2308 augustensium,
677 2253 731 2298 et
755 2242 1216 2311 Lincolnensium,
1250 2259 1305 2303 et
1328 2248 1557 2304 fratrum
1606 2249 1791 2307 Sarla-

212 2328 471 2395 tensium,
495 2331 660 2385 missa
688 2333 844 2403 plena
878 2342 934 2389 et
970 2335 1169 2406 vigilia.
1212 2336 1279 2392 10
1309 2337 1507 2394 Martii.

280 2425 369 2479 11.
422 2426 677 2484 Fratrum
732 2428 1228 2499 Suessionensium,
1277 2433 1564 2502 praebenda
1618 2435 1793 2490 danda

208 2517 399 2574 eodem
430 2519 537 2574 die.
588 2556 591 2559 -
630 2545 635 2551 ι
977 2527 980 2531 ’

282 2609 370 2665 12.
421 2610 675 2668 Fratrum
706 2611 1124 2685 Figiaeensium,
1173 2616 1337 2671 missa
1370 2615 1524 2685 plena
1571 2624 1625 2672 et
1655 2615 1792 2688 vigi-

211 2703 308 2765 lia,
361 2705 648 2774 praebenda
689 2716 922 2777 quatuor
970 2708 1317 2779 pauperibus.
1370 2708 1528 2764 Feria
1574 2725 1630 2764 tv
1671 2718 1793 2779 post

208 2791 434 2848 ιιι-ἕπε.

282 2883 367 2938 15.
406 2884 752 2956 AquiCiensis
807 2891 1122 2947 monasterii
1152 2890 1406 2958 ofﬁcium,
1456 2892 1620 2949 missa
1667 2908 1790 2948 cum

206 2970 513 3045 pulsa-tione
558 2980 854 3050 signorum,
907 2982 1077 3037 tribus
1126 2984 1455 3054 pauperibus
1504 2984 1790 3054 praebenda

208 3068 389 3122 datur.
427 3069 495 3125 16
521 3070 720 3126 Martii.

284 3163 371 3217 14.
400 3164 618 3235 Majoris
649 3166 981 3224 Mnnasterii.
1020 3169 1084 3225 15
1112 3170 1331 3240 Aprilis.

284 3256 372 3311 15.
401 3255 857 3316 Commemoratio
884 3272 1167 3331 parentum
1198 3272 1253 3317 et
1280 3262 1511 3317 fratrum
1545 3262 1602 3318 S.
1630 3264 1785 3317 Aste—

210 3346 279 3401 r.i
311 3348 659 3405 confessoris.
692 3351 850 3407 Fcria
883 3368 919 3406 ιι
951 3354 1260 3423 incipientis
1288 3354 1573 3423 passionis.

286 3438 374 3493 16.
434 3439 832 3498 Canonicorum
894 3444 1525 3515 Caesaraugustensium,
1586 3446 1792 3511 missa,

212 3528 422 3599 vigilia,
452 3532 623 3588 tribus
656 3534 982 3604 pauperibus
1007 3533 1290 3605 prabenda
1316 3536 1493 3590 datur.
1527 3536 1595 3589 26
1630 3536 1793 3605 Apri-

209 3620 297 3676 lis.

283 3711 372 3765 17.
418 3712 671 3770 Fratrum
715 3715 1036 3773 Orbacensis
1064 3719 1403 3783 monasterii,
1440 3718 1603 3773 missa
1636 3717 1794 3790 plena

211 3813 268 3859 et
295 3807 499 3877 vigilia.
531 3811 591 3864 11
628 3810 775 3866 Maii.
1428 3877 1441 3888 ,

284 3898 374 3955 18.
424 3898 679 3956 Fratrum
728 3903 901 3958 sancti
956 3902 1254 3971 Martialis,
1295 3904 1582 3973 prtebenda
1635 3906 1796 3960 datur

210 4005 338 4046 cum
364 3991 586 4062 reliquis
612 3993 768 4050 cibis.
793 3996 827 4051 5
851 3993 1017 4051 Junii.

283 4083 372 4139 19.
406 4082 659 4140 Fratrum
710 4085 981 4143 Uticensis
1016 4088 1281 4155 ecclesiae,
1320 4088 1608 4160 praebenda
1637 4088 1797 4145 datur

208 4192 336 4235 cum
364 4178 591 4247 reliquis
618 4179 773 4247 cibis,
803 4180 995 4236 eodem
1021 4182 1131 4238 die.

278 4267 372 4322 20.
398 4266 651 4322 Fratrum
686 4268 1109 4326 Grandimontis.
1138 4270 1205 4326 18
1237 4270 1403 4327 Junii.

278 4360 370 4414 21.
405 4359 587 4416 Sancti
631 4359 778 4415 Petri
810 4361 876 4417 de
904 4360 1156 4430 Corbeia,
1186 4363 1406 4419 missam
1438 4361 1664 4435 quilibet
1704 4378 1796 4419 sa-

1969 1879 2223 1934 56.1mm
2275 1878 2504 1933 fratrum
2534 1877 2706 1933 sancti
2761 1876 2936 1932 lsuadi
2985 1876 3052 1931 de
3100 1875 3382 1945 Bardnnay
3424 1875 3477 1929 in

1896 1972 2107 2044 Anglia,
2138 1971 2327 2027 eodem
2359 1971 2462 2026 die.

1966 2066 2055 2121 57.
2111 2062 2505 2120 Canonicorum
2558 2061 2733 2116 sancti
2796 2059 3037 2129 Caprasii
3100 2060 3166 2115 de
3216 2049 3475 2130 Agenno,

1895 2158 2061 2212 missa
2092 2156 2247 2227 plena
2275 2162 2330 2209 et
2348 2152 2550 2223 vigilia,
2581 2160 2634 2208 et
2655 2150 2826 2207 tribus
2847 2151 3171 2223 pauperibus
3193 2151 3480 2222 praebenda

1895 2247 2076 2303 datur.
2109 2244 2175 2300 19
2209 2242 2559 2314 Septembris.

1964 2337 2051 2391 58.
2084 2334 2360 2390 lnchoatio
2392 2332 2665 2387 tricenarii
2712 2347 2810 2403 pro
2854 2329 3110 2385 fratribus
3151 2327 3320 2384 sancti
3352 2326 3477 2381 Dio-

1894 2428 2055 2501 nysii,
2087 2425 2311 2497 singulis
2351 2426 2507 2479 annis
2544 2424 2799 2479 reddendi
2829 2432 3019 2477 octavo
3055 2422 3171 2475 Kal.
3208 2419 3476 2476 Octobris.

1963 2522 2051 2579 59.
2077 2521 2326 2578 Fratrum
2355 2522 2421 2576 de
2446 2519 2729 2574 Belloloco.
2761 2519 2827 2573 10
2851 2518 3121 2574 Octobris.

1964 2619 2054 2675 40.
2082 2618 2474 2693 Canonicorum
2530 2612 2933 2684 Bajonensium,
2979 2612 3141 2666 missa
3184 2609 3377 2666 festive
3423 2616 3479 2665 et

1893 2714 2074 2784 vigilia
2113 2711 2291 2783 plena.
2319 2709 2385 2764 15
2410 2706 2677 2765 Octobris.

1964 2805 2050 2859 41.
2097 2802 2349 2857 Fratrum
2406 2801 2473 2856 de
2524 2805 2706 2855 monte
2732 2796 2975 2861 Cassino,
3025 2794 3187 2850 missa
3223 2793 3377 2865 plena
3425 2799 3480 2847 et

1892 2898 2094 2969 vigilia.
2128 2897 2192 2953 19
2223 2895 2489 2952 Octobris.
2730 2946 2733 2951 ,

1964 2994 2055 3049 42.
2110 2992 2359 3047 Fratrum
2410 2987 2583 3043 sancti
2636 2984 2848 3040 Martini
2898 2980 3265 3045 Guistrensis,
3316 2978 3477 3033 missa

1821 3100 1867 3162 ρ
1896 3087 2053 3159 plena
2082 3097 2136 3141 ct
2164 3083 2364 3155 vigilia.
2394 3084 2429 3138 5
2456 3078 2793 3136 Novembris.

1965 3178 2057 3233 45.
2101 3175 2353 3229 Fratmm
2398 3173 2463 3228 de
2506 3171 2710 3241 Burgo,
2744 3168 2907 3223 missa
2951 3166 3162 3232 festive,
3199 3173 3253 3220 et
3299 3161 3478 3234 vigilia

1894 3270 2068 3341 plena.
2098 3268 2131 3322 4
2168 3264 2504 3320 Novembris.

1965 3361 2055 3415 44.
2084 3358 2479 3416 Canonicorum
2522 3354 2877 3426 Aquensium,
2907 3351 3072 3406 missa
3114 3348 3268 3420 plena
3309 3356 3363 3401 et
3395 3344 3476 3398 vi-

1895 3456 2043 3530 gilia,
2082 3452 2271 3509 eodem
2304 3451 2413 3505 die.

1967 3547 2057 3601 45.
2111 3545 2364 3600 Fratrum
2411 3537 2952 3602 Solemniacensium,
2985 3535 3146 3589 missa
3196 3531 3381 3586 festive
3427 3537 3481 3582 et

1895 3634 2080 3707 vigilia
2104 3633 2284 3707 plena,
2314 3640 2367 3686 et
2392 3626 2679 3701 prmbenda
2706 3628 2877 3681 tribus
2905 3624 3256 3695 pauperibus,
3284 3620 3474 3675 eodem

1896 3730 2005 3784 die.

1967 3819 2057 3875 46.
2090 3810 2549 3874 Commemoratio
2576 3814 2802 3865 fratrum
2830 3803 3287 3864 Cluniacensium,
3316 3799 3478 3853 missa

1898 3912 2055 3984 plena
2103 3916 2157 3963 et
2210 3906 2412 3977 vigilia,
2445 3900 2671 3973 quilibet
2724 3896 2976 3953 sacerdos
3023 3909 3183 3948 unam
3235 3890 3479 3953 missam,

1898 4005 1988 4061 alii
2013 4011 2219 4073 septem
2246 3998 2497 4069 psalmos.
2539 3994 2607 4047 12
2634 3990 2975 4046 Novembris.

1966 4095 2058 4151 47.
2076 4072 2341 4148 Fratrum
2368 4087 2539 4143 sancti
2562 4083 2809 4148 Faronis,
2833 4081 2992 4135 missa
3023 4076 3178 4148 plena
3202 4083 3257 4131 ct
3282 4072 3478 4146 vigilia,

1897 4190 2085 4247 eodem
2107 4187 2213 4242 die.

1968 4280 2059 4337 48.
2084 4277 2151 4333 Et
2177 4273 2353 4333 sancti
2390 4269 2652 4342 Stephani
2698 4264 3081 4324 canonicorum
3130 4259 3196 4314 de
3226 4255 3483 4311 Maurita-

1898 4387 2023 4439 nea,
2048 4370 2211 4425 missa
2241 4364 2431 4421 festive
2457 4360 2513 4418 et
2553 4358 2733 4431 vigilia
2770 4356 2949 4428 plena,
2978 4362 3032 4409 et
3065 4347 3349 4421 praebenda
3391 4343 3484 4399 da~

207 4451 427 4514 eerdos,
485 4458 541 4506 et
585 4451 875 4521 prmbenda
927 4453 1089 4509 datur
1141 4453 1399 4511 tredecim
1448 4455 1790 4526 pauperibus.

1950 4480 2011 4528 ll‘,
2042 4460 2231 4518 eodem
2264 4456 2368 4512 die.

204 4544 295 4599 20.
320 4542 491 4598 Junii.

276 4635 368 4691 22.
417 4636 819 4693 Canonicorum
866 4638 1152 4696 Aturensis
1198 4640 1464 4708 ecclesia},
1495 4642 1661 4699 missa
1712 4641 1793 4699 fe-

209 4728 366 4795 stive,
398 4737 454 4784 et
476 4728 661 4799 vigilia
694 4729 876 4799 plena,
899 4731 1089 4787 eodem
1119 4730 1225 4786 die.

275 4819 369 4876 25.
404 4820 591 4878 Sancti
639 4820 864 4878 Joannis
890 4823 1317 4894 Angeliacensis,
1346 4822 1511 4880 missa
1545 4826 1699 4897 plena
1738 4838 1793 4884 et

211 4911 413 4983 vigilia,
444 4914 1080 4987 tricenarium‘plenum,
1110 4917 1326 4974 dabitur
1351 4917 1638 4988 prmbcnda
1668 4937 1792 4976 cum

214 5002 434 5075 reliquis
456 5006 614 5061 cibis.
644 5003 715 5059 25
743 5004 912 5061 Junii.

281 5090 371 5148 24.
400 5094 655 5150 Fratrum
686 5086 860 5152 sancti
889 5095 1038 5151 Pauli
1072 5098 1253 5153 Romae
1272 5104 1326 5154 et
1352 5101 1530 5157 Sancti
1560 5097 1703 5154 Petri
1728 5101 1798 5161 de

212 5182 393 5232 Panis-
422 5188 584 5232 missa
618 5185 809 5232 fi-slive
833 5194 887 5232 et
908 5187 1083 5232 vigilia
1114 5187 1284 5232 nlpnn-
1310 5185 1345 5232 Δ
1371 5183 1507 5232 Julii

1972 4556 2063 4612 49.
2095 4551 2489 4611 Canonicorum
2521 4545 2695 4603 sancti
2726 4540 2940 4599 Martini
2973 4538 3037 4594 de
3058 4536 3293 4599 Corona,
3320 4530 3487 4586 missa

1900 4652 2056 4724 plena
2083 4658 2137 4706 et
2156 4645 2359 4718 vigilia.
2395 4644 2461 4698 15
2490 4638 2827 4697 Novembris.
2955 4722 2962 4724 Α
3011 4722 3021 4724 _
3071 4720 3092 4724 _
3208 4720 3218 4724 _
3400 4711 3413 4723 .

1974 4741 2063 4797 50.
2119 4737 2516 4795 Canonicorum
2574 4728 2750 4786 sancti
2810 4722 3025 4780 Martini
3070 4720 3487 4777 Laudunensis,

1899 4836 2090 4891 eodem
2113 4832 2219 4888 die.

1973 4926 2062 4979 5|.
2093 4924 2347 4979 Fratrum
2368 4912 2678 4970 Solacensis
2706 4906 2967 4967 ecclesiae.
2996 4901 3030 4957 4
3061 4895 3393 4959 Decembris.

1974 5016 2063 5071 52.
2086 5011 2484 5071 Canonicorum
2512 5004 2688 5059 sancti
2717 4996 2972 5061 Amandi,
3003 4989 3293 5089 praebenda
3316 4983 3517 5051 datur,

1906 5110 2094 5167 eodem
2125 5108 2229 5164 die.
3365 5168 3377 5174 _
3468 5160 3483 5174 .

1981 5201 2044 5232 at!
2110 5201 2366 5232 Funus-nm
2411 5189 2583 5232 «επιειιί
2623 5183 2876 5232 ηρωίαἰί.
2921 5178 3089 5232 missa
3128 5175 3287 5232 ulena
3329 5168 3383 5218 ει
3424 5168 3523 5218 Ὑί·
