3960 5320
536 359 693 466 (1087

1614 385 1952 449 FOLCABDI
1988 379 2294 441 MONAClIl
2332 369 2756 434 SlTlllVENSlS

3669 345 3806 409 Ιωῧ

556 527 848 581 Remorum
870 515 1276 586 archiepiscopo
1305 527 1378 567 vn
1414 508 1595 564 Nonas
1625 508 1791 572 Maii;
1819 501 2126 560 Translatio
2153 503 2200 562 Α
2231 497 2370 553 villa:
2400 495 2485 552 vel
2515 493 2616 550 loci
2641 488 2733 560 qui
2773 485 2948 544 δῖιιιῖιι
2979 481 3282 541 dicebatur.
3316 477 3482 545 «ιοαιπ
3513 468 3804 527 εθειθδίθω

2635 582 2652 586 -
2742 579 2756 586 -
2831 579 2844 586 .
2927 576 2940 586 .
3011 575 3024 586 ι
3201 585 3206 586 ,
3262 568 3301 586 η
3356 562 3502 586 n_._:
3545 556 3780 586 -I‘A,.e‘h‘:

553 619 790 687 denique
817 616 870 670 in
903 615 1116 669 thecam
1148 608 1288 681 preti
1308 606 1527 662 isiorem
1549 601 1745 658 szecnlo
1775 615 1869 655 xm
1903 612 2000 668 per
2027 596 2124 651 Pe-

558 721 698 764 trum
743 708 1073 763 Morinorum
1117 703 1428 772 episcopum
1463 713 1576 754 ml
1606 695 1834 751 Kalend.
1872 690 2125 763 Augusti;

557 799 625 853 de
651 798 845 868 quibus
870 794 1011 850 infra
1043 793 1158 849 suis
1180 791 1332 848 locis.

629 892 682 944 7.
732 890 814 944 An
874 887 1122 942 Bertinus
1174 881 1486 940 monasterii
1550 877 1876 935 Sithivensis
1920 874 2130 946 primus

562 985 730 1040 abbas
777 982 961 1049 fuerit,
1008 979 1206 1034 merito
1235 973 1469 1032 dubitari
1498 980 1698 1043 potest.
1725 969 1971 1038 Scriptor
1992 965 2132 1022 Vita:

563 1075 623 1131 S.
657 1071 949 1129 Audomari
976 1067 1212 1140 episcopi
1235 1061 1656 1127 Tarvennensis,
1689 1059 1846 1116 edita:
1867 1056 2062 1113 saaculo
2092 1071 2130 1111 ιι

561 1164 786 1228 Bened.,
811 1162 1044 1235 primum
1087 1158 1263 1214 locum
1304 1155 1490 1211 tribuit
1515 1150 1881 1216 Mummolino,
1913 1147 2132 1204 Bertino

561 1253 880 1310 secundum.
939 1247 1172 1305 Joannes
1226 1245 1433 1316 lperius
1487 1257 1518 1297 e
1573 1239 1818 1308 catalogo
1878 1236 2133 1292 abbatum

565 1341 953 1398 Sithivensium
982 1338 1198 1409 penitus
1222 1331 1481 1404 expungit
1521 1327 1948 1393 Mummolinum,
1973 1337 2135 1395 quem

563 1431 782 1486 Bertino
793 1419 1536 1500 postponuntSammarthani
1553 1419 1603 1472 in
1616 1416 1789 1472 Gallia
1805 1412 2133 1496 Christiana,

566 1531 623 1576 at
644 1493 929 1599 immerito
949 1525 1116 1572 certe.
1149 1512 1424 1581 Siquidem
1471 1493 1850 1562 Mummolinus
1877 1503 1937 1558 Β.
1967 1495 2137 1572 Eligio

566 1593 827 1666 successit
855 1610 908 1664 in
928 1609 1112 1664 sedem
1142 1603 1627 1671 Noviomagensem
1657 1612 1800 1651 anno
1826 1593 1947 1657 669,
1978 1593 2139 1662 eique

567 1701 783 1773 praefuit
807 1718 898 1772 per
918 1697 1097 1770 viginti
1113 1705 1160 1752 et
1181 1711 1273 1751 sea:
1295 1709 1480 1758 annos,
1513 1697 1745 1747 testante
1768 1695 1988 1742 auctore
2004 1682 2138 1738 Vitae.

572 1790 629 1847 S.
673 1788 1007 1845 Audomari:
1042 1783 1373 1854 proindeqne
1421 1779 1575 1850 longe
1618 1785 1742 1832 ante
1773 1775 1830 1830 S.
1860 1773 2136 1829 Bertinum

576 1883 758 1936 vivere
807 1879 984 1934 desiit.
1039 1875 1165 1932 Veri
1218 1872 1392 1930 simile
1437 1879 1522 1928 est
1573 1865 1981 1923 Mummolinum
2030 1863 2139 1934 'per

571 1986 741 2027 annos
771 1985 861 2025 xxv
892 1975 1015 2023 ante
1042 1965 1230 2021 initam
1261 1965 1442 2019 sedem
1475 1957 1836 2031 episcopalem
1860 1953 2139 2025 prmfuisse

535 2127 546 2132 ο
573 2065 824 2122 abbatem
848 2059 1020 2122 Veteri
1036 2052 1377 2121 Monasterio',
1397 2053 1538 2123 quod
1564 2058 1756 2105 nomen
1777 2047 1946 2118 ipsius
1961 2047 2142 2101 hacte-

574 2171 677 2210 rius
722 2152 971 2216 retinuit;
1003 2159 1058 2204 et
1094 2139 1277 2204 curam
1326 2144 1581 2200 habuisse
1613 2141 1831 2195 fabrica:
1866 2136 1991 2193 novi
2029 2149 2142 2190 mo-

575 2246 798 2302 nasterii
856 2241 1214 2305 Sithivensis;
1263 2250 1370 2292 non
1421 2241 1602 2289 tamen
1651 2223 1734 2284 'eo
1785 2228 1886 2283 loci
1941 2225 2144 2281 rexisse

574 2337 888 2401 monachos,
943 2331 1046 2387 nisi
1095 2329 1234 2384 forte
1280 2325 1347 2380 ad
1396 2324 1561 2380 breve
1611 2332 1844 2391 tempus,
1890 2333 1954 2374 co
2001 2313 2143 2386 quod

575 2429 794 2483 vixdum
831 2424 1071 2497 perfecto
1123 2417 1372 2475 coenobio
1414 2422 1600 2484 raptus
1641 2412 1712 2467 sit
1748 2410 1814 2466 ad
1863 2409 2141 2479 episcopa-

577 2530 720 2580 tum;
763 2531 884 2571 mox
907 2528 1034 2582 vero
1059 2511 1338 2567 Bertinum
1363 2506 1580 2562 fabricze
1627 2517 1933 2574 supremam
1975 2500 2146 2569 impo-

577 2611 754 2669 suisse
782 2622 1021 2672 manum,
1046 2613 1101 2660 et
1129 2601 1352 2659 colonia:
1388 2597 1775 2654 monachorum
1801 2592 2144 2665 praepositum

575 2700 761 2756 fuisse.

650 2791 703 2845 8.
746 2787 1054 2844 Sitbivense
1099 2799 1192 2840 seu
1242 2781 1515 2838 Sithiense
1565 2775 1952 2834 monasterium
2007 2788 2148 2828 anno

581 2884 727 2939 circa
753 2881 857 2935 660
882 2878 1137 2934 aedificari
1185 2885 1421 2945 coeptum
1466 2873 1518 2927 in
1552 2885 1690 2942 pago
1721 2866 2078 2930 Tarvennico,
2117 2880 2148 2918 a

580 2973 753 3044 prima
782 2971 860 3026 sui
885 2969 1094 3037 origine
1117 2964 1533 3036 amplissimum,
1557 2961 1820 3014 hactenus
1846 2958 1904 3012 S.
1947 2954 2148 3009 Bertini

582 3065 798 3120 nomine
821 3060 1144 3123 celebratur,
1171 3045 1435 3111 inclusum
1485 3051 1654 3107 muris
1682 3045 2145 3116 Audomaropolis,

2167 1834 2213 1893 Β

2227 589 2286 644 Β.
2342 586 2590 642 Bcrtinus
2628 556 2873 636 fundavit
2926 576 2979 630 in
3011 575 3214 628 honore
3262 568 3322 622 Β.
3354 562 3506 619 Petri
3543 556 3802 629 apostoli.

2229 679 2319 747 qui
2349 676 2526 730 adhuc
2568 685 2710 727 nunc
2736 677 2820 725 est
2861 675 2918 721 et
2952 664 3116 719 Pater
3161 667 3215 715 et
3263 666 3558 728 patronus.
3610 647 3808 747 [deinde

2229 738 2291 826 Β.
2322 767 2383 822 Ρ.
2414 764 2634 820 Bertino
2665 771 2890 815 numero
2912 762 3222 810 sanctorum
3256 748 3516 806 adaucto,
3542 738 3671 810 quia
3701 738 3809 806 ipse

2230 861 2438 931 primus
2467 853 2722 910 fundator
2743 855 2929 903 noster
2958 842 3264 905 exstiterat,
3302 835 3375 890 ab
3400 848 3470 888 eo
3495 829 3812 886 denomina-

2233 922 2319 1011 tus
2343 963 2427 1011 est
2449 951 2602 1006 locus
2632 941 3022 1001 monasterium
3073 937 3132 992 S.
3163 932 3370 990 Bertini
3402 925 3721 985 Sithiensis.
3751 922 3812 977 Et

2233 1056 2293 1103 ut
2344 1041 2579 1100 nominis
2617 1030 3051 1104 recompensatio
3103 1027 3280 1090 fieret,
3341 1025 3671 1077 constructa
3719 1013 3812 1067 fuit

2233 1135 2464 1195 ecclesia
2494 1133 2555 1186 Β.
2580 1129 2742 1184 Petro
2769 1124 2834 1180 ad
2860 1117 3254 1179 occidentalem
3287 1123 3506 1187 partem
3537 1106 3725 1179 templi
3750 1104 3810 1161 ad

2233 1232 2445 1303 plagam
2499 1216 3006 1294 septentrionalem,
3053 1229 3086 1269 a
3137 1227 3242 1283 qua
3284 1209 3472 1264 adhuc
3513 1203 3813 1259 nominatur

2234 1293 2389 1395 porla
2439 1318 2497 1374 S.
2535 1293 2682 1372 Petri
2719 1310 2941 1366 ibidem.
2985 1306 3151 1361 Beato
3197 1315 3328 1357 vero
3383 1297 3638 1354 Martino
3681 1293 3812 1347 facta

2237 1385 2340 1473 fuit
2364 1407 2594 1468 ecclesia
2630 1404 2789 1476 juxta
2819 1401 2968 1456 illam
2995 1412 3116 1469 qua
3149 1409 3318 1451 nunc-
3340 1400 3430 1448 est
3461 1385 3815 1462 parrochialis

2238 1505 2468 1564 ecclesia
2495 1503 2551 1559 S.
2579 1499 2795 1557 Martini
2823 1495 2879 1554 in
2909 1495 3102 1552 insula.
3137 1493 3205 1549 Et
3249 1493 3399 1548 inter
3443 1489 3594 1545 duas
3624 1487 3722 1541 has
3741 1498 3816 1538 ec-

2239 1603 2433 1659 clesias
2463 1605 2777 1656 sanctorum
2808 1592 2953 1650 Petri
2979 1599 3034 1646 et
3059 1587 3273 1644 Martini
3301 1585 3523 1640 factum
3546 1588 3638 1636 est
3663 1579 3820 1648 hospi-

2241 1695 2348 1752 tale
2371 1706 2672 1765 pauperum
2703 1701 2798 1744 seu
2835 1685 3028 1741 domus
3066 1680 3470 1750 eleemosynaa;
3507 1674 3600 1728 via
3624 1685 3819 1742 quoque

2238 1761 2453 1860 patens,
2485 1761 2594 1856 iper
2645 1793 2807 1853 quam
2841 1777 2916 1847 de:
2937 1789 3043 1831 una
3072 1771 3303 1828 ecclesia
3331 1769 3404 1823 ad
3439 1766 3642 1828 aliain,
3673 1777 3736 1817 ac
3760 1761 3818 1816 de

2241 1857 2490 1951 hospitali
2542 1876 2610 1930 ad
2657 1882 2941 1939 utramque
2976 1866 3196 1938 patebat
3243 1865 3560 1935 ingressus.
3612 1857 3819 1913 Demum

2244 1974 2368 2044 igne
2395 1966 2621 2024 fortuito
2653 1957 2988 2029 consumptis
3036 1953 3283 2011 ecclesiis
3333 1952 3642 2005 beatorum
3696 1943 3820 1998 Petri

2245 2037 2477 2135 apostoli
2500 2074 2564 2113 ac
2594 2052 2822 2117 Bertini,
2853 2059 3096 2118 tempore
3125 2044 3310 2101 domni
3366 2037 3644 2096 Roderici
3677 2037 3821 2090 abba-

2241 2126 2313 2210 tis
2352 2152 2464 2226 (qui
2511 2163 2650 2204 anno
2692 2143 2826 2199 1021
2882 2155 3103 2222 privasse
3130 2134 3301 2206 (cepit)
3336 2131 3670 2188 ordinatum
3717 2126 3821 2185 fuit,

2243 2216 2399 2318 quod
2433 2241 2612 2298 adhuc
2654 2235 2817 2292 hodie
2878 2220 3148 2294 servatur,
3209 2225 3354 2298 quod
3412 2221 3611 2291 templi
3669 2216 3822 2272 nostri

2243 2315 2418 2406 majus
2443 2333 2631 2394 altare,
2681 2328 2790 2383 imo
2840 2325 3135 2394 ipsummet
3170 2315 3437 2388 templum
3467 2325 3695 2382 semper
3711 2323 3822 2363 coe-

2245 2403 2496 2487 sec'ratur
2532 2422 2586 2477 in
2635 2420 2840 2476 honore
2888 2415 2948 2468 Β.
2992 2410 3171 2468 Mariae
3221 2404 3492 2478 Virginis,
3553 2403 3822 2457 beatorum

2244 2528 2418 2592 apost.
2450 2513 2599 2572 Petri
2645 2519 2700 2568 et
2740 2507 2890 2566 Pauli
2948 2514 3110 2574 atque
3158 2501 3219 2554 Β.
3251 2496 3464 2553 Bertini
3499 2490 3823 2548 confessoris

2245 2579 2446 2669 Christi
2467 2625 2483 2676 ;
2511 2602 2811 2662 secundum
2827 2614 2958 2656 vero
2973 2594 3142 2652 altare
3163 2590 3217 2644 in
3241 2601 3352 2659 quo
3371 2585 3516 2641 solet
3545 2583 3655 2637 dici
3677 2579 3824 2634 missa

2247 2697 2608 2761 matutinalis,
2666 2704 2882 2763 semper
2936 2683 3318 2758 appropriatur
3371 2684 3430 2732 ct
3483 2680 3828 2730 consecratur

2249 2796 2302 2850 in
2345 2794 2552 2847 honore
2578 2786 2635 2842 S.
2664 2781 2882 2840 Martini
2913 2773 3244 2834 Turonensis
3283 2768 3556 2841 episcOpi.
3590 2785 3610 2818 ι
3645 2763 3831 2820 Hacte-

2247 2893 2349 2938 u‘us
2375 2879 2599 2952 lperius.
2740 2887 2742 2890 '

2321 2944 2415 3029 10:
2450 2970 2596 3026 lstud
2626 2964 2944 3029 asceterium
2967 2967 3113 3015 tanta
3135 2953 3400 3024 religione
3423 2959 3480 3006 et
3502 2955 3710 3004 sancta
3733 2944 3829 2997 Re-

2252 3063 2388 3137 gulae
2413 3062 2556 3117 cultu
2589 3073 2686 3128 per
2713 3056 2891 3111 varias
2911 3048 3222 3107 alternantis
3244 3045 3500 3099 humanm
3514 3035 3830 3094 conditionis

581 3149 879 3223 ηυτείυνὶιέ
915 3163 944 3202 ³
990 3138 1324 3200 ¹ῖ¹⁰¹¹³³ῑθνίίλ
1349 3141 1662 3197 (θίθὶπίίθῑο
1707 3147 1848 3202 οτῑθν
1889 3137 1958 3230 ab
1998 3136 2150 3230 33"“
2180 3173 2220 3230 ο
2254 3129 2403 3212 vices
2432 3152 2612 3208 floruit
2640 3190 2655 3216 ,
2693 3167 2712 3200 ι
2747 3157 2807 3202 ιιι
2835 3147 2901 3202 de
2944 3141 3130 3212 viginti
3189 3139 3402 3192 duobus
3454 3133 3661 3189 sanctis
3701 3129 3830 3184 illius

587 3252 804 3299 centum
836 3237 1088 3294 cathedra
1121 3233 1408 3306 episcopali
1447 3232 1646 3286 donata
1675 3238 1780 3294 est,
1811 3228 1990 3284 excisa
2017 3226 2151 3280 Tar-

587 3349 784 3390 venna.
815 3331 1016 3400 Duplex
1046 3329 1158 3382 fere
1183 3343 1211 3380 a
1243 3325 1473 3381 cmnohii
1507 3322 1816 3394 primordiis
1861 3327 2156 3375 conventus

589 3424 980 3480 monachorum
1026 3417 1187 3474 isthic
1238 3411 1375 3478 l-uit,‘
1409 3429 1548 3469 unus
1583 3412 1800 3483 quidem
1849 3412 1901 3466 in
1929 3409 1984 3465 S.
2009 3409 2156 3465 Petri

593 3513 841 3577 basilica,
857 3519 1111 3567 constans
1135 3505 1412 3562 monachis
1434 3514 1649 3559 centum
1669 3512 1722 3558 et
1742 3487 2154 3572 quinquaginta;

593 3602 730 3658 alter
761 3602 813 3656 in
843 3599 900 3655 S.
929 3597 1110 3674 Marias
1136 3595 1375 3672 ecclesia“
1397 3590 1695 3648 cosmeterii
1726 3591 1845 3645 loco
1875 3590 2155 3652 aedificata,

593 3697 797 3752 habens
817 3693 1116 3749 emnobitas
1141 3687 1514 3760 quadraginta,
1547 3677 1682 3754 quos
1728 3681 2040 3754 Fridogisus
2067 3681 2160 3735 ab-

597 3785 695 3874 bas
725 3785 999 3843 smcularis
1024 3785 1311 3840 saeculares
1340 3784 1630 3840 canonicos
1668 3779 1811 3836 fecit.
1837 3777 1894 3832 in
1942 3777 2045 3831 hac
2066 3776 2159 3830 de-

531 3957 534 3960 .
593 3871 740 3938 mum
771 3881 828 3935 S.
859 3879 1039 3934 Marim
1070 3878 1293 3934 basilica
1341 3877 1497 3933 sedes
1526 3872 1850 3946 episc0palis
1876 3879 2076 3934 erecta,
2105 3869 2158 3922 in

595 3973 701 4030 alia
755 3983 928 4028 coetus
990 3969 1376 4024 monachorum
1443 3973 1774 4038 perseverat.
1831 3960 2164 4017 Procedente

535 4059 539 4064 ’
595 4077 836 4137 tempore
866 4063 1024 4119 isthic
1045 4063 1230 4124 etiam,
1262 4070 1322 4115 ut
1366 4069 1423 4114 et
1468 4059 1594 4113 alibi
1654 4056 1874 4130 passim,
1915 4052 2165 4109 admissa:

593 4170 721 4215 sunt
768 4153 1225 4216 sanctiinOniales,
1272 4167 1407 4222 quas
1457 4149 1746 4205 Conversus
1797 4145 2161 4218 appellabant,

591 4251 852 4323 Gregorio
901 4263 1040 4305 nono
1091 4245 1349 4318 pontifice
1396 4258 1494 4314 per
1525 4241 1831 4298 Romanum
1882 4239 1943 4295 S.
1976 4236 2163 4307 Angeli

577 4346 878 4422 diaconum
905 4333 1234 4399 cardinalem
1269 4337 1524 4408 expulsze.
1561 4355 1579 4388 ‹
1613 4335 1782 4390 Erant
1820 4341 1968 4397 tunc,
1993 4331 2165 4400 inquit

593 4437 814 4508 lpcrius,
844 4450 958 4504 cap.
1005 4433 1094 4496 46,
1121 4440 1272 4501 parte
1300 4445 1393 4493 xx,
1451 4428 1503 4482 in
1545 4429 1648 4482 hoc
1694 4423 2022 4480 monasterio
2054 4437 2168 4477 mo-

2255 3245 2495 3303 ecclesiae
2516 3239 2796 3296 monachis
2818 3237 2929 3308 jam
2954 3231 3269 3286 solomnizct
3296 3225 3545 3282 Ecclesia
3573 3264 3588 3288 ,
3621 3239 3640 3274 ι
3668 3220 3830 3288 inquit

2254 3337 2461 3410 lperius
2490 3335 2542 3390 in
2569 3331 2814 3401 Prologo.
2847 3325 3044 3396 Viginti
3073 3323 3311 3393 quinque
3339 3326 3595 3372 numerat
3617 3313 3831 3368 Loci-ius

2257 3406 2312 3484 in
2343 3424 2615 3481 Chronico
2646 3419 2884 3490 Belgica,
2921 3414 3174 3468 nimirum
3203 3408 3487 3478 Bertinum
3516 3406 3764 3459 abbatem
3786 3411 3831 3453 et

2257 3513 2491 3574 cmnobii
2521 3510 2851 3567 conditorem
2876 3545 2890 3571 ,
2940 3503 3356 3558 Ebertramnum
3395 3495 3647 3550 abbatem
3681 3492 3836 3544 Vero.

2258 3588 2604 3664 mandensem
2632 3641 2648 3670 ,
2680 3598 3022 3655 Walbertnnr
3058 3593 3346 3653 comitem,
3403 3589 3632 3658 ejusque
3677 3583 3833 3637 tilium

2259 3697 2537 3752 Bcrtinum
2583 3705 2842 3763 parvum,
2896 3681 3316 3741 Mummolenum
3359 3677 3832 3745 Noviomagcnsem

2261 3787 2603 3860 episcopum,
2654 3779 2980 3834 Winnocum
3011 3773 3258 3828 abbatem
3299 3754 3831 3825 Uvoromholtensem

2262 3895 2384 3935 cum
2405 3877 2728 3946 Quadanoco
2748 3911 2762 3936 ,
2797 3870 3059 3938 lngenoco
3079 3905 3093 3929 ,
3143 3873 3197 3918 et
3234 3860 3461 3915 Madoco
3507 3858 3626 3928 ejus
3652 3854 3830 3915 sociis;

2263 3970 2703 4028 Erkcnhodonem
2754 3961 3114 4018 Sithivensem
3164 3953 3416 4009 abbatem
3463 3956 3718 4019 quartum
3744 3946 3833 3999 hoc

2264 4062 2478 4125 saeculo
2511 4075 2642 4123 vm;
2711 4052 3052 4110 Humfridum
3120 4062 3187 4102 ex
3220 4043 3492 4100 monacho
3548 4036 3828 4094 Prumiensi

2264 4154 2512 4212 abbatem
2567 4146 2932 4204 Bertinianum
2963 4182 2978 4209 ,
3053 4147 3109 4195 et
3171 4136 3471 4192 Fulconem
3525 4131 3828 4187 Remensem

2265 4241 2732 4314 archiepiscopum
2754 4233 2935 4290 itidem
2966 4231 3239 4290 abbatem,
3265 4222 3604 4279 Wocardum
3627 4261 3643 4284 ,
3665 4218 3830 4272 Wine-

2266 4309 2526 4401 haldum,
2592 4309 2972 4403 Ragenardum
3028 4330 3082 4378 et
3142 4315 3494 4376 Gerwaldum
3561 4309 3831 4367 monachos

2267 4437 2535 4499 martyres
2585 4402 2779 4480 saeculo
2837 4433 2929 4483 Ix;
2993 4408 3366 4468 Grimbaldum
3423 4402 3832 4458 Wintoniensem

597 4529 769 4584 niales
795 4541 917 4595 qua:
944 4523 1262 4578 dicebantur
1287 4533 1561 4576 conversa:
1593 4517 1693 4574 sub
1736 4516 1926 4572 habitu
1959 4513 2168 4584 religio-
2201 4517 2242 4572 D
2271 4490 2524 4574 abbatem
2549 4527 2670 4569 cum
2695 4509 2856 4565 sociis
2881 4505 3088 4560 Joanne
3115 4509 3169 4556 et
3191 4501 3420 4558 Assero,
3449 4500 3526 4550 ac
3554 4490 3835 4548 Gerardum

598 4619 704 4684 nis,
739 4633 844 4671 non
872 4625 1052 4670 tamen
1085 4613 1186 4668 sub
1213 4609 1548 4682 professione
1590 4606 1827 4678 regulari
1864 4606 2007 4661 inter
2034 4604 2168 4659 duas

600 4719 788 4782 portas
821 4703 1158 4768 monasterii,
1178 4703 1332 4774 juxta
1358 4700 1641 4757 ecclesiam
1675 4699 1735 4755 S.
1778 4696 1994 4753 Martini
2022 4710 2172 4751 com-

601 4808 899 4866 morantes,
951 4800 1015 4855 de
1054 4796 1392 4867 eleemosyna
1445 4792 1760 4849 monasterii
1807 4791 2069 4856 viventes,
2115 4788 2168 4842 in

603 4891 853 4963 hospitali
909 4879 1248 4962 pauperibus
1285 4887 1604 4952 servientes,
1660 4892 1839 4939 vestes
1886 4894 2071 4934 sarias
2115 4886 2172 4934 et

528 5047 531 5050 _
599 4970 1187 5040 ornamenta-ecclesia:
1235 4996 1356 5034 cum
1412 4976 1547 5049 opus
1575 4984 1720 5031 esset
1747 4971 2082 5028 consuebant
2115 4980 2172 5026 et

600 5076 908 5132 abluebant.
941 5074 1007 5129 Et
1028 5074 1154 5142 quia
1183 5088 1288 5127 non
1328 5070 1524 5126 licebat
1550 5065 1867 5123 mulieribus
1897 5063 2172 5135 ingressus

2221 4604 2224 4606 ’
2271 4607 2523 4662 abbatem
2565 4600 2761 4657 smculo
2789 4614 2856 4663 x;
2888 4593 3234 4650 Lambertum
3254 4628 3270 4654 ,
3318 4585 3605 4642 Simonem
3632 4592 3684 4638 et
3717 4579 3837 4634 Leo-

2270 4712 2395 4754 nem
2426 4694 2648 4750 abbates
2677 4685 3011 4746 Sithi’venses
3053 4697 3174 4740 cum
3215 4678 3473 4735 Joscione
3498 4685 3558 4732 et
3582 4673 3840 4730 Bernanlo

2273 4786 2552 4845 monachis
2580 4781 2775 4839 saeculo
2801 4776 2881 4834 xu
3013 4777 3018 4784 ’
3176 4783 3180 4786 ·

2343 4881 2432 4935 ll.
2475 4878 2551 4932 Ex
2595 4875 2781 4930 eodem
2826 4867 3093 4925 aSceterio
3139 4862 3463 4934 prodierunt
3507 4858 3843 4930 quampiam

2273 4972 2364 5028 alii
2423 4971 2513 5039 qui
2551 4966 2618 5020 ad
2652 4963 2847 5018 infulas
2883 4954 3216 5030 epiScopales
3259 4954 3436 5008 evecti
3491 4961 3644 5007 sunt.
3699 4950 3843 5005 isthic

2271 5063 2435 5119 etiam
2469 5055 2649 5114 saeculi
2687 5067 2938 5124 pompam
2982 5050 3039 5104 e't
3085 5044 3374 5116 dignitates
3407 5042 3740 5096 abdicarunt
3758 5039 3841 5092 rivi
