3960 5320
119 252 250 310 1089

1459 243 1615 300 VITA
1659 243 1716 299 S.
1759 239 2050 299 ΒΕΙΠΊΝΊ.

3223 220 3360 293 toto
3402 224 3420 285 τ

116 358 427 415 monasterio
456 364 643 414 tonsus
667 396 683 422 ,
716 375 736 410 ι
776 362 831 412 et
867 353 1183 411 Guillelmus
1210 351 1559 407 Flaiidreusis
1582 366 1671 406 co-
1700 354 1750 413 Α
1776 348 1932 404 nachi
1962 348 2377 404 Cautuarieuses
2406 363 2435 404 a
2467 349 2682 419 regibus
2720 348 2887 419 pulsi,
2929 347 3105 418 primo
3137 346 3354 417 quidem

117 465 258 515 mes,
297 450 378 518 qui
408 457 582 503 morte
612 447 850 502 instante
879 445 1188 516 religiosam
1218 453 1424 498 vestem
1461 442 1633 496 induit
1660 482 1675 505 ,

117 550 171 592 et
192 540 245 593 in
271 538 551 605 Sithivensi
584 536 913 591 monasterio
936 534 1178 605 sepultus
1207 542 1311 596 est,
1348 541 1487 587 teste
1509 530 1682 585 0rde-

116 629 226 683 rico
260 627 407 682 Vitali
445 626 497 681 in
531 626 666 681 Hist.
700 626 793 681 lib.
832 640 946 691 xu,
997 623 1089 678 ubi
1136 622 1253 691 ejus
1302 621 1675 692 epithaphium

115 718 273 774 refert
302 719 362 773 ad
390 734 589 773 annum
616 716 772 773 1127.

185 809 266 864 12.
296 808 552 864 Ρηειειοθθ
569 824 635 863 ex
658 809 761 862 hac
781 806 995 861 abbatia
1018 804 1280 875 originem
1304 810 1675 872 sumpserunt,

112 914 239 964 seu,
273 909 328 954 ut
354 900 528 954 verbis
553 898 783 968 lperiaui
811 896 1025 967 Prologi
1067 895 1280 965 loquar,
1314 914 1331 947 ι
1376 902 1502 950 sunt
1534 894 1682 949 deri-

112 1000 232 1044 vata
260 989 659 1060 quatuordecim
697 988 923 1044 honesta
973 987 1331 1047 monasteria.
1373 1005 1392 1038 ι
1448 986 1585 1042 adeo
1618 994 1679 1040 ut

112 1082 423 1137 Sithivensis
451 1080 689 1136 Ecclesia
721 1098 740 1131 ι
771 1080 958 1150 patrize
989 1079 1171 1135 sedem
1201 1079 1429 1148 primam
1468 1078 1679 1135 obtine-

113 1182 198 1233 ret,
220 1180 334 1242 post
364 1171 726 1226 cathedralem
759 1170 1110 1225 Morinorum.
1153 1187 1172 1223 ι
1215 1168 1291 1224 De
1334 1170 1681 1224 monasteriis

114 1262 593 1326 Woromholtensi,
640 1261 928 1334 Borgensi,
987 1260 1331 1325 Alciasensi,
1402 1259 1679 1314 Hunulfri-

114 1353 337 1409 cultensi
382 1363 436 1409 et
472 1354 593 1409 aliis
634 1368 665 1409 e
706 1352 1001 1409 seminario
1044 1352 1339 1408 Sitbivensi
1386 1350 1676 1423 profectis,

113 1446 230 1516 lege
251 1460 385 1515 saepe
412 1445 681 1503 laudatum
702 1444 952 1514 Iperium.

182 1542 268 1596 l3.
305 1538 418 1595 Non
444 1547 649 1595 tantum
680 1549 990 1594 sanctorum
1042 1536 1393 1593 seminarium
1450 1535 1547 1590 fuit
1577 1534 1680 1592 iste

112 1631 296 1696 locus,
339 1630 432 1685 sed
468 1629 630 1684 etiam
672 1637 981 1685 sanctorum
1022 1627 1230 1698 asylum
1262 1637 1314 1682 et
1345 1624 1674 1696 confugium.

1780 442 1833 495 in
1863 440 1923 495 S.
1952 440 2171 496 Thomze
2209 442 2392 497 odium
2426 443 2495 497 ab
2534 442 2770 499 llenrico
2799 440 2901 507 IV,
2947 440 3143 497 deinde
3166 455 3297 499 vero
3325 455 3361 494 a

1778 529 1985 587 Joanne
2007 547 2132 601 rege
2158 547 2301 588 anno
2332 533 2489 588 l207.
2534 533 2609 589 De
2646 534 2837 603 primis
2861 534 2973 604 agit
2999 532 3205 602 lperius
3231 546 3356 600 cap.

1778 621 1868 687 44,
1907 631 2063 693 parte
2091 638 2131 677 ιι
2157 664 2171 689 ,
2212 624 2280 679 de
2303 624 2427 679 aliis
2453 640 2575 694 cap.
2618 624 2718 689 46,
2760 634 2915 696 parte
2959 640 3072 691 xu,
3123 625 3213 679 ubi
3242 624 3360 680 haec

1778 715 1945 770 verba
1974 732 1986 767 :
2024 734 2042 767 ι
2079 715 2284 783 Quibus
2317 717 2737 773 adventantibus
2758 717 2821 770 D.
2850 717 3021 772 abbas
3048 724 3101 771 et
3125 730 3361 771 conven-

1780 814 1866 861 tus
1897 806 2166 861 inobviam
2193 806 2273 862 eis
2298 822 2420 862 cum
2450 821 2614 863 crure
2634 848 2649 873 ,
2686 807 2926 863 candelis
2950 815 3006 863 et
3031 807 3359 877 thymiama-
3422 836 3425 841 ν

1779 897 1932 951 teriis
1979 897 2453 967 processionaliter
2496 892 2835 954 incesserunt
2863 912 3033 967 usque
3077 898 3143 952 ad
3183 897 3360 953 eccle-

1780 988 1915 1042 siam
1948 988 2006 1043 S.
2040 988 2314 1061 Dionysii,
2341 999 2397 1045 et
2420 1006 2516 1046 eos
2543 991 2647 1046 huc
2682 992 2734 1046 in
2769 990 3155 1046 monasterium
3183 990 3358 1046 addu-

1780 1088 1996 1133 xerunt.
2033 1078 2198 1133 Erant
2229 1080 2482 1135 monachi
2521 1082 2891 1151 septuaginta,
2940 1080 3234 1136 familiares
3264 1095 3362 1134 au-

1781 1175 1890 1221 tem
1918 1183 2091 1237 usque
2120 1168 2188 1224 ad
2215 1179 2430 1223 centum
2459 1186 2474 1224 :
2515 1170 2605 1240 qui
2641 1185 2831 1226 omnes
2862 1170 3079 1225 insimul
3114 1185 3210 1239 per
3244 1169 3365 1225 dies

1779 1257 2061 1313 duodecim
2092 1258 2180 1313 hic
2201 1259 2342 1329 apud
2368 1273 2467 1314 nos
2488 1268 2842 1327 manserunt,
2875 1261 3046 1316 donec
3076 1275 3172 1330 per
3195 1257 3362 1313 abba-

1782 1352 1884 1406 tias
1912 1352 2335 1422 circumquaque
2358 1351 2468 1407 bini
2510 1350 2595 1407 vel
2622 1351 2759 1406 terni
2800 1366 2830 1405 a
2870 1367 2971 1406 suo
3000 1352 3180 1422 priore
3208 1350 3364 1405 missi

1779 1446 1935 1509 sunt,
1968 1444 2086 1514 ipso
2110 1443 2288 1513 priore
2312 1443 2440 1498 'cum
2468 1444 2703 1499 sedecim
2751 1444 3032 1499 monachis
3058 1443 3177 1512 plus
3197 1458 3359 1513 quam

1779 1551 1878 1607 per
1899 1551 2098 1591 annuat
2124 1536 2404 1591 nobiscum
2430 1536 2834 1591 remanentibus
2853 1576 2868 1601 ,
2893 1554 2913 1589 ι
2943 1545 3048 1591 etc.
3074 1536 3360 1607 Egregium

1782 1644 1912 1684 sane
1940 1628 2263 1685 Christiana:
2296 1630 2581 1687 charitatis
2604 1640 2659 1687 et
2690 1616 2956 1701 religidsae
2981 1629 3366 1702 hospitalitatis

111 1723 251 1775 Istuc
275 1735 332 1776 se
359 1735 612 1791 recepere
655 1718 755 1776 SS.
798 1720 1085 1775 Anselmus
1108 1728 1161 1774 et
1194 1718 1428 1773 Thomas
1448 1717 1679 1772 Cantua-
1709 1721 1758 1784 Β
1782 1720 2119 1788 exemplum!

111 1814 314 1867 rienses
338 1813 748 1884 archiepiscopi.
778 1812 1012 1868 Admissi
1044 1813 1209 1868 etiam
1239 1828 1344 1867 non
1372 1810 1540 1867 semel
1570 1824 1681 1863 uiu-

1057 2117 1685 2212 PROLOGUS
1752 2116 2383 2210 AUCTORIS.

1358 2310 1466 2382 (Ea:
1494 2310 1781 2381 antiquiori
1813 2308 2123 2380 anonymo.)

182 2593 230 2649 1.
272 2594 499 2650 Domino
529 2591 884 2665 omnipotenti
912 2592 1175 2647 bonorum
1210 2606 1493 2646 munerum
1525 2589 1693 2661 largi-

107 2688 209 2740 tori
240 2686 560 2755 multiplices
589 2685 773 2757 gratia:
815 2684 1108 2753 laudesque
1149 2682 1336 2737 sedulo
1378 2691 1504 2736 sunt
1551 2680 1695 2737 refe-

105 2782 286 2833 reudze
311 2819 325 2843 ,
356 2779 446 2849 qui
477 2777 717 2830 omnium
748 2785 1120 2831 creaturarum
1162 2774 1452 2828 visibilium
1482 2782 1535 2828 et
1557 2772 1695 2826 invi-

102 2870 342 2924 sibilium
387 2867 636 2923 conditor
682 2876 738 2921 et
792 2868 1125 2937 gubernatur
1168 2864 1440 2930 existens,
1492 2862 1694 2918 Filium

1795 2606 1950 2645 suum
1975 2589 2309 2659 unigenitum
2332 2589 2620 2644 Dominum
2635 2596 2876 2643 nostrum
2893 2586 3077 2644 Jesum
3099 2586 3376 2644 Chrismm

1796 2683 1862 2737 ad
1892 2682 2162 2736 docendas
2195 2681 2639 2750 redimendasque
2666 2680 2978 2748 omnigenas
3006 2689 3195 2757 gentes
3226 2681 3379 2755 misit

1795 2772 1863 2827 ad
1891 2780 2094 2837 terras;
2123 2779 2177 2825 et
2202 2779 2401 2827 caetera
2420 2779 2477 2825 ut
2504 2770 2557 2825 in
2585 2767 2709 2824 Vita
2734 2768 2793 2825 S.
2817 2771 3112 2826 Audomari
3141 2770 3301 2839 infra.

1230 3014 1763 3135 INCIPIT
1851 3008 2248 3129 VITA.

97 3229 232 3285 Car.
289 3225 333 3280 ι.
379 3223 447 3278 In
487 3237 591 3293 qua
634 3219 896 3293 prouincia
934 3226 1087 3293 natus
1128 3227 1200 3293 est
1240 3217 1304 3273 B.
1335 3215 1610 3279 Berlinus,
1643 3220 1689 3265 et

1797 3222 1914 3262 mus
1943 3202 2271 3275 patrocinari
2301 3201 2533 3260 meritis.
2565 3202 2769 3260 Horum
2802 3215 3046 3263 teneram
3076 3209 3241 3266 vitam
3266 3229 3381 3268 mo-

356 3289 508 3366 quod-
528 3295 582 3346 in
601 3289 822 3362 pueritia
846 3290 1131 3343 monachus
1155 3289 1325 3358 [actus
1346 3298 1442 3341 est.

169 3390 230 3441 2.
274 3387 476 3441 Beatus
503 3398 638 3454 puer
674 3380 927 3435 Bertinus
975 3392 1235 3448 generosa
1287 3376 1693 3448 progenitorum

95 3482 281 3549 stirpe
318 3488 473 3532 ortus
521 3473 748 3529 traditur
789 3470 845 3526 in
894 3468 1225 3525 Constantia:
1256 3467 1481 3532 finibus,
1532 3480 1693 3535 quam

94 3576 336 3628 Rhenus
386 3566 748 3623 subterﬂuens
797 3564 897 3618 sub
943 3561 1183 3630 ejusdem
1222 3560 1370 3614 urbis
1422 3573 1607 3612 muros
1642 3557 1696 3611 in

91 3665 381 3733 Apotamo
405 3659 523 3713 lacu
558 3657 726 3712 ferme
755 3656 926 3708 tribus
960 3659 1244 3722 stagnatur
1282 3649 1553 3715 millibus;
1579 3661 1700 3719 qua:

92 3756 237 3810 hinc
284 3768 318 3808 e
358 3752 537 3807 vicino
587 3746 919 3818 Dajoaria-m,
967 3744 1113 3799 illinc
1171 3742 1573 3813 Burgundiam,
1629 3739 1700 3795 ab

91 3854 300 3901 austro
335 3851 517 3898 autem
562 3840 753 3909 Alpina
802 3836 1025 3905 suspicit
1056 3833 1208 3904 juga.
1248 3834 1346 3889 Hic
1376 3834 1558 3902 itaque
1587 3832 1702 3887 suis

88 3940 308 4008 pignus
339 3934 631 3989 admodum
653 3930 906 3985 dilectum
936 3925 1373 3998 progenitoribus
1415 3924 1701 3979 nutrieba-

91 4040 191 4082 tur
220 4027 521 4095 diligenter
551 4021 848 4078 infantulus
872 4061 887 4085 ,
936 4020 1013 4074 uti
1039 4028 1221 4073 tantus
1245 4018 1299 4072 in
1330 4018 1558 4074 Domino
1582 4026 1703 4087 post

86 4121 353 4174 futurus.
413 4117 512 4172 Cui
548 4131 676 4170 cum
723 4114 792 4168 ad
820 4111 1003 4166 mundi
1035 4110 1259 4181 gloriam
1290 4125 1320 4163 a
1352 4111 1462 4164 Deo
1489 4118 1703 4163 terrena

86 4209 422 4268 nobilitatis
448 4206 841 4275 suffragaretur
871 4202 1138 4273 dignitas,
1176 4202 1245 4256 ab
1292 4199 1421 4270 ipsis
1468 4198 1705 4253 infantiae

84 4303 265 4359 cunis
313 4299 492 4368 major
538 4295 815 4353 servitutis
843 4293 1044 4350 Christi
1090 4292 1394 4348 coadolevit
1444 4290 1703 4346 charitas.

84 4396 260 4463 Quod
292 4395 564 4451 exhibens
591 4406 715 4445 mox
748 4398 804 4444 ut
832 4389 899 4442 ad
924 4389 975 4442 id
1004 4388 1182 4442 aetatis
1208 4386 1483 4457 pervenit,
1520 4384 1707 4454 pueri-

86 4491 197 4542 tize
214 4501 341 4545 sua:
358 4483 624 4556 principia
648 4480 959 4552 evangelica
988 4478 1319 4551 perfectione
1344 4478 1455 4533 Deo
1478 4477 1701 4531 dicavit.

1798 3313 1994 3367 resque
2042 3296 2294 3351 Bertinus
2338 3310 2472 3367 puer
2498 3296 2714 3367 quidem
2746 3308 2931 3365 (etate,
2990 3315 3153 3357 sensu
3194 3313 3381 3359 autem

1798 3393 2014 3455 senior,
2054 3388 2252 3444 imitari
2284 3388 2488 3459 Spiritu
2520 3400 2713 3445 sancto
2752 3392 3052 3462 inspirante
3081 3398 3383 3463 contendit,
3450 3397 3454 3401 “
3538 3402 3541 3403 ⁷

1799 3496 1958 3552 quem
2008 3489 2292 3550 postquam
2344 3494 2456 3534 suae
2502 3483 2692 3552 gratiae
2718 3483 3140 3542 cbarismatibus
3171 3492 3385 3544 manci-

1800 3572 1978 3641 pavit,
2014 3554 2316 3624 inter-tales
2346 3578 2627 3639 tantosque
2645 3571 2836 3628 Patres
2855 3614 2869 3639 ,
2899 3584 2954 3629 ut
2986 3570 3173 3631 eorum
3200 3593 3386 3634 exento

1803 3663 1907 3733 piis
1938 3661 2329 3724 instrueretur,
2361 3660 2610 3714 adscivit.
2651 3660 2914 3717 Omnibus
2940 3666 3158 3720 tandem
3203 3668 3387 3737 perfe-

1803 3752 2063 3809 ction-ibus
2086 3751 2193 3805 vita
2224 3759 2437 3805 auctum
2468 3744 2664 3805 muniis
2692 3752 2744 3805 in
2769 3748 3031 3821 pueritia,
3062 3744 3387 3814 inexhausta

1804 3843 2041 3901 cmlestis
2075 3840 2329 3897 desiderii
2364 3841 2547 3912 vigore
2582 3843 2868 3912 praeditum
2893 3846 3143 3915 provexit
3172 3847 3224 3903 in
3255 3849 3388 3905 ado-

1804 3935 2087 3990 lesceutia.

1804 4045 1934 4102 CAP.
1967 4044 2029 4099 ll.
2075 4043 2229 4111 Quod
2255 4045 2428 4100 adhuc
2473 4045 2892 4128 adolescentulus
2918 4048 2987 4102 ad
3020 4048 3080 4104 S.
3118 4050 3391 4108 Audoma-

2399 4133 2515 4170 rum
2547 4127 2796 4186 perveutt.

1878 4206 1930 4262 ὅ.
1977 4207 2119 4279 Ergo
2146 4220 2267 4261 cum
2300 4204 2413 4275 jam
2453 4206 2712 4263 Dominus
2741 4206 2963 4264 militem
3000 4225 3153 4265 suum
3190 4213 3394 4267 mundo

1809 4297 2147 4353 manifestius
2167 4296 2452 4367 propalare
2490 4298 2878 4368 disposuisset,
2931 4315 2999 4354 ne
3041 4301 3092 4356 in
3124 4303 3397 4359 absconso

1809 4390 2028 4444 lucerna
2050 4397 2212 4443 tanta}
2234 4388 2499 4444 claritatis
2530 4388 2715 4445 lucens
2758 4399 2835 4445 tot
2885 4393 3194 4449 mortalium
3232 4396 3391 4465 spiri-

1811 4478 1971 4533 tualia
2003 4481 2326 4534 commercia
2350 4478 2624 4553 dill‘erret‘,
2650 4496 2899 4552 egressus
2926 4483 3135 4540 duobus
3179 4493 3391 4541 tantum

83 4580 445 4635 Parentibus
466 4578 612 4632 enim
633 4584 687 4631 et
710 4575 899 4646 patrie
926 4572 1214 4628 Dominum
1236 4581 1524 4626 secuturus
1549 4570 1710 4624 abre-
1740 4577 1784 4631 ι)
1812 4568 2100 4624 comitibus
2126 4567 2475 4624 Mummoliuo
2505 4581 2561 4623 et
2596 4569 2955 4626 Ebertramno
2987 4612 3001 4638 ,
3040 4589 3251 4645 magnae
3288 4576 3394 4630 sci-

82 4670 420 4726 nuntiavit:
447 4677 502 4723 et
524 4677 581 4721 ut
599 4665 945 4737 perfectionis
966 4663 1041 4719 nil
1067 4662 1277 4717 Domini
1296 4676 1452 4715 servo
1468 4661 1707 4726 abesset,

82 4766 448 4820 monachum
483 4763 536 4817 iu
571 4758 894 4815 Luxovieusi
923 4754 1173 4812 coenobio
1208 4752 1307 4807 sub
1331 4760 1482 4823 patre
1510 4753 1708 4807 Eusta-

82 4858 223 4912 chio
277 4854 569 4925 professus
592 4857 694 4906 est.
743 4848 906 4919 Cujus
934 4847 1042 4901 vita
1068 4853 1125 4899 et
1152 4841 1409 4897 doctrina:
1439 4841 1709 4898 institutio

82 4967 271 5023 quam
308 4946 621 5020 spiritualis
652 4946 839 5015 gratia:
885 4955 1105 5011 compos
1133 4938 1327 5002 fuerit,
1366 4936 1507 4992 scire
1547 4936 1711 4990 datur

81 5044 141 5099 in
181 5044 333 5113 ipsa
385 5036 711 5096 excellentia
752 5034 932 5106 gregis
963 5032 1049 5086 cui
1089 5026 1311 5105 przefuit
1338 5067 1353 5093 ,
1405 5027 1709 5097 prazsertim

81 5130 242 5176 m'u'm
303 5153 440 5176 ριιηι
476 5130 907 5176 ρνίιῗρηιίηνίὴιις
942 5126 1247 5176 sanctitatis
1291 5139 1481 5176 eorum
1528 5131 1712 5176 natent.

1812 4661 1938 4715 licet
1966 4660 2270 4714 sanctitatis
2316 4659 2482 4723 viris,
2531 4660 2724 4714 tertius
2768 4659 3089 4731 adjunctus,
3120 4665 3397 4736 perfectus

1812 4758 2015 4804 sancta:
2040 4749 2319 4804 Trinitatis
2342 4749 2581 4803 cultorin
2599 4750 2827 4804 Galliam
2845 4757 3273 4823 usquepervenit
3291 4758 3391 4827 (Ι).

1812 4840 2071 4896 Videntes
2099 4839 2260 4908 igitur
2279 4838 2518 4907 praedicti
2545 4839 2644 4894 viri
2676 4842 2848 4896 sancti
2871 4882 2886 4907 ,
2909 4841 3164 4901 Bertinus
3186 4845 3399 4901 scilicet

1813 4940 1869 4986 et
1896 4931 2027 4985 socii
2054 4931 2200 5002 ejus,
2232 4930 2431 4985 ibidem
2459 4945 2693 4989 messem
2725 4934 2943 5003 quidem
2970 4937 3199 4995 multam
3226 4980 3241 5007 ,
3273 4952 3401 5006 ope-

1816 5022 1992 5079 rarios
2021 5034 2200 5078 autem
2227 5036 2466 5094 paucos,
2514 5034 2801 5094 cmperunt
2830 5023 2988 5096 longe
3024 5028 3243 5102 lateque
3288 5039 3405 5078 ver-
3474 5072 3481 5087 δ

1816 5115 1944 5169 bum
1976 5115 2101 5170 vita:
2141 5113 2407 5170 instanter
2431 5127 2526 5176 per
2549 5121 2719 5172 totam
2760 5114 2989 5170 Galliam
3021 5120 3405 5176 disseminare.
