3960 5320
502 295 654 372 ἢοῡῖ

1497 356 1507 367 ,
1569 313 1906 374 FOLCARDI
1933 313 2240 374 MONAClll
2280 309 2702 372 SITHIVENSIS

2822 233 2889 246 ,οπο-

3649 319 3776 374 1099

507 387 710 496 quiab
734 425 934 483 eisdem
977 440 1008 480 a
1053 438 1212 482 mane
1239 433 1411 497 usque
1438 427 1506 482 ad
1542 443 1825 499 vesperum
1868 439 2083 485 aeterna:
2113 438 2160 493 Α
2221 427 2349 484 Cn.
2392 429 2479 484 Π.
2518 431 2694 495 Quare
2741 425 2992 498 aptiorem
3023 421 3194 499 locum
3249 433 3466 481 sanctus
3510 424 3596 482 εἰν
3652 427 3743 483 Dei

509 520 635 574 vitae
655 519 869 588 pabulis
905 519 1328 585 reﬁciebantur;
1363 534 1464 575 nec
1487 521 1669 575 minus
1700 535 1913 590 quoque
1938 521 2090 590 pala-

509 610 610 664 tini
649 624 903 680 proceres
927 610 1238 666 intermissa
1278 611 1345 665 ad
1385 618 1598 680 tempus
1633 610 1798 680 regali
1833 611 2094 664 servitute

507 700 582 755 ad
595 717 696 757 eos
721 700 1096 765 conﬂuebant,
1126 716 1424 770 eorumque
1447 702 1750 756 modestam
1801 715 2092 755 conversa-

506 792 714 847 tionem
737 792 794 847 in
826 802 973 848 recte
1010 792 1243 847 vivendo
1287 792 1355 846 ad
1405 792 1710 862 exemplum
1756 791 1861 847 sibi
1896 806 2093 861 propo-

506 883 728 938 nebant.
1125 894 1128 898 ·

577 971 633 1024 4.
677 971 944 1040 Tempore
992 971 1084 1025 illo
1128 970 1417 1026 Lotharius
1455 970 1597 1025 ﬁlius
1642 969 1896 1025 Ludovici
1950 971 2092 1040 regis

507 1061 660 1128 regni
714 1059 1048 1114 Francorum
1094 1061 1468 1115 monarchiam
1512 1060 1897 1129 gubernabat:
1939 1059 2093 1127 Cujus

510 1167 674 1207 aures
702 1168 824 1206 cum
839 1152 952 1220 jam
987 1167 1208 1207 suorum
1237 1166 1521 1220 procerum
1556 1151 1822 1206 relatione
1852 1151 2093 1220 pulsaret

507 1254 825 1300 sanctorum
857 1245 1060 1299 Bertini
1089 1246 1468 1314 sociorumque
1495 1242 1610 1312 ejus
1630 1243 1840 1298 eximiae
1863 1257 2092 1297 conver-

507 1335 738 1390 sationis
776 1333 968 1388 crehra
1001 1335 1208 1404 Opinio.
1251 1349 1376 1388 mox
1407 1349 1502 1388 eos
1553 1333 1667 1388 suis
1711 1343 1890 1387 astare
1929 1333 2092 1400 jussit

505 1424 906 1492 conspectibus.
932 1422 1140 1489 Quibus
1165 1422 1330 1476 illatis
1363 1438 1394 1476 a
1432 1436 1580 1492 rege,
1608 1423 1693 1477 vir
1721 1423 1933 1476 Domini
1957 1422 2090 1476 Ber-

507 1512 651 1566 tinus
669 1522 724 1566 ct
748 1511 863 1580 eius
890 1512 1022 1566 socii
1061 1513 1362 1567 honoriﬁce
1384 1522 1512 1566 sunt
1545 1513 1780 1582 suScepti
1799 1552 1814 1575 ,
1855 1521 1910 1566 et
1932 1512 2096 1584 longd’

507 1612 749 1674 tempore
779 1606 920 1658 intra
952 1603 1096 1672 regis
1121 1603 1380 1672 palatium
1409 1619 1620 1658 summa
1667 1604 1940 1674 diligentia
1969 1605 2093 1659 sub-

505 1697 700 1766 rogati.
755 1695 881 1751 Post
913 1695 1134 1766 longum
1198 1705 1378 1750 autem
1443 1695 1702 1766 temporis
1750 1695 2088 1751 intervallum

2837 497 3116 568 qumrebat.

2263 605 2318 660 6.
2352 605 2429 675 (4)
2457 607 2666 662 Interea
2692 607 2985 663 decedente
3011 609 3246 666 Achario
3285 611 3363 682 (5)
3390 613 3659 684 episcopo
3686 629 3772 668 ur-

2193 694 2277 748 bis
2318 694 2590 752 Noviomaa
2618 697 2685 752 ad
2729 697 3101 768 episcopatum
3151 699 3398 769 ejusdem
3433 703 3595 758 urbis
3627 718 3774 758 vene-

2196 783 2380 839 rabilis
2414 786 2497 840 vir
2529 785 2907 844 Mummoliuus
2935 791 3272 857 provehitur,
3304 801 3360 848 et
3383 793 3772 848 Ebertramcus

2194 875 2440 930 coenobio
2465 875 2522 932 S.
2551 876 2793 944 Quintini
2833 893 2864 932 a
2907 879 3257 937 Mutnmolino
3283 883 3631 952 praeﬁcitur;
3663 901 3773 938 san-

2193 970 2312 1016 ctus
2341 977 2469 1018 vero
2518 964 2773 1021 Bertinus
2812 967 2866 1021 in
2919 967 3038 1022 loco
3085 971 3186 1025 sibi
3224 986 3255 1025 a
3293 973 3533 1027 Domino
3587 975 3774 1029 COllzzto

2194 1053 2351 1107 annis
2380 1054 2790 1122 quatuordecim
2837 1059 3036 1114 resedit
3063 1059 3165 1131 (6).
3212 1061 3281 1115 Et
3329 1063 3600 1132 quoniam
3638 1064 3775 1121 locus

2195 1142 2284 1198 ille
2322 1145 2660 1213 permodicus
2704 1147 2992 1218 minusque
3050 1153 3324 1221 spatiosus
3375 1163 3525 1219 erat,
3560 1165 3623 1208 ut
3666 1172 3779 1212 cmi:

2193 1235 2545 1292 structionem
2575 1237 2799 1306 alicujus
2824 1241 3003 1310 magni
3047 1252 3268 1313 caperet
3301 1257 3638 1314 apparatus,
3662 1260 3774 1300 sm-

2193 1332 2312 1378 ctus
2340 1326 2425 1380 vir
2451 1328 2542 1381 Dei
2564 1327 2817 1385 Bertinus
2843 1332 3010 1401 coepit
3040 1348 3160 1387 cum
3186 1335 3298 1389 suis
3321 1335 3423 1389 sibi
3456 1338 3773 1391 coadunatis

2191 1413 2490 1471 aediﬁcandi
2526 1419 2759 1474 cteuobii
2797 1422 3061 1490 aptiorem
3113 1437 3360 1492 quaerere
3413 1425 3631 1482 locum.
3676 1425 3772 1483 Sed

2193 1503 2396 1559 dictum
2451 1505 2787 1563 Dominicum
2835 1511 3016 1564 animo
3048 1513 3369 1568 revolvens:
3403 1513 3546 1570 Sine
3590 1533 3672 1569 me
3709 1517 3774 1569 nil

2191 1596 2404 1664 potestis
2443 1596 2615 1666 facere
2643 1597 2825 1669 (loan.
2859 1617 2948 1666 xv,
2975 1602 3063 1668 5),
3087 1603 3329 1672 perfecto
3355 1605 3528 1676 hujus
3555 1609 3774 1662 consilio

2193 1685 2285 1740 Dei
2322 1689 2671 1756 providentia:
2722 1705 2914 1748 cuncta
2969 1695 3278 1764 disponenti
3320 1712 3445 1753 sese
3497 1714 3571 1754 ex
3603 1700 3775 1756 animo

503 1787 903 1856 praememorati
922 1787 1019 1838 viri
1038 1785 1094 1839 S.
1118 1784 1480 1839 Audomarutn
1500 1795 1629 1839 tunc
1652 1784 2088 1841 Tarvennensem
2118 1767 2162 1825 Β
2190 1778 2551 1843 “mmineris,
2581 1783 2827 1852 protinus
2868 1785 3046 1840 navim
3080 1789 3398 1844 conscendit
3425 1790 3562 1845 sine
3590 1794 3774 1861 guber-

503 1877 818 1946 episcopum
847 1875 1022 1946 (cujus
1043 1875 1399 1944 compatrinta
1427 1883 1482 1928 et
1501 1875 1937 1944 consanguineus
1970 1885 2090 1930 erat

506 1971 566 2024 S.
587 1970 859 2038 Bertinus)
891 1970 1141 2023 adierunt
1169 1977 1226 2022 ut
1250 1969 1298 2023 ei
1333 1970 1385 2022 in
1411 1969 1752 2038 praedicando
1790 1979 1970 2023 essent
2003 1984 2091 2025 co-

504 2062 684 2127 mites,
725 2071 990 2130 quatenus
1027 2061 1079 2112 in
1113 2068 1316 2114 :cterna
1363 2060 1718 2115 retributione
1760 2074 1792 2113 a
1836 2061 1948 2116 Deo
1977 2075 2093 2116 me-

505 2161 754 2206 rerentur
807 2150 922 2204 ﬁeri
974 2150 1202 2219 aequalis
1247 2150 1433 2220 gloria:
1484 2150 1798 2220 participes.
1855 2149 2089 2206 Sanctus

501 2257 634 2296 vero
660 2242 1032 2303 ,Audomarns
1063 2243 1282 2298 eosdem
1321 2242 1415 2296 Dei
1451 2241 1687 2296 famulos
1716 2241 1962 2312 gratiﬁce
2005 2258 2092 2298 re-

501 2336 727 2403 cipiens,
761 2334 1122 2403 otnnipotenti
1160 2333 1268 2388 Deo
1305 2333 1512 2403 gratias
1539 2333 1668 2402 egit,
1697 2333 1788 2402 qui
1823 2334 1956 2389 tales
1986 2333 2088 2389 sibi

502 2427 572 2477 ad
609 2423 1006 2493 prredicandum
1048 2421 1392 2492 Evangelium
1421 2421 1696 2493 adjutores
1723 2423 1890 2477 misit.
1923 2423 2090 2478 Erant

502 2516 648 2569 enim
683 2516 732 2569 in
769 2517 870 2569 tide
902 2513 1128 2584 perfecti
1171 2513 1458 2578 catholica,
1501 2524 1556 2568 et
1605 2514 1658 2568 in
1705 2513 2090 2570 ecclesiasticis

503 2605 806 2676 disciplinis
843 2616 1006 2675 atque
1061 2606 1112 2659 in
1146 2605 1324 2658 divina
1357 2605 1635 2674 Scriptura
1681 2606 1900 2660 eruditi.
1952 2605 2089 2659 Sub-

505 2700 656 2753 ibant
687 2699 850 2769 igitur
877 2697 1108 2752 cilicium
1151 2697 1436 2767 legationis
1463 2711 1572 2751 sua:
1605 2697 1789 2752 labore
1833 2696 2092 2766 praedica-

505 2793 669 2849 tionis
698 2793 994 2849 continuae.

887 2884 1017 2938 Car.
1043 2883 1128 2937 Ill.
1157 2881 1395 2937 Traditio
1423 2883 1700 2938 Adroaldi.

574 2975 629 3030 5.
667 2973 743 3045 (ἓ)
786 2973 994 3028 Interea
1024 2973 1245 3044 quidam
1295 2974 1378 3029 vir
1410 2974 1609 3029 nobilis
1638 2975 1794 3030 valde
1826 2975 2092 3046 praedives

503 3081 704 3137 opum,
755 3065 1060 3121 Adroaldus
1109 3065 1350 3132 nomine,
1397 3063 1603 3119 nullum
1653 3066 1859 3121 habens
1900 3067 2087 3131 ﬁlium,

506 3167 745 3213 tractare
773 3172 896 3212 cum
936 3157 996 3210 Β.
1027 3157 1338 3211 Audomaro
1368 3165 1422 3212 et
1443 3157 1719 3226 praedictis
1749 3159 1839 3213 Dei
1879 3158 2092 3215 famulis

505 3251 694 3320 carpit,
728 3249 962 3320 qualiter
988 3249 1387 3318 possessionum
1416 3263 1636 3303 suarum
1667 3249 1956 3314 ecclesiam
1985 3252 2092 3306 ba:-

507 3342 693 3398 redcm
739 3341 960 3396 faceret.
1011 3342 1180 3408 Quem
1232 3340 1290 3392 Β.
1353 3341 1734 3406 Audomarus,
1795 3341 2093 3410 inspirante

507 3431 682 3502 gratia
733 3430 966 3500 Spiritus
1003 3431 1219 3496 sancti,
1259 3431 1510 3485 hortatus
1557 3439 1640 3486 est
1678 3441 1736 3486 ut
1783 3430 1841 3486 S.
1873 3433 2092 3490 Bertino

508 3523 785 3593 sociisque
811 3521 928 3591 ejus
963 3523 1375 3593 praenominatis
1403 3537 1632 3594 qumque
1659 3521 1858 3578 habere
1878 3534 2093 3592 poterat

511 3612 809 3679 conferret,
857 3622 1123 3681 quatenus
1177 3612 1374 3666 ibidem
1423 3612 1728 3667 coenobium
1787 3613 1839 3666 in
1889 3614 2093 3669 honore

510 3703 572 3756 B.
603 3702 743 3756 Petri
768 3702 1025 3772 principis
1055 3701 1423 3771 apostolorum
1456 3702 1845 3768 construendo,
1879 3705 2089 3758 turbam

513 3795 904 3849 monachorum
967 3810 1072 3849 non
1136 3796 1406 3849 modicam
1483 3794 1872 3848 coadunarent.
1939 3795 2091 3862 Quod

511 3885 816 3939 Adroaldus
856 3893 1122 3955 prmsentc
1151 3885 1211 3938 Β.
1263 3885 1572 3938 Audomaro
1601 3886 1921 3953 cunctisque
1970 3902 2092 3956 pro-

513 3976 730 4030 ceribus
782 3977 930 4030 urbis
986 3974 1289 4030 Tarvennre
1347 3990 1537 4046 magna
1583 3976 1764 4030 cordis
1813 3976 2092 4032 alacritate

513 4064 822 4133 complevit,
859 4064 1076 4120 tradens
1101 4065 1282 4119 villam
1333 4080 1444 4120 sua:
1492 4066 1841 4135 proprietatis
1887 4082 2092 4121 nuncu-

512 4163 691 4225 patam
717 4157 916 4221 Sit/tiu,
946 4172 1086 4210 anno
1108 4158 1174 4210 ab
1214 4155 1589 4211 lucarnatione
1621 4157 1830 4211 Domini
1861 4171 2092 4212 sexcen-

516 4247 708 4301 tesimo
739 4247 1002 4318 vigesimo
1042 4256 1195 4300 sexto
1227 4246 1340 4320 (3),
1384 4263 1527 4303 anno
1573 4257 1753 4301 autem
1805 4247 2090 4303 undecimo

514 4337 978 4407 regniﬂhlodovei
1007 4337 1101 4390 lilii
1139 4337 1448 4408 Dagoberti,
1485 4346 1677 4392 octavo
1702 4337 1824 4390 ldus
1847 4336 2091 4406 Septem-

2190 1878 2381 1926 natore
2409 1879 2463 1924 et
2496 1872 2698 1944 remige
2734 1891 2832 1944 per
2868 1877 3164 1946 spatiosum
3195 1890 3450 1951 stagnum
3479 1883 3576 1937 cui
3607 1885 3774 1938 adita:-

2189 1966 2270 2012 ret
2330 1960 2643 2028 praedictum
2699 1967 3157 2023 monasteriolum.
3213 1971 3309 2026 Dei
3361 1981 3587 2027 tantum
3651 1987 3772 2028 nutu

2189 2050 2343 2104 navis
2392 2051 2673 2120 agebatur,
2705 2055 2878 2126 angeli
2921 2072 3132 2130 quoque
3163 2061 3476 2117 ministerio
3520 2079 3770 2119 cerneres

2191 2142 2433 2196 carinam
2478 2153 2665 2199 contra
2716 2145 2912 2202 fluenta
2962 2152 3253 2220 praecipitis
3297 2155 3446 2208 tluvii
3506 2157 3771 2226 impingi,

2188 2243 2468 2302 quousque
2512 2244 2698 2304 aptum
2750 2239 2979 2294 tenendo
3031 2251 3248 2310 portum
3309 2246 3683 2313 consisteret,
3724 2259 3773 2303 et

2190 2323 2512 2378 venerabilis
2551 2326 2634 2379 vir
2666 2326 2916 2385 Bertinus
2943 2332 3085 2386 hunc
3116 2335 3452 2390 versiculum
3486 2353 3558 2391 es
3592 2340 3773 2394 ordine

2191 2412 2458 2469 decantati
2503 2417 2743 2486 psalterii
2783 2432 3056 2490 promeret
3100 2439 3116 2477 :
3149 2414 3277 2478 Hrrc
3311 2428 3526 2496 requies
3580 2445 3693 2481 mea
3723 2431 3773 2480 is

2189 2506 2652 2574 sa'culumsa'culi,
2667 2511 2750 2564 hic
2762 2512 3007 2566 habitabo
3019 2520 3268 2584 quoniam
3294 2517 3430 2587 elegi
3453 2535 3580 2572 eam
3611 2519 3770 2590 (Psal.

2190 2610 2376 2662 cam,
2420 2599 2530 2670 14).
2570 2599 2916 2672 Cognosceus
2939 2605 3106 2674 igitur
3135 2621 3166 2660 a
3198 2606 3434 2664 Domino
3464 2609 3578 2664 sibi
3607 2611 3771 2664 locum

2192 2688 2340 2743 illum
2366 2690 2629 2758 electura,
2661 2693 2778 2750 sine
2827 2709 2979 2751 mora
3018 2698 3198 2752 navim
3251 2698 3616 2771 relinquens,
3664 2717 3772 2756 mo-

2192 2783 2484 2837 nasterium
2533 2783 2753 2840 nomine
2803 2785 2980 2841 Sit/tiu
3032 2790 3084 2843 in
3142 2791 3333 2845 eodem
3383 2793 3514 2849 loco
3578 2795 3632 2848 in
3687 2794 3772 2848 Dei

2193 2860 2414 2924 nomine
2447 2879 2505 2926 et
2539 2871 2594 2926 in
2630 2872 2836 2928 honore
2869 2873 2926 2928 S.
2955 2875 3100 2932 Petri
3127 2880 3400 2936 aediﬁcare
3423 2884 3623 2953 coepit.
3648 2882 3773 2937 Con-

2193 2962 2481 3020 ﬂaentibus
2519 2967 2754 3036 undique
2803 2968 3068 3040 religiosis
3117 2973 3249 3028 viris
3307 2975 3455 3028 intra
3503 2978 3770 3031 modicum

2198 3065 2425 3126 tempus,
2467 3058 2866 3116 multitudinem
2914 3064 3323 3130 monachorum,
3358 3066 3622 3122 videlicet
3657 3083 3772 3122 cen-

2198 3155 2308 3200 tum
2371 3148 2755 3219 quinquaginta
2813 3151 2907 3221 (7)
2963 3153 3329 3221 coadunavit,
3390 3171 3520 3212 cum
3583 3161 3771 3228 quibus

2195 3237 2379 3292 multis
2424 3239 2478 3292 in
2518 3237 2615 3293 Dei
2664 3240 2885 3296 servitio
2929 3243 3138 3298 vixerat
3194 3246 3392 3312 annis,
3451 3251 3772 3319 turbamque

2195 3331 2294 3384 sibi
2317 3346 2348 3384 a
2374 3331 2598 3388 Domino
2626 3335 2888 3388 creditam
2927 3338 3027 3391 sub
3059 3337 3307 3393 districto
3352 3355 3534 3396 sacra:
3577 3343 3768 3413 regula:

2189 3419 2319 3492 jugo
2339 3432 2519 3478 mente
2533 3424 2760 3479 sollicita
2778 3427 3001 3497 pervigil
3016 3429 3353 3485 custodiebat
3366 3443 3584 3502 pastor,
3603 3437 3770 3489 sciens

2193 3518 2336 3588 quod
2366 3521 2623 3590 scriptum
2655 3530 2736 3576 est
2767 3522 2849 3590 (S.
2891 3523 3089 3578 Besso.
3124 3541 3231 3595 reg.
3285 3541 3338 3582 c.
3373 3529 3435 3598 2)
3480 3547 3496 3582 :
3525 3530 3629 3585 Cui
3662 3531 3771 3601 plus

2193 3611 2567 3674 committitur,
2616 3613 2739 3682 plus
2783 3615 2853 3668 ab
2897 3630 2962 3670 eo
3006 3616 3242 3686 exigitur
3296 3617 3453 3687 (Luc.
3506 3636 3613 3685 xu,
3665 3621 3769 3688 ιε).

2192 3699 2372 3755 Beatis
2397 3703 2541 3757 enim
2565 3704 2659 3758 Dei
2689 3704 2907 3759 famulis
2935 3707 3036 3760 sub
3066 3721 3163 3761 sua
3184 3723 3316 3762 cura
3344 3711 3768 3766 consistentibus

2192 3792 2469 3850 Dominica
2491 3803 2652 3864 atque
2674 3795 2966 3865 apostolica
2994 3800 3336 3870 praedicando
3366 3807 3656 3869 mandata,
3680 3819 3767 3858 sua

2193 3887 2431 3954 quotidie
2473 3885 2718 3944 districta
2759 3893 3170 3948 conversatione
3218 3909 3283 3950 ac
3330 3896 3614 3969 religiosis
3643 3900 3768 3953 acti-

2193 3979 2293 4033 bus
2343 3994 2593 4050 magnum
2648 3981 2790 4037 bene
2831 3984 3046 4040 vivendi
3100 3986 3375 4055 prmbebat
3417 3991 3763 4060 exemplum.

2193 4069 2418 4139 impleas
2472 4074 2615 4141 quod
2665 4075 2924 4144 scriptum
2975 4087 3102 4133 est:
3145 4077 3234 4132 Sic
3282 4081 3457 4136 luceat
3487 4083 3588 4138 lus
3613 4093 3767 4138 restria

2191 4177 2368 4216 coram
2408 4163 2701 4218 hominibus
2725 4205 2743 4230 ,
2780 4175 2837 4218 ut
2873 4166 3076 4222 videant
3121 4169 3256 4223 bona
3305 4186 3468 4240 Opera
3506 4184 3682 4227 castra
3723 4183 3765 4227 α

2192 4253 2482 4324 gloriﬁcent
2513 4254 2726 4309 Patrem
2755 4269 2980 4312 vestram
3007 4257 3222 4328 (Matth.
3250 4277 3305 4328 v,
3336 4263 3449 4333 l6).
3481 4280 3556 4320 ne
3580 4280 3766 4320 secun-

2193 4345 2319 4398 dum
2374 4345 2654 4412 apostolici
2704 4357 3035 4416 prmccptutn
3093 4351 3216 4405 aliis
3259 4355 3612 4421 pnedicans,
3658 4356 3763 4424 ipse

512 4429 646 4484 bris.
675 4429 729 4483 ln
784 4429 1057 4483 territorio
1107 4427 1274 4496 igitur
1323 4426 1556 4496 quodam
1598 4427 1765 4496 ipsius
1795 4427 1932 4482 villae
1973 4442 2090 4482 mo-
2124 4445 2168 4500 D
2196 4436 2454 4506 reprobus
2500 4435 2858 4494 inveniretur.
2895 4437 3005 4495 Nec
3033 4439 3275 4507 deerant,
3305 4446 3632 4512 providente
3665 4447 3761 4500 Dav

513 4520 811 4572 nasterium
875 4516 1144 4571 aediﬁcare
1197 4524 1520 4585 cmperunt,
1567 4517 1659 4586 qui
1709 4517 1861 4571 locus
1921 4533 2090 4590 usque

515 4611 676 4667 hodie
702 4609 870 4664 Vetus
908 4617 1130 4664 vocatur
1166 4608 1575 4664 monasterium.

586 4785 665 4858 (2)
698 4785 785 4858 De
803 4786 966 4841 verbo
987 4801 1050 4858 ex
1079 4785 1373 4858 antiquiori
1400 4785 1704 4858 Anonymo.

587 4857 667 4929 (ὅ)
693 4856 1007 4929 Folquinus
1039 4857 1090 4929 in
1141 4856 1369 4929 CIiron.,
1409 4857 1499 4929 lib.
1534 4856 1590 4919 ι’.
1637 4873 1761 4929 cap.
1813 4857 1869 4922 2,
1900 4859 2090 4913 scribit

521 4924 663 4986 anno
693 4924 769 4983 ’11
813 4924 1084 4988 Ludovici,
1111 4928 1312 4982 Christi
1361 4927 1484 4991 645.
1517 4924 1721 4982 rectius
1773 4943 1915 4982 anno
1961 4929 2087 4995 648,

520 5009 616 5054 aut
635 4998 973 5054 insequenti.
995 4999 1087 5053 cui
1108 4998 1398 5053 Cblodovei
1429 5013 1605 5052 annus
1635 4999 1952 5053 undecimus
1984 4999 2090 5053 illi-

2193 4528 2358 4592 mino,
2391 4529 2513 4584 vita:
2532 4544 2718 4585 eorum
2749 4533 3072 4586 necessaria.
3091 4531 3289 4589 Amnes
3315 4535 3460 4590 enim
3487 4550 3547 4592 et
3572 4538 3763 4606 quiquo

2192 4621 2402 4676 nobiles
2427 4619 2648 4676 Christo
2673 4621 2852 4678 devoti
2873 4621 2992 4694 ejus
3021 4624 3388 4682 admonitione
3416 4637 3471 4684 et
3498 4629 3760 4692 doctrina,

2191 4790 2469 4860 loquamur
2518 4791 2897 4858 nescientibus,
2945 4795 3066 4847 hinc
3112 4795 3249 4850 idem
3291 4795 3438 4852 locus
3479 4797 3535 4852 in
3585 4796 3763 4852 Ιταιὶιί

2191 4863 2321 4935 colle
2363 4862 2493 4935 situs
2531 4864 2743 4935 ﬂuuium
2768 4863 3058 4935 Agnionam
3085 4881 3202 4918 cum
3243 4868 3393 4933 aquis
3425 4869 3760 4935 palustribus.

2192 4930 2338 4984 illinc
2365 4931 2549 4986 silvam
2576 4932 2743 5001 longis
2789 4930 3254 5001 supereminetuam
3286 4930 3453 4990 'Itabe't
3492 4938 3761 4991 tractibus.

2192 5001 2251 5054 εἶν.
2299 5001 2536 5054 'l'lmmas
2588 5001 2993 5054 Cantuariensis
3043 5006 3487 5054 archienismnns
3533 5007 3759 5054 nalrintn
