3960 5320
69 163 188 222 1093

1423 155 1583 214 νιτΑ
1625 156 1682 213 S.
1727 152 2026 211 BERTINI.

3173 141 3315 213 tua:

67 273 272 346 plurima
302 279 567 328 terrarum
606 269 1003 342 fundorumque
1036 268 1115 326 illi
1146 266 1499 364 conferebant
1527 269 1624 323 do-
1651 281 1697 339 Α
1727 265 1944 337 capella:
1990 265 2334 320 donationem
2383 262 2434 320 in
2472 263 2594 319 villa
2641 261 2956 321 Waurantis
2997 263 3140 320 dicta
3169 306 3182 328 ,
3227 265 3313 320 di-
3385 276 3396 302 τ

68 365 220 429 naria,
254 362 394 418 sicut
427 359 656 417 inferius
695 361 926 432 patebit.

219 454 346 515 Cu.
373 452 439 507 Υ.
475 452 712 508 Traditio
744 455 810 507 de
838 453 962 507 villa
997 453 1063 508 de
1093 451 1449 508 Worinhoud.

122 547 170 601 7.
195 546 272 618 (8)
302 545 430 614 Post
485 545 798 615 praedictam
839 545 1006 600 etiam
1052 544 1380 600 venerabilis
1419 557 1626 598 memo-

63 636 146 690 rite
165 633 417 690 Adi-caldi
458 633 805 689 traditionem
831 674 847 698 ,
896 650 1002 705 qua
1034 649 1093 690 se
1144 635 1198 689 in
1236 633 1476 703 ejusdem
1523 634 1626 690 loci

65 725 465 780 constructionis
514 725 786 794 primitias
823 727 1058 795 primum
1100 726 1376 790 exhibuit,
1409 726 1628 795 quidam

62 815 310 885 praedives
360 813 690 869 lieremarus
733 829 843 870 sua:
887 815 1236 885 proprietatis
1266 814 1445 868 villam
1499 813 1630 868 Wo-

63 905 271 958 n‘uhoud
299 905 376 974 (9)
409 905 632 970 dictam,
666 905 776 960 Deo
806 915 1103 976 sanctoque
1128 906 1350 962 Bertino
1381 904 1626 961 contulit.

59 995 148 1062 Qui
178 994 387 1051 scilicet
437 997 632 1050 beatus
679 995 761 1050 vir
813 1005 1086 1052 tantorum
1137 998 1332 1052 divina:
1363 995 1632 1064 largitatis

60 1090 415 1156 impensorum
445 1104 551 1143 non
584 1089 849 1161 ingratus,
880 1091 1141 1160 quidquid
1169 1091 1269 1145 sibi
1302 1109 1333 1146 a
1386 1091 1478 1146 Dei
1507 1106 1634 1146 con-

61 1178 322 1234 ferebatur
362 1179 645 1244 ﬂdelibus,
699 1196 886 1237 eorum
916 1181 1078 1238 saluti
1111 1197 1298 1238 revera
1345 1183 1632 1238 consulens

56 1271 294 1340 supernis
332 1271 562 1327 sancivit
613 1272 822 1328 usibus.
874 1271 1010 1328 Nam
1061 1273 1113 1327 in
1165 1274 1427 1342 praedicto
1466 1273 1633 1329 fundo

56 1370 291 1417 sanctum
323 1362 652 1420 Winnocum
695 1379 724 1417 a
779 1379 950 1433 puero
981 1379 1076 1421 sua
1110 1365 1392 1435 disciplina
1433 1365 1633 1420 instrn-

55 1464 190 1507 ctum
221 1468 350 1509 cum
381 1453 498 1524 ejus
538 1452 660 1510 aliis
685 1454 1153 1510 commilitonibus
1179 1455 1400 1519 direxit,
1435 1455 1634 1524 quibus

55 1551 104 1595 nt
144 1544 209 1598 ad
251 1558 550 1613 pauperum
595 1545 960 1615 receptionem
1001 1545 1191 1600 cellam
1241 1545 1636 1615 ecclesiamque

55 1635 96 1687 ir.
124 1635 333 1690 honore
370 1635 428 1690 S.
455 1634 670 1691 Martini
719 1636 1055 1692 aedificarent
1076 1637 1237 1707 jussit
1267 1657 1280 1692 :
1311 1637 1453 1707 quod
1501 1652 1634 1707 prm-
1667 1627 1710 1685 Β

55 1730 166 1784 dicti
202 1729 307 1784 viri
340 1730 626 1785 unanimes
670 1731 722 1785 in
753 1731 983 1785 Domino
1009 1731 1230 1785 instanti
1270 1730 1454 1785 labore
1487 1744 1634 1786 com—

55 1817 328 1886 pleverunt
361 1829 603 1889 tempore
638 1821 871 1874 modico.
925 1819 1143 1876 Statuto
1189 1820 1354 1875 etiam
1404 1820 1632 1874 fratrum

55 1911 466 1976 conventiculo,
517 1926 671 1966 suum
722 1911 776 1966 in
831 1912 978 1967 omni
1026 1911 1330 1967 sanctitatis
1373 1911 1636 1967 exercitio

56 2001 296 2056 amulum
344 2002 664 2072 discipulum
693 2041 708 2067 ,
760 2011 1010 2058 sanctum
1065 2002 1273 2057 scilicet
1307 2000 1633 2056 Winnocnm

55 2089 311 2157 praefecit,
346 2090 472 2160 quia
505 2091 571 2145 de
612 2090 728 2159 ejus
761 2090 865 2144 vita
898 2099 954 2145 et
982 2091 1224 2146 moribus
1269 2106 1375 2144 non
1424 2090 1636 2144 dubita-

55 2183 154 2244 hat,
205 2196 374 2252 quem
425 2197 611 2238 secum
658 2183 728 2239 ab
774 2182 1151 2237 infantia'sub
1197 2181 1480 2237 Dominica
1516 2198 1636 2235 mo-

56 2273 272 2328 nasterii
320 2273 505 2328 schola
548 2273 834 2328 nutrierat.
887 2272 1092 2329 Taliter
1134 2288 1264 2342 ergo
1291 2272 1352 2325 Β.
1385 2271 1637 2327 Bertinus

56 2366 287 2420 nnnium
319 2365 693 2421 coenobiorum
725 2365 1129 2421 Tarvennensis
1162 2363 1418 2420 territorii
1447 2373 1639 2417 auctor

56 2463 88 2505 ξι
114 2463 280 2523 pater
308 2456 539 2518 exstitit,
573 2465 828 2526 tantoque
860 2457 1106 2526 germine
1139 2455 1193 2509 in
1234 2463 1490 2525 provectu
1538 2453 1638 2507 Ec-

55 2549 222 2604 :lcsiaa
245 2548 450 2604 Christi
480 2550 1090 2606 l'ructilicavit.0missis
1120 2551 1334 2604 tandem
1363 2549 1636 2617 omnibus,

56 2653 247 2708 planta
307 2643 572 2697 industria
631 2651 830 2697 cuncta
889 2641 1199 2696 necessaria
1252 2639 1370 2694 loco
1407 2641 1639 2710 propriae

56 2735 402 2790 rabitationis
455 2736 666 2790 curavit
711 2735 1020 2806 providere,
1055 2735 1408 2805 subsequenti
1447 2749 1638 2788 narra-

55 2829 189 2882 iitur
219 2829 389 2882 serie.

205 2919 342 2974 CAP.
384 2919 469 2974 Vl.
517 2917 759 2985 Qualiter
809 2919 1156 2974 cmmelerium
1198 2917 1493 2989 acquisivit.
1572 2942 1573 2945 η
1654 2935 1660 2941 ·

122 3011 178 3065 8.
237 3011 506 3066 Omnibus
545 3011 710 3078 igitur
761 3011 1060 3066 commodis
1114 3010 1355 3081 ejusdem
1411 3007 1515 3063 loci
1555 3007 1636 3062 sui

55 3102 312 3158 'ratribus
340 3103 1064 3172 perquisitis,cretneterium
1087 3118 1283 3174 parare
1309 3117 1415 3156 non
1442 3101 1637 3170 potuit,

55 3197 112 3248 uti
139 3196 197 3249 in
229 3193 450 3266 palude.
480 3194 656 3264 Super
675 3210 780 3265 qua
811 3211 870 3250 re
902 3195 985 3250 sui
1018 3196 1070 3254 in
1096 3195 1350 3250 omnibus
1375 3192 1641 3263 adjutoris

55 3287 225 3342 lilecti
273 3286 369 3342 Dei
400 3287 664 3342 antistitis
707 3287 1003 3342 Audomari
1061 3285 1349 3342 consilium
1399 3294 1452 3341 et
1482 3300 1638 3354 opem

56 3394 144 3432 non
187 3377 407 3432 distulit
429 3391 696 3449 quaerere.
733 3376 835 3444 Qui
875 3377 1168 3447 praeclarus
1209 3377 1453 3446 pontifex
1481 3376 1640 3430 solita

56 3469 340 3524 tharitatis
379 3469 552 3524 adfuit
579 3469 936 3535 exhibitione,
977 3469 1207 3540 ejusque
1234 3468 1466 3524 consilio
1491 3483 1644 3523 com-

55 3562 328 3617 nunicato
377 3568 434 3616 et
479 3560 699 3625 labore,
747 3561 894 3616 fossa
949 3561 1195 3616 ambiens
1243 3559 1641 3623 coemeterium,

63 3653 219 3707 idem
252 3653 504 3722 coenobio
523 3653 862 3707 consecravit
889 3652 940 3707 in
972 3652 1214 3723 przedicti
1245 3651 1396 3706 collis
1417 3651 1642 3716 vertice,

57 3752 365 3799 onstructa
390 3743 446 3798 in
466 3743 584 3814 ejus
610 3744 786 3799 medio
800 3743 1024 3799 basilica
1053 3743 1106 3798 in
1131 3742 1482 3798 veneratione
1521 3757 1646 3797 san-

62 3843 131 3886 ta:
151 3833 266 3889 Dei
289 3833 571 3904 genitricis
593 3833 795 3888 Mariae.
813 3834 986 3900 Quam
1034 3832 1304 3888 connnuni
1349 3831 1646 3902 perfectam

57 3942 206 3998 pere
243 3925 308 3980 S.
330 3926 548 3980 Bertino
575 3923 799 3995 ejusque
826 3925 1113 3980 cmnobitis
1135 3924 1406 3980 concessit
1441 3925 1648 3995 integre

59 4034 181 4073 uno
238 4015 641 4072 sexcentesimo
670 4016 1006 4086 sexagesimo
1041 4015 1434 4070 lncarnationis
1467 4015 1650 4070 Domi-

61 4112 202 4175 icac,
238 4107 592 4162 donationem
624 4122 778 4162 suam
823 4107 1155 4162 confirmans
1200 4106 1339 4160 facta
1364 4119 1460 4176 per
1483 4105 1651 4176 privio

59 4201 159 4271 'gii
210 4199 648 4269 descriptionem
689 4198 1006 4265 traditione,
1035 4197 1092 4252 in
1139 4212 1244 4269 qua
1292 4211 1352 4252 se
1406 4195 1648 4268 ejusdem

1731 368 1907 414 stante
1939 373 1969 412 a
2002 357 2181 413 Sithiu
2211 357 2464 413 cmnobio
2503 356 2616 414 fere
2657 368 2893 427 quatuor
2929 358 3250 413 milliaribns
3285 375 3314 412 a

1731 450 1929 504 dnnmo
1974 447 2192 504 Bertino
2239 448 2536 504 secundum
2575 449 2742 518 ipsius
2787 450 2929 506 beati
2980 449 3079 504 viri
3119 450 3172 504 in
3213 451 3319 505 hoc
3389 447 3393 454 ’

1731 538 2019 609 privilegio
2041 548 2287 609 rogatum
2305 539 2502 594 exinde
2517 540 2852 609 deportatus,
2875 539 2928 594 in
2952 541 3318 611 suprascripta

1731 630 1976 694 basilica,
2002 640 2128 686 ante
2153 630 2326 684 altare
2350 638 2551 686 sanctre
2581 631 2671 686 Dei
2697 631 2996 686 Genitricis
3017 641 3102 685 est
3129 631 3319 685 huma-

1733 729 1819 776 tus
1847 762 1862 785 ,
1901 736 1965 775 ac
1999 721 2255 792 deinceps
2287 721 2401 793 ipsa
2447 722 2668 778 basilica
2710 721 2911 778 domno
2949 721 3171 778 Bertino
3217 721 3316 779 fuit

1732 815 1966 870 subdita.

1805 906 1892 961 id.
1935 906 2144 976 Largus
2166 904 2329 976 igitur
2348 907 2612 962 bonorum
2635 921 2856 977 operum
2877 907 3172 963 retributor
3190 923 3322 962 con-

1735 1002 1826 1070 trag
1861 995 2155 1050 diabolicas
2202 996 2580 1065 persuasiones
2634 996 2960 1051 indefessam
3007 997 3089 1052 sui
3136 997 3324 1052 militis

1733 1086 1936 1142 Bertini
1976 1088 2246 1157 aspiciens
2279 1103 2512 1158 pugnam
2549 1085 2713 1159 [oculi
2754 1089 2890 1142 enim
2925 1087 3138 1142 Domini
3173 1090 3321 1160 aspi-

1733 1179 1886 1234 ciunt
1924 1195 2081 1250 super
2108 1179 2284 1248 justas
2311 1219 2325 1245 ,
2375 1188 2422 1233 et
2462 1195 2620 1232 aures
2662 1179 2774 1247 ejus
2816 1180 2881 1231 in
2917 1196 3090 1248 preces
3139 1196 3322 1236 eorum

1737 1267 1910 1340 (Psal.
1953 1284 2111 1334 xxm,
2148 1268 2292 1341 16)],
2342 1284 2704 1339 magnamque
2741 1268 2857 1338 cjus
2885 1270 2949 1324 de
2992 1272 3183 1327 ovibus
3219 1274 3324 1328 sibi

1736 1359 1959 1414 creditis
1998 1359 2212 1415 intuens
2241 1374 2456 1424 curam,
2491 1359 2738 1415 almilicis
2769 1374 2892 1414 eum
2925 1361 3095 1431 signis
3119 1376 3182 1417 ac
3212 1363 3325 1415 vir-

1746 1449 1955 1504 tutibus
2000 1449 2353 1519 gloriﬁcavit,
2399 1450 2466 1503 de
2509 1449 2704 1518 quibus
2733 1490 2747 1514 ,
2797 1449 3011 1504 favente
3060 1452 3285 1506 Domino
3312 1493 3328 1519 ,

1735 1555 1902 1610 pauca
1933 1540 2286 1610 subsequenti
2318 1540 2663 1595 narrabimus
2698 1555 2968 1596 sermone.

2012 1629 2141 1684 Cu.
2185 1628 2295 1685 vu.
2340 1629 2578 1684 Traditio
2617 1629 2876 1686 Walberli
2915 1632 3049 1703 (to).

1807 1722 1892 1777 11.
1935 1720 2060 1778 Fuit
2093 1723 2256 1793 igitur
2286 1724 2506 1794 quidam
2539 1723 2624 1776 vir
2665 1723 2862 1778 nobilis
2901 1723 3234 1780 honorificus
3273 1736 3329 1782 ct

1737 1829 1920 1870 comes
1949 1817 2242 1870 secundum
2270 1831 2462 1869 vanam
2487 1813 2647 1884 hujus
2671 1814 2852 1869 saeculi
2881 1817 3193 1886 dignitatem
3227 1833 3325 1871 no-
3373 1831 3378 1836 '

1738 1907 1885 1961 mine
1929 1906 2282 1974 Walbcrtus,
2324 1923 2463 1962 uxor
2495 1923 2626 1963 vero
2665 1908 2781 1977 ejus
2829 1908 3187 1980 Regentrudis
3229 1910 3330 1964 fuit
3388 1920 3390 1922 '

1739 2005 2068 2067 nuncupata.
2127 1997 2263 2053 lluic
2317 2012 2444 2052 vero
2490 1997 2806 2054 Waulberto
2851 2008 2905 2054 et
2951 2000 3162 2071 conjugi
3216 2017 3329 2056 sua:

1739 2097 1891 2156 pater
1925 2087 2322 2145 confessionum
2367 2091 2479 2163 (ll)
2523 2093 2712 2148 beatus
2754 2092 2855 2147 fuit
2896 2093 3145 2149 Bertinus
3170 2135 3185 2161 ,
3231 2111 3332 2150 nec

1739 2197 1844 2235 non
1887 2190 1942 2236 et
1981 2193 2264 2254 compater
2299 2184 2400 2238 fuit
2448 2186 2743 2242 secundum
2784 2185 2967 2242 smculi
3003 2187 3327 2243 laudabilem

1739 2275 1902 2329 ritum
1957 2274 2098 2331 inter
2141 2277 2482 2333 Christianos
2530 2278 2598 2332 ad
2651 2280 3024 2350 conjungenda
3077 2279 3329 2335 fraternae

1741 2369 2024 2424 charitatis
2064 2371 2267 2425 foedera
2301 2383 2702 2429 conservatum.
2752 2374 2951 2429 Beatus
2996 2375 3159 2446 igitur
3196 2373 3330 2427 Ber-

1743 2461 1888 2515 tinus
1932 2462 2177 2532 utrisque
2227 2462 2450 2518 verbum
2501 2479 2645 2534 smpe
2690 2465 3021 2534 pra-dicabat
3062 2465 3327 2520 divinum.

1741 2553 2081 2622 Quapropter
2108 2553 2226 2623 pius
2256 2554 2338 2607 vir
2362 2554 2657 2623 prmdictus
2688 2555 2998 2610 Walhertus
3022 2557 3087 2608 ad
3118 2554 3178 2607 Β.
3208 2553 3335 2607 Ber-

1745 2644 1915 2696 tinum
1949 2658 2091 2712 sirpe
2123 2644 2306 2699 venire
2345 2646 2594 2713 solebat,
2641 2655 2697 2699 ut
2744 2662 2772 2702 a
2813 2647 2972 2702 beato
3007 2649 3120 2702 viro
3153 2647 3334 2701 divina

1744 2743 2010 2803 prazcepta
2043 2735 2286 2799 audiret,
2335 2747 2390 2790 et
2417 2745 2475 2790 ut
2503 2751 2532 2790 a
2563 2751 2721 2791 sacro
2752 2736 2868 2806 ejus
2900 2753 2994 2792 ore
3019 2746 3141 2808 post
3181 2753 3334 2792 com-

1745 2827 2165 2881 municationem
2217 2828 2462 2898 corporis
2503 2837 2558 2883 et
2606 2830 2885 2900 sanguinis
2930 2828 3130 2885 Christi
3178 2844 3333 2884 more

1743 2917 2161 2973 benediceretur
2183 2919 2363 2975 solito.
2395 2920 2637 2988 Quadam
2667 2922 2832 2993 igitur
2854 2923 2940 2978 die
2962 2921 3025 2976 ad
3053 2922 3330 2977 basilicam

1741 3019 1940 3065 sanctm
1965 3009 2056 3064 Dei
2087 3011 2368 3080 genitricis
2395 3027 2717 3084 semperque
2749 3013 2983 3084 Virginis
3007 3013 3208 3077 Maria),
3239 3013 3330 3067 ubi

1741 3101 1907 3155 etiam
1939 3099 1997 3154 Β.
2034 3099 2287 3154 Bertinus
2317 3101 2375 3156 S.
2415 3102 2784 3156 Audomarum
2816 3104 3090 3173 sepelivit,
3139 3118 3332 3173 supra-

1743 3193 1921 3247 dictus
1982 3191 2290 3248 Walbertus
2344 3194 2604 3258 veniens,
2668 3194 2974 3265 ibidemque
3029 3197 3332 3250 orationem

1743 3281 2048 3352 complens,
2096 3282 2274 3352 aliqua
2305 3297 2426 3338 eum
2465 3283 2788 3338 necessitate
2825 3285 3001 3340 Subito
3029 3285 3338 3341 retrahente
3382 3271 3384 3274 i

1747 3371 1812 3426 ad
1841 3374 2056 3426 beatum
2090 3371 2323 3441 neglexit
2358 3373 2546 3429 venire
2584 3373 2860 3429 Bcrlinum
2883 3413 2901 3440 ρ
2947 3375 3040 3430 sed
3077 3378 3141 3430 ad
3180 3391 3335 3430 suam

1745 3466 2018 3535 propriam
2067 3464 2282 3521 incaute
2332 3476 2669 3520 remeaverat
2719 3468 2958 3524 domum.
3008 3468 3160 3523 Tunc
3207 3485 3339 3524 suus

1747 3547 2048 3627 discipulus
2073 3558 2291 3612 nomine
2324 3557 2470 3613 Dodo
2509 3557 2666 3612 beato
2699 3559 2967 3613 nuntiavit
2995 3561 3214 3616 Bertino
3249 3562 3336 3617 di-

1747 3650 1946 3705 cendo:
1973 3669 1991 3701 ι
2007 3650 2170 3706 Valde
2191 3649 2516 3705 venerabilis
2539 3649 2973 3715 l’ater,admiror
2991 3653 3133 3722 quod
3159 3663 3340 3708 vester

1751 3744 1921 3798 fidelis
1945 3745 1996 3798 in
2020 3743 2234 3800 Christo
2257 3745 2465 3798 amicus
2489 3743 2800 3799 Walberlus
2829 3745 2880 3798 in
2903 3747 3150 3813 proximo
3177 3747 3334 3802 nobis

1749 3835 1910 3889 hodie
1935 3835 2037 3889 iter
2062 3834 2267 3889 faciens
2295 3837 2411 3890 sine
2436 3844 2631 3891 vestra:
2657 3835 3047 3891 benedictionis
3073 3839 3333 3907 petitione

1751 3928 1817 3982 ad
1855 3944 2007 3982 suam
2041 3928 2334 3984 insolenter
2354 3931 2593 4000 perrexit
2624 3931 2862 3985 domum.
2895 3951 2912 3982 ι
2937 3931 3089 3986 Tunc
3115 3943 3338 3988 sanctus

1750 4021 1954 4080 Christi
1982 4023 2262 4078 confessor
2290 4024 2544 4079 Bertinus
2573 4026 2890 4095 prophetico
2917 4025 3108 4094 spiritu
3151 4008 3341 4098 plenus

1751 4113 2010 4181 praedicto
2052 4113 2130 4167 ait
2166 4112 2431 4184 discipulo
2470 4129 2486 4168 :
2529 4132 2547 4165 ‹
2579 4115 2905 4185 Antequam,
2938 4115 3031 4182 fili,
3070 4117 3136 4171 ad
3181 4132 3335 4172 suam

1753 4204 2064 4260 Walbertus
2100 4205 2383 4276 perveniat
2411 4206 2654 4272 domum,
2686 4207 2753 4261 ad
2776 4222 2936 4277 quam
2972 4223 3115 4263 nunc
3145 4223 3339 4278 propc-

57 4296 184 4349 eati
219 4291 415 4347 Patris
449 4301 876 4360 cunctorumque
907 4288 1144 4345 fratrum
1174 4288 1275 4345 sub
1311 4287 1428 4358 ejus
1465 4297 1639 4358 patro-

1754 4299 1924 4354 rando
1946 4314 2005 4354 se
2032 4298 2205 4353 credit
2237 4298 2346 4353 cito
2370 4313 2490 4354 esse
2522 4309 2830 4362 venturum,
2858 4297 3009 4353 valde
3034 4299 3338 4369 ptenitebit,

55 4387 184 4441 iuio
258 4383 374 4439 Deo
423 4383 777 4440 servientium
826 4382 1170 4438 orationibus
1205 4381 1647 4447 commendavit,

55 4478 329 4546 etiitque
359 4482 418 4528 ut
455 4475 511 4530 in
560 4476 752 4530 eodem
799 4474 1144 4536 coemeterio,
1172 4487 1238 4528 eo
1270 4473 1434 4528 totius
1468 4473 1650 4528 carnis

55 4574 184 4627 iam
256 4570 527 4640 ingresso.
574 4582 772 4636 corpus
808 4568 1063 4622 exanime
1115 4566 1427 4620 humarent.
1485 4565 1650 4634 Cujus

55 4659 329 4731 r‘ivilegii
381 4658 661 4729 exemplar
693 4657 782 4713 hic
832 4657 1135 4714 inscribere
1187 4658 1518 4721 curavimus,
1570 4658 1650 4713 uti

55 4772 182 4811 me
218 4750 493 4821 temporis
520 4767 551 4804 a
581 4747 807 4819 praefato
836 4747 1036 4804 Christi
1084 4748 1314 4819 praesule
1339 4745 1651 4803 Audomaro

55 4859 268 4906 ictum
297 4843 632 4914 accepimus.

139 4937 460 5007 Exemplar
483 4936 680 4989 charta:
711 4931 772 4988 S.
813 4932 1105 4987 Audomari
1133 4931 1198 4985 de
1231 4929 1542 4985 cmmeterio.

55 5035 128 5091 Ex
189 5028 556 5086 Chartulario
592 5024 876 5095 Folquini,
919 5024 977 5079 S.
1029 5023 1234 5077 Bertini
1273 5019 1556 5075 monachi.
1582 5049 1653 5059 ——

77 5128 82 5131 ’
201 5120 346 5176 Vide
384 5119 709 5190 Patrologiw
739 5131 864 5172 tom.
896 5113 1207 5184 CXXXVI,
1237 5111 1338 5170 col.
1370 5111 1553 5185 “89.)

83 5225 160 5280 9.
218 5218 400 5290 Igitur
435 5215 738 5273 decedente
772 5215 969 5272 domno
1001 5213 1310 5271 Audomaro
1353 5208 1610 5282 episcopo
1633 5251 1649 5277 ,

1751 4392 1893 4461 quod
1917 4392 2074 4447 hodie
2101 4392 2217 4447 sine
2247 4401 2445 4446 nostra:
2471 4391 2867 4447 benedictionis
2899 4406 3122 4446 munere
3149 4393 3213 4446 de
3238 4391 3342 4447 boc

1751 4485 1992 4555 perrexit
2016 4484 2153 4540 loco.
2177 4504 2195 4537 ι
2218 4483 2370 4553 Quod
2386 4485 2680 4539 secundum
2703 4484 2845 4538 beati
2877 4483 2974 4536 viri
3007 4483 3344 4552 praescientis

1751 4578 1974 4633 verbum
2005 4577 2229 4632 eifcctus
2268 4577 2515 4646 probavit
2549 4577 2646 4631 rei.
2684 4575 2885 4631 Eodem
2915 4576 3060 4629 cnim
3099 4577 3186 4631 die
3224 4586 3346 4646 post

1752 4669 1881 4724 solis
1909 4684 2166 4724 occasum
2201 4668 2424 4722 nuntius
2462 4682 2492 4720 a
2534 4667 2815 4722 Walbcrto
2842 4665 3111 4722 velociter
3145 4681 3338 4721 sccnn~

1753 4761 1878 4815 dum
1919 4759 2121 4813 domini
2168 4758 2251 4814 sui
2295 4763 2624 4828 prceceptum
2671 4755 2968 4826 equitando
3010 4756 3084 4812 ad
3128 4759 3347 4809 beatum

1675 4882 1678 4886 ι
1753 4851 1900 4907 venit
1934 4851 2244 4916 Bertinum,
2284 4848 2578 4916 statimque
2604 4857 2898 4919 postquam
2929 4847 2995 4902 ad
3043 4845 3217 4904 sancti
3247 4843 3350 4896 viri

1754 4943 2098 5016 pres-entiam
2125 4942 2294 5004 venit,
2331 4939 2446 5007 ejus
2470 4939 2790 5008 provolutus
2821 4939 3090 5008 vestigiis.
3127 4932 3356 4993 trcnmla

1756 5036 1824 5092 ad
1845 5049 1967 5088 eum
1992 5033 2068 5088 ait
2083 5048 2213 5089 voce
2236 5047 2250 5085 :
2279 5048 2300 5081 ι
2320 5028 2564 5095 Domine,
2580 5039 2761 5087 vester
2784 5027 3090 5087 benevolus
3117 5030 3171 5083 in
3195 5019 3356 5076 Chri—

1756 5137 1841 5182 sto
1879 5126 2086 5180 amicus
2125 5122 2443 5178 Walbertus
2481 5122 2643 5177 modo
2689 5122 2742 5176 in
2780 5117 3022 5177 confinio
3068 5111 3263 5173 mortis
3305 5115 3361 5164 ct

1755 5217 1882 5272 vitae
1915 5214 2127 5284 positus
2155 5229 2254 5270 vos
2286 5211 2338 5265 in
2379 5209 2479 5266 Dei
2520 5210 2758 5281 postulat
2786 5207 3004 5266 nomine
3024 5245 3041 5269 ,
3085 5215 3144 5262 ut
3174 5213 3272 5296 pro
3297 5211 3363 5248 eo

2464 5315 2532 5320 ..μ
2587 5302 2624 5320 ,Ι
2655 5302 2859 5320 -..Ψ--.⁸-
2895 5301 3155 5320 -ιζΑΙιιι---ι
3206 5301 3365 5320 Ilvlcn-
