3960 5320
538 197 676 257 1095

1570 188 1907 247 FOLCARDI
1943 185 2250 246 MONACIII
2285 183 2713 244 SITIIIYENSIS

3668 185 3801 242 1096

536 309 798 370 ricortlcm
833 305 1199 377 deprecentini
1234 304 1553 371 Dominum,
1585 315 1643 360 ut
1679 321 1774 375 per
1807 315 2013 361 vestras
2055 305 2108 358 in
2137 306 2189 364 Α
2215 303 2549 359 ltrereditatis
2587 316 2700 358 suae
2747 309 2990 372 partem,
3037 299 3218 356 villam
3265 299 3481 356 scilicet
3526 300 3710 356 Arkas
3753 315 3804 359 et

536 410 826 473 conspectu
865 400 1057 456 aeterni
1106 399 1268 470 Regis
1305 397 1567 470 gloriosas
1596 412 1788 468 preces
1822 397 1888 453 de
1928 396 2120 451 morti-

537 497 650 551 fero
683 493 924 564 periculo
955 491 1098 562 quod
1128 490 1229 546 sibi
1261 505 1433 560 nuper
1461 489 1677 554 accidit,
1709 489 1946 544 solamen
1977 487 2118 542 reci-

533 587 667 657 piat.
711 585 1003 655 Postquam
1034 583 1177 649 enim
1204 583 1258 636 in
1285 582 1386 637 hac
1416 581 1503 636 die
1531 581 1649 635 sine
1686 590 1862 636 vestra
1902 577 2120 634 benedi-

532 678 714 733 ctione
737 677 802 731 ad
829 663 983 738 suam
1009 673 1196 730 volens
1216 687 1507 744 properare
1531 673 1750 727 domum
1781 677 2118 741 perrexerat,

533 769 712 823 subito
743 769 794 822 in
836 767 1014 822 medio
1044 767 1143 821 vire
1175 764 1353 836 spatio
1389 764 1455 820 de
1485 779 1582 820 suo
1617 765 1670 819 in
1715 779 1824 835 quo
1861 763 2120 818 velociter

535 859 814 929 equitabat
857 872 998 927 equo
1037 855 1307 927 dejectus,
1355 870 1519 926 super
1554 865 1827 926 petrosam
1870 854 2120 910 incautus

534 948 741 1004 corrttit
774 956 972 1004 terram
1001 988 1017 1014 ,
1048 947 1339 1018 multisque
1368 947 1420 1002 in
1450 947 1567 1019 ejus
1603 962 1828 1017 corpore
1860 945 2119 1001 membris

532 1039 766 1107 collisis,
807 1040 1118 1116 femoreque
1150 1039 1299 1111 ejus,
1338 1039 1652 1095 beatissime
1689 1035 1870 1103 Pater,
1904 1038 2118 1108 penitus

536 1129 851 1198 eonfracto,
884 1139 1117 1187 mortem
1143 1130 1246 1186 sibi
1277 1130 1544 1186 subditam
1575 1130 1766 1186 adesse
1800 1137 1982 1200 putat,
2014 1128 2116 1185 nisi

534 1221 705 1288 illum,
736 1232 795 1282 ut
823 1223 1012 1290 credit,
1043 1237 1140 1292 per
1183 1231 1396 1278 vestras
1422 1237 1608 1278 sacras
1644 1222 1917 1278 orationes
1943 1221 2117 1292 pietas

538 1313 734 1369 liberet
770 1314 974 1368 divina.
1016 1313 1131 1384 Scit
1173 1313 1317 1368 enim
1359 1313 1501 1384 quod
1540 1314 1643 1369 hoc
1673 1313 1773 1368 sibi
1818 1312 2114 1386 periculum

533 1420 631 1473 per
673 1420 824 1458 suam
872 1404 1098 1474 contigit
1137 1393 1518 1475 negligentiam
1546 1445 1560 1469 ,
1594 1406 1718 1474 quia
1762 1406 1878 1461 sine
1923 1414 2117 1460 vestrae

532 1496 928 1566 benedictionis
975 1495 1234 1550 tutamine
1265 1511 1361 1566 per
1405 1497 1576 1551 hostis
1609 1496 1785 1551 callidi
1827 1497 2111 1562 astutiam,

531 1587 710 1658 aliqua
757 1603 814 1643 sc
853 1587 1179 1644 necessitate
1218 1588 1524 1643 retrahente
1555 1588 1620 1643 de
1665 1589 1768 1644 hoc
1800 1589 1959 1645 hodie
1997 1588 2114 1645 loco

530 1681 789 1748 perrexit.
822 1679 1046 1744 Idcirco,
1074 1694 1169 1734 vos
1199 1680 1249 1733 in
1281 1679 1374 1734 Dei
1407 1680 1624 1734 nomine
1652 1680 1718 1736 de
1742 1681 1996 1752 praadicta
2027 1694 2119 1736 ne-

532 1770 784 1840 gligentia
817 1771 1029 1825 veniam
1062 1771 1292 1839 petendo
1328 1781 1584 1840 precatur
1610 1780 1672 1827 ut
1712 1780 1899 1842 potum
1938 1781 2118 1828 vestro

531 1877 690 1916 sacro
717 1876 812 1916 ore
853 1861 1198 1917 benedictum
1241 1862 1520 1932 sacrisque
1557 1863 1809 1918 manibus
1849 1864 2117 1934 signatum

533 1954 601 2008 ad
627 1970 749 2009 enm
764 1963 1052 2023 antequam
1085 1953 1349 2008 moriatur
1365 1955 1733 2009 transmittere
1755 1955 2069 2024 dignemini.
2091 1975 2110 2008 ι

533 2047 685 2102 Tunc
707 2046 1032 2101 venerabilis
1060 2059 1226 2100 senex
1251 2061 1381 2100 casu
1407 2045 1578 2100 ﬁdelis
1603 2046 1760 2100 amici
1787 2058 2115 2116 commetus,

531 2154 630 2193 suo
667 2139 1044 2193 incunctanter
1067 2135 1232 2206 jussit
1265 2135 1532 2207 discipulo
1566 2153 1631 2191 ex
1663 2137 1960 2207 mnophoro
2003 2139 2116 2210 (12)

532 2232 676 2301 quod
715 2231 767 2284 in
805 2230 1050 2286 sacrario
1080 2229 1315 2300 positum
1357 2229 1552 2292 fuerat,
1587 2229 1772 2282 vinum
1803 2230 2112 2300 propinare,

536 2332 596 2376 ut
625 2322 691 2376 ad
719 2331 1072 2393 argrotantem
1115 2321 1395 2376 celerrime
1426 2321 1732 2375 mitteretur
1759 2321 2016 2376 amicum.
2046 2323 2116 2378 At

524 2410 742 2482 juvenis
770 2411 959 2466 leviter
981 2423 1171 2467 sancto
1195 2411 1468 2482 reSpondit
1493 2411 1701 2466 abbati:
1719 2430 1738 2464 ι
1763 2412 1872 2476 Est,
1893 2424 1950 2468 ut
1971 2427 2112 2478 reor,

529 2504 842 2574 beatissime
882 2503 1076 2570 Pater,
1118 2503 1350 2574 spatium
1394 2502 1596 2558 mensis
1638 2504 1875 2576 integri,
1922 2514 2015 2560 aut
2051 2520 2116 2561 co

530 2595 762 2666 amplius
803 2611 908 2666 quo
948 2610 1046 2651 nec
1082 2597 1136 2650 in
1181 2611 1246 2650 eo
1288 2595 1354 2650 de
1403 2610 1512 2666 quo
1561 2595 1698 2652 dicis
1744 2597 1962 2652 vasculo
2009 2614 2114 2653 una

531 2687 711 2758 phiala
745 2689 906 2754 fuerit
933 2689 1063 2743 vini.
1087 2707 1106 2740 ι
1128 2687 1260 2744 Iluic
1289 2697 1507 2743 sanctus
1530 2687 1728 2742 Christi
1760 2687 2038 2744 confessor
2062 2698 2118 2744 ct

529 2780 634 2835 ﬁde
661 2781 894 2851 perfecta
925 2789 980 2836 ct
1006 2781 1272 2835 charitate
1299 2780 1490 2851 plenus
1517 2795 1616 2836 suo
1645 2780 1780 2836 dixit
1809 2781 2072 2851 discipulo
2098 2799 2111 2837 :

541 2892 560 2925 t
586 2873 752 2940 Vade,
781 2873 884 2942 ﬁli,
921 2873 973 2928 in
1007 2873 1099 2936 Dei
1123 2874 1339 2928 nomine
1372 2873 1436 2928 ad
1461 2873 1588 2928 illud
1627 2873 1693 2928 dc
1719 2890 1825 2943 quo
1856 2875 1992 2930 dicis
2022 2891 2112 2928 va-

2222 396 2393 451 multa
2416 396 2523 450 alia
2545 395 2683 450 sicut
2703 393 2999 463 antiquitas
3021 393 3236 458 asserit,
3266 394 3470 464 praedia
3496 393 3558 447 Β.
3585 393 3805 452 Dertino

2222 487 2470 551 tradidit,
2502 495 2558 541 et
2585 485 2772 541 usibus
2812 483 3036 540 fratrum
3069 485 3124 539 in
3171 482 3346 539 Sithiu
3379 484 3605 541 Christo
3634 487 3808 543 famn-

2221 575 2446 630 lantium
2483 583 2744 646 perpetuo
2772 573 3059 643 delegavit.
3103 574 3304 645 Sicque
3342 576 3608 644 paulatim
3651 579 3809 634 relata

2221 664 2570 721 sazcularibus
2603 664 2952 731 renuntiatis,
2984 664 3239 734 omnique
3277 667 3460 722 studio
3497 666 3808 724 ctelestibns

2221 757 2457 824 inhians,
2484 755 2708 828 jamque
2737 757 3036 812 monachus
3061 757 3175 812 ﬁeri
3211 757 3557 825 desiderans,
3592 758 3655 815 S.
3686 760 3808 816 Ber-

2222 848 2319 902 tini
2359 849 2578 904 hortatu
2605 858 2660 903 et
2691 848 2920 904 consilio
2967 849 3164 912 fretus,
3206 849 3260 904 in
3289 849 3540 908 Luxovio
3570 852 3685 923 (1⁸5)
3722 855 3809 908 ha-

2219 942 2391 998 bitum
2411 943 2687 1014 religionis
2721 942 2999 1014 suscipere
3018 942 3356 998 irrevocabili
3386 944 3624 1015 spondet
3647 945 3809 1001 devo-

2220 1044 2488 1182 uoneéAP.
2524 1125 2652 1181 VIII.
2695 1124 2932 1180 Traditio
2982 1125 3047 1180 de
3089 1123 3471 1197 Hunnlfricurl
3521 1127 3668 1198 (η)⁸

2289 1216 2376 1273 I2.
2410 1217 2504 1272 Vir
2527 1218 2744 1287 quidam
2801 1217 3030 1289 inclytus
3059 1218 3279 1273 nomine
3319 1218 3669 1277 Amalfridus
3696 1232 3808 1278 tra-

2219 1307 2357 1364 didit
2406 1310 2606 1366 domno
2642 1309 2864 1365 Bertino
2916 1311 3304 1366 monasterium
3357 1313 3508 1383 quod
3539 1316 3656 1385 ipse
3683 1333 3808 1371 con-

2220 1407 2500 1455 struxerat
2527 1399 2580 1454 in
2607 1399 2939 1470 pr0prietate
2977 1389 3350 1465 sua,'nomine
3402 1401 3804 1475 Hmmlfricun,

2217 1491 2272 1546 in
2325 1507 2465 1562 pago
2517 1491 2898 1548 Cameracensi
2959 1508 3120 1564 super
3172 1494 3336 1551 ﬂuvio
3389 1495 3585 1561 Scald,
3643 1502 3810 1557 ubiet

2222 1582 2331 1638 ﬁlia
2355 1585 2522 1654 ipsius
2552 1585 2778 1642 illustris
2810 1587 2933 1654 viri,
2971 1587 3210 1642 Auriana
3238 1591 3486 1656 nomine,
3531 1594 3804 1650 abbatissa

2222 1675 2713 1733 sanctimonialium
2754 1677 2954 1733 rectrix
3003 1691 3123 1733 esse
3162 1678 3379 1734 videtur
3410 1696 3481 1736 eo
3532 1692 3725 1740 tenore
3757 1696 3808 1741 ut

2221 1764 2323 1820 huc
2345 1766 2460 1836 ipse
2488 1767 2614 1821 dum
2649 1768 2947 1834 adviveret,
2978 1784 3075 1838 per
3103 1772 3408 1840 precariam
3470 1773 3730 1841 haberet.
3760 1791 3809 1834 et

2219 1863 2344 1923 post
2388 1870 2544 1910 suum
2568 1854 2775 1913 obitum
2814 1871 2880 1912 ac
2914 1858 3036 1913 filia:
3087 1856 3204 1927 ejus
3231 1862 3522 1930 Auriana-2,
3572 1870 3808 1936 supradi-

2219 1955 2336 2002 ctus
2358 1947 2524 2003 abbas
2548 1947 2798 2005 Bertinus
2821 1965 2917 2005 seu
2939 1966 3281 2008 successores
3307 1956 3391 2009 sui
3417 1956 3530 2011 hoc
3558 1958 3803 2020 habeant.

2219 2049 2439 2095 teneant
2467 2055 2532 2094 ac
2559 2040 2907 2110 possideant:
2940 2051 2994 2097 et
3023 2057 3410 2114 quemcunque
3451 2051 3802 2119 przrposituni

2219 2131 2291 2186 ihi
2325 2147 2638 2202 praeponere
2695 2134 2986 2202 voluerint,
3037 2135 3312 2191 licentiam
3371 2137 3650 2207 habeant,
3681 2143 3804 2198 sicut

2217 2225 2384 2280 etiam
2413 2227 2690 2298 exemplar
2719 2229 2865 2285 illius
2903 2231 3208 2288 traditionis
3236 2234 3382 2302 apud
3413 2250 3520 2290 nos
3551 2237 3804 2291 hactenus

2217 2330 2597 2376 conservatum
2647 2329 2892 2387 testatur,
2925 2333 3102 2378 actum
3149 2339 3293 2380 anno
3329 2325 3399 2380 ab
3428 2326 3804 2383 Incarnatioue

2217 2413 2429 2468 Domini
2480 2414 2876 2470 sexcentesimo
2919 2417 3318 2485 septuagesimo
3371 2420 3625 2489 septimo
3682 2420 3798 2491 US),

2217 2503 2509 2560 indictione
2537 2517 2712 2561 sexta.

2216 2594 2344 2650 Car.
2381 2595 2471 2650 IX.
2507 2596 2661 2662 Quod
2705 2596 2936 2667 plurima
2979 2600 3151 2671 signa,
3184 2598 3303 2655 licet
3333 2617 3432 2655 nos
3465 2601 3694 2669 lateant,
3721 2621 3801 2674 per

2640 2703 2758 2742 eum
2787 2687 2910 2756 fecit
2955 2688 3207 2744 Dominus
3237 2690 3376 2761 (I6).

2287 2776 2378 2832 15.
2404 2775 2672 2833 Praeterea
2700 2793 2800 2848 per
2827 2788 3074 2834 sanctum
3126 2780 3303 2836 virum
3355 2783 3501 2838 mira
3553 2784 3798 2840 divinitas

2217 2867 2346 2937 egit,
2381 2869 2629 2937 quamvis
2661 2869 2858 2940 partim
2908 2870 3022 2942 ipse
3068 2871 3278 2927 celandi
3337 2877 3550 2941 studio,
3611 2881 3796 2948 partim

529 2966 779 3031 sculum;
816 2966 1072 3021 Dominus
1105 2966 1254 3036 enim
1287 2974 1472 3020 noster
1504 2964 1589 3021 cui
1619 2967 1800 3020 omnia
1837 2967 2110 3037 possibilia
2139 2987 2181 3045 ο
2219 2963 2346 3045 Illuc
2375 2958 2724 3025 Ρνωδθυῑίυῐη
2755 2958 3080 3032 ιιθειῑεειιιῖει
3124 2961 3450 3018 οεευιυετίιο
3495 2965 3609 3021 Sed
3640 2969 3798 3022 omni-

527 3065 685 3122 sunt,
727 3055 820 3125 qui
863 3055 1014 3110 adest
1052 3055 1105 3108 in
1135 3055 1624 3125 opportunitatibus
1655 3056 1832 3125 (prope
1868 3066 1942 3110 est
1972 3057 2111 3110 enim

527 3143 786 3198 Dominus
817 3143 1175 3197 invocantibus
1204 3160 1319 3198 eum
1353 3141 1527 3216 [I’sal.
1556 3159 1734 3212 chtv,
1762 3144 1896 3216 18]),
1924 3157 2110 3202 nostro

529 3235 812 3304 aegrotanti
851 3235 1057 3298 amico,
1093 3233 1277 3298 credo,
1305 3232 1642 3287 salutiferam
1671 3235 1818 3288 dabit
1846 3244 2050 3306 potum.
2083 3255 2102 3289 ι

529 3323 684 3380 Tunc
705 3324 922 3393 juvenis
957 3323 1131 3379 sancti
1163 3323 1264 3378 viri
1301 3335 1567 3394 przcecpta
1597 3334 1814 3379 secutus
1837 3365 1850 3389 ,
1883 3324 1934 3378 in
1975 3340 2110 3394 pra:-

527 3416 733 3471 dictum
765 3417 1013 3471 intrando
1041 3416 1337 3471 sacrarium
1364 3457 1380 3483 ,
1422 3416 1552 3471 illud
1583 3431 1679 3472 vas
1719 3417 1785 3472 de
1814 3433 1921 3488 quo
1951 3420 2109 3488 paulo

525 3518 654 3564 ante
681 3517 870 3564 sancto
901 3508 1036 3562 dixit
1065 3508 1270 3574 abbati,
1301 3509 1443 3578 quod
1469 3523 1568 3565 nec
1606 3525 1708 3564 una
1741 3510 1793 3564 in
1824 3525 1889 3566 eo
1919 3509 2109 3568 fuisset

527 3596 639 3652 vini
668 3597 868 3668 phiala,
901 3597 1082 3652 divina
1107 3596 1369 3668 largiente
1397 3599 1589 3668 gratia,
1622 3598 1720 3654 hac
1747 3599 1864 3654 vice
1888 3599 2106 3670 plenum

526 3688 730 3757 optimo
759 3686 964 3742 invenit
993 3688 1134 3752 vino,
1165 3686 1317 3754 cujus
1345 3687 1605 3742 mirabilis
1634 3687 1770 3743 odor
1794 3691 2106 3760 prtedictam

526 3778 890 3848 compleverat
922 3779 1161 3833 domum.
1205 3777 1356 3832 Tunc
1400 3788 1621 3833 sanctus
1648 3778 1849 3834 Christi
1896 3781 2112 3836 confes-

526 3884 616 3924 sor
645 3869 894 3925 Bertinus
925 3869 1218 3924 immensas
1246 3869 1601 3939 omnipotenti
1649 3868 1878 3926 Domino
1906 3872 2108 3942 gratias

525 3973 711 4029 agens,
738 3959 1002 4014 Walberti
1034 3959 1112 4014 ait
1137 3974 1308 4030 puero
1331 3974 1344 4014 :
1375 3978 1394 4012 ι
1418 3958 1494 4014 De
1517 3959 1620 4015 hoc
1646 3962 1772 4016 vino
1794 3959 1994 4031 aliquid
2025 3971 2106 4018 te-

526 4064 650 4102 cum
700 4050 963 4120 portando
1001 4051 1068 4105 ad
1122 4060 1270 4106 tuum
1303 4051 1458 4106 velox
1486 4067 1705 4108 recurre
1753 4053 2051 4108 dominum.
2082 4075 2100 4107 ι

526 4140 682 4196 Tunc
708 4139 796 4196 ille
833 4142 885 4196 in
913 4143 1103 4197 eadem
1145 4152 1304 4199 nocte
1334 4143 1600 4200 immenso
1635 4143 1870 4215 repletus
1911 4145 2107 4216 gaudio

2214 3044 2318 3100 bus
2355 3047 2631 3102 miraculis
2664 3049 2813 3105 labor
2853 3052 2906 3104 in
2963 3049 3053 3106 Dei
3110 3054 3333 3109 servitio
3374 3056 3703 3113 indeliciens
3725 3071 3798 3114 est

2212 3137 2601 3208 praeferendus,
2635 3148 2688 3194 et
2725 3157 2850 3198 cura
2901 3143 3126 3214 pervigil
3157 3146 3469 3202 animarum
3516 3151 3625 3203 sibi
3658 3165 3793 3205 com~

2211 3229 2523 3284 missarum.
2550 3230 2707 3287 Omni
2730 3232 2911 3304 itaque
2943 3246 3182 3306 tempore
3207 3237 3332 3292 vitae
3361 3255 3477 3294 suae
3507 3242 3564 3294 in
3596 3257 3796 3312 pri-pa-

2212 3319 2424 3375 ratione
2460 3320 2562 3376 loci
2611 3323 2713 3378 sibi
2745 3339 2774 3378 a
2802 3325 2908 3379 Deo
2938 3328 3123 3382 traditi
3173 3328 3411 3395 sudavit,
3437 3331 3600 3402 cujus
3629 3333 3790 3388 labori

2210 3413 2346 3468 adeo
2375 3415 2553 3469 divina
2599 3417 2771 3487 gratia
2819 3416 3012 3483 adfuit,
3063 3427 3121 3473 ut
3160 3433 3261 3473 suo
3311 3431 3562 3492 tempore
3606 3425 3790 3493 priscis

2213 3507 2559 3563 monasteriis
2587 3509 2732 3580 regia
2761 3508 3031 3566 allhtentia
3081 3514 3439 3579 constructis,
3475 3525 3533 3570 et
3573 3533 3791 3571 numero

2210 3599 2491 3670 pignorum
2519 3609 2854 3670 sanctorum,
2883 3612 2937 3656 et
2966 3618 3148 3658 rerum
3180 3605 3516 3660 abundantia
3551 3622 3790 3678 coaequa-

2213 3700 2381 3745 rctur.
2436 3690 2670 3748 Sanctus
2720 3694 2886 3764 igitur
2938 3694 3138 3750 Christi
3188 3696 3474 3752 confessor
3513 3697 3785 3765 Bertinus,

2211 3793 2494 3856 postquam
2538 3786 2842 3852 Adroaldus
2901 3788 2956 3843 in
3015 3789 3192 3844 Sitltiu
3239 3788 3420 3845 locum
3476 3792 3785 3859 tradiderat,

2209 3878 2716 3949 quinquagesimum
2771 3882 3060 3953 septimum
3111 3898 3318 3939 annum
3375 3885 3661 3956 regitninis
3712 3887 3785 3940 sui

2208 3984 2400 4040 agens,
2433 3971 2607 4027 virum
2663 3975 3026 4030 venerabilem
3057 3991 3214 4030 suum
3272 3979 3607 4034 monachum
3639 3980 3788 4051 Rigo-

2207 4063 2422 4118 hertum
2456 4065 2696 4132 nomine,
2757 4081 3128 4123 successorem
3167 4068 3274 4123 sibi
3323 4071 3606 4126 ordinavit
3636 4089 3651 4138 ;
3681 4073 3785 4142 ipse

2208 4168 2338 4208 vero
2365 4155 2619 4224 privatim
2648 4173 2814 4228 agens
2866 4157 3135 4228 reliquum
3176 4159 3302 4214 vita:
3361 4177 3500 4229 sua,
3532 4163 3588 4218 in
3617 4163 3784 4218 divina

524 4229 598 4285 ad
625 4246 778 4284 suum
819 4244 1068 4286 reversus
1096 4242 1177 4286 est
1214 4231 1533 4298 dominum.
1577 4241 1854 4303 totumque
1879 4235 1928 4289 ei
1964 4235 2107 4304 quod
2209 4258 2269 4300 se
2322 4244 2548 4299 contulit
2610 4246 3088 4318 contemplatione.
3161 4247 3565 4308 .‘Ediﬁcaverat
3631 4254 3783 4308 etia

524 4321 729 4378 factum
762 4323 935 4377 fuerat
966 4325 1237 4378 narrando
1265 4324 1604 4390 miraculum,
1637 4325 1974 4380 salutiferum
2003 4327 2105 4382 sibi
2138 4323 2185 4384 D
2209 4334 2507 4390 oratorium
2531 4338 2824 4405 quoddam,
2881 4337 3059 4394 adhuc
3102 4338 3319 4394 vivente
3355 4357 3458 4396 suo
3485 4345 3784 4414 praedilecto

525 4423 711 4484 potum
736 4414 800 4468 de
821 4415 1077 4484 praedicto
1099 4417 1643 4485 propinaveratvino.
1667 4418 1956 4488 Postquam
1980 4434 2107 4474 vero
2206 4423 2518 4480 Audomaro
2573 4426 2668 4481 Dei
2723 4429 2986 4494 antistite,
3041 4430 3182 4499 quod
3243 4430 3312 4486 ab
3335 4433 3596 4488 orientali
3643 4435 3784 4506 plaga

529 4507 596 4560 dc
623 4507 813 4561 eodem
854 4508 1139 4563 hcnedicto
1169 4509 1379 4563 biberat
1421 4518 1570 4579 potu,
1607 4511 1660 4564 in
1705 4510 1892 4566 eadem
1930 4510 2062 4566 hora
2087 4551 2104 4578 ,

525 4596 707 4652 divina
751 4599 1002 4656 medente
1047 4615 1210 4654 manu
1249 4615 1415 4655 sanus
1457 4599 1681 4655 eﬁectus
1727 4610 1840 4666 cst,
1881 4600 2105 4656 immeno

525 4706 723 4760 sasque
751 4693 1106 4760 omnipotenti
1147 4693 1256 4748 Deo
1281 4693 1472 4748 salutis
1502 4709 1612 4750 sua:
1657 4694 1863 4748 auctori
1906 4695 2106 4764 gratias

526 4782 791 4850 referens,
820 4785 1103 4854 cordisque
1127 4783 1542 4854 contpunctione
1572 4784 1829 4853 repletus,
1855 4799 2103 4856 magnam

627 4935 710 5004 I2)
751 4936 814 4991 Id
841 4947 937 5004 est,
967 4950 1096 4992 vase
1122 4937 1367 4993 vinaceo.

624 5005 713 5063 I5)
770 5007 908 5062 Hinc
963 5009 1200 5062 inferunt
1255 5007 1495 5063 nonnulli
1562 5005 1902 5063 Walhertum
1959 5006 2104 5062 hunc

523 5075 634 5148 non
659 5075 824 5133 alium
855 5092 977 5134 esse
1006 5094 1170 5148 quam
1199 5077 1256 5134 S.
1275 5078 1611 5134 Walbertum
1644 5075 2102 5148 abbatettt_Luxo-

522 5147 809 5219 _v_icnsem:
842 5149 987 5219 quod
1024 5146 1332 5219 'rejecimus
1375 5149 1431 5204 in
1481 5148 1642 5218 hujus
1666 5148 1850 5217 Elogio
1883 5146 2099 5204 Sat-culo
2143 5147 2149 5155 ’

522 5215 570 5275 II
591 5217 656 5270 ad
691 5235 822 5275 ann.
853 5215 982 5274 664.

598 5286 644 5320 ΙΙ
664 5291 710 5320 l\
737 5292 887 5320 nauus
916 5290 970 5320 ἕρ.

992 5290 1214 5320 ηηιῖηηη
1243 5287 1269 5320 Α
1285 5302 1518 5320 nnnumn

2209 4516 2394 4585 templi
2420 4515 2478 4572 S.
2511 4517 2656 4573 Petri
2682 4529 3053 4575 constructum
3084 4521 3319 4577 dedicari
3345 4521 3477 4579 fecit
3512 4526 3583 4581 ab
3611 4530 3787 4582 eodem

2209 4606 2464 4676 pontiﬁce
2487 4607 2540 4662 in
2577 4611 2928 4666 veneratione
2965 4621 3165 4666 sancta:
3211 4611 3308 4667 Dei
3357 4615 3652 4684 genitricis
3683 4616 3786 4670 ιιι-

2207 4701 2322 4766 rize,
2352 4714 2458 4768 quo
2493 4701 2832 4771 potissimum
2899 4711 3224 4773 pernoctans
3267 4704 3324 4758 in
3369 4689 3790 4775 precibus-dit:

2207 4806 2314 4848 non
2344 4790 2522 4847 minus
2561 4791 2867 4849 indefessus
2905 4793 3109 4851 Christi
3161 4794 3319 4852 miles
3340 4797 3643 4870 supplebat
3663 4799 3790 4870 jeju-

2205 4948 2536 5034 Amqlfrititts
2582 4949 2754 5034 regali.
2800 4949 3067 5021 privilegio
3107 4951 3420 5034 conﬁrmari
3479 4954 3790 5034 [€658,un

2204 5021 2280 5096 sic
2312 5018 2490 5090 incipit
2540 5018 2810 5102 {Quoties
2875 5018 3015 5074 recte
3070 5018 3381 5104 postulatio,
3436 5018 3554 5080 etc.
3602 5018 3786 5081 Diu.

2205 5088 2435 5162 Kalend.
2457 5091 2630 5160 April.
2657 5107 2796 5162 anno
2815 5106 2915 5162 inv
2945 5105 3088 5160 regni
3116 5102 3302 5156 nostri,
3335 5092 3630 5152 Barisiaco
3648 5099 3786 5162 pals-

2205 5159 2530 5233 ζὶοηρεὶηάε
2554 5161 2861 5233 ΑιηαΙῙζὶιίρ
2880 5159 3222 5233 Aurianaque
3255 5162 3557 5232 defunctis,
3588 5159 3782 5220 monis-

2203 5229 2276 5283 les
2304 5229 2375 5282 ibi
2405 5228 2794 5320 εαρεειζξζεζδ.
2823 5228 3050 5320 Berlin;
3054 5228 3382 5320 successores
3415 5235 3780 5320 inhibeatur,
