3960 5320
124 197 273 257 ηπ
1213 197 1566 258 manu
1601 199 1692 260 5.1

1800 198 1978 256 ιπειΜ.
2010 221 2096 243 -ί
2117 198 2246 259 LIB.
2280 197 2329 258 Ι.
3257 198 3395 264 i098

124 316 263 371 niis.
320 310 661 370 Venerabilis
705 312 873 386 igitur
957 313 1126 373 abbas
1193 314 1523 385 Rigobertus
1566 313 2015 384 vieesAl'mtite,
2044 322 2194 371 tanta
2212 314 2497 373 conferatis!
2522 313 2781 376 divinitus
2824 315 3002 388 ﬁgitur
3033 315 3396 387 pondere,,ut

123 404 487 461 excubiarum
507 404 628 474 ejus
653 404 707 465 in
732 418 951 475 gregem
1001 404 1214 460 Domini
1266 404 1531 482 ipdustria
1559 418 1720 459 exse-
1819 403 1964 461 ultra
1994 404 2121 460 ferri
2154 422 2261 462 non
2290 417 2495 477 posset,
2547 417 2738 462 coacta
2768 408 2934 463 etiam
2986 409 3053 464 ad
3104 407 3390 465 ferendum

122 508 325 565 qualis.
376 491 619 563 ejusdem
671 493 854 549 Patris
901 495 1058 563 jussu
1111 495 1716 566 uionasterium(l7)in
1816 498 2171 567 praesentium
2219 497 2587 555 multitudine.
2626 498 2827 568 Sicque
2878 514 3017 557 anus
3060 510 3392 572 prmccptum

125 585 342 641 honore
378 584 438 639 Β.
469 583 684 640 Martini
730 586 922 656 paucis
964 587 1294 656 temporibus
1332 602 1528 658 magno
1552 603 1718 656 opere
1817 589 1967 659 quod
2005 590 2073 644 ad
2125 589 2486 647 reverentiam
2537 591 2712 645 sancti
2768 590 3007 645 excoluit
3048 591 3176 646 dum
3231 592 3390 657 visit,

121 674 441 730 aediﬁcavit.
488 676 622 731 Erat
645 677 786 731 enim
838 691 1066 732 summa:
1112 677 1416 733 devotionis
1463 678 1516 732 in
1572 679 1718 734 hunc
1816 679 2131 739 defmtctum
2158 696 2357 753 corpus
2398 682 2471 740 ad
2495 690 2680 737 votum
2735 682 2965 739 viventis
2995 682 3192 739 anima:
3219 693 3394 741 trans-

121 771 499 825 cont’essorem
525 768 767 834 Domini,
813 768 1039 840 ejusque
1090 769 1368 825 memoria:
1422 769 1712 841 plurimum
1812 773 1966 843 gredi
1999 787 2104 827 non
2128 774 2325 843 potuit.

122 858 434 915 inserviens
461 867 516 914 et
545 857 842 916 dilectioni.

118 968 252 1024 Car.
296 965 371 1026 Χ.
430 968 675 1035 Qualiter
719 971 798 1025 vir
837 969 1221 1039 Deiitentatus
1274 970 1374 1039 fuit
1428 987 1463 1024 α
1501 970 1710 1026 diabolo

189 1041 247 1092 in
268 1041 440 1108 specie
460 1040 716 1107 mulieris,
738 1050 786 1093 et
823 1056 915 1111 per
940 1038 998 1096 S.
1036 1038 1327 1095 Martinam
1377 1040 1637 1095 visitatus.

190 1130 281 1183 14.
309 1129 506 1185 Fertur
546 1131 811 1200 siquidem
834 1145 865 1183 a
886 1129 1192 1186 senioribus
1214 1129 1435 1192 nostris.
1457 1130 1707 1185 eumdem

114 1222 298 1276 virum
327 1220 422 1277 Dei
458 1223 690 1291 quodam
749 1221 989 1277 Sabbato
1039 1223 1304 1292 sanguine
1354 1222 1644 1287 minutum,
1675 1239 1705 1276 a

115 1313 364 1384 maligno
419 1314 615 1385 spiritu
656 1314 760 1370 sub
801 1313 984 1383 specie
1035 1312 1226 1383 puellae
1249 1313 1413 1384 regite
1460 1327 1707 1383 persona:

117 1412 416 1470 tentatum,
470 1420 569 1460 nec
612 1405 845 1475 primum
878 1405 1030 1460 dolos
1063 1413 1334 1461 tantarum
1392 1403 1706 1473 percepisse

116 1494 463 1548 insidiarum.
496 1494 602 1549 Sed
635 1510 758 1549 cum
795 1493 934 1565 jam,
956 1492 1215 1550 fratribus
1241 1508 1366 1549 eum
1391 1494 1459 1548 ad
1478 1493 1704 1549 manda-

116 1595 227 1639 tum
258 1584 475 1640 Domini
533 1586 668 1656 (18),
731 1587 874 1657 quod
929 1586 1072 1655 apud
1134 1585 1430 1640 monachos
1475 1584 1702 1656 singulis

1812 880 1942 935 Cu.
1977 880 2065 935 Xl.
2100 880 2548 950 Quod‘Erlefrido
2578 891 2691 950 post
2718 881 3054 950 Rigobertum
3098 882 3386 936 (citabium

2272 938 2428 1004 suum
2473 938 2587 1006 coni
2592 952 2730 1007 misit
2755 938 2889 1023 (ἕυ).

1886 1039 1976 1095 15.
2010 1040 2135 1094 Post
2157 1054 2455 1109 paucorum
2480 1056 2746 1097 annorum
2770 1042 3022 1097 sudorem
3064 1039 3389 1111 Rigobcrtus

1811 1129 2101 1199 impetrata
2123 1129 2198 1201 pii
2229 1130 2582 1201 praeceptoris
2629 1130 2715 1185 sui
2755 1129 3121 1201 indulgentia,
3164 1138 3221 1185 et
3273 1131 3389 1201 ipse

1808 1234 1871 1275 se
1911 1221 1966 1275 in
2013 1222 2186 1277 otium
2237 1221 2522 1291 spirituale
2579 1222 2831 1287 contulit,
2887 1221 3299 1292 perfectumque
3328 1232 3392 1278 se

1809 1312 1950 1367 tanti
1980 1310 2165 1367 Patris
2213 1313 2538 1383 discipulum
2581 1311 2831 1367 doctrina
2883 1311 3000 1380 ejus
3049 1319 3105 1367 et
3126 1310 3392 1382 exemplis

1808 1402 2133 1459 instructum
2178 1404 2282 1459 hac
2322 1405 2405 1459 sui
2454 1404 2757 1460 mutatione
2784 1404 3043 1460 Ostendit.
3103 1402 3206 1471 Qui
3229 1417 3385 1473 egre—

1804 1495 1927 1564 gius
1979 1494 2142 1550 Pater
2196 1494 2527 1551 Erlefridum
2586 1510 2744 1553 suum
2810 1509 2842 1550 a
2887 1509 3055 1565 puero
3114 1495 3382 1550 nutritum

1805 1586 2055 1643 abbatem
2079 1602 2455 1644 successorem
2493 1586 2787 1650 ordinavit,
2816 1586 2907 1656 qui
2930 1584 3087 1643 alteri
3111 1600 3216 1641 non
3249 1584 3385 1640 infe-

115 1675 377 1732 Sabbatis
424 1691 491 1729 es
542 1691 692 1732 more
735 1677 1062 1742 celebratur,
1112 1674 1511 1746 operientibus,
1540 1675 1700 1733 vellet
1732 1687 1775 1747 Β
1802 1683 1935 1744 rior,
1966 1694 1996 1732 a
2025 1688 2253 1750 paterna
2280 1680 2617 1736 institutione
2648 1693 2755 1736 non
2800 1680 3175 1748 degeneravit.

113 1765 285 1831 abire,
314 1764 520 1835 illaque
546 1780 669 1820 eum
722 1765 957 1820 retinere
1006 1772 1258 1829 tentaret,
1293 1764 1518 1835 loquens
1547 1766 1702 1835 quasi

117 1856 182 1910 de
238 1856 564 1911 monasterii
616 1855 924 1911 necessaria
1003 1855 1257 1922 utilitate,
1313 1856 1486 1928 magis
1519 1866 1702 1912 autem

112 1945 386 2000 anhelans
435 1955 494 2000 ut
546 1945 591 2000 si
646 1955 830 2016 posset
877 1946 1151 2017 captivum
1208 1946 1436 2004 duceret
1481 1962 1698 2005 servum

113 2037 326 2093 Domini
406 2054 504 2093 sua
564 2039 706 2109 turpi
779 2038 1205 2106 commistione;
1262 2040 1557 2109 prmdictus
1604 2041 1698 2097 Dei

115 2128 370 2197 pontifex
419 2127 480 2182 S.
510 2127 773 2183 Martinus
799 2129 848 2182 ei
880 2128 1153 2198 apparuit,
1211 2127 1439 2184 fratrem
1471 2139 1527 2185 et
1556 2131 1698 2185 ami-

111 2231 228 2270 cum
258 2216 410 2272 dulci
460 2216 790 2288 compellans
820 2215 1010 2285 affatu,
1066 2219 1378 2275 insidiantis
1414 2220 1467 2275 in
1497 2221 1692 2292 pellice

115 2307 311 2363 inimici
366 2308 737 2366 cavillationes
782 2308 1045 2381 dolosque
1094 2311 1315 2376 retexit,
1363 2313 1507 2381 quod
1569 2329 1695 2368 mox

117 2398 248 2454 idem
273 2400 382 2455 tiro
413 2400 624 2455 Domini
655 2415 686 2453 a
718 2415 776 2455 se
798 2401 980 2456 crucis
1000 2399 1156 2471 signo
1181 2400 1402 2473 abegit;
1433 2417 1693 2474 surgens-

116 2503 218 2560 que
274 2490 479 2547 fratres
509 2506 567 2547 se
596 2490 663 2546 ad
694 2492 1014 2547 mandatum
1058 2492 1273 2548 Domini
1330 2494 1692 2564 postulantes,

113 2581 278 2638 Deum
327 2582 561 2639 laudans
619 2598 783 2655 super
831 2580 954 2653 ejus
1011 2592 1159 2638 tanta
1216 2585 1422 2655 pietate
1473 2586 1688 2655 petivit.

116 2677 281 2740 ’l‘anta
343 2679 604 2734 nimirum
670 2678 737 2734 de
796 2678 915 2749 ejus
964 2678 1258 2734 sanctitate
1332 2677 1519 2734 laetitia
1571 2688 1693 2736 erat

117 2771 402 2836 creticolis,
458 2780 521 2826 ut
568 2786 674 2826 non
731 2772 893 2827 modo
952 2785 1050 2828 eos
1101 2770 1494 2829 intercessores
1548 2769 1691 2840 apud

119 2862 275 2917 Deum
309 2870 621 2917 mereretur
662 2862 716 2916 in
766 2861 1006 2932 superis,
1063 2862 1160 2918 sed
1212 2862 1378 2917 etiam
1409 2871 1468 2916 ut
1494 2861 1689 2916 salutis

116 2950 222 3019 ejus
250 2951 517 3020 obsequio
544 2951 827 3007 ’inservire
875 2950 1296 3022 praesentialiter
1345 2959 1601 3021 parerent
1631 2949 1687 3005 in

2087 1768 2219 1824 Car.
2251 1769 2367 1824 XII.
2418 1769 2498 1824 De
2524 1770 2751 1824 transitu
2773 1768 2840 1823 Β.
2864 1768 3090 1823 Bertini.

1764 1934 1773 1943 '
1877 1859 1964 1916 l6.
2023 1859 2301 1931 Condigna
2367 1860 2542 1915 sancti
2602 1860 2703 1914 viri
2773 1859 3053 1916 laboribus
3133 1860 3387 1918 Christus
3473 1895 3478 1900 -

1801 1954 2104 2025 rependere
2134 1952 2359 2024 prannia
2400 1951 2608 2019 volens,
2663 1962 2919 2008 vocatum
2957 1953 3027 2008 ad
3058 1968 3118 2009 se
3151 1953 3386 2009 transire

1799 2043 1934 2102 fecit
1960 2046 2180 2117 plenum
2232 2046 2445 2102 dierum
2490 2043 2970 2115 perféctorumque
3032 2047 3380 2101 meritorum.

1799 2134 1972 2203 Quem
2003 2134 2267 2206 praefatus
2304 2136 2476 2190 abbas
2533 2133 2840 2191 Erlefridus
2887 2134 3177 2206 omnisque
3204 2144 3383 2191 cretus

1798 2227 2195 2281 monachorum
2262 2241 2387 2282 cum
2439 2226 2650 2282 honore
2731 2225 2989 2291 maximo,
3053 2235 3127 2289 ut,
3171 2234 3381 2282 tantum

1796 2313 2023 2368 decebat
2053 2314 2292 2381 Patrem,
2348 2315 2634 2370 conditum
2675 2314 3013 2384 sepelierunt
3039 2315 3091 2368 in
3122 2313 3379 2370 cmuobio

1793 2402 2033 2473 proprio,
2058 2402 2200 2471 quod
2239 2412 2617 2458 constructum
2663 2413 2787 2458 erat
2822 2403 2877 2456 in
2930 2403 3139 2458 honore
3198 2401 3378 2458 sancti

1794 2493 2042 2565 praesulis
2061 2493 2266 2548 Christi
2305 2494 2543 2549 Martini.
2589 2494 2832 2559 Transiit
2861 2503 3047 2548 autem
3095 2495 3237 2549 idem
3281 2494 3377 2549 Dei

1793 2586 1999 2640 athleta
2064 2599 2208 2641 nona
2258 2586 2618 2655 Septembris,
2668 2601 2813 2642 anno
2862 2587 3130 2642 inearnati
3213 2586 3376 2641 Verbi

1791 2673 2189 2730 sexcentesimo
2218 2673 2335 2746 (‘21)
2376 2675 2729 2746 nonagesimo
2780 2685 2992 2741 octavo,
3035 2675 3218 2731 :etatis
3239 2684 3373 2730 vero

1790 2766 2094 2821 centesimo
2122 2765 2465 2833 duodecimo,
2493 2764 2826 2822 Childeberti
2859 2782 2987 2822 vero
3035 2767 3375 2822 Francorum

1792 2854 1938 2924 regis
1985 2854 2417 2924 quintodecimo,
2449 2870 2595 2910 anno
2642 2871 2706 2910 ex
2738 2870 2847 2926 quo
2883 2857 3139 2929 eumdem
3196 2857 3377 2910 locum

1789 2958 2107 3002 construere
2129 2947 2296 3018 coepit
2322 2947 2779 3018 quinquagesimo
2825 2962 2989 3002 nono.
3044 2948 3250 3003 Eodem
3281 2964 3376 3003 au-

119 3040 289 3106 terris,
346 3056 415 3095 ne
446 3041 694 3096 videlicet
736 3049 946 3095 tantum
1007 3040 1463 3097 remunerationis
1491 3049 1548 3095 et
1576 3035 1758 3110 διο-ϐ
1794 3050 1901 3097 tem
1954 3049 2199 3110 tempore
2256 3041 2585 3096 venerabilis
2646 3030 2741 3096 res
2816 3041 3202 3096 Childcbertus
3249 3056 3374 3095 cum

118 3130 205 3183 rise
233 3146 348 3185 suae
377 3132 716 3186 colueredem
775 3131 1090 3188 amitterent
1143 3132 1198 3186 in
1228 3131 1402 3189 cmlis.
1433 3129 1692 3187 Conside-

121 3233 240 3273 rans
262 3236 395 3289 ergo
424 3219 546 3288 pius
576 3218 735 3276 Pater
772 3221 999 3276 omnino
1040 3222 1324 3278 monachis
1374 3235 1485 3276 non
1528 3236 1687 3291 expe~

125 3308 235 3364 dire
256 3325 391 3365 sexu
420 3309 655 3365 femineo
680 3311 873 3381 quovis
900 3310 1059 3365 modo
1080 3311 1499 3374 communicari,
1530 3310 1678 3379 peni-

111 3406 202 3452 ‘tus
229 3399 462 3455 exclusit
508 3401 608 3454 sub
648 3401 997 3456 anathemate
1032 3399 1143 3471 (l9)
1188 3400 1490 3471 ingressum
1523 3400 1681 3453 femi-

120 3502 299 3543 narum
352 3489 420 3545 tle
476 3490 637 3545 aditis
691 3489 932 3558 ejusdem
984 3488 1240 3545 cceuobii.
1299 3487 1454 3557 Quod
1496 3499 1686 3543 nostro

123 3584 357 3647 tempore
383 3594 415 3632 a
446 3580 680 3649 quadam
728 3578 981 3652 religiosa
1035 3587 1308 3634 servatum
1348 3578 1594 3644 muliere,
1627 3588 1695 3641 ut

121 3669 315 3727 scilicet
359 3670 584 3728 ulterius
612 3671 776 3727 nollet
823 3673 903 3727 ire
933 3686 1094 3741 quam
1144 3671 1319 3743 ipsum
1376 3670 1553 3726 virum
1589 3670 1683 3726 Dei

121 3759 372 3816 didicerat
387 3762 771 3828 constituisse;
800 3778 862 3817 ea
884 3777 1100 3832 quoque
1123 3773 1330 3830 mortua
1356 3775 1553 3830 corpus
1569 3775 1684 3816 ser-

122 3851 257 3904 vavit
286 3853 558 3906 exanime.
602 3850 733 3906 Nam
774 3867 893 3908 eam
920 3852 973 3906 in
1000 3851 1204 3907 feretro
1244 3852 1478 3922 positam
1511 3849 1684 3905 feren-

124 3949 352 4006 tes,cum
372 3944 426 3998 in
453 3943 571 4014 ipso
591 3942 706 4012 ejus
728 3934 966 4014 antiquae
985 3942 1332 3999 adventionis
1350 3942 1686 4013 pervenisset

1791 3138 2075 3202 regnasset
2110 3130 2269 3188 annis
2321 3131 2620 3197 sexdecim,
2672 3129 2929 3201 migravit
2950 3132 3018 3187 ad
3056 3130 3373 3195 Dominum,

1789 3222 2151 3294 regnavitque
2194 3222 2535 3290 Dagobertus
2583 3235 2720 3290 puer
2751 3222 2896 3276 (ilius
2927 3221 3048 3289 ejus
3086 3229 3209 3291 post
3249 3235 3373 3274 eum

1789 3312 1950 3368 annis
1972 3313 2235 3382 quinquet
2267 3311 2380 3368 Sub
2404 3310 2560 3381 cujus
2590 3321 2838 3382 tempore
2870 3310 3163 3380 praedictus
3198 3310 3381 3365 abbas

1788 3403 2094 3459 Erlefridus
2124 3403 2406 3460 basilicam
2434 3403 2491 3458 S.
2527 3402 2743 3458 Martini
2788 3418 2950 3474 supra
2978 3401 3038 3458 S.
3068 3402 3129 3458 P.
3159 3402 3371 3458 Bertini

1789 3495 2064 3552 cumulum
2117 3495 2368 3565 ampliori
2416 3508 2584 3564 opere
2629 3493 2964 3549 remdilicare
3006 3493 3192 3563 coepit,
3238 3508 3375 3547 con-

1786 3593 1995 3641 structa
2017 3585 2385 3639 venerationis
2431 3598 2524 3637 ara
2568 3584 2636 3638 ad
2683 3593 2846 3653 caput
2892 3582 3103 3647 tumuli,
3131 3583 3218 3637 ubi
3244 3582 3371 3653 plu-

1790 3678 1927 3733 rima
1944 3692 2043 3746 per
2059 3676 2203 3732 beati
2225 3676 2326 3731 viri
2350 3675 2544 3730 merita
2564 3676 2825 3729 Dominus
2849 3675 3059 3745 peregit
3080 3676 3371 3741 miracula,

1787 3782 1819 3823 e
1848 3782 2080 3838 quorum
2108 3766 2526 3832 numerositate,
2580 3765 2812 3821 Domino
2860 3766 3098 3828 favente,
3155 3765 3373 3835 paucis-

1787 3859 1924 3916 sima
1947 3873 2280 3931 promeritus.

130 4080 3345 4105 WMW

791 4190 1148 4279 LIBER
1214 4185 1670 4279 PRIMUS
1751 4182 2681 4280 MIRACULORUM.

1181 4356 1277 4419 Ab
1315 4355 1539 4419 eodem
1571 4362 1834 4420 auctore
1864 4353 2284 4433 compositus.

399 4567 533 4624 CAP.
566 4562 608 4618 Ι.
644 4561 721 4616 De
751 4561 1005 4630 piscatore
1032 4570 1218 4612 sanato
1249 4557 1384 4629 (Ἠ).

187 4656 316 4715 Tres
337 4658 441 4713 viri
468 4656 522 4710 in
550 4651 868 4726 piscationis
890 4658 1008 4704 arte
1028 4648 1186 4718 periti
1216 4655 1373 4701 nocte
1401 4645 1680 4699 Dominica

129 4750 174 4803 in
205 4749 463 4806 Rhodano
508 4745 731 4800 ﬂumine
766 4743 920 4811 juxta
968 4738 1112 4793 beati
1157 4736 1399 4791 Mauricii
1430 4736 1684 4804 martyris

130 4840 502 4896 monasterium
545 4833 712 4907 (servi
761 4832 905 4887 enim
958 4837 1117 4885 erant
1171 4828 1313 4881 illius
1346 4826 1472 4895 loci)
1504 4824 1683 4880 navim

131 4931 492 4990 ascendentes.
513 4924 650 4980 retia
684 4922 752 4977 ad
772 4920 1061 4990 capiendos
1083 4920 1446 4974 extenderunt
1471 4917 1683 4984 pisces:

194 5068 300 5138 (l7)
319 5068 375 5122 id
404 5073 488 5121 est
493 5060 790 5138 ecclesiam
918 5055 1152 5138 Martini.
1174 5070 1292 5125 qua:
1319 5067 1491 5138 .uune
1524 5067 1701 5138 parm.

135 5122 308 5197 chialis
335 5146 436 5191 est.
484 5131 570 5188 Sic
601 5128 659 5185 S.
695 5128 841 5181 l’etri
875 5122 1260 5197 monasterium,
1319 5122 1372 5173 id
1407 5131 1491 5175 est
1526 5122 1686 5179 basi-

134 5205 245 5269 lica,
275 5206 408 5261 infra
433 5217 580 5258 num.
604 5200 669 5252 ii
693 5212 841 5265 :quae
862 5195 1075 5269 basilica
1101 5195 1331 5269 amplius
1363 5204 1467 5269 non
1485 5202 1701 5269 exstare

197 5258 408 5320 ιὶςιῖιμῖε
472 5258 754 5320 ηιετιξερυῑό
801 5265 992 5320 remtlte
1040 5262 1097 5316 S.
1132 5258 1408 5320 Benedicti
1456 5274 1580 5320 cap.
1613 5265 1683 5320 55

1711 4562 1759 4620 ι)
1786 4556 1907 4612 dein
1941 4555 2155 4612 insolita
2205 4570 2391 4610 eorum
2442 4554 2581 4609 retia
2631 4553 2685 4609 in
2722 4554 2911 4608 eadem
2947 4562 3106 4608 nocte
3146 4546 3371 4612 intravit

1790 4643 2098 4708 multitudo,
2153 4643 2226 4697 ita
2264 4644 2428 4698 etiam
2455 4651 2515 4697 ut
2566 4657 2664 4698 nec
2705 4641 2810 4696 illis
2838 4657 2936 4711 per
2966 4642 3178 4711 prolixa
3200 4657 3370 4698 anno-

1793 4750 1913 4789 rum
1947 4734 2143 4805 spatia,
2169 4733 2368 4802 quibus
2395 4734 2446 4786 iu
2479 4732 2739 4801 prtedicto
2772 4731 2990 4786 ﬂumine
3019 4734 3156 4787 retia
3181 4742 3383 4789 extcuw

1792 4825 1920 4880 dere
1989 4826 2269 4889 solebant,
2351 4823 2486 4878 tales
2558 4823 2929 4897 magnitudine
2999 4835 3371 4895 apparuerunt

1795 4917 1999 4984 pisces,
2043 4932 2142 4971 nec
2170 4923 2376 4970 tantam
2400 4924 2527 4969 ante
2557 4916 2786 4987 piscium
2829 4912 3235 4973 multitudinem
3264 4929 3371 4970 una

1864 5048 1978 5123 (ξ’-ο)
2014 5050 2091 5123 Et:
2124 5048 2682 5123 antiquo_Ar.onymo.
2855 5114 2908 5123 Δ.
2933 5115 2965 5123 __
2988 5115 3004 5123 _
3042 5118 3057 5123 _
3168 5116 3180 5123 .
3329 5109 3342 5123 ,

1867 5114 1984 5190 (21)
2044 5121 2230 5174 Annus
2258 5114 2499 5190 animus
2534 5114 2805 5190 Etet-imus
2845 5114 3182 5190 Childebcrti
3231 5114 3397 5190 regis

1792 5181 2049 5247 convenit
2076 5203 2197 5262 cum
2241 5181 2387 5241 anno
2434 5186 2648 5247 ChriSti
2699 5190 2823 5249 709,
2878 5200 3001 5262 cum
3042 5184 3159 5262 jam
3202 5181 3372 5262 elapsi

1794 5268 1978 5315 essent
2012 5259 2134 5312 anni
2163 5270 2357 5313 novem
2385 5271 2548 5320 supra
2600 5254 2992 5320 miinqnaginta
3048 5256 3119 5308 ab
3161 5254 3375 5320 origine
