3960 5320
515 192 654 252 1099

1574 182 1915 246 FOLCARDI
1956 179 2269 242 MONACIII
2302 179 2731 238 SITHIVENSIS

3627 166 3783 232 ἠπ

512 309 777 384 coeperint
805 317 984 367 nocte.
1043 307 1179 366 Hinc
1233 306 1342 366 lietl
1387 306 1706 379 navigantes
1735 307 1801 362 ad
1853 312 2088 378 portum,
2117 303 2168 366 Α
2195 307 2448 372 retroque
2484 286 2788 368 pendebant
2817 293 3014 352 altare.
3041 293 3113 350 At
3139 293 3269 351 dum
3294 303 3559 362 egressus
3589 291 3787 358 cepis-

511 418 675 474 quem
722 401 869 462 soliti
895 410 1055 456 erant
1097 407 1224 471 post
1258 399 1616 471 piscationem
1647 398 1874 462 intrare,
1897 393 2091 463 nequi.

488 503 709 550 l-verunt
734 510 794 550 se
847 494 913 548 de
959 493 1216 563 praedicta
1244 505 1464 547 movere
1499 488 1768 546 navicula.
1805 488 1919 542 Duo
1946 485 2089 539 enim

474 605 578 653 ex
619 588 748 659 ipsis
776 588 970 658 pedum
1021 594 1077 640 et
1124 600 1380 640 manuum
1413 582 1588 638 ofﬁcio
1613 582 1808 652 privati
1832 589 1947 635 toto
1977 577 2094 632 fue-

476 716 479 718 -
511 688 642 734 runt
671 690 898 747 corpore
947 675 1190 732 contriti.
1222 674 1440 730 Tertius
1468 682 1648 727 autem
1683 670 1860 725 ollieio
1893 669 2091 737 pedum

513 770 757 840 privatus
813 765 1009 819 surdus
1040 764 1265 818 effectus
1291 773 1409 827 est;
1461 776 1623 830 super
1663 774 1760 814 eos
1799 758 1944 812 enim
1969 771 2092 824 pro-

514 865 636 928 pter
657 857 828 911 noctis
849 855 1140 909 Dominica:
1160 852 1590 907 Resurrectionis
1606 847 2091 919 transgressionem

477 947 653 1000 ‘ultio
703 945 1019 1013 supervenit
1066 944 1266 998 divina.
1322 942 1462 997 Hinc
1504 941 1593 995 ille
1644 941 1735 1010 qui
1769 939 2010 992 auditum
2040 943 2095 990 et

517 1035 828 1090 ambulandi
860 1034 1043 1088 amisit
1097 1048 1274 1095 usum,
1335 1031 1548 1087 duobus
1592 1027 1810 1084 nitendo
1842 1026 2091 1086 fustibus,

516 1136 682 1196 atque
723 1126 950 1179 aliorum
1004 1122 1382 1177 comitantium
1429 1117 1686 1188 suffragio
1737 1116 1922 1180 fultus,
1976 1114 2093 1169 loca

517 1225 703 1272 sancta
739 1213 1002 1270 orationis
1025 1227 1185 1267 causa
1213 1211 1447 1266 circuire
1466 1207 1729 1270 decrevit,
1759 1216 1816 1259 ut
1835 1205 2093 1258 amissam

519 1307 766 1377 corporis
815 1305 1102 1362 sanitatem
1154 1316 1252 1371 per
1299 1301 1532 1370 gloriosa
1566 1310 1875 1352 sanctorum
1905 1295 2095 1348 merita

519 1399 762 1470 recipere
792 1402 1116 1450 mereretur.
1167 1393 1296 1446 Post
1330 1389 1667 1444 intervallum
1701 1389 1864 1466 igitur
1895 1397 2098 1455 tempo-

518 1507 663 1555 rum,
719 1487 902 1544 multis
949 1487 1016 1540 ab
1075 1500 1139 1540 eo
1203 1482 1502 1554 peragratis
1539 1481 1696 1543 locis,
1748 1478 1816 1532 ad
1856 1476 2096 1547 praedicti

519 1581 850 1638 confessoris
919 1577 1121 1633 Christi
1179 1575 1380 1629 Bertini
1431 1574 1484 1627 in
1537 1571 1711 1625 Sit/tiu
1769 1567 2095 1623 monasterio

523 1673 760 1742 positum
794 1668 1104 1724 venerabile
1123 1668 1268 1721 venit
1296 1664 1624 1735 sepulcrum.
1656 1662 1720 1716 Et
1747 1677 1870 1714 cmn
1899 1661 2096 1713 fratres

530 1763 584 1815 in
631 1760 887 1832 praediCto
916 1759 1034 1813 loco
1065 1765 1460 1812 commorantcs
1493 1763 1647 1807 nocte
1679 1749 1970 1806 Dominicte
1999 1748 2102 1804 lle-

523 1850 878 1908 surrectionis
916 1850 967 1904 in
999 1851 1186 1906 eadem
1217 1845 1470 1910 ecclesia,
1509 1843 1563 1898 in
1598 1857 1704 1913 qua
1735 1857 1930 1909 corpus
1958 1838 2100 1894 beati

2125 1640 2172 1699 Β

523 1951 718 2014 pausat
766 1941 993 2007 Bertini,
1049 1948 1348 1997 nocturnas
1374 1945 1660 1992 cantarent
1704 1931 1938 2005 vigilias,
1960 1923 2133 2002 prae?

525 2037 706 2091 dictus
752 2035 836 2088 vir
894 2035 1157 2087 immensa
1208 2029 1528 2101 aegritudine
1579 2035 1864 2095 correptus
1909 2040 1938 2077 a
1990 2023 2106 2077 suis

526 2127 700 2181 sociis‘
720 2125 772 2178 in
795 2123 1080 2180 ecclesiam
1112 2123 1373 2177 deductus
1421 2131 1524 2177 est.
1557 2120 1771 2174 Etcum
1799 2118 1957 2188 longo
1981 2130 2106 2184 spa-

523 2219 607 2270 tio
639 2230 761 2270 cum
811 2213 1064 2283 lacrymis
1101 2212 1309 2266 orando
1342 2226 1494 2265 suam
1527 2210 1816 2264 sanitatem
1866 2223 1964 2275 per
1993 2221 2105 2259 me-

520 2307 635 2361 rita
682 2305 857 2360 sancti
907 2303 1085 2358 Patris
1144 2302 1345 2356 Bertini
1404 2316 1434 2354 a
1484 2301 1713 2355 Domino
1757 2299 2104 2366 postulasset,

527 2395 747 2466 quando
782 2394 943 2449 lectio
999 2390 1274 2461 Evangelii
1326 2405 1476 2445 ntere
1516 2391 1680 2445 solito
1725 2391 1952 2445 recitata
1987 2391 2103 2450 fuit,

525 2485 664 2540 vidit
689 2486 832 2540 circa
865 2499 922 2538 se
963 2482 1144 2537 lucere
1185 2481 1353 2536 multa
1385 2480 1698 2546 luminaria,
1743 2479 2108 2550 paulatimque

527 2592 560 2629 a
605 2591 664 2631 se
695 2575 933 2630 sentiens
964 2572 1332 2628 infirmitatem
1374 2573 1650 2636 recedere,
1676 2572 1860 2626 auditu
1890 2580 2108 2638 recepto

527 2669 836 2739 pedumque
859 2673 1176 2735 recuperato
1199 2663 1395 2729 cilicio,
1429 2665 1609 2718 subito
1636 2663 1816 2717 divina
1844 2662 2109 2730 largiente

531 2760 705 2829 gratia
763 2760 817 2813 in
883 2758 1264 2828 praedictorum
1314 2757 1600 2826 praesentia
1661 2755 1892 2808 fratrum
1945 2767 2112 2806 sanus

531 2851 754 2908 eﬂ‘ectus
779 2861 886 2905 est.
915 2851 1112 2920 Etpost
1137 2849 1386 2921 synaxim
1417 2847 1772 2916 omnipotenti
1804 2845 2027 2899 Domino
2057 2857 2112 2898 et

2192 401 2276 445 set
2309 401 2553 460 quazrere
2579 391 2787 458 aditum
2839 395 3029 459 portat,
3054 386 3255 440 mirum
3287 384 3342 439 in
3371 383 3598 436 modum
3625 381 3784 444 vidit,

2197 482 2338 535 sicut
2365 491 2551 549 postea
2597 477 2858 544 narravit,
2888 477 3329 546 quamplurimas
3357 472 3467 527 sibi
3515 469 3789 524 terribiles

2193 580 2452 635 assistere
2482 580 2753 634 inimicos.
2803 578 2938 632 Nam
2969 584 3209 631 tentatus
3232 589 3263 628 a
3293 571 3540 632 diabolo,
3569 569 3790 638 pet-mis

2193 689 2286 730 sus
2317 676 2532 744 quidem
2561 685 2646 730 est
2691 675 2880 729 avidus
2905 687 3094 742 rapere
3129 671 3396 740 praedam,
3442 667 3539 721 sed
3573 667 3788 734 penitus

2193 764 2411 820 auferre
2450 780 2556 820 non
2601 773 2685 819 est
2739 765 3056 834 permissus.
3090 761 3245 816 Unde
3291 758 3530 827 contigit
3558 766 3640 818 ut,
3664 755 3790 808 dum

2195 856 2369 927 portis
2420 855 2730 924 patentibus
2780 853 3001 908 minime
3044 859 3258 922 pateret
3318 849 3427 902 sibi
3477 860 3788 915 regressus,

2195 955 2476 1003 revertens
2527 960 2626 1014 per
2656 943 2892 998 medium
2923 942 3316 998 monasterium
3363 939 3475 992 iter
3501 939 3790 1006 arriperet,

2196 1037 2537 1106 insulamque
2584 1045 2793 1105 peteret
2868 1047 2987 1103 quae
3047 1034 3193 1087 intra
3244 1031 3509 1102 paludem
3553 1028 3792 1096 ejusdem

2196 1129 2518 1187 monasterii
2577 1128 2680 1182 sita
2715 1137 2822 1192 est,
2855 1136 2914 1180 ut
2954 1124 3027 1179 ibi
3057 1125 3198 1194 apud
3229 1123 3536 1190 quemdam
3570 1118 3670 1173 sibi
3700 1135 3790 1172 co-

2196 1219 2405 1291 gnitum
2453 1226 2740 1288 reponeret
2801 1216 2945 1286 quod
2996 1213 3235 1267 furtitna
3267 1211 3447 1266 sacris
3476 1207 3790 1262 abstulerat.

2196 1311 2407 1367 Interea
2439 1308 2695 1363 custodes
2741 1305 2982 1362 ecclesia:
3014 1319 3118 1358 una
3160 1318 3286 1358 cum
3333 1293 3617 1354 fratribus
3655 1296 3792 1351 refc-

2199 1402 2436 1457 ctorium
2472 1409 2754 1463 exeuntes,
2787 1399 2911 1452 dum
2937 1395 3271 1466 prospiciunt
3293 1406 3593 1448 sacrorum
3612 1391 3791 1443 damna

2197 1506 2473 1556 vasorum,
2515 1505 2642 1544 mox
2686 1489 3110 1544 coadunatorum
3153 1498 3467 1539 concursus
3506 1480 3687 1536 factus
3718 1490 3797 1533 est

2198 1584 2610 1646 monachorum,
2637 1590 2695 1637 et
2724 1581 2778 1635 in
2821 1589 3026 1634 tantum
3054 1587 3180 1631 sunt
3205 1585 3395 1630 mente
3434 1573 3793 1635 consternati,

2201 1675 2409 1746 ut-quid
2439 1675 2679 1730 dicerent
2705 1673 2790 1727 vel
2818 1671 2947 1741 quid
2972 1678 3219 1741 agerent.
3245 1683 3359 1739 quo
3399 1683 3463 1721 se
3497 1674 3789 1727 verterent,

2201 1783 2307 1823 non
2338 1768 2697 1837 reperissent;
2749 1763 2843 1818 sed
2879 1762 2995 1817 suis
3031 1761 3136 1815 hoc
3167 1757 3533 1830 exigentibus
3575 1755 3797 1826 peccatis

2202 1859 2454 1913 evenisse
2497 1856 2840 1910 concorditer
2889 1852 3215 1908 clamabant.
3269 1850 3603 1905 Misericors
3633 1860 3794 1900 autem

2204 1951 2465 2006 Dominus
2502 1949 2712 2004 met-itis
2762 1947 2821 2002 S.
2853 1946 3060 2001 Bertiui
3094 1943 3437 2000 confessoris
3464 1958 3560 1997 su.
3588 1956 3695 1997 non
3718 1940 3795 1993 diu

2205 2052 2285 2098 est
2318 2057 2512 2112 passus
2545 2041 2752 2111 jugiter
2791 2039 2890 2093 sibi
2923 2037 3279 2092 servientium
3318 2036 3553 2090 animos
3593 2032 3800 2104 pericli-

2206 2135 2330 2190 tari.
2384 2134 2492 2188 Fur
2534 2133 2678 2188 enim
2741 2131 2923 2185 infelix
2967 2130 3079 2200 jam
3127 2137 3477 2184 memoratus
3524 2129 3659 2182 dum
3689 2127 3799 2180 hinc

2208 2243 2408 2283 cuneos
2437 2227 2802 2288 inimicorum,
2839 2224 2962 2278 inde
2992 2237 3256 2292 aquarum
3287 2236 3354 2274 ac
3379 2220 3611 2290 paludis
3641 2219 3800 2287 impe-

2211 2322 2448 2376 dimenta
2519 2326 2765 2373 cerneret
2821 2320 2992 2385 (nam,
3054 2325 3110 2366 ut
3157 2313 3544 2367 nescientibus
3602 2311 3802 2380 loquar,

2211 2411 2365 2464 locus
2396 2408 2486 2463 ille
2534 2408 2656 2461 talis
2681 2415 2764 2460 est
2795 2416 2853 2460 ut
2884 2421 2979 2473 per
3008 2401 3377 2472 mille-passus
3408 2412 3464 2455 et
3487 2398 3670 2454 mula)
3700 2413 3801 2451 am-

2209 2503 2350 2574 plins
2378 2502 2484 2556 nisi
2522 2501 2737 2571 navigio
2787 2513 2892 2554 non
2945 2497 3142 2552 habeat
3189 2497 3532 2567 ingressum,
3583 2504 3802 2560 excepta

2211 2612 2316 2650 una
2345 2605 2499 2664 porta
2545 2595 2611 2646 ab
2644 2592 2959 2652 Occidente,
3012 2605 3108 2658 per
3137 2603 3300 2657 quam
3331 2587 3554 2655 pedites
3580 2596 3640 2638 et
3665 2584 3805 2652 equi-

2215 2697 2296 2740 tes
2319 2685 2666 2754 plaustraque
2712 2684 2973 2737 ducentes
3015 2680 3246 2733 liberum
3277 2678 3464 2732 solent
3493 2677 3707 2730 habere
3733 2675 3807 2727 in~

2217 2779 2528 2848 gressum):
2579 2775 2822 2829 consitos
2847 2772 3001 2842 quasi
3045 2785 3142 2840 per
3186 2767 3490 2838 praecipitia
3544 2769 3805 2836 parietum

2213 2879 2374 2938 atque
2410 2877 2675 2922 tectorum
2705 2865 2870 2932 coepit
2901 2866 3031 2916 dare
3081 2861 3270 2916 saltus.
3304 2859 3464 2926 Quod
3489 2874 3620 2912 cum
3657 2858 3808 2910 vidis-

532 2945 596 3042 l3-
637 2945 858 3001 Βθῖίίηθ
901 2943 1106 3014 ῧτ³¹ί³³
1146 2957 1332 3042 ἦῧθηδν
1389 2942 1504 3042 suis
1535 2939 1852 3042 _$m_m_°“d°
1885 2937 2112 3006 Ρθίίίυίη
2140 2977 2188 3042 c
2219 2937 2338 3012 sent
2389 2957 2586 3012 ibidem
2639 2958 2914 3023 degentes,
2974 2951 3183 3006 sublata
3236 2963 3470 3019 prorsus
3522 2945 3807 3017 ambagiue

537 3037 692 3092 latus
721 3046 776 3090 et
805 3050 969 3090 sanus
993 3033 1268 3103 propriam
1297 3032 1575 3102 repedavit
1597 3031 1664 3086 ad
1687 3032 1927 3086 dotnum.

814 3126 942 3180 CAP.
970 3123 1031 3178 ll.
1075 3122 1153 3178 De
1177 3121 1404 3191 quodam
1426 3120 1680 3190 sacrilego
1705 3119 1837 3189 (23).

2218 3050 2381 3106 totius
2411 3047 2779 3106 dubitationis.
2825 3046 2967 3099 lmnc
2987 3057 3107 3097 esse
3137 3056 3310 3106 reum,
3343 3042 3491 3095 hunc
3526 3039 3807 3094 clamitant

2217 3142 2358 3201 sacri
2422 3140 2594 3195 furem
2640 3139 2917 3194 exstitisse
2967 3133 3251 3198 thesauri;
3299 3142 3354 3188 et
3392 3133 3516 3187 ideo
3569 3130 3804 3186 taliter:

605 3215 835 3285 Quidam
881 3216 1045 3270 homo
1094 3229 1162 3268 ex
1229 3221 1388 3283 parte
1450 3211 1606 3266 "oms
1667 3208 2116 3280 incoglmus'sc‘l
2219 3234 2482 3291 dtcn‘ionio
2507 3228 2878 3302 agitari.Cum
2905 3235 3086 3280 autem
3111 3224 3807 3288 detinuissenteum,qno-

537 3306 681 3362 sicut
728 3317 914 3376 postea
962 3305 1214 3376 probavit
1260 3312 1512 3368 eventus,
1542 3302 1780 3372 maligno
1807 3303 1998 3372 spiritu
2031 3315 2119 3358 re-

537 3395 734 3466 pletus,
761 3411 882 3451 cum
936 3393 1214 3464 cujusdam
1243 3394 1521 3466 religionis
1549 3408 1608 3450 se
1644 3408 1764 3448 esse
1785 3393 2116 3460 simulasset,

540 3505 638 3558 per
667 3499 777 3544 tres
825 3491 1113 3546 continuos
1165 3490 1283 3544 dies
1331 3489 1484 3560 quasi
1527 3489 1715 3544 orandi
1739 3488 1910 3558 gratia
1939 3488 2118 3544 eccle-

540 3583 678 3637 siam
704 3583 948 3654 praedicti
982 3582 1175 3638 .Patris
1218 3583 1389 3637 nostri
1419 3583 1623 3637 Bertini
1657 3583 1956 3653 ingressus,
1986 3580 2123 3634 mul-

543 3673 706 3728 toties
755 3689 814 3728 se
854 3674 1018 3728 humo
1067 3673 1366 3743 prostravit
1397 3674 1552 3743 quasi
1599 3682 1934 3743 compuncto
1957 3672 2122 3726 corde

541 3764 792 3819 funderet
841 3779 1032 3836 preces
1059 3781 1074 3830 ;
1107 3765 1200 3819 sed
1241 3767 1456 3834 quoties
1484 3765 1638 3827 exiit.
1662 3778 1814 3819 seras
1843 3763 2122 3820 valvarum

543 3856 828 3927 diligenter
867 3857 1248 3923 consideravit,
1308 3857 1454 3911 aliud
1503 3867 1682 3912 tamen
1737 3857 1788 3910 in
1837 3855 2125 3924 praesentia

543 3945 831 3998 custodum
878 3943 1106 4015 fingens.
1165 3944 1300 3999 Nam
1346 3945 1637 4014 aliquando
1686 3959 1746 3999 se
1796 3944 2125 4007 inciirvavit,

546 4037 701 4105 quasi
754 4036 826 4090 ibi
855 4035 1147 4092 dissolutas
1197 4037 1452 4107 religaret
1499 4037 1762 4104 corrigias
1796 4036 2128 4105 :aliquando

547 4142 675 4182 vero
720 4144 906 4184 casum
957 4130 1220 4186 simulans
1249 4131 1612 4197 manicarum,
1652 4129 1706 4183 in
1736 4129 1926 4185 eodem
1977 4130 2126 4185 exitu

2218 3327 2351 3383 libet
2389 3325 2607 3397 ingenio
2653 3323 3018 3390 interrogatus
3048 3325 3150 3380 est,
3201 3315 3333 3386 quid
3369 3314 3478 3368 sibi
3531 3315 3807 3369 evenisset

2219 3417 2305 3473 vel
2354 3431 2524 3486 quare
2574 3413 2941 3466 demcntasset
2975 3425 2988 3461 :
3024 3415 3080 3460 et
3118 3406 3302 3460 statim
3358 3404 3618 3473 exposuit
3649 3401 3808 3455 totius

2221 3509 2300 3564 rei
2358 3507 2658 3560 veritatem.
2699 3502 2840 3569 Quid
2883 3496 3082 3569 plura?
3126 3493 3413 3566 prmvaluit
3466 3503 3655 3548 contra
3689 3505 3807 3545 eum

2223 3599 2508 3655 arbitrium
2544 3594 2683 3662 ejus,
2710 3591 2852 3647 unde
2895 3590 3090 3644 missus
3112 3597 3194 3642 est
3223 3587 3278 3639 in
3303 3584 3567 3638 Nervium
3599 3582 3733 3651 (Ἠ).
3759 3582 3806 3633 in

2224 3690 2344 3745 loco
2366 3687 2595 3750 famoso.
2624 3684 2850 3740 castello
2890 3680 3142 3735 videlicet
3166 3676 3570 3745 Menapiorum.
3608 3673 3809 3730 Cando-

2225 3779 2325 3834 luit
2359 3787 2539 3832 atttem
2595 3789 2760 3844 super
2807 3788 2874 3828 eo
2901 3770 3236 3827 unauimitas
3257 3767 3374 3836 jatn
3409 3768 3574 3822 dieue
3595 3779 3809 3836 congre-

2227 3868 2482 3941 gationis,
2537 3867 2914 3933 miseruntque
2946 3863 3011 3916 ad
3039 3861 3292 3916 comitem
3331 3859 3582 3928 ejusdem
3613 3857 3733 3919 loci,
3761 3863 3810 3908 (ι

2229 3962 2499 4018 redditum
2556 3968 2642 4014 est
2686 3957 2736 4013 ei
2797 3957 3026 4011 liberum
3073 3955 3249 4008 exire.
3299 3951 3412 4006 Sed
3444 3951 3574 4021 quia
3622 3951 3674 4004 in
3701 3947 3810 4002 aliis

2230 4054 2642 4125 quampluribus
2679 4061 2860 4106 tentus
2915 4059 3036 4104 erat
3080 4046 3320 4116 ﬂagitiis,
3353 4054 3416 4099 ut
3457 4054 3646 4114 postea
3669 4055 3808 4097 como

2231 4155 2444 4217 perium
2476 4155 2579 4209 est,
2612 4143 2732 4200 ideo
2764 4142 2901 4196 forte
2924 4139 3298 4211 permodicum
3325 4137 3525 4192 habuit
3557 4133 3810 4205 ρωιιῑιειι-

546 4226 1044 4298 θυτνθίυεεοιίοῧίιο
1073 4227 1339 4298 Εκβθτωε
1362 4237 1545 4285 mlle“
1571 4239 1743 4284 ῐοῑωη
1769 4229 1911 4300 ιιιιοά
1935 4229 2126 4293 vomit.
2159 4253 2170 4257 ’
2236 4239 2324 4292 tite
2344 4247 2556 4306 tempus
2580 4249 2596 4288 ':
2623 4235 2981 4302 septimanam
3030 4230 3173 4286 enim
3201 4227 3590 4282 tantummodo
3633 4238 3804 4294 super-

547 4318 755 4374 notavit
784 4321 975 4374 horam
1015 4335 1122 4389 qua
1169 4319 1366 4375 fratres
1395 4331 1517 4390 post
1553 4331 1764 4376 acutam
1795 4334 1959 4374 causa
1987 4318 2124 4373 refe-
2150 4312 2208 4376 D
2234 4333 2387 4386 vim,
2417 4330 2462 4386 0
2495 4344 2657 4399 quam
2707 4327 2875 4381 breve
2928 4335 3011 4379 est
3044 4321 3329 4393 prresentis
3359 4320 3486 4374 vita:
3519 4329 3731 4387 tempus
3754 4314 3810 4368 ad

549 4411 746 4466 ctionis
799 4411 867 4465 ad
910 4426 1104 4480 panem
1154 4412 1554 4482 percipiendum
1600 4423 1850 4482 peterent
1904 4412 2134 4467 refecto—

549 4500 728 4579 rium.
770 4499 969 4569 Sicque
1028 4515 1319 4571 aggressus
1393 4501 1569 4556 cultro
1655 4504 2132 4572 arreptogpressit

551 4590 756 4660 lignum
781 4590 1178 4660 perjuncturas
1203 4591 1506 4658 valvarum,
1537 4607 1644 4661 quo
1675 4593 1847 4649 ambae
1869 4593 1922 4647 in
1958 4604 2135 4648 trans-

552 4695 770 4736 versum
819 4681 1241 4754 stringebantur,
1306 4697 1428 4738 eum
1468 4683 1683 4739 aliunde
1719 4684 1896 4740 ferreo
1922 4684 2135 4754 pessulo

552 4771 828 4828 ﬁrmatum
871 4790 980 4830 non
1021 4784 1189 4840 esset,
1241 4775 1315 4830 ita
1364 4782 1424 4829 ut
1461 4777 1638 4846 capite
1683 4777 1853 4831 vectis
1893 4776 2135 4846 ejusdem

553 4877 770 4918 sursum
823 4864 1031 4921 elevato
1078 4866 1284 4920 aditum
1337 4867 1609 4936 praeberet
1667 4868 1926 4923 intrandi.
1981 4867 2137 4924 Tunc

553 4954 722 5011 miser
740 4954 890 5021 ωε..
910 4957 1004 5012 sed
1035 4971 1140 5012 non
1176 4957 1528 5023 miserabilis,
1554 4957 1775 5012 malitia:
1800 4973 1911 5012 suae
1933 4958 2137 5028 pande-

558 5045 656 5100 bat
681 5044 956 5102 ell'ectum.
1009 5045 1144 5099 Nam
1203 5048 1478 5117 ingressus
1513 5047 1723 5103 furatus
1771 5059 1856 5103 est
1886 5065 2013 5106 vasa
2053 5066 2140 5104 ar-

555 5145 775 5206 gentea,
828 5150 950 5206 qua:
1020 5133 1121 5190 sub
1168 5136 1385 5190 coronis
1433 5151 1498 5190 ae
1553 5136 1893 5208 lampadibus
1953 5152 2137 5194 coram

2244 5297 2314 5320 I'L
2363 5311 2399 5320 ι.

627 5289 741 5320 [91‘
777 5289 853 5320 ιτ..
882 5291 1102 5320 ηησίηηη
1135 5289 1410 5320 Ann-suumn

2233 4421 2693 4489 comparationem
2741 4412 3092 4470 teternitatis!
3149 4410 3455 4464 Hortamur
3478 4424 3615 4477 ergo
3642 4419 3814 4462 omnes

2234 4515 2326 4584 qui
2359 4515 2471 4567 base
2500 4512 2806 4570 audierunt.
2837 4506 3088 4561 omittere
3113 4501 3251 4556 mala
3275 4541 3290 4566 ,
3321 4502 3642 4570 sedarique
3668 4500 3814 4554 bona.

2236 4603 2366 4657 CAP.
2395 4601 2483 4656 ΙΙΙ.
2512 4600 2586 4655 De
2611 4599 2838 4668 quodam
2865 4595 3108 4666 fugitivo,
3142 4593 3354 4646 nomine
3379 4589 3673 4660 Benjamin
3695 4587 3818 4660 (25).

2310 4691 2494 4746 Multis
2521 4689 2686 4758 igitur
2707 4686 3049 4742 sacularium
3078 4682 3360 4738 hominum
3386 4680 3567 4734 turbis
3601 4681 3668 4733 ad
3694 4692 3822 4747 saepe

2238 4782 2440 4839 dictum
2472 4778 2860 4836 monasterium
2897 4776 2967 4830 ob
3011 4787 3251 4828 amorem
3285 4771 3380 4825 Dei
3407 4769 3822 4829 conﬂuentibus,

2238 4881 2296 4929 ει
2331 4871 2644 4929 monasticae
2689 4866 2970 4935 religionis
3003 4863 3274 4918 desiderio
3310 4862 3663 4924 ardentibus,
3696 4859 3825 4914 inter

2238 4971 2467 5020 caeteros
2516 4957 2796 5025 Benjamin
2844 4964 3205 5023 nuncupatus,
3265 4952 3484 5021 generis
3531 4950 3820 5006 secundum

2171 5101 2186 5110 .
2212 5052 2494 5109 ‘szeculum
2523 5051 2807 5108 nobilitate
2843 5047 3072 5118 pollens,
3094 5037 3389 5116 plurimum
3411 5058 3479 5097 ex
3510 5043 3821 5098 htereditatc

2242 5143 2458 5216 propria
2479 5139 2812 5196 monasterio
2834 5135 3140 5201 conferens,
3167 5133 3380 5188 aditum
3410 5131 3578 5210 petiit
3604 5146 3821 5186 convero

2455 5309 2547 5320 ..οι-ι
2631 5292 2648 5320 Ι
2722 5289 2795 5320 111.
2863 5304 2920 5320 III
2953 5296 3000 5320 nl
3181 5300 3235 5320 sur
3285 5297 3384 5320 nan
3557 5276 3822 5320 “(Inguina
