  <div class='ocr_page' id='page_1' title='image "/cluster/home/n/w/nwhite01/storage/ocr_20150623/147/hvd.32044010574002/556.png"; bbox 0 0 3960 5320; ppageno 0'>
   <div class='ocr_carea' id='block_1_1' title="bbox 137 258 252 318">
    <p class='ocr_par' dir='ltr' id='par_1_1' title="bbox 137 258 252 318">
     <span class='ocr_line' id='line_1_1' title="bbox 137 258 252 318; baseline 0.026 -3"><span class='ocrx_word' id='word_1_1' title='bbox 137 258 252 318; x_wconf 74' lang='grc' dir='ltr'><strong>ΗΜ</strong></span> 
     </span>
    </p>
   </div>
   <div class='ocr_carea' id='block_1_2' title="bbox 1171 258 2252 321">
    <p class='ocr_par' dir='ltr' id='par_1_2' title="bbox 1171 258 2252 321">
     <span class='ocr_line' id='line_1_2' title="bbox 1171 258 2252 321; baseline -0.003 -3"><span class='ocrx_word' id='word_1_2' title='bbox 1171 259 1524 321; x_wconf 69' lang='grc' dir='ltr'><strong>ηιιιΑουιΑ</strong></span> <span class='ocrx_word' id='word_1_3' title='bbox 1555 259 1613 316; x_wconf 86' lang='lat' dir='ltr'><strong>S.</strong></span> <span class='ocrx_word' id='word_1_4' title='bbox 1635 258 1930 317; x_wconf 72' lang='lat' dir='ltr'><strong>BERTINI.</strong></span> <span class='ocrx_word' id='word_1_5' title='bbox 1954 291 2023 302; x_wconf 87' lang='lat'><strong>--</strong></span> <span class='ocrx_word' id='word_1_6' title='bbox 2054 260 2182 319; x_wconf 78' lang='lat' dir='ltr'><strong>LIB.</strong></span> <span class='ocrx_word' id='word_1_7' title='bbox 2211 259 2252 316; x_wconf 79' lang='grc' dir='ltr'><strong>Ι.</strong></span> 
     </span>
    </p>
   </div>
   <div class='ocr_carea' id='block_1_3' title="bbox 3190 252 3361 316">
    <p class='ocr_par' dir='ltr' id='par_1_3' title="bbox 3190 252 3361 316">
     <span class='ocr_line' id='line_1_3' title="bbox 3190 252 3361 316; baseline 0.006 -1"><span class='ocrx_word' id='word_1_8' title='bbox 3190 252 3361 316; x_wconf 32' lang='lat' dir='ltr'><strong>illi)?</strong></span> 
     </span>
    </p>
   </div>
   <div class='ocr_carea' id='block_1_4' title="bbox 136 367 3358 444">
    <p class='ocr_par' dir='ltr' id='par_1_4' title="bbox 136 367 3358 444">
     <span class='ocr_line' id='line_1_4' title="bbox 136 367 3358 444; baseline 0 -18"><span class='ocrx_word' id='word_1_9' title='bbox 136 371 303 436; x_wconf 83' lang='lat' dir='ltr'><strong>sionls,</strong></span> <span class='ocrx_word' id='word_1_10' title='bbox 327 367 711 444; x_wconf 82' lang='lat' dir='ltr'><strong>laudabilique,</strong></span> <span class='ocrx_word' id='word_1_11' title='bbox 735 377 796 429; x_wconf 86' lang='lat' dir='ltr'><strong>ut</strong></span> <span class='ocrx_word' id='word_1_12' title='bbox 834 370 976 430; x_wconf 81' lang='lat' dir='ltr'><strong>facie</strong></span> <span class='ocrx_word' id='word_1_13' title='bbox 1020 378 1182 429; x_wconf 79' lang='lat' dir='ltr'><strong>tenus</strong></span> <span class='ocrx_word' id='word_1_14' title='bbox 1214 373 1520 437; x_wconf 84' lang='lat' dir='ltr'><strong>videbatur,</strong></span> <span class='ocrx_word' id='word_1_15' title='bbox 1552 372 1684 429; x_wconf 86' lang='lat' dir='ltr'><strong>sim-</strong></span> <span class='ocrx_word' id='word_1_16' title='bbox 1708 377 1755 435; x_wconf 76' lang='grc' dir='ltr'><strong>Α</strong></span> <span class='ocrx_word' id='word_1_17' title='bbox 1786 371 2106 441; x_wconf 82' lang='lat' dir='ltr'><strong>nativitatis,</strong></span> <span class='ocrx_word' id='word_1_18' title='bbox 2143 372 2316 438; x_wconf 82' lang='lat' dir='ltr'><strong>stetit,</strong></span> <span class='ocrx_word' id='word_1_19' title='bbox 2348 385 2587 443; x_wconf 86' lang='lat' dir='ltr'><strong>casuque</strong></span> <span class='ocrx_word' id='word_1_20' title='bbox 2607 368 2895 432; x_wconf 82' lang='lat' dir='ltr'><strong>subitanoo</strong></span> <span class='ocrx_word' id='word_1_21' title='bbox 2914 368 2970 427; x_wconf 86' lang='lat' dir='ltr'><strong>in</strong></span> <span class='ocrx_word' id='word_1_22' title='bbox 2997 379 3198 429; x_wconf 84' lang='lat' dir='ltr'><strong>terram</strong></span> <span class='ocrx_word' id='word_1_23' title='bbox 3231 386 3358 442; x_wconf 70' lang='grc' dir='ltr'><strong>ιιι-οι</strong></span> 
     </span>
    </p>
   </div>
   <div class='ocr_carea' id='block_1_5' title="bbox 131 460 1682 533">
    <p class='ocr_par' dir='ltr' id='par_1_5' title="bbox 131 460 1682 533">
     <span class='ocr_line' id='line_1_5' title="bbox 131 460 1682 533; baseline 0.001 -17"><span class='ocrx_word' id='word_1_24' title='bbox 131 462 343 533; x_wconf 82' lang='lat' dir='ltr'><strong>plicitate</strong></span> <span class='ocrx_word' id='word_1_25' title='bbox 376 471 546 518; x_wconf 89' lang='lat' dir='ltr'><strong>totum</strong></span> <span class='ocrx_word' id='word_1_26' title='bbox 594 478 656 521; x_wconf 87' lang='lat' dir='ltr'><strong>se</strong></span> <span class='ocrx_word' id='word_1_27' title='bbox 705 463 936 521; x_wconf 94' lang='lat' dir='ltr'><strong>contulit</strong></span> <span class='ocrx_word' id='word_1_28' title='bbox 979 462 1334 520; x_wconf 87' lang='lat' dir='ltr'><strong>monasterio.</strong></span> <span class='ocrx_word' id='word_1_29' title='bbox 1383 460 1682 533; x_wconf 80' lang='lat' dir='ltr'><strong>Susceptus</strong></span> 
     </span>
    </p>
   </div>
   <div class='ocr_carea' id='block_1_6' title="bbox 133 554 1679 626">
    <p class='ocr_par' dir='ltr' id='par_1_6' title="bbox 133 554 1679 626">
     <span class='ocr_line' id='line_1_6' title="bbox 133 554 1679 626; baseline 0.003 -19"><span class='ocrx_word' id='word_1_30' title='bbox 133 554 295 623; x_wconf 81' lang='lat' dir='ltr'><strong>itaque</strong></span> <span class='ocrx_word' id='word_1_31' title='bbox 314 554 394 610; x_wconf 86' lang='lat' dir='ltr'><strong>hic</strong></span> <span class='ocrx_word' id='word_1_32' title='bbox 420 565 585 626; x_wconf 87' lang='lat' dir='ltr'><strong>atque</strong></span> <span class='ocrx_word' id='word_1_33' title='bbox 607 555 752 612; x_wconf 91' lang='lat' dir='ltr'><strong>inter</strong></span> <span class='ocrx_word' id='word_1_34' title='bbox 779 555 978 613; x_wconf 85' lang='lat' dir='ltr'><strong>fratres</strong></span> <span class='ocrx_word' id='word_1_35' title='bbox 998 555 1297 614; x_wconf 81' lang='lat' dir='ltr'><strong>collocatus</strong></span> <span class='ocrx_word' id='word_1_36' title='bbox 1315 564 1403 611; x_wconf 87' lang='lat' dir='ltr'><strong>est</strong></span> <span class='ocrx_word' id='word_1_37' title='bbox 1426 564 1679 612; x_wconf 62' lang='lat' dir='ltr'><strong>caterua.</strong></span> 
     </span>
    </p>
   </div>
   <div class='ocr_carea' id='block_1_7' title="bbox 132 642 1681 719">
    <p class='ocr_par' dir='ltr' id='par_1_7' title="bbox 132 642 1681 719">
     <span class='ocr_line' id='line_1_7' title="bbox 132 642 1681 719; baseline 0.002 -22"><span class='ocrx_word' id='word_1_38' title='bbox 132 642 227 697; x_wconf 85' lang='lat' dir='ltr'><strong>Sed</strong></span> <span class='ocrx_word' id='word_1_39' title='bbox 255 660 345 700; x_wconf 87' lang='lat' dir='ltr'><strong>non</strong></span> <span class='ocrx_word' id='word_1_40' title='bbox 395 655 519 715; x_wconf 89' lang='lat' dir='ltr'><strong>post</strong></span> <span class='ocrx_word' id='word_1_41' title='bbox 567 646 797 701; x_wconf 88' lang='lat' dir='ltr'><strong>multum</strong></span> <span class='ocrx_word' id='word_1_42' title='bbox 837 648 1098 718; x_wconf 89' lang='lat' dir='ltr'><strong>temporis</strong></span> <span class='ocrx_word' id='word_1_43' title='bbox 1147 648 1347 719; x_wconf 74' lang='lat' dir='ltr'><strong>sagitta</strong></span> <span class='ocrx_word' id='word_1_44' title='bbox 1389 661 1681 719; x_wconf 87' lang='lat' dir='ltr'><strong>percussus</strong></span> 
     </span>
    </p>
   </div>
   <div class='ocr_carea' id='block_1_8' title="bbox 126 733 1682 810">
    <p class='ocr_par' dir='ltr' id='par_1_8' title="bbox 126 733 1682 810">
     <span class='ocr_line' id='line_1_8' title="bbox 126 733 1682 810; baseline 0.004 -22"><span class='ocrx_word' id='word_1_45' title='bbox 126 733 383 800; x_wconf 74' lang='lat' dir='ltr'><strong>diabolica,</strong></span> <span class='ocrx_word' id='word_1_46' title='bbox 407 737 573 807; x_wconf 75' lang='lat' dir='ltr'><strong>cmpit</strong></span> <span class='ocrx_word' id='word_1_47' title='bbox 597 753 694 792; x_wconf 89' lang='lat' dir='ltr'><strong>sua</strong></span> <span class='ocrx_word' id='word_1_48' title='bbox 726 738 866 793; x_wconf 81' lang='lat' dir='ltr'><strong>mala</strong></span> <span class='ocrx_word' id='word_1_49' title='bbox 888 754 1052 810; x_wconf 81' lang='lat' dir='ltr'><strong>opera</strong></span> <span class='ocrx_word' id='word_1_50' title='bbox 1076 740 1392 806; x_wconf 75' lang='lat' dir='ltr'><strong>defendere,</strong></span> <span class='ocrx_word' id='word_1_51' title='bbox 1423 754 1488 795; x_wconf 85' lang='lat' dir='ltr'><strong>ac</strong></span> <span class='ocrx_word' id='word_1_52' title='bbox 1513 738 1682 795; x_wconf 89' lang='lat' dir='ltr'><strong>nimio</strong></span> 
     </span>
    </p>
   </div>
   <div class='ocr_carea' id='block_1_9' title="bbox 126 824 1681 901">
    <p class='ocr_par' dir='ltr' id='par_1_9' title="bbox 126 824 1681 901">
     <span class='ocr_line' id='line_1_9' title="bbox 126 824 1681 901; baseline 0.004 -22"><span class='ocrx_word' id='word_1_53' title='bbox 126 824 354 881; x_wconf 88' lang='lat' dir='ltr'><strong>instinctu</strong></span> <span class='ocrx_word' id='word_1_54' title='bbox 380 828 582 883; x_wconf 90' lang='lat' dir='ltr'><strong>inimici</strong></span> <span class='ocrx_word' id='word_1_55' title='bbox 609 829 780 895; x_wconf 83' lang='lat' dir='ltr'><strong>illudi,</strong></span> <span class='ocrx_word' id='word_1_56' title='bbox 806 829 1211 901; x_wconf 87' lang='lat' dir='ltr'><strong>mortiferisque</strong></span> <span class='ocrx_word' id='word_1_57' title='bbox 1232 827 1681 901; x_wconf 80' lang='lat' dir='ltr'><strong>persuasionibus</strong></span> 
     </span>
    </p>
   </div>
   <div class='ocr_carea' id='block_1_10' title="bbox 121 918 1676 991">
    <p class='ocr_par' dir='ltr' id='par_1_10' title="bbox 121 918 1676 991">
     <span class='ocr_line' id='line_1_10' title="bbox 121 918 1676 991; baseline 0.003 -21"><span class='ocrx_word' id='word_1_58' title='bbox 121 930 413 971; x_wconf 82' lang='lat' dir='ltr'><strong>consensum</strong></span> <span class='ocrx_word' id='word_1_59' title='bbox 451 920 716 988; x_wconf 82' lang='lat' dir='ltr'><strong>praebere.</strong></span> <span class='ocrx_word' id='word_1_60' title='bbox 754 920 997 989; x_wconf 80' lang='lat' dir='ltr'><strong>Cumque</strong></span> <span class='ocrx_word' id='word_1_61' title='bbox 1025 936 1057 976; x_wconf 89' lang='lat' dir='ltr'><strong>a</strong></span> <span class='ocrx_word' id='word_1_62' title='bbox 1109 919 1373 977; x_wconf 79' lang='lat' dir='ltr'><strong>fratribus</strong></span> <span class='ocrx_word' id='word_1_63' title='bbox 1422 918 1676 991; x_wconf 67' lang='lat' dir='ltr'><strong>spiritalio</strong></span> 
     </span>
    </p>
   </div>
   <div class='ocr_carea' id='block_1_11' title="bbox 117 1008 1680 1082">
    <p class='ocr_par' dir='ltr' id='par_1_11' title="bbox 117 1008 1680 1082">
     <span class='ocr_line' id='line_1_11' title="bbox 117 1008 1680 1082; baseline 0.004 -20"><span class='ocrx_word' id='word_1_64' title='bbox 117 1008 214 1062; x_wconf 89' lang='lat' dir='ltr'><strong>bus</strong></span> <span class='ocrx_word' id='word_1_65' title='bbox 237 1009 518 1079; x_wconf 73' lang='lat' dir='ltr'><strong>stupissime</strong></span> <span class='ocrx_word' id='word_1_66' title='bbox 548 1012 946 1082; x_wconf 87' lang='lat' dir='ltr'><strong>corriperetur,</strong></span> <span class='ocrx_word' id='word_1_67' title='bbox 977 1027 1085 1068; x_wconf 90' lang='lat' dir='ltr'><strong>non</strong></span> <span class='ocrx_word' id='word_1_68' title='bbox 1121 1015 1282 1070; x_wconf 83' lang='lat' dir='ltr'><strong>modo</strong></span> <span class='ocrx_word' id='word_1_69' title='bbox 1327 1028 1437 1070; x_wconf 88' lang='lat' dir='ltr'><strong>non</strong></span> <span class='ocrx_word' id='word_1_70' title='bbox 1488 1027 1680 1068; x_wconf 86' lang='lat' dir='ltr'><strong>emen-</strong></span> 
     </span>
    </p>
   </div>
   <div class='ocr_carea' id='block_1_12' title="bbox 117 1101 1678 1174">
    <p class='ocr_par' dir='ltr' id='par_1_12' title="bbox 117 1101 1678 1174">
     <span class='ocr_line' id='line_1_12' title="bbox 117 1101 1678 1174; baseline 0.003 -20"><span class='ocrx_word' id='word_1_71' title='bbox 117 1101 262 1155; x_wconf 85' lang='lat' dir='ltr'><strong>datus</strong></span> <span class='ocrx_word' id='word_1_72' title='bbox 285 1110 382 1164; x_wconf 88' lang='lat' dir='ltr'><strong>est,</strong></span> <span class='ocrx_word' id='word_1_73' title='bbox 404 1116 589 1156; x_wconf 80' lang='lat' dir='ltr'><strong>verum</strong></span> <span class='ocrx_word' id='word_1_74' title='bbox 612 1116 810 1159; x_wconf 82' lang='lat' dir='ltr'><strong>exusos</strong></span> <span class='ocrx_word' id='word_1_75' title='bbox 839 1117 933 1159; x_wconf 88' lang='lat' dir='ltr'><strong>cos</strong></span> <span class='ocrx_word' id='word_1_76' title='bbox 966 1104 1180 1170; x_wconf 83' lang='lat' dir='ltr'><strong>habuit,</strong></span> <span class='ocrx_word' id='word_1_77' title='bbox 1208 1120 1346 1174; x_wconf 90' lang='lat' dir='ltr'><strong>quos</strong></span> <span class='ocrx_word' id='word_1_78' title='bbox 1400 1103 1472 1160; x_wconf 88' lang='lat' dir='ltr'><strong>ob</strong></span> <span class='ocrx_word' id='word_1_79' title='bbox 1522 1118 1678 1159; x_wconf 89' lang='lat' dir='ltr'><strong>suam</strong></span> 
     </span>
    </p>
   </div>
   <div class='ocr_carea' id='block_1_13' title="bbox 116 1194 1679 1265">
    <p class='ocr_par' dir='ltr' id='par_1_13' title="bbox 116 1194 1679 1265">
     <span class='ocr_line' id='line_1_13' title="bbox 116 1194 1679 1265; baseline 0.001 -18"><span class='ocrx_word' id='word_1_80' title='bbox 116 1194 503 1265; x_wconf 66' lang='lat' dir='ltr'><strong>perversitatem</strong></span> <span class='ocrx_word' id='word_1_81' title='bbox 543 1195 837 1263; x_wconf 81' lang='lat' dir='ltr'><strong>plurimum</strong></span> <span class='ocrx_word' id='word_1_82' title='bbox 861 1195 1173 1251; x_wconf 86' lang='lat' dir='ltr'><strong>contristari</strong></span> <span class='ocrx_word' id='word_1_83' title='bbox 1218 1194 1524 1265; x_wconf 77' lang='lat' dir='ltr'><strong>conspexit.</strong></span> <span class='ocrx_word' id='word_1_84' title='bbox 1576 1194 1679 1249; x_wconf 89' lang='lat' dir='ltr'><strong>Diu</strong></span> 
     </span>
    </p>
   </div>
   <div class='ocr_carea' id='block_1_14' title="bbox 115 1285 1681 1357">
    <p class='ocr_par' dir='ltr' id='par_1_14' title="bbox 115 1285 1681 1357">
     <span class='ocr_line' id='line_1_14' title="bbox 115 1285 1681 1357; baseline 0.003 -19"><span class='ocrx_word' id='word_1_85' title='bbox 115 1285 285 1355; x_wconf 81' lang='lat' dir='ltr'><strong>itaque.</strong></span> <span class='ocrx_word' id='word_1_86' title='bbox 327 1286 377 1341; x_wconf 92' lang='lat' dir='ltr'><strong>in</strong></span> <span class='ocrx_word' id='word_1_87' title='bbox 434 1287 537 1341; x_wconf 87' lang='lat' dir='ltr'><strong>hac</strong></span> <span class='ocrx_word' id='word_1_88' title='bbox 580 1288 944 1357; x_wconf 88' lang='lat' dir='ltr'><strong>perversitate</strong></span> <span class='ocrx_word' id='word_1_89' title='bbox 994 1286 1277 1350; x_wconf 88' lang='lat' dir='ltr'><strong>toleratus,</strong></span> <span class='ocrx_word' id='word_1_90' title='bbox 1335 1286 1555 1341; x_wconf 88' lang='lat' dir='ltr'><strong>tandem</strong></span> <span class='ocrx_word' id='word_1_91' title='bbox 1611 1285 1681 1342; x_wconf 85' lang='lat' dir='ltr'><strong>de</strong></span> 
     </span>
    </p>
   </div>
   <div class='ocr_carea' id='block_1_15' title="bbox 113 1376 1680 1448">
    <p class='ocr_par' dir='ltr' id='par_1_15' title="bbox 113 1376 1680 1448">
     <span class='ocr_line' id='line_1_15' title="bbox 113 1376 1680 1448; baseline 0.001 -17"><span class='ocrx_word' id='word_1_92' title='bbox 113 1378 423 1431; x_wconf 88' lang='lat' dir='ltr'><strong>monasterio</strong></span> <span class='ocrx_word' id='word_1_93' title='bbox 452 1386 536 1432; x_wconf 90' lang='lat' dir='ltr'><strong>est</strong></span> <span class='ocrx_word' id='word_1_94' title='bbox 561 1393 833 1448; x_wconf 80' lang='lat' dir='ltr'><strong>egressus.</strong></span> <span class='ocrx_word' id='word_1_95' title='bbox 874 1378 1042 1447; x_wconf 79' lang='lat' dir='ltr'><strong>Igitur</strong></span> <span class='ocrx_word' id='word_1_96' title='bbox 1085 1378 1477 1433; x_wconf 80' lang='lat' dir='ltr'><strong>monasterium</strong></span> <span class='ocrx_word' id='word_1_97' title='bbox 1511 1376 1680 1433; x_wconf 89' lang='lat' dir='ltr'><strong>relin-</strong></span> 
     </span>
    </p>
   </div>
   <div class='ocr_carea' id='block_1_16' title="bbox 110 1456 1680 1545">
    <p class='ocr_par' dir='ltr' id='par_1_16' title="bbox 110 1456 1680 1545">
     <span class='ocr_line' id='line_1_16' title="bbox 110 1456 1680 1545; baseline 0.003 -26"><span class='ocrx_word' id='word_1_98' title='bbox 110 1483 272 1537; x_wconf 85' lang='lat' dir='ltr'><strong>quens</strong></span> <span class='ocrx_word' id='word_1_99' title='bbox 296 1468 455 1536; x_wconf 62' lang='lat' dir='ltr'><strong>coepit</strong></span> <span class='ocrx_word' id='word_1_100' title='bbox 484 1466 721 1524; x_wconf 88' lang='lat' dir='ltr'><strong>lustrare</strong></span> <span class='ocrx_word' id='word_1_101' title='bbox 745 1470 937 1545; x_wconf 84' lang='lat' dir='ltr'><strong>domos</strong></span> <span class='ocrx_word' id='word_1_102' title='bbox 968 1468 1420 1540; x_wconf 87' lang='lat' dir='ltr'><strong>propinquorum,</strong></span> <span class='ocrx_word' id='word_1_103' title='bbox 1448 1477 1505 1524; x_wconf 92' lang='lat' dir='ltr'><strong>et</strong></span> <span class='ocrx_word' id='word_1_104' title='bbox 1529 1456 1680 1539; x_wconf 66' lang='lat' dir='ltr'><strong>qua:-</strong></span> 
     </span>
    </p>
   </div>
   <div class='ocr_carea' id='block_1_17' title="bbox 110 1558 1676 1630">
    <p class='ocr_par' dir='ltr' id='par_1_17' title="bbox 110 1558 1676 1630">
     <span class='ocr_line' id='line_1_17' title="bbox 110 1558 1676 1630; baseline 0.003 -20"><span class='ocrx_word' id='word_1_105' title='bbox 110 1572 224 1611; x_wconf 89' lang='lat' dir='ltr'><strong>rere</strong></span> <span class='ocrx_word' id='word_1_106' title='bbox 247 1558 330 1626; x_wconf 90' lang='lat' dir='ltr'><strong>qui</strong></span> <span class='ocrx_word' id='word_1_107' title='bbox 360 1558 435 1612; x_wconf 88' lang='lat' dir='ltr'><strong>illi</strong></span> <span class='ocrx_word' id='word_1_108' title='bbox 482 1574 666 1613; x_wconf 84' lang='lat' dir='ltr'><strong>secum</strong></span> <span class='ocrx_word' id='word_1_109' title='bbox 718 1560 1001 1615; x_wconf 81' lang='lat' dir='ltr'><strong>habitandi</strong></span> <span class='ocrx_word' id='word_1_110' title='bbox 1055 1574 1339 1615; x_wconf 88' lang='lat' dir='ltr'><strong>assensum</strong></span> <span class='ocrx_word' id='word_1_111' title='bbox 1386 1560 1676 1630; x_wconf 74' lang='lat' dir='ltr'><strong>przeberct,</strong></span> 
     </span>
    </p>
   </div>
   <div class='ocr_carea' id='block_1_18' title="bbox 108 1652 1673 1722">
    <p class='ocr_par' dir='ltr' id='par_1_18' title="bbox 108 1652 1673 1722">
     <span class='ocr_line' id='line_1_18' title="bbox 108 1652 1673 1722; baseline 0.003 -19"><span class='ocrx_word' id='word_1_112' title='bbox 108 1665 328 1717; x_wconf 82' lang='lat' dir='ltr'><strong>nequam</strong></span> <span class='ocrx_word' id='word_1_113' title='bbox 355 1652 562 1705; x_wconf 76' lang='lat' dir='ltr'><strong>scilicet</strong></span> <span class='ocrx_word' id='word_1_114' title='bbox 586 1653 705 1722; x_wconf 85' lang='lat' dir='ltr'><strong>ejus</strong></span> <span class='ocrx_word' id='word_1_115' title='bbox 729 1653 987 1722; x_wconf 86' lang='lat' dir='ltr'><strong>operibus</strong></span> <span class='ocrx_word' id='word_1_116' title='bbox 1013 1653 1428 1709; x_wconf 87' lang='lat' dir='ltr'><strong>consentiendo.</strong></span> <span class='ocrx_word' id='word_1_117' title='bbox 1456 1652 1527 1706; x_wconf 74' lang='lat' dir='ltr'><strong>At</strong></span> <span class='ocrx_word' id='word_1_118' title='bbox 1548 1668 1673 1708; x_wconf 91' lang='lat' dir='ltr'><strong>cum</strong></span> 
     </span>
    </p>
   </div>
   <div class='ocr_carea' id='block_1_19' title="bbox 105 1741 1679 1815">
    <p class='ocr_par' dir='ltr' id='par_1_19' title="bbox 105 1741 1679 1815">
     <span class='ocr_line' id='line_1_19' title="bbox 105 1741 1679 1815; baseline 0.004 -21"><span class='ocrx_word' id='word_1_119' title='bbox 105 1741 301 1796; x_wconf 90' lang='lat' dir='ltr'><strong>nullum</strong></span> <span class='ocrx_word' id='word_1_120' title='bbox 335 1743 620 1813; x_wconf 83' lang='lat' dir='ltr'><strong>reperiret,</strong></span> <span class='ocrx_word' id='word_1_121' title='bbox 655 1758 954 1815; x_wconf 90' lang='lat' dir='ltr'><strong>omnesque</strong></span> <span class='ocrx_word' id='word_1_122' title='bbox 983 1760 1106 1799; x_wconf 90' lang='lat' dir='ltr'><strong>eum</strong></span> <span class='ocrx_word' id='word_1_123' title='bbox 1129 1757 1353 1815; x_wconf 80' lang='lat' dir='ltr'><strong>propter</strong></span> <span class='ocrx_word' id='word_1_124' title='bbox 1400 1745 1679 1800; x_wconf 87' lang='lat' dir='ltr'><strong>remissio-</strong></span> 
     </span>
    </p>
   </div>
   <div class='ocr_carea' id='block_1_20' title="bbox 102 1836 1679 1910">
    <p class='ocr_par' dir='ltr' id='par_1_20' title="bbox 102 1836 1679 1910">
     <span class='ocr_line' id='line_1_20' title="bbox 102 1836 1679 1910; baseline 0.005 -24"><span class='ocrx_word' id='word_1_125' title='bbox 102 1849 227 1887; x_wconf 86' lang='lat' dir='ltr'><strong>nem</strong></span> <span class='ocrx_word' id='word_1_126' title='bbox 249 1836 507 1904; x_wconf 85' lang='lat' dir='ltr'><strong>propositi</strong></span> <span class='ocrx_word' id='word_1_127' title='bbox 538 1836 623 1891; x_wconf 91' lang='lat' dir='ltr'><strong>sui</strong></span> <span class='ocrx_word' id='word_1_128' title='bbox 660 1852 885 1892; x_wconf 84' lang='lat' dir='ltr'><strong>exosum</strong></span> <span class='ocrx_word' id='word_1_129' title='bbox 924 1836 1225 1903; x_wconf 86' lang='lat' dir='ltr'><strong>haberent;</strong></span> <span class='ocrx_word' id='word_1_130' title='bbox 1257 1837 1420 1910; x_wconf 62' lang='lat' dir='ltr'><strong>carpit</strong></span> <span class='ocrx_word' id='word_1_131' title='bbox 1462 1839 1679 1894; x_wconf 85' lang='lat' dir='ltr'><strong>demum</strong></span> 
     </span>
    </p>
   </div>
   <div class='ocr_carea' id='block_1_21' title="bbox 105 1925 1681 2000">
    <p class='ocr_par' dir='ltr' id='par_1_21' title="bbox 105 1925 1681 2000">
     <span class='ocr_line' id='line_1_21' title="bbox 105 1925 1681 2000; baseline 0.007 -24"><span class='ocrx_word' id='word_1_132' title='bbox 105 1925 447 1995; x_wconf 83' lang='lat' dir='ltr'><strong>frequentare</strong></span> <span class='ocrx_word' id='word_1_133' title='bbox 501 1927 665 1995; x_wconf 88' lang='lat' dir='ltr'><strong>furta,</strong></span> <span class='ocrx_word' id='word_1_134' title='bbox 721 1929 1068 1999; x_wconf 65' lang='lat' dir='ltr'><strong>casnosisque</strong></span> <span class='ocrx_word' id='word_1_135' title='bbox 1127 1929 1354 1985; x_wconf 88' lang='lat' dir='ltr'><strong>nimium</strong></span> <span class='ocrx_word' id='word_1_136' title='bbox 1405 1930 1681 2000; x_wconf 85' lang='lat' dir='ltr'><strong>inquinari</strong></span> 
     </span>
    </p>
   </div>
   <div class='ocr_carea' id='block_1_22' title="bbox 97 2017 1680 2087">
    <p class='ocr_par' dir='ltr' id='par_1_22' title="bbox 97 2017 1680 2087">
     <span class='ocr_line' id='line_1_22' title="bbox 97 2017 1680 2087; baseline 0.004 -16"><span class='ocrx_word' id='word_1_137' title='bbox 97 2017 320 2087; x_wconf 83' lang='lat' dir='ltr'><strong>stupris,</strong></span> <span class='ocrx_word' id='word_1_138' title='bbox 377 2028 433 2074; x_wconf 90' lang='lat' dir='ltr'><strong>ct</strong></span> <span class='ocrx_word' id='word_1_139' title='bbox 487 2018 593 2073; x_wconf 86' lang='lat' dir='ltr'><strong>alia</strong></span> <span class='ocrx_word' id='word_1_140' title='bbox 646 2018 879 2075; x_wconf 85' lang='lat' dir='ltr'><strong>nefanda</strong></span> <span class='ocrx_word' id='word_1_141' title='bbox 934 2034 1192 2076; x_wconf 85' lang='lat' dir='ltr'><strong>exercere</strong></span> <span class='ocrx_word' id='word_1_142' title='bbox 1238 2020 1498 2076; x_wconf 78' lang='lat' dir='ltr'><strong>facinora.</strong></span> <span class='ocrx_word' id='word_1_143' title='bbox 1544 2022 1680 2078; x_wconf 77' lang='lat' dir='ltr'><strong>Cum</strong></span> 
     </span>
    </p>
   </div>
   <div class='ocr_carea' id='block_1_23' title="bbox 98 2108 1682 2185">
    <p class='ocr_par' dir='ltr' id='par_1_23' title="bbox 98 2108 1682 2185">
     <span class='ocr_line' id='line_1_23' title="bbox 98 2108 1682 2185; baseline 0.004 -23"><span class='ocrx_word' id='word_1_144' title='bbox 98 2108 223 2163; x_wconf 86' lang='lat' dir='ltr'><strong>talia</strong></span> <span class='ocrx_word' id='word_1_145' title='bbox 253 2126 381 2182; x_wconf 75' lang='lat' dir='ltr'><strong>ergo</strong></span> <span class='ocrx_word' id='word_1_146' title='bbox 412 2111 618 2166; x_wconf 78' lang='lat' dir='ltr'><strong>solibus</strong></span> <span class='ocrx_word' id='word_1_147' title='bbox 643 2111 1025 2182; x_wconf 82' lang='lat' dir='ltr'><strong>insequeretur</strong></span> <span class='ocrx_word' id='word_1_148' title='bbox 1049 2112 1404 2183; x_wconf 86' lang='lat' dir='ltr'><strong>quotidianis,</strong></span> <span class='ocrx_word' id='word_1_149' title='bbox 1431 2114 1682 2185; x_wconf 86' lang='lat' dir='ltr'><strong>omnipo-</strong></span> 
     </span>
    </p>
   </div>
   <div class='ocr_carea' id='block_1_24' title="bbox 99 2203 1683 2277">
    <p class='ocr_par' dir='ltr' id='par_1_24' title="bbox 99 2203 1683 2277">
     <span class='ocr_line' id='line_1_24' title="bbox 99 2203 1683 2277; baseline 0.006 -22"><span class='ocrx_word' id='word_1_150' title='bbox 99 2203 260 2257; x_wconf 85' lang='lat' dir='ltr'><strong>tentis</strong></span> <span class='ocrx_word' id='word_1_151' title='bbox 285 2203 571 2259; x_wconf 85' lang='lat' dir='ltr'><strong>clemcntia</strong></span> <span class='ocrx_word' id='word_1_152' title='bbox 604 2204 817 2259; x_wconf 89' lang='lat' dir='ltr'><strong>Domini</strong></span> <span class='ocrx_word' id='word_1_153' title='bbox 855 2220 977 2276; x_wconf 66' lang='lat' dir='ltr'><strong>quae</strong></span> <span class='ocrx_word' id='word_1_154' title='bbox 1003 2204 1249 2275; x_wconf 74' lang='lat' dir='ltr'><strong>ingratus</strong></span> <span class='ocrx_word' id='word_1_155' title='bbox 1291 2221 1538 2277; x_wconf 88' lang='lat' dir='ltr'><strong>quosque</strong></span> <span class='ocrx_word' id='word_1_156' title='bbox 1584 2222 1683 2276; x_wconf 88' lang='lat' dir='ltr'><strong>per</strong></span> 
     </span>
    </p>
   </div>
   <div class='ocr_carea' id='block_1_25' title="bbox 91 2292 1680 2366">
    <p class='ocr_par' dir='ltr' id='par_1_25' title="bbox 91 2292 1680 2366">
     <span class='ocr_line' id='line_1_25' title="bbox 91 2292 1680 2366; baseline 0.005 -22"><span class='ocrx_word' id='word_1_157' title='bbox 91 2292 301 2361; x_wconf 77' lang='lat' dir='ltr'><strong>ﬂagella</strong></span> <span class='ocrx_word' id='word_1_158' title='bbox 330 2304 488 2348; x_wconf 84' lang='lat' dir='ltr'><strong>vocat</strong></span> <span class='ocrx_word' id='word_1_159' title='bbox 508 2295 576 2348; x_wconf 85' lang='lat' dir='ltr'><strong>ad</strong></span> <span class='ocrx_word' id='word_1_160' title='bbox 606 2311 853 2366; x_wconf 75' lang='lat' dir='ltr'><strong>regnum,</strong></span> <span class='ocrx_word' id='word_1_161' title='bbox 886 2294 1019 2349; x_wconf 89' lang='lat' dir='ltr'><strong>fecit</strong></span> <span class='ocrx_word' id='word_1_162' title='bbox 1039 2311 1162 2350; x_wconf 92' lang='lat' dir='ltr'><strong>eum</strong></span> <span class='ocrx_word' id='word_1_163' title='bbox 1192 2311 1258 2351; x_wconf 81' lang='lat' dir='ltr'><strong>ex</strong></span> <span class='ocrx_word' id='word_1_164' title='bbox 1287 2296 1458 2351; x_wconf 86' lang='lat' dir='ltr'><strong>nimio</strong></span> <span class='ocrx_word' id='word_1_165' title='bbox 1483 2297 1680 2366; x_wconf 78' lang='lat' dir='ltr'><strong>capitis</strong></span> 
     </span>
    </p>
   </div>
   <div class='ocr_carea' id='block_1_26' title="bbox 91 2383 1683 2456">
    <p class='ocr_par' dir='ltr' id='par_1_26' title="bbox 91 2383 1683 2456">
     <span class='ocr_line' id='line_1_26' title="bbox 91 2383 1683 2456; baseline 0.003 -19"><span class='ocrx_word' id='word_1_166' title='bbox 91 2383 277 2438; x_wconf 80' lang='lat' dir='ltr'><strong>dolore</strong></span> <span class='ocrx_word' id='word_1_167' title='bbox 320 2384 503 2440; x_wconf 89' lang='lat' dir='ltr'><strong>lumen</strong></span> <span class='ocrx_word' id='word_1_168' title='bbox 556 2387 809 2440; x_wconf 85' lang='lat' dir='ltr'><strong>amittere</strong></span> <span class='ocrx_word' id='word_1_169' title='bbox 858 2386 1165 2455; x_wconf 77' lang='lat' dir='ltr'><strong>corporale.</strong></span> <span class='ocrx_word' id='word_1_170' title='bbox 1196 2384 1299 2441; x_wconf 77' lang='lat' dir='ltr'><strong>Vix</strong></span> <span class='ocrx_word' id='word_1_171' title='bbox 1346 2396 1527 2442; x_wconf 90' lang='lat' dir='ltr'><strong>autem</strong></span> <span class='ocrx_word' id='word_1_172' title='bbox 1559 2396 1683 2456; x_wconf 89' lang='lat' dir='ltr'><strong>post</strong></span> 
     </span>
    </p>
   </div>
   <div class='ocr_carea' id='block_1_27' title="bbox 92 2472 1681 2549">
    <p class='ocr_par' dir='ltr' id='par_1_27' title="bbox 92 2472 1681 2549">
     <span class='ocr_line' id='line_1_27' title="bbox 92 2472 1681 2549; baseline 0.006 -24"><span class='ocrx_word' id='word_1_173' title='bbox 92 2480 203 2525; x_wconf 86' lang='lat' dir='ltr'><strong>tam</strong></span> <span class='ocrx_word' id='word_1_174' title='bbox 229 2472 401 2527; x_wconf 82' lang='lat' dir='ltr'><strong>diram</strong></span> <span class='ocrx_word' id='word_1_175' title='bbox 434 2475 616 2529; x_wconf 89' lang='lat' dir='ltr'><strong>carnis</strong></span> <span class='ocrx_word' id='word_1_176' title='bbox 646 2473 1017 2549; x_wconf 75' lang='lat' dir='ltr'><strong>alllictionem,</strong></span> <span class='ocrx_word' id='word_1_177' title='bbox 1042 2474 1276 2531; x_wconf 84' lang='lat' dir='ltr'><strong>obtinuit</strong></span> <span class='ocrx_word' id='word_1_178' title='bbox 1305 2493 1333 2529; x_wconf 90' lang='lat' dir='ltr'><strong>a</strong></span> <span class='ocrx_word' id='word_1_179' title='bbox 1362 2476 1681 2546; x_wconf 81' lang='lat' dir='ltr'><strong>propinquis</strong></span> 
     </span>
    </p>
   </div>
   <div class='ocr_carea' id='block_1_28' title="bbox 87 2564 1680 2634">
    <p class='ocr_par' dir='ltr' id='par_1_28' title="bbox 87 2564 1680 2634">
     <span class='ocr_line' id='line_1_28' title="bbox 87 2564 1680 2634; baseline 0.005 -17"><span class='ocrx_word' id='word_1_180' title='bbox 87 2564 204 2617; x_wconf 88' lang='lat' dir='ltr'><strong>suis</strong></span> <span class='ocrx_word' id='word_1_181' title='bbox 228 2572 310 2629; x_wconf 92' lang='lat' dir='ltr'><strong>ut,</strong></span> <span class='ocrx_word' id='word_1_182' title='bbox 339 2580 662 2634; x_wconf 84' lang='lat' dir='ltr'><strong>quocunque</strong></span> <span class='ocrx_word' id='word_1_183' title='bbox 690 2566 795 2621; x_wconf 86' lang='lat' dir='ltr'><strong>illis</strong></span> <span class='ocrx_word' id='word_1_184' title='bbox 829 2565 1107 2621; x_wconf 84' lang='lat' dir='ltr'><strong>videretur</strong></span> <span class='ocrx_word' id='word_1_185' title='bbox 1133 2567 1316 2632; x_wconf 88' lang='lat' dir='ltr'><strong>modo,</strong></span> <span class='ocrx_word' id='word_1_186' title='bbox 1347 2565 1601 2623; x_wconf 84' lang='lat' dir='ltr'><strong>solatium</strong></span> <span class='ocrx_word' id='word_1_187' title='bbox 1627 2568 1680 2625; x_wconf 89' lang='lat' dir='ltr'><strong>ei</strong></span> 
     </span>
    </p>
   </div>
   <div class='ocr_carea' id='block_1_29' title="bbox 84 2656 1682 2732">
    <p class='ocr_par' dir='ltr' id='par_1_29' title="bbox 84 2656 1682 2732">
     <span class='ocr_line' id='line_1_29' title="bbox 84 2656 1682 2732; baseline 0.006 -24"><span class='ocrx_word' id='word_1_188' title='bbox 84 2656 513 2726; x_wconf 86' lang='lat' dir='ltr'><strong>propinquitatis</strong></span> <span class='ocrx_word' id='word_1_189' title='bbox 548 2657 1193 2729; x_wconf 73' lang='lat' dir='ltr'><strong>aliquodimpendcront.</strong></span> <span class='ocrx_word' id='word_1_190' title='bbox 1225 2657 1529 2729; x_wconf 80' lang='lat' dir='ltr'><strong>Susceptus</strong></span> <span class='ocrx_word' id='word_1_191' title='bbox 1550 2675 1682 2732; x_wconf 73' lang='lat' dir='ltr'><strong>ergo</strong></span> 
     </span>
    </p>
   </div>
   <div class='ocr_carea' id='block_1_30' title="bbox 83 2746 1683 2819">
    <p class='ocr_par' dir='ltr' id='par_1_30' title="bbox 83 2746 1683 2819">
     <span class='ocr_line' id='line_1_30' title="bbox 83 2746 1683 2819; baseline 0.004 -18"><span class='ocrx_word' id='word_1_192' title='bbox 83 2755 169 2801; x_wconf 86' lang='lat' dir='ltr'><strong>est</strong></span> <span class='ocrx_word' id='word_1_193' title='bbox 191 2747 259 2801; x_wconf 88' lang='lat' dir='ltr'><strong>ab</strong></span> <span class='ocrx_word' id='word_1_194' title='bbox 289 2746 415 2813; x_wconf 80' lang='lat' dir='ltr'><strong>illis,</strong></span> <span class='ocrx_word' id='word_1_195' title='bbox 446 2749 763 2819; x_wconf 77' lang='lat' dir='ltr'><strong>scdjugiter</strong></span> <span class='ocrx_word' id='word_1_196' title='bbox 790 2750 1081 2804; x_wconf 78' lang='lat' dir='ltr'><strong>verborum</strong></span> <span class='ocrx_word' id='word_1_197' title='bbox 1105 2750 1450 2807; x_wconf 87' lang='lat' dir='ltr'><strong>contumeliis</strong></span> <span class='ocrx_word' id='word_1_198' title='bbox 1491 2754 1683 2808; x_wconf 78' lang='lat' dir='ltr'><strong>verbe-</strong></span> 
     </span>
    </p>
   </div>
   <div class='ocr_carea' id='block_1_31' title="bbox 84 2837 1684 2909">
    <p class='ocr_par' dir='ltr' id='par_1_31' title="bbox 84 2837 1684 2909">
     <span class='ocr_line' id='line_1_31' title="bbox 84 2837 1684 2909; baseline 0.006 -18"><span class='ocrx_word' id='word_1_199' title='bbox 84 2845 265 2892; x_wconf 85' lang='lat' dir='ltr'><strong>ratus.</strong></span> <span class='ocrx_word' id='word_1_200' title='bbox 290 2837 524 2909; x_wconf 86' lang='lat' dir='ltr'><strong>Propter</strong></span> <span class='ocrx_word' id='word_1_201' title='bbox 548 2840 777 2895; x_wconf 89' lang='lat' dir='ltr'><strong>salutem</strong></span> <span class='ocrx_word' id='word_1_202' title='bbox 823 2842 970 2895; x_wconf 92' lang='lat' dir='ltr'><strong>enim</strong></span> <span class='ocrx_word' id='word_1_203' title='bbox 1012 2856 1168 2897; x_wconf 88' lang='lat' dir='ltr'><strong>suam</strong></span> <span class='ocrx_word' id='word_1_204' title='bbox 1217 2843 1532 2900; x_wconf 87' lang='lat' dir='ltr'><strong>misericors</strong></span> <span class='ocrx_word' id='word_1_205' title='bbox 1576 2844 1684 2900; x_wconf 83' lang='lat' dir='ltr'><strong>Ds-</strong></span> 
     </span>
    </p>
   </div>
   <div class='ocr_carea' id='block_1_32' title="bbox 80 2929 1680 2999">
    <p class='ocr_par' dir='ltr' id='par_1_32' title="bbox 80 2929 1680 2999">
     <span class='ocr_line' id='line_1_32' title="bbox 80 2929 1680 2999; baseline 0.005 -18"><span class='ocrx_word' id='word_1_206' title='bbox 80 2929 271 2982; x_wconf 86' lang='lat' dir='ltr'><strong>minus</strong></span> <span class='ocrx_word' id='word_1_207' title='bbox 300 2929 482 2984; x_wconf 89' lang='lat' dir='ltr'><strong>lumen</strong></span> <span class='ocrx_word' id='word_1_208' title='bbox 515 2930 563 2984; x_wconf 90' lang='lat' dir='ltr'><strong>ei</strong></span> <span class='ocrx_word' id='word_1_209' title='bbox 599 2929 823 2985; x_wconf 84' lang='lat' dir='ltr'><strong>abstulit</strong></span> <span class='ocrx_word' id='word_1_210' title='bbox 864 2930 1169 2999; x_wconf 91' lang='lat' dir='ltr'><strong>oculorum,</strong></span> <span class='ocrx_word' id='word_1_211' title='bbox 1225 2941 1282 2987; x_wconf 90' lang='lat' dir='ltr'><strong>et</strong></span> <span class='ocrx_word' id='word_1_212' title='bbox 1330 2932 1525 2989; x_wconf 86' lang='lat' dir='ltr'><strong>solatia</strong></span> <span class='ocrx_word' id='word_1_213' title='bbox 1571 2949 1680 2990; x_wconf 89' lang='lat' dir='ltr'><strong>non</strong></span> 
     </span>
    </p>
   </div>
   <div class='ocr_carea' id='block_1_33' title="bbox 75 3021 1680 3094">
    <p class='ocr_par' dir='ltr' id='par_1_33' title="bbox 75 3021 1680 3094">
     <span class='ocr_line' id='line_1_33' title="bbox 75 3021 1680 3094; baseline 0.002 -19"><span class='ocrx_word' id='word_1_214' title='bbox 75 3021 211 3075; x_wconf 71' lang='lat' dir='ltr'><strong>sirit</strong></span> <span class='ocrx_word' id='word_1_215' title='bbox 234 3021 431 3076; x_wconf 84' lang='lat' dir='ltr'><strong>adesse</strong></span> <span class='ocrx_word' id='word_1_216' title='bbox 450 3022 904 3092; x_wconf 84' lang='lat' dir='ltr'><strong>propinquorum.</strong></span> <span class='ocrx_word' id='word_1_217' title='bbox 942 3021 1187 3088; x_wconf 86' lang='lat' dir='ltr'><strong>Quadam</strong></span> <span class='ocrx_word' id='word_1_218' title='bbox 1226 3022 1393 3094; x_wconf 72' lang='lat' dir='ltr'><strong>igitur</strong></span> <span class='ocrx_word' id='word_1_219' title='bbox 1422 3024 1511 3079; x_wconf 90' lang='lat' dir='ltr'><strong>die</strong></span> <span class='ocrx_word' id='word_1_220' title='bbox 1557 3038 1680 3079; x_wconf 83' lang='lat' dir='ltr'><strong>cum</strong></span> 
     </span>
    </p>
   </div>
   <div class='ocr_carea' id='block_1_34' title="bbox 76 3110 1684 3183">
    <p class='ocr_par' dir='ltr' id='par_1_34' title="bbox 76 3110 1684 3183">
     <span class='ocr_line' id='line_1_34' title="bbox 76 3110 1684 3183; baseline 0.007 -23"><span class='ocrx_word' id='word_1_221' title='bbox 76 3110 242 3165; x_wconf 76' lang='lat' dir='ltr'><strong>valde</strong></span> <span class='ocrx_word' id='word_1_222' title='bbox 289 3112 625 3167; x_wconf 84' lang='lat' dir='ltr'><strong>contumelia</strong></span> <span class='ocrx_word' id='word_1_223' title='bbox 677 3111 950 3183; x_wconf 79' lang='lat' dir='ltr'><strong>frequenti</strong></span> <span class='ocrx_word' id='word_1_224' title='bbox 1013 3124 1240 3169; x_wconf 78' lang='lat' dir='ltr'><strong>mmstus</strong></span> <span class='ocrx_word' id='word_1_225' title='bbox 1289 3112 1448 3179; x_wconf 86' lang='lat' dir='ltr'><strong>foret,</strong></span> <span class='ocrx_word' id='word_1_226' title='bbox 1498 3114 1684 3171; x_wconf 82' lang='lat' dir='ltr'><strong>divino</strong></span> 
     </span>
    </p>
   </div>
   <div class='ocr_carea' id='block_1_35' title="bbox 72 3200 1683 3271">
    <p class='ocr_par' dir='ltr' id='par_1_35' title="bbox 72 3200 1683 3271">
     <span class='ocr_line' id='line_1_35' title="bbox 72 3200 1683 3271; baseline 0.005 -17"><span class='ocrx_word' id='word_1_227' title='bbox 72 3200 414 3271; x_wconf 78' lang='lat' dir='ltr'><strong>compulsus</strong></span> <span class='ocrx_word' id='word_1_228' title='bbox 442 3201 732 3268; x_wconf 85' lang='lat' dir='ltr'><strong>iustinctu,</strong></span> <span class='ocrx_word' id='word_1_229' title='bbox 763 3204 1018 3269; x_wconf 85' lang='lat' dir='ltr'><strong>ducatum</strong></span> <span class='ocrx_word' id='word_1_230' title='bbox 1063 3203 1167 3258; x_wconf 89' lang='lat' dir='ltr'><strong>sibi</strong></span> <span class='ocrx_word' id='word_1_231' title='bbox 1193 3204 1260 3259; x_wconf 90' lang='lat' dir='ltr'><strong>ad</strong></span> <span class='ocrx_word' id='word_1_232' title='bbox 1291 3206 1683 3262; x_wconf 71' lang='lat' dir='ltr'><strong>monasterium</strong></span> 
     </span>
    </p>
   </div>
   <div class='ocr_carea' id='block_1_36' title="bbox 71 3293 1687 3364">
    <p class='ocr_par' dir='ltr' id='par_1_36' title="bbox 71 3293 1687 3364">
     <span class='ocr_line' id='line_1_36' title="bbox 71 3293 1687 3364; baseline 0.004 -17"><span class='ocrx_word' id='word_1_233' title='bbox 71 3293 134 3347; x_wconf 87' lang='grc' dir='ltr'><strong>Β.</strong></span> <span class='ocrx_word' id='word_1_234' title='bbox 180 3293 400 3347; x_wconf 81' lang='lat' dir='ltr'><strong>Bertini</strong></span> <span class='ocrx_word' id='word_1_235' title='bbox 433 3295 662 3364; x_wconf 64' lang='lat' dir='ltr'><strong>praeberi</strong></span> <span class='ocrx_word' id='word_1_236' title='bbox 696 3296 929 3364; x_wconf 79' lang='lat' dir='ltr'><strong>rogavit.</strong></span> <span class='ocrx_word' id='word_1_237' title='bbox 970 3295 1125 3363; x_wconf 85' lang='lat' dir='ltr'><strong>Quod</strong></span> <span class='ocrx_word' id='word_1_238' title='bbox 1154 3311 1279 3351; x_wconf 88' lang='lat' dir='ltr'><strong>cum</strong></span> <span class='ocrx_word' id='word_1_239' title='bbox 1305 3295 1509 3351; x_wconf 81' lang='lat' dir='ltr'><strong>factum</strong></span> <span class='ocrx_word' id='word_1_240' title='bbox 1551 3295 1687 3353; x_wconf 80' lang='lat' dir='ltr'><strong>fuis-</strong></span> 
     </span>
    </p>
   </div>
   <div class='ocr_carea' id='block_1_37' title="bbox 67 3386 1688 3457">
    <p class='ocr_par' dir='ltr' id='par_1_37' title="bbox 67 3386 1688 3457">
     <span class='ocr_line' id='line_1_37' title="bbox 67 3386 1688 3457; baseline 0.004 -20"><span class='ocrx_word' id='word_1_241' title='bbox 67 3394 181 3447; x_wconf 86' lang='lat' dir='ltr'><strong>set,</strong></span> <span class='ocrx_word' id='word_1_242' title='bbox 211 3400 414 3439; x_wconf 86' lang='lat' dir='ltr'><strong>coram</strong></span> <span class='ocrx_word' id='word_1_243' title='bbox 440 3386 690 3441; x_wconf 65' lang='lat' dir='ltr'><strong>ecclesia:</strong></span> <span class='ocrx_word' id='word_1_244' title='bbox 723 3386 909 3457; x_wconf 89' lang='lat' dir='ltr'><strong>januis</strong></span> <span class='ocrx_word' id='word_1_245' title='bbox 936 3396 1245 3457; x_wconf 85' lang='lat' dir='ltr'><strong>prostratus</strong></span> <span class='ocrx_word' id='word_1_246' title='bbox 1291 3388 1538 3456; x_wconf 86' lang='lat' dir='ltr'><strong>quotidie</strong></span> <span class='ocrx_word' id='word_1_247' title='bbox 1580 3388 1688 3444; x_wconf 88' lang='lat' dir='ltr'><strong>Do-</strong></span> 
     </span>
    </p>
   </div>
   <div class='ocr_carea' id='block_1_38' title="bbox 65 3477 1677 3550">
    <p class='ocr_par' dir='ltr' id='par_1_38' title="bbox 65 3477 1677 3550">
     <span class='ocr_line' id='line_1_38' title="bbox 65 3477 1677 3550; baseline 0.004 -23"><span class='ocrx_word' id='word_1_248' title='bbox 65 3478 292 3532; x_wconf 84' lang='lat' dir='ltr'><strong>minum</strong></span> <span class='ocrx_word' id='word_1_249' title='bbox 344 3479 413 3532; x_wconf 89' lang='lat' dir='ltr'><strong>de</strong></span> <span class='ocrx_word' id='word_1_250' title='bbox 457 3480 752 3547; x_wconf 81' lang='lat' dir='ltr'><strong>praeteritis</strong></span> <span class='ocrx_word' id='word_1_251' title='bbox 800 3478 1143 3550; x_wconf 78' lang='lat' dir='ltr'><strong>negligemus</strong></span> <span class='ocrx_word' id='word_1_252' title='bbox 1190 3477 1409 3548; x_wconf 87' lang='lat' dir='ltr'><strong>placare</strong></span> <span class='ocrx_word' id='word_1_253' title='bbox 1455 3478 1677 3534; x_wconf 73' lang='lat' dir='ltr'><strong>studuit.</strong></span> 
     </span>
    </p>
   </div>
   <div class='ocr_carea' id='block_1_39' title="bbox 63 3566 1683 3641">
    <p class='ocr_par' dir='ltr' id='par_1_39' title="bbox 63 3566 1683 3641">
     <span class='ocr_line' id='line_1_39' title="bbox 63 3566 1683 3641; baseline 0.003 -21"><span class='ocrx_word' id='word_1_254' title='bbox 63 3566 582 3636; x_wconf 88' lang='lat' dir='ltr'><strong>insistensjejuniis</strong></span> <span class='ocrx_word' id='word_1_255' title='bbox 601 3578 658 3625; x_wconf 88' lang='lat' dir='ltr'><strong>et</strong></span> <span class='ocrx_word' id='word_1_256' title='bbox 675 3570 1017 3625; x_wconf 80' lang='lat' dir='ltr'><strong>orationibus</strong></span> <span class='ocrx_word' id='word_1_257' title='bbox 1038 3568 1400 3641; x_wconf 83' lang='lat' dir='ltr'><strong>lacryinisque</strong></span> <span class='ocrx_word' id='word_1_258' title='bbox 1423 3568 1683 3633; x_wconf 84' lang='lat' dir='ltr'><strong>assiduis,</strong></span> 
     </span>
    </p>
   </div>
   <div class='ocr_carea' id='block_1_40' title="bbox 60 3658 1686 3732">
    <p class='ocr_par' dir='ltr' id='par_1_40' title="bbox 60 3658 1686 3732">
     <span class='ocr_line' id='line_1_40' title="bbox 60 3658 1686 3732; baseline 0.003 -21"><span class='ocrx_word' id='word_1_259' title='bbox 60 3658 576 3732; x_wconf 81' lang='lat' dir='ltr'><strong>psalmodiansque</strong></span> <span class='ocrx_word' id='word_1_260' title='bbox 604 3661 858 3716; x_wconf 87' lang='lat' dir='ltr'><strong>diccbat:</strong></span> <span class='ocrx_word' id='word_1_261' title='bbox 899 3660 1012 3731; x_wconf 77' lang='lat' dir='ltr'><strong>Ego</strong></span> <span class='ocrx_word' id='word_1_262' title='bbox 1037 3673 1217 3716; x_wconf 78' lang='lat' dir='ltr'><strong>autem</strong></span> <span class='ocrx_word' id='word_1_263' title='bbox 1244 3677 1361 3715; x_wconf 80' lang='lat' dir='ltr'><strong>sum</strong></span> <span class='ocrx_word' id='word_1_264' title='bbox 1398 3661 1585 3716; x_wconf 78' lang='lat' dir='ltr'><strong>vermis</strong></span> <span class='ocrx_word' id='word_1_265' title='bbox 1635 3668 1686 3716; x_wconf 80' lang='lat' dir='ltr'><strong>et</strong></span> 
     </span>
    </p>
   </div>
   <div class='ocr_carea' id='block_1_41' title="bbox 57 3750 1687 3823">
    <p class='ocr_par' dir='ltr' id='par_1_41' title="bbox 57 3750 1687 3823">
     <span class='ocr_line' id='line_1_41' title="bbox 57 3750 1687 3823; baseline 0.005 -24"><span class='ocrx_word' id='word_1_266' title='bbox 57 3763 175 3803; x_wconf 80' lang='lat' dir='ltr'><strong>non</strong></span> <span class='ocrx_word' id='word_1_267' title='bbox 216 3750 419 3815; x_wconf 75' lang='lat' dir='ltr'><strong>homo,</strong></span> <span class='ocrx_word' id='word_1_268' title='bbox 457 3750 798 3820; x_wconf 80' lang='lat' dir='ltr'><strong>opprobrium</strong></span> <span class='ocrx_word' id='word_1_269' title='bbox 829 3753 1101 3806; x_wconf 76' lang='lat' dir='ltr'><strong>hominum</strong></span> <span class='ocrx_word' id='word_1_270' title='bbox 1151 3760 1199 3805; x_wconf 84' lang='lat' dir='ltr'><strong>et</strong></span> <span class='ocrx_word' id='word_1_271' title='bbox 1250 3750 1473 3821; x_wconf 79' lang='lat' dir='ltr'><strong>abjcctio</strong></span> <span class='ocrx_word' id='word_1_272' title='bbox 1523 3750 1687 3823; x_wconf 81' lang='lat' dir='ltr'><strong>plebis</strong></span> 
     </span>
    </p>
   </div>
   <div class='ocr_carea' id='block_1_42' title="bbox 54 3834 1685 3913">
    <p class='ocr_par' dir='ltr' id='par_1_42' title="bbox 54 3834 1685 3913">
     <span class='ocr_line' id='line_1_42' title="bbox 54 3834 1685 3913; baseline 0.004 -22"><span class='ocrx_word' id='word_1_273' title='bbox 54 3834 254 3909; x_wconf 83' lang='lat' dir='ltr'><strong>(Psal.</strong></span> <span class='ocrx_word' id='word_1_274' title='bbox 292 3854 442 3903; x_wconf 72' lang='grc' dir='ltr'><strong>χιιι,</strong></span> <span class='ocrx_word' id='word_1_275' title='bbox 466 3841 519 3911; x_wconf 83' lang='grc'>7)</span> <span class='ocrx_word' id='word_1_276' title='bbox 554 3856 569 3895; x_wconf 87' lang='lat'><strong>:</strong></span> <span class='ocrx_word' id='word_1_277' title='bbox 603 3850 662 3895; x_wconf 84' lang='lat' dir='ltr'><strong>tu</strong></span> <span class='ocrx_word' id='word_1_278' title='bbox 711 3851 913 3906; x_wconf 81' lang='lat' dir='ltr'><strong>autent,</strong></span> <span class='ocrx_word' id='word_1_279' title='bbox 969 3839 1212 3904; x_wconf 70' lang='lat' dir='ltr'><strong>Domine,</strong></span> <span class='ocrx_word' id='word_1_280' title='bbox 1241 3851 1515 3913; x_wconf 79' lang='lat' dir='ltr'><strong>susceptor</strong></span> <span class='ocrx_word' id='word_1_281' title='bbox 1540 3858 1685 3897; x_wconf 79' lang='lat' dir='ltr'><strong>meus</strong></span> 
     </span>
    </p>
   </div>
   <div class='ocr_carea' id='block_1_43' title="bbox 51 3929 1684 4005">
    <p class='ocr_par' dir='ltr' id='par_1_43' title="bbox 51 3929 1684 4005">
     <span class='ocr_line' id='line_1_43' title="bbox 51 3929 1684 4005; baseline 0.004 -22"><span class='ocrx_word' id='word_1_282' title='bbox 51 3946 135 3989; x_wconf 80' lang='lat' dir='ltr'><strong>es.</strong></span> <span class='ocrx_word' id='word_1_283' title='bbox 160 3929 363 4001; x_wconf 72' lang='lat' dir='ltr'><strong>gloria</strong></span> <span class='ocrx_word' id='word_1_284' title='bbox 396 3946 530 3992; x_wconf 82' lang='lat' dir='ltr'><strong>mea,</strong></span> <span class='ocrx_word' id='word_1_285' title='bbox 561 3931 826 3986; x_wconf 77' lang='lat' dir='ltr'><strong>exultabis</strong></span> <span class='ocrx_word' id='word_1_286' title='bbox 872 3941 1029 3999; x_wconf 81' lang='lat' dir='ltr'><strong>caput</strong></span> <span class='ocrx_word' id='word_1_287' title='bbox 1062 3947 1236 3987; x_wconf 76' lang='lat' dir='ltr'><strong>meum</strong></span> <span class='ocrx_word' id='word_1_288' title='bbox 1281 3930 1456 4002; x_wconf 71' lang='lat' dir='ltr'><strong>(Paul.</strong></span> <span class='ocrx_word' id='word_1_289' title='bbox 1495 3947 1579 3999; x_wconf 89' lang='lat' dir='ltr'><strong>ttt,</strong></span> <span class='ocrx_word' id='word_1_290' title='bbox 1606 3932 1684 4005; x_wconf 74' lang='grc'><strong>4).</strong></span> 
     </span>
    </p>
   </div>
   <div class='ocr_carea' id='block_1_44' title="bbox 51 4017 1688 4092">
    <p class='ocr_par' dir='ltr' id='par_1_44' title="bbox 51 4017 1688 4092">
     <span class='ocr_line' id='line_1_44' title="bbox 51 4017 1688 4092; baseline 0.005 -21"><span class='ocrx_word' id='word_1_291' title='bbox 51 4017 124 4071; x_wconf 81' lang='lat' dir='ltr'><strong>At</strong></span> <span class='ocrx_word' id='word_1_292' title='bbox 170 4018 365 4072; x_wconf 78' lang='lat' dir='ltr'><strong>Pater</strong></span> <span class='ocrx_word' id='word_1_293' title='bbox 422 4021 739 4076; x_wconf 84' lang='lat' dir='ltr'><strong>monasterii</strong></span> <span class='ocrx_word' id='word_1_294' title='bbox 794 4021 912 4092; x_wconf 87' lang='lat' dir='ltr'><strong>ejus</strong></span> <span class='ocrx_word' id='word_1_295' title='bbox 962 4021 1153 4077; x_wconf 84' lang='lat' dir='ltr'><strong>viduus</strong></span> <span class='ocrx_word' id='word_1_296' title='bbox 1209 4021 1600 4086; x_wconf 84' lang='lat' dir='ltr'><strong>humilitatem,</strong></span> <span class='ocrx_word' id='word_1_297' title='bbox 1654 4037 1688 4079; x_wconf 88' lang='lat' dir='ltr'><strong>a</strong></span> 
     </span>
    </p>
   </div>
   <div class='ocr_carea' id='block_1_45' title="bbox 51 4109 1686 4185">
    <p class='ocr_par' dir='ltr' id='par_1_45' title="bbox 51 4109 1686 4185">
     <span class='ocr_line' id='line_1_45' title="bbox 51 4109 1686 4185; baseline 0.003 -20"><span class='ocrx_word' id='word_1_298' title='bbox 51 4109 320 4165; x_wconf 85' lang='lat' dir='ltr'><strong>Domino</strong></span> <span class='ocrx_word' id='word_1_299' title='bbox 357 4126 453 4165; x_wconf 89' lang='lat' dir='ltr'><strong>cor</strong></span> <span class='ocrx_word' id='word_1_300' title='bbox 477 4110 594 4181; x_wconf 88' lang='lat' dir='ltr'><strong>ejus</strong></span> <span class='ocrx_word' id='word_1_301' title='bbox 627 4112 892 4167; x_wconf 82' lang='lat' dir='ltr'><strong>intellexit</strong></span> <span class='ocrx_word' id='word_1_302' title='bbox 928 4112 1228 4178; x_wconf 84' lang='lat' dir='ltr'><strong>visitatum,</strong></span> <span class='ocrx_word' id='word_1_303' title='bbox 1269 4123 1327 4169; x_wconf 91' lang='lat' dir='ltr'><strong>et</strong></span> <span class='ocrx_word' id='word_1_304' title='bbox 1374 4115 1443 4170; x_wconf 89' lang='lat' dir='ltr'><strong>ad</strong></span> <span class='ocrx_word' id='word_1_305' title='bbox 1474 4124 1686 4185; x_wconf 85' lang='lat' dir='ltr'><strong>portam</strong></span> 
     </span>
    </p>
   </div>
   <div class='ocr_carea' id='block_1_46' title="bbox 51 4201 1690 4275">
    <p class='ocr_par' dir='ltr' id='par_1_46' title="bbox 51 4201 1690 4275">
     <span class='ocr_line' id='line_1_46' title="bbox 51 4201 1690 4275; baseline 0.004 -18"><span class='ocrx_word' id='word_1_306' title='bbox 51 4217 186 4257; x_wconf 80' lang='lat' dir='ltr'><strong>eum</strong></span> <span class='ocrx_word' id='word_1_307' title='bbox 218 4201 536 4258; x_wconf 87' lang='lat' dir='ltr'><strong>collocavit</strong></span> <span class='ocrx_word' id='word_1_308' title='bbox 581 4205 874 4274; x_wconf 66' lang='lat' dir='ltr'><strong>praebendo</strong></span> <span class='ocrx_word' id='word_1_309' title='bbox 900 4204 1103 4259; x_wconf 85' lang='lat' dir='ltr'><strong>victum</strong></span> <span class='ocrx_word' id='word_1_310' title='bbox 1154 4205 1555 4275; x_wconf 82' lang='lat' dir='ltr'><strong>quotidianum.</strong></span> <span class='ocrx_word' id='word_1_311' title='bbox 1595 4206 1690 4264; x_wconf 83' lang='lat' dir='ltr'><strong>Illo</strong></span> 
     </span>
    </p>
   </div>
   <div class='ocr_carea' id='block_1_47' title="bbox 51 4294 1687 4373">
    <p class='ocr_par' dir='ltr' id='par_1_47' title="bbox 51 4294 1687 4373">
     <span class='ocr_line' id='line_1_47' title="bbox 51 4294 1687 4373; baseline 0.004 -26"><span class='ocrx_word' id='word_1_312' title='bbox 51 4305 291 4359; x_wconf 77' lang='lat' dir='ltr'><strong>uitem,</strong></span> <span class='ocrx_word' id='word_1_313' title='bbox 326 4295 480 4369; x_wconf 84' lang='lat' dir='ltr'><strong>sicut</strong></span> <span class='ocrx_word' id='word_1_314' title='bbox 498 4294 612 4373; x_wconf 83' lang='lat' dir='ltr'><strong>jam</strong></span> <span class='ocrx_word' id='word_1_315' title='bbox 651 4296 856 4351; x_wconf 83' lang='lat' dir='ltr'><strong>dictant</strong></span> <span class='ocrx_word' id='word_1_316' title='bbox 887 4304 993 4361; x_wconf 87' lang='lat' dir='ltr'><strong>est,</strong></span> <span class='ocrx_word' id='word_1_317' title='bbox 1035 4296 1089 4351; x_wconf 93' lang='lat' dir='ltr'><strong>in</strong></span> <span class='ocrx_word' id='word_1_318' title='bbox 1131 4296 1456 4366; x_wconf 78' lang='lat' dir='ltr'><strong>pcenitentia</strong></span> <span class='ocrx_word' id='word_1_319' title='bbox 1499 4311 1687 4367; x_wconf 87' lang='lat' dir='ltr'><strong>persc-</strong></span> 
     </span>
    </p>
   </div>
   <div class='ocr_carea' id='block_1_48' title="bbox 1783 461 3359 530">
    <p class='ocr_par' dir='ltr' id='par_1_48' title="bbox 1783 461 3359 530">
     <span class='ocr_line' id='line_1_48' title="bbox 1783 461 3359 530; baseline 0 -13"><span class='ocrx_word' id='word_1_320' title='bbox 1783 463 1912 517; x_wconf 89' lang='lat' dir='ltr'><strong>ruit.</strong></span> <span class='ocrx_word' id='word_1_321' title='bbox 1960 461 2130 530; x_wconf 86' lang='lat' dir='ltr'><strong>Quem</strong></span> <span class='ocrx_word' id='word_1_322' title='bbox 2170 462 2372 518; x_wconf 85' lang='lat' dir='ltr'><strong>fratres</strong></span> <span class='ocrx_word' id='word_1_323' title='bbox 2417 461 2681 518; x_wconf 86' lang='lat' dir='ltr'><strong>citissime</strong></span> <span class='ocrx_word' id='word_1_324' title='bbox 2748 472 3098 518; x_wconf 86' lang='lat' dir='ltr'><strong>accurrentes</strong></span> <span class='ocrx_word' id='word_1_325' title='bbox 3138 478 3167 517; x_wconf 89' lang='lat' dir='ltr'><strong>a</strong></span> <span class='ocrx_word' id='word_1_326' title='bbox 3213 470 3359 517; x_wconf 87' lang='lat' dir='ltr'><strong>terra</strong></span> 
     </span>
    </p>
   </div>
   <div class='ocr_carea' id='block_1_49' title="bbox 1780 549 3361 623">
    <p class='ocr_par' dir='ltr' id='par_1_49' title="bbox 1780 549 3361 623">
     <span class='ocr_line' id='line_1_49' title="bbox 1780 549 3361 623; baseline 0.001 -17"><span class='ocrx_word' id='word_1_327' title='bbox 1780 549 2117 618; x_wconf 84' lang='lat' dir='ltr'><strong>levaverunt,</strong></span> <span class='ocrx_word' id='word_1_328' title='bbox 2170 567 2404 623; x_wconf 86' lang='lat' dir='ltr'><strong>eumque</strong></span> <span class='ocrx_word' id='word_1_329' title='bbox 2468 553 2642 610; x_wconf 86' lang='lat' dir='ltr'><strong>aciem</strong></span> <span class='ocrx_word' id='word_1_330' title='bbox 2708 552 2989 609; x_wconf 88' lang='lat' dir='ltr'><strong>oculorum</strong></span> <span class='ocrx_word' id='word_1_331' title='bbox 3059 552 3361 608; x_wconf 84' lang='lat' dir='ltr'><strong>clarissime</strong></span> 
     </span>
    </p>
   </div>
   <div class='ocr_carea' id='block_1_50' title="bbox 1780 646 3362 718">
    <p class='ocr_par' dir='ltr' id='par_1_50' title="bbox 1780 646 3362 718">
     <span class='ocr_line' id='line_1_50' title="bbox 1780 646 3362 718; baseline 0 -18"><span class='ocrx_word' id='word_1_332' title='bbox 1780 646 2192 716; x_wconf 87' lang='lat' dir='ltr'><strong>protendentem</strong></span> <span class='ocrx_word' id='word_1_333' title='bbox 2212 647 2460 704; x_wconf 87' lang='lat' dir='ltr'><strong>videntes</strong></span> <span class='ocrx_word' id='word_1_334' title='bbox 2481 648 2729 718; x_wconf 86' lang='lat' dir='ltr'><strong>protinus</strong></span> <span class='ocrx_word' id='word_1_335' title='bbox 2778 649 3085 716; x_wconf 72' lang='lat' dir='ltr'><strong>rogitavere</strong></span> <span class='ocrx_word' id='word_1_336' title='bbox 3131 650 3362 716; x_wconf 74' lang='lat' dir='ltr'><strong>qualiter</strong></span> 
     </span>
    </p>
   </div>
   <div class='ocr_carea' id='block_1_51' title="bbox 1780 734 3361 795">
    <p class='ocr_par' dir='ltr' id='par_1_51' title="bbox 1780 734 3361 795">
     <span class='ocr_line' id='line_1_51' title="bbox 1780 734 3361 795; baseline 0 -4"><span class='ocrx_word' id='word_1_337' title='bbox 1780 735 1886 792; x_wconf 86' lang='lat' dir='ltr'><strong>sibi</strong></span> <span class='ocrx_word' id='word_1_338' title='bbox 1916 752 1945 790; x_wconf 92' lang='lat' dir='ltr'><strong>a</strong></span> <span class='ocrx_word' id='word_1_339' title='bbox 1973 735 2205 792; x_wconf 87' lang='lat' dir='ltr'><strong>Domino</strong></span> <span class='ocrx_word' id='word_1_340' title='bbox 2233 734 2373 793; x_wconf 83' lang='lat' dir='ltr'><strong>foret</strong></span> <span class='ocrx_word' id='word_1_341' title='bbox 2400 738 2548 794; x_wconf 86' lang='lat' dir='ltr'><strong>salus</strong></span> <span class='ocrx_word' id='word_1_342' title='bbox 2576 739 2699 792; x_wconf 89' lang='lat' dir='ltr'><strong>data</strong></span> <span class='ocrx_word' id='word_1_343' title='bbox 2738 739 2982 795; x_wconf 83' lang='lat' dir='ltr'><strong>visionis.</strong></span> <span class='ocrx_word' id='word_1_344' title='bbox 3015 738 3234 791; x_wconf 78' lang='lat' dir='ltr'><strong>Dicebat</strong></span> <span class='ocrx_word' id='word_1_345' title='bbox 3263 755 3361 793; x_wconf 84' lang='lat' dir='ltr'><strong>au-</strong></span> 
     </span>
    </p>
   </div>
   <div class='ocr_carea' id='block_1_52' title="bbox 1782 827 3362 900">
    <p class='ocr_par' dir='ltr' id='par_1_52' title="bbox 1782 827 3362 900">
     <span class='ocr_line' id='line_1_52' title="bbox 1782 827 3362 900; baseline 0.003 -19"><span class='ocrx_word' id='word_1_346' title='bbox 1782 835 1890 882; x_wconf 87' lang='lat' dir='ltr'><strong>tem</strong></span> <span class='ocrx_word' id='word_1_347' title='bbox 1919 827 1999 883; x_wconf 90' lang='lat' dir='ltr'><strong>eis</strong></span> <span class='ocrx_word' id='word_1_348' title='bbox 2017 830 2181 899; x_wconf 87' lang='lat' dir='ltr'><strong>quod,</strong></span> <span class='ocrx_word' id='word_1_349' title='bbox 2207 845 2331 885; x_wconf 90' lang='lat' dir='ltr'><strong>cum</strong></span> <span class='ocrx_word' id='word_1_350' title='bbox 2360 845 2494 900; x_wconf 89' lang='lat' dir='ltr'><strong>pura</strong></span> <span class='ocrx_word' id='word_1_351' title='bbox 2530 831 2727 886; x_wconf 87' lang='lat' dir='ltr'><strong>mentis</strong></span> <span class='ocrx_word' id='word_1_352' title='bbox 2750 832 3047 888; x_wconf 86' lang='lat' dir='ltr'><strong>intentione</strong></span> <span class='ocrx_word' id='word_1_353' title='bbox 3076 831 3362 887; x_wconf 87' lang='lat' dir='ltr'><strong>Dominum</strong></span> 
     </span>
    </p>
   </div>
   <div class='ocr_carea' id='block_1_53' title="bbox 1780 921 3360 994">
    <p class='ocr_par' dir='ltr' id='par_1_53' title="bbox 1780 921 3360 994">
     <span class='ocr_line' id='line_1_53' title="bbox 1780 921 3360 994; baseline 0.003 -21"><span class='ocrx_word' id='word_1_354' title='bbox 1780 932 2054 987; x_wconf 87' lang='lat' dir='ltr'><strong>exoraret,</strong></span> <span class='ocrx_word' id='word_1_355' title='bbox 2080 921 2213 977; x_wconf 88' lang='lat' dir='ltr'><strong>duas</strong></span> <span class='ocrx_word' id='word_1_356' title='bbox 2244 922 2450 979; x_wconf 85' lang='lat' dir='ltr'><strong>faculas</strong></span> <span class='ocrx_word' id='word_1_357' title='bbox 2477 938 2546 979; x_wconf 81' lang='lat' dir='ltr'><strong>ex</strong></span> <span class='ocrx_word' id='word_1_358' title='bbox 2572 925 2820 994; x_wconf 88' lang='lat' dir='ltr'><strong>sepulcro</strong></span> <span class='ocrx_word' id='word_1_359' title='bbox 2869 924 2928 980; x_wconf 92' lang='lat' dir='ltr'><strong>S.</strong></span> <span class='ocrx_word' id='word_1_360' title='bbox 2971 924 3177 979; x_wconf 86' lang='lat' dir='ltr'><strong>Bertini</strong></span> <span class='ocrx_word' id='word_1_361' title='bbox 3229 924 3360 978; x_wconf 87' lang='lat' dir='ltr'><strong>vidit</strong></span> 
     </span>
    </p>
   </div>
   <div class='ocr_carea' id='block_1_54' title="bbox 1775 1012 3429 1084">
    <p class='ocr_par' dir='ltr' id='par_1_54' title="bbox 1775 1012 3429 1084">
     <span class='ocr_line' id='line_1_54' title="bbox 1775 1012 3429 1084; baseline 0.003 -19"><span class='ocrx_word' id='word_1_362' title='bbox 1775 1012 2009 1084; x_wconf 87' lang='lat' dir='ltr'><strong>jactatas</strong></span> <span class='ocrx_word' id='word_1_363' title='bbox 2032 1013 2203 1070; x_wconf 91' lang='lat' dir='ltr'><strong>oculis</strong></span> <span class='ocrx_word' id='word_1_364' title='bbox 2230 1014 2345 1070; x_wconf 89' lang='lat' dir='ltr'><strong>suis</strong></span> <span class='ocrx_word' id='word_1_365' title='bbox 2368 1014 2730 1071; x_wconf 86' lang='lat' dir='ltr'><strong>clarissimum</strong></span> <span class='ocrx_word' id='word_1_366' title='bbox 2764 1017 2943 1072; x_wconf 86' lang='lat' dir='ltr'><strong>lumen</strong></span> <span class='ocrx_word' id='word_1_367' title='bbox 2997 1015 3361 1080; x_wconf 86' lang='lat' dir='ltr'><strong>infundentes,</strong></span> <span class='ocrx_word' id='word_1_368' title='bbox 3414 1036 3429 1079; x_wconf 62' lang='grc' dir='ltr'>π</span> 
     </span>
    </p>
   </div>
   <div class='ocr_carea' id='block_1_55' title="bbox 1781 1097 3435 1178">
    <p class='ocr_par' dir='ltr' id='par_1_55' title="bbox 1781 1097 3435 1178">
     <span class='ocr_line' id='line_1_55' title="bbox 1781 1097 3435 1178; baseline 0.002 -21"><span class='ocrx_word' id='word_1_369' title='bbox 1781 1102 1971 1173; x_wconf 89' lang='lat' dir='ltr'><strong>sicque</strong></span> <span class='ocrx_word' id='word_1_370' title='bbox 1993 1103 2172 1159; x_wconf 89' lang='lat' dir='ltr'><strong>lumen</strong></span> <span class='ocrx_word' id='word_1_371' title='bbox 2200 1103 2479 1160; x_wconf 84' lang='lat' dir='ltr'><strong>oculorum</strong></span> <span class='ocrx_word' id='word_1_372' title='bbox 2516 1104 2632 1162; x_wconf 89' lang='lat' dir='ltr'><strong>fore</strong></span> <span class='ocrx_word' id='word_1_373' title='bbox 2658 1115 2992 1178; x_wconf 87' lang='lat' dir='ltr'><strong>reparatum.</strong></span> <span class='ocrx_word' id='word_1_374' title='bbox 3015 1107 3168 1163; x_wconf 84' lang='lat' dir='ltr'><strong>Tunc</strong></span> <span class='ocrx_word' id='word_1_375' title='bbox 3187 1104 3363 1162; x_wconf 83' lang='lat' dir='ltr'><strong>omni-</strong></span> <span class='ocrx_word' id='word_1_376' title='bbox 3427 1097 3435 1105; x_wconf 74' lang='grc'><em>’</em></span> 
     </span>
    </p>
   </div>
   <div class='ocr_carea' id='block_1_56' title="bbox 1782 1193 3363 1268">
    <p class='ocr_par' dir='ltr' id='par_1_56' title="bbox 1782 1193 3363 1268">
     <span class='ocr_line' id='line_1_56' title="bbox 1782 1193 3363 1268; baseline 0.003 -21"><span class='ocrx_word' id='word_1_377' title='bbox 1782 1193 1885 1250; x_wconf 88' lang='lat' dir='ltr'><strong>bus</strong></span> <span class='ocrx_word' id='word_1_378' title='bbox 1934 1194 2131 1249; x_wconf 77' lang='lat' dir='ltr'><strong>claruit</strong></span> <span class='ocrx_word' id='word_1_379' title='bbox 2176 1196 2319 1265; x_wconf 90' lang='lat' dir='ltr'><strong>quod</strong></span> <span class='ocrx_word' id='word_1_380' title='bbox 2368 1209 2467 1265; x_wconf 91' lang='lat' dir='ltr'><strong>per</strong></span> <span class='ocrx_word' id='word_1_381' title='bbox 2512 1198 2707 1252; x_wconf 85' lang='lat' dir='ltr'><strong>merita</strong></span> <span class='ocrx_word' id='word_1_382' title='bbox 2764 1199 2824 1251; x_wconf 79' lang='grc' dir='ltr'><strong>Β.</strong></span> <span class='ocrx_word' id='word_1_383' title='bbox 2860 1198 3070 1253; x_wconf 85' lang='lat' dir='ltr'><strong>Bertini</strong></span> <span class='ocrx_word' id='word_1_384' title='bbox 3122 1198 3363 1268; x_wconf 61' lang='lat' dir='ltr'><strong>pristina;</strong></span> 
     </span>
    </p>
   </div>
   <div class='ocr_carea' id='block_1_57' title="bbox 1780 1285 3364 1357">
    <p class='ocr_par' dir='ltr' id='par_1_57' title="bbox 1780 1285 3364 1357">
     <span class='ocr_line' id='line_1_57' title="bbox 1780 1285 3364 1357; baseline 0.003 -17"><span class='ocrx_word' id='word_1_385' title='bbox 1780 1285 2025 1341; x_wconf 88' lang='lat' dir='ltr'><strong>redditus</strong></span> <span class='ocrx_word' id='word_1_386' title='bbox 2054 1285 2125 1340; x_wconf 90' lang='lat' dir='ltr'><strong>sit</strong></span> <span class='ocrx_word' id='word_1_387' title='bbox 2157 1286 2379 1342; x_wconf 82' lang='lat' dir='ltr'><strong>sanitati</strong></span> <span class='ocrx_word' id='word_1_388' title='bbox 2408 1304 2422 1340; x_wconf 91' lang='lat'><strong>:</strong></span> <span class='ocrx_word' id='word_1_389' title='bbox 2456 1289 2751 1357; x_wconf 85' lang='lat' dir='ltr'><strong>statimque</strong></span> <span class='ocrx_word' id='word_1_390' title='bbox 2779 1288 2900 1343; x_wconf 84' lang='lat' dir='ltr'><strong>sine</strong></span> <span class='ocrx_word' id='word_1_391' title='bbox 2949 1303 3101 1343; x_wconf 90' lang='lat' dir='ltr'><strong>mora</strong></span> <span class='ocrx_word' id='word_1_392' title='bbox 3147 1303 3270 1342; x_wconf 91' lang='lat' dir='ltr'><strong>cum</strong></span> <span class='ocrx_word' id='word_1_393' title='bbox 3309 1288 3364 1343; x_wconf 89' lang='lat' dir='ltr'><strong>in</strong></span> 
     </span>
    </p>
   </div>
   <div class='ocr_carea' id='block_1_58' title="bbox 1781 1375 3363 1449">
    <p class='ocr_par' dir='ltr' id='par_1_58' title="bbox 1781 1375 3363 1449">
     <span class='ocr_line' id='line_1_58' title="bbox 1781 1375 3363 1449; baseline 0 -18"><span class='ocrx_word' id='word_1_394' title='bbox 1781 1375 2020 1448; x_wconf 88' lang='lat' dir='ltr'><strong>priorem</strong></span> <span class='ocrx_word' id='word_1_395' title='bbox 2072 1391 2397 1433; x_wconf 85' lang='lat' dir='ltr'><strong>revocavere</strong></span> <span class='ocrx_word' id='word_1_396' title='bbox 2449 1376 2651 1442; x_wconf 90' lang='lat' dir='ltr'><strong>locum,</strong></span> <span class='ocrx_word' id='word_1_397' title='bbox 2720 1379 3044 1449; x_wconf 83' lang='lat' dir='ltr'><strong>propensius</strong></span> <span class='ocrx_word' id='word_1_398' title='bbox 3101 1378 3363 1447; x_wconf 85' lang='lat' dir='ltr'><strong>majorem</strong></span> 
     </span>
    </p>
   </div>
   <div class='ocr_carea' id='block_1_59' title="bbox 1778 1466 3366 1537">
    <p class='ocr_par' dir='ltr' id='par_1_59' title="bbox 1778 1466 3366 1537">
     <span class='ocr_line' id='line_1_59' title="bbox 1778 1466 3366 1537; baseline -0.001 -15"><span class='ocrx_word' id='word_1_399' title='bbox 1778 1466 2047 1522; x_wconf 80' lang='lat' dir='ltr'><strong>honorem</strong></span> <span class='ocrx_word' id='word_1_400' title='bbox 2107 1481 2272 1536; x_wconf 88' lang='lat' dir='ltr'><strong>quam</strong></span> <span class='ocrx_word' id='word_1_401' title='bbox 2327 1466 2381 1521; x_wconf 91' lang='lat' dir='ltr'><strong>in</strong></span> <span class='ocrx_word' id='word_1_402' title='bbox 2423 1467 2615 1537; x_wconf 86' lang='lat' dir='ltr'><strong>primis</strong></span> <span class='ocrx_word' id='word_1_403' title='bbox 2673 1467 2840 1522; x_wconf 90' lang='lat' dir='ltr'><strong>initiis</strong></span> <span class='ocrx_word' id='word_1_404' title='bbox 2876 1468 3001 1523; x_wconf 70' lang='lat' dir='ltr'><strong>vita:</strong></span> <span class='ocrx_word' id='word_1_405' title='bbox 3054 1468 3366 1522; x_wconf 65' lang='lat' dir='ltr'><strong>monasticae</strong></span> 
     </span>
    </p>
   </div>
   <div class='ocr_carea' id='block_1_60' title="bbox 1768 1556 3366 1628">
    <p class='ocr_par' dir='ltr' id='par_1_60' title="bbox 1768 1556 3366 1628">
     <span class='ocr_line' id='line_1_60' title="bbox 1768 1556 3366 1628; baseline 0.001 -18"><span class='ocrx_word' id='word_1_406' title='bbox 1768 1556 2188 1627; x_wconf 71' lang='lat' dir='ltr'><strong>venerationem</strong></span> <span class='ocrx_word' id='word_1_407' title='bbox 2231 1556 2574 1613; x_wconf 85' lang='lat' dir='ltr'><strong>adhibentes.</strong></span> <span class='ocrx_word' id='word_1_408' title='bbox 2603 1558 2696 1613; x_wconf 84' lang='lat' dir='ltr'><strong>ille</strong></span> <span class='ocrx_word' id='word_1_409' title='bbox 2723 1572 2850 1613; x_wconf 84' lang='lat' dir='ltr'><strong>vero</strong></span> <span class='ocrx_word' id='word_1_410' title='bbox 2875 1573 2977 1613; x_wconf 90' lang='lat' dir='ltr'><strong>nec</strong></span> <span class='ocrx_word' id='word_1_411' title='bbox 3003 1558 3056 1613; x_wconf 91' lang='lat' dir='ltr'><strong>in</strong></span> <span class='ocrx_word' id='word_1_412' title='bbox 3080 1557 3259 1628; x_wconf 90' lang='lat' dir='ltr'><strong>priore</strong></span> <span class='ocrx_word' id='word_1_413' title='bbox 3278 1556 3366 1611; x_wconf 65' lang='lat' dir='ltr'><strong>de«</strong></span> 
     </span>
    </p>
   </div>
   <div class='ocr_carea' id='block_1_61' title="bbox 1771 1648 3363 1721">
    <p class='ocr_par' dir='ltr' id='par_1_61' title="bbox 1771 1648 3363 1721">
     <span class='ocr_line' id='line_1_61' title="bbox 1771 1648 3363 1721; baseline -0.001 -15"><span class='ocrx_word' id='word_1_414' title='bbox 1771 1648 2013 1719; x_wconf 85' lang='lat' dir='ltr'><strong>jectione</strong></span> <span class='ocrx_word' id='word_1_415' title='bbox 2043 1650 2316 1721; x_wconf 85' lang='lat' dir='ltr'><strong>delapsus,</strong></span> <span class='ocrx_word' id='word_1_416' title='bbox 2346 1667 2448 1706; x_wconf 91' lang='lat' dir='ltr'><strong>nec</strong></span> <span class='ocrx_word' id='word_1_417' title='bbox 2494 1651 2778 1720; x_wconf 73' lang='lat' dir='ltr'><strong>praesentis</strong></span> <span class='ocrx_word' id='word_1_418' title='bbox 2815 1651 3040 1706; x_wconf 86' lang='lat' dir='ltr'><strong>honoris</strong></span> <span class='ocrx_word' id='word_1_419' title='bbox 3064 1649 3282 1706; x_wconf 89' lang='lat' dir='ltr'><strong>cumulo</strong></span> <span class='ocrx_word' id='word_1_420' title='bbox 3311 1649 3363 1704; x_wconf 90' lang='lat' dir='ltr'><strong>in</strong></span> 
     </span>
    </p>
   </div>
   <div class='ocr_carea' id='block_1_62' title="bbox 1708 1721 3366 1815">
    <p class='ocr_par' dir='ltr' id='par_1_62' title="bbox 1708 1721 3366 1815">
     <span class='ocr_line' id='line_1_62' title="bbox 1708 1721 3366 1815; baseline -0.001 -16"><span class='ocrx_word' id='word_1_421' title='bbox 1708 1721 1751 1779; x_wconf 72' lang='grc' dir='ltr'><strong><em>Β</em></strong></span> <span class='ocrx_word' id='word_1_422' title='bbox 1779 1757 1840 1799; x_wconf 88' lang='lat' dir='ltr'><strong>se</strong></span> <span class='ocrx_word' id='word_1_423' title='bbox 1867 1744 2131 1809; x_wconf 88' lang='lat' dir='ltr'><strong>elevatus,</strong></span> <span class='ocrx_word' id='word_1_424' title='bbox 2163 1743 2482 1800; x_wconf 74' lang='lat' dir='ltr'><strong>rectissima:</strong></span> <span class='ocrx_word' id='word_1_425' title='bbox 2503 1744 2640 1814; x_wconf 82' lang='lat' dir='ltr'><strong>pede</strong></span> <span class='ocrx_word' id='word_1_426' title='bbox 2663 1744 2786 1800; x_wconf 85' lang='lat' dir='ltr'><strong>ﬁdei</strong></span> <span class='ocrx_word' id='word_1_427' title='bbox 2816 1760 2914 1815; x_wconf 89' lang='lat' dir='ltr'><strong>per</strong></span> <span class='ocrx_word' id='word_1_428' title='bbox 2938 1745 3185 1798; x_wconf 90' lang='lat' dir='ltr'><strong>semitam</strong></span> <span class='ocrx_word' id='word_1_429' title='bbox 3210 1744 3366 1798; x_wconf 73' lang='lat' dir='ltr'><strong>bona:</strong></span> 
     </span>
    </p>
   </div>
   <div class='ocr_carea' id='block_1_63' title="bbox 1780 1834 3367 1906">
    <p class='ocr_par' dir='ltr' id='par_1_63' title="bbox 1780 1834 3367 1906">
     <span class='ocr_line' id='line_1_63' title="bbox 1780 1834 3367 1906; baseline 0 -17"><span class='ocrx_word' id='word_1_430' title='bbox 1780 1836 2114 1904; x_wconf 86' lang='lat' dir='ltr'><strong>operationis</strong></span> <span class='ocrx_word' id='word_1_431' title='bbox 2143 1836 2361 1892; x_wconf 82' lang='lat' dir='ltr'><strong>exhinc</strong></span> <span class='ocrx_word' id='word_1_432' title='bbox 2391 1836 2585 1906; x_wconf 76' lang='lat' dir='ltr'><strong>agebat</strong></span> <span class='ocrx_word' id='word_1_433' title='bbox 2615 1837 2808 1893; x_wconf 85' lang='lat' dir='ltr'><strong>itinera</strong></span> <span class='ocrx_word' id='word_1_434' title='bbox 2836 1836 3061 1900; x_wconf 86' lang='lat' dir='ltr'><strong>Christi,</strong></span> <span class='ocrx_word' id='word_1_435' title='bbox 3095 1849 3163 1891; x_wconf 87' lang='lat' dir='ltr'><strong>ac</strong></span> <span class='ocrx_word' id='word_1_436' title='bbox 3186 1835 3235 1889; x_wconf 90' lang='lat' dir='ltr'><strong>ei</strong></span> <span class='ocrx_word' id='word_1_437' title='bbox 3262 1834 3367 1889; x_wconf 79' lang='lat' dir='ltr'><strong>irc-</strong></span> 
     </span>
    </p>
   </div>
   <div class='ocr_carea' id='block_1_64' title="bbox 1780 1926 3368 2000">
    <p class='ocr_par' dir='ltr' id='par_1_64' title="bbox 1780 1926 3368 2000">
     <span class='ocr_line' id='line_1_64' title="bbox 1780 1926 3368 2000; baseline -0.002 -19"><span class='ocrx_word' id='word_1_438' title='bbox 1780 1937 2011 2000; x_wconf 86' lang='lat' dir='ltr'><strong>quenter</strong></span> <span class='ocrx_word' id='word_1_439' title='bbox 2038 1930 2397 1985; x_wconf 88' lang='lat' dir='ltr'><strong>concinebat:</strong></span> <span class='ocrx_word' id='word_1_440' title='bbox 2428 1926 2693 1984; x_wconf 70' lang='lat' dir='ltr'><strong>Ezaltabo</strong></span> <span class='ocrx_word' id='word_1_441' title='bbox 2730 1938 2800 1998; x_wconf 78' lang='lat' dir='ltr'><strong>te,</strong></span> <span class='ocrx_word' id='word_1_442' title='bbox 2844 1929 3086 1993; x_wconf 83' lang='lat' dir='ltr'><strong>Domine,</strong></span> <span class='ocrx_word' id='word_1_443' title='bbox 3118 1928 3368 1997; x_wconf 84' lang='lat' dir='ltr'><strong>quoniam</strong></span> 
     </span>
    </p>
   </div>
   <div class='ocr_carea' id='block_1_65' title="bbox 1780 2012 3365 2094">
    <p class='ocr_par' dir='ltr' id='par_1_65' title="bbox 1780 2012 3365 2094">
     <span class='ocr_line' id='line_1_65' title="bbox 1780 2012 3365 2094; baseline -0.004 -16"><span class='ocrx_word' id='word_1_444' title='bbox 1780 2012 2177 2094; x_wconf 81' lang='lat' dir='ltr'><strong>suscepistime,</strong></span> <span class='ocrx_word' id='word_1_445' title='bbox 2208 2037 2301 2077; x_wconf 80' lang='lat' dir='ltr'><strong>nec</strong></span> <span class='ocrx_word' id='word_1_446' title='bbox 2328 2022 2568 2078; x_wconf 82' lang='lat' dir='ltr'><strong>dilatasti</strong></span> <span class='ocrx_word' id='word_1_447' title='bbox 2598 2022 2840 2077; x_wconf 85' lang='lat' dir='ltr'><strong>inimicos</strong></span> <span class='ocrx_word' id='word_1_448' title='bbox 2875 2037 3015 2076; x_wconf 83' lang='lat' dir='ltr'><strong>meos</strong></span> <span class='ocrx_word' id='word_1_449' title='bbox 3065 2036 3221 2089; x_wconf 83' lang='lat' dir='ltr'><strong>super</strong></span> <span class='ocrx_word' id='word_1_450' title='bbox 3264 2031 3365 2072; x_wconf 78' lang='lat' dir='ltr'><strong>me.</strong></span> 
     </span>
    </p>
   </div>
   <div class='ocr_carea' id='block_1_66' title="bbox 1781 2108 3370 2181">
    <p class='ocr_par' dir='ltr' id='par_1_66' title="bbox 1781 2108 3370 2181">
     <span class='ocr_line' id='line_1_66' title="bbox 1781 2108 3370 2181; baseline -0.005 -10"><span class='ocrx_word' id='word_1_451' title='bbox 1781 2114 2006 2171; x_wconf 83' lang='lat' dir='ltr'><strong>Domine</strong></span> <span class='ocrx_word' id='word_1_452' title='bbox 2025 2114 2167 2170; x_wconf 86' lang='lat' dir='ltr'><strong>Deus</strong></span> <span class='ocrx_word' id='word_1_453' title='bbox 2189 2131 2359 2181; x_wconf 85' lang='lat' dir='ltr'><strong>meus,</strong></span> <span class='ocrx_word' id='word_1_454' title='bbox 2382 2114 2606 2171; x_wconf 79' lang='lat' dir='ltr'><strong>clamaui</strong></span> <span class='ocrx_word' id='word_1_455' title='bbox 2627 2115 2696 2169; x_wconf 81' lang='lat' dir='ltr'><strong>ad</strong></span> <span class='ocrx_word' id='word_1_456' title='bbox 2719 2125 2787 2179; x_wconf 85' lang='lat' dir='ltr'><strong>te,</strong></span> <span class='ocrx_word' id='word_1_457' title='bbox 2804 2125 2851 2169; x_wconf 83' lang='lat' dir='ltr'><strong>et</strong></span> <span class='ocrx_word' id='word_1_458' title='bbox 2881 2112 3083 2169; x_wconf 75' lang='lat' dir='ltr'><strong>sanasti</strong></span> <span class='ocrx_word' id='word_1_459' title='bbox 3125 2126 3227 2164; x_wconf 86' lang='lat' dir='ltr'><strong>me.</strong></span> <span class='ocrx_word' id='word_1_460' title='bbox 3265 2108 3370 2164; x_wconf 83' lang='lat' dir='ltr'><strong>Do-</strong></span> 
     </span>
    </p>
   </div>
   <div class='ocr_carea' id='block_1_67' title="bbox 1782 2201 3366 2277">
    <p class='ocr_par' dir='ltr' id='par_1_67' title="bbox 1782 2201 3366 2277">
     <span class='ocr_line' id='line_1_67' title="bbox 1782 2201 3366 2277; baseline -0.002 -19"><span class='ocrx_word' id='word_1_461' title='bbox 1782 2205 1942 2269; x_wconf 82' lang='lat' dir='ltr'><strong>mine,</strong></span> <span class='ocrx_word' id='word_1_462' title='bbox 1964 2204 2192 2261; x_wconf 68' lang='lat' dir='ltr'><strong>edtu&#39;isti</strong></span> <span class='ocrx_word' id='word_1_463' title='bbox 2212 2205 2276 2259; x_wconf 88' lang='lat' dir='ltr'><strong>ab</strong></span> <span class='ocrx_word' id='word_1_464' title='bbox 2298 2205 2505 2277; x_wconf 72' lang='lat' dir='ltr'><strong>inferno</strong></span> <span class='ocrx_word' id='word_1_465' title='bbox 2524 2206 2756 2260; x_wconf 82' lang='lat' dir='ltr'><strong>animum</strong></span> <span class='ocrx_word' id='word_1_466' title='bbox 2784 2220 2950 2259; x_wconf 82' lang='lat' dir='ltr'><strong>nteant</strong></span> <span class='ocrx_word' id='word_1_467' title='bbox 2974 2201 3147 2273; x_wconf 84' lang='lat' dir='ltr'><strong>(Psal.</strong></span> <span class='ocrx_word' id='word_1_468' title='bbox 3172 2215 3366 2266; x_wconf 80' lang='lat' dir='ltr'><strong>xxxix,</strong></span> 
     </span>
    </p>
   </div>
   <div class='ocr_carea' id='block_1_68' title="bbox 1778 2292 3364 2369">
    <p class='ocr_par' dir='ltr' id='par_1_68' title="bbox 1778 2292 3364 2369">
     <span class='ocr_line' id='line_1_68' title="bbox 1778 2292 3364 2369; baseline -0.005 -16"><span class='ocrx_word' id='word_1_469' title='bbox 1778 2297 1858 2369; x_wconf 78' lang='grc'><strong>2).</strong></span> <span class='ocrx_word' id='word_1_470' title='bbox 1895 2296 2094 2368; x_wconf 81' lang='lat' dir='ltr'><strong>Sicque</strong></span> <span class='ocrx_word' id='word_1_471' title='bbox 2118 2296 2379 2368; x_wconf 87' lang='lat' dir='ltr'><strong>paulatim</strong></span> <span class='ocrx_word' id='word_1_472' title='bbox 2401 2297 2700 2354; x_wconf 85' lang='lat' dir='ltr'><strong>crescendo</strong></span> <span class='ocrx_word' id='word_1_473' title='bbox 2725 2297 2972 2367; x_wconf 89' lang='lat' dir='ltr'><strong>pervenit</strong></span> <span class='ocrx_word' id='word_1_474' title='bbox 3014 2294 3079 2348; x_wconf 86' lang='lat' dir='ltr'><strong>ad</strong></span> <span class='ocrx_word' id='word_1_475' title='bbox 3128 2292 3364 2349; x_wconf 78' lang='lat' dir='ltr'><strong>charita-</strong></span> 
     </span>
    </p>
   </div>
   <div class='ocr_carea' id='block_1_69' title="bbox 1784 2376 3364 2459">
    <p class='ocr_par' dir='ltr' id='par_1_69' title="bbox 1784 2376 3364 2459">
     <span class='ocr_line' id='line_1_69' title="bbox 1784 2376 3364 2459; baseline -0.004 -17"><span class='ocrx_word' id='word_1_476' title='bbox 1784 2376 1912 2451; x_wconf 77' lang='lat' dir='ltr'><strong>tem,</strong></span> <span class='ocrx_word' id='word_1_477' title='bbox 1927 2404 2047 2458; x_wconf 70' lang='lat' dir='ltr'><strong>quae</strong></span> <span class='ocrx_word' id='word_1_478' title='bbox 2059 2386 2301 2459; x_wconf 87' lang='lat' dir='ltr'><strong>perfecta</strong></span> <span class='ocrx_word' id='word_1_479' title='bbox 2317 2386 2463 2444; x_wconf 87' lang='lat' dir='ltr'><strong>foras</strong></span> <span class='ocrx_word' id='word_1_480' title='bbox 2483 2388 2649 2443; x_wconf 89' lang='lat' dir='ltr'><strong>mittit</strong></span> <span class='ocrx_word' id='word_1_481' title='bbox 2662 2389 2912 2444; x_wconf 89' lang='lat' dir='ltr'><strong>timorem</strong></span> <span class='ocrx_word' id='word_1_482' title='bbox 2927 2384 3149 2457; x_wconf 78' lang='lat' dir='ltr'><strong>(Noun.</strong></span> <span class='ocrx_word' id='word_1_483' title='bbox 3165 2398 3238 2448; x_wconf 86' lang='lat' dir='ltr'><strong>tv,</strong></span> <span class='ocrx_word' id='word_1_484' title='bbox 3253 2382 3364 2453; x_wconf 74' lang='grc'><strong>18).</strong></span> 
     </span>
    </p>
   </div>
   <div class='ocr_carea' id='block_1_70' title="bbox 1779 2472 3369 2550">
    <p class='ocr_par' dir='ltr' id='par_1_70' title="bbox 1779 2472 3369 2550">
     <span class='ocr_line' id='line_1_70' title="bbox 1779 2472 3369 2550; baseline -0.004 -17"><span class='ocrx_word' id='word_1_485' title='bbox 1779 2477 1948 2549; x_wconf 79' lang='lat' dir='ltr'><strong>Igitur</strong></span> <span class='ocrx_word' id='word_1_486' title='bbox 1968 2486 2090 2550; x_wconf 90' lang='lat' dir='ltr'><strong>post</strong></span> <span class='ocrx_word' id='word_1_487' title='bbox 2126 2477 2231 2534; x_wconf 88' lang='lat' dir='ltr'><strong>hoc</strong></span> <span class='ocrx_word' id='word_1_488' title='bbox 2251 2477 2307 2533; x_wconf 92' lang='lat' dir='ltr'><strong>in</strong></span> <span class='ocrx_word' id='word_1_489' title='bbox 2334 2485 2523 2533; x_wconf 88' lang='lat' dir='ltr'><strong>sancta</strong></span> <span class='ocrx_word' id='word_1_490' title='bbox 2561 2476 2976 2533; x_wconf 85' lang='lat' dir='ltr'><strong>conversatione</strong></span> <span class='ocrx_word' id='word_1_491' title='bbox 3005 2475 3189 2546; x_wconf 88' lang='lat' dir='ltr'><strong>plures</strong></span> <span class='ocrx_word' id='word_1_492' title='bbox 3214 2472 3369 2527; x_wconf 87' lang='lat' dir='ltr'><strong>duxit</strong></span> 
     </span>
    </p>
   </div>
   <div class='ocr_carea' id='block_1_71' title="bbox 1782 2562 3386 2639">
    <p class='ocr_par' dir='ltr' id='par_1_71' title="bbox 1782 2562 3386 2639">
     <span class='ocr_line' id='line_1_71' title="bbox 1782 2562 3386 2639; baseline -0.004 -16"><span class='ocrx_word' id='word_1_493' title='bbox 1782 2583 1976 2632; x_wconf 81' lang='lat' dir='ltr'><strong>annos,</strong></span> <span class='ocrx_word' id='word_1_494' title='bbox 2001 2567 2210 2639; x_wconf 84' lang='lat' dir='ltr'><strong>positus</strong></span> <span class='ocrx_word' id='word_1_495' title='bbox 2230 2568 2465 2639; x_wconf 75' lang='lat' dir='ltr'><strong>gratuita</strong></span> <span class='ocrx_word' id='word_1_496' title='bbox 2494 2565 2867 2623; x_wconf 86' lang='lat' dir='ltr'><strong>misericordia</strong></span> <span class='ocrx_word' id='word_1_497' title='bbox 2897 2564 3111 2621; x_wconf 87' lang='lat' dir='ltr'><strong>Domini</strong></span> <span class='ocrx_word' id='word_1_498' title='bbox 3139 2562 3386 2633; x_wconf 60' lang='lat' dir='ltr'><strong>Christi,1</strong></span> 
     </span>
    </p>
   </div>
   <div class='ocr_carea' id='block_1_72' title="bbox 1781 2646 3175 2729">
    <p class='ocr_par' dir='ltr' id='par_1_72' title="bbox 1781 2646 3175 2729">
     <span class='ocr_line' id='line_1_72' title="bbox 1781 2646 3175 2729; baseline 0.003 -16"><span class='ocrx_word' id='word_1_499' title='bbox 1781 2661 1873 2729; x_wconf 69' lang='lat' dir='ltr'><strong>qui</strong></span> <span class='ocrx_word' id='word_1_500' title='bbox 1902 2668 1987 2715; x_wconf 91' lang='lat' dir='ltr'><strong>est</strong></span> <span class='ocrx_word' id='word_1_501' title='bbox 2016 2659 2335 2716; x_wconf 87' lang='lat' dir='ltr'><strong>benedictus</strong></span> <span class='ocrx_word' id='word_1_502' title='bbox 2357 2660 2412 2716; x_wconf 88' lang='lat' dir='ltr'><strong>in</strong></span> <span class='ocrx_word' id='word_1_503' title='bbox 2434 2658 2656 2717; x_wconf 66' lang='lat' dir='ltr'><strong>saecula.</strong></span> <span class='ocrx_word' id='word_1_504' title='bbox 3172 2646 3175 2647; x_wconf 15' lang='grc' dir='ltr'><em>ν</em></span> 
     </span>
    </p>
   </div>
   <div class='ocr_carea' id='block_1_73' title="bbox 1781 2747 3368 2893">
    <p class='ocr_par' dir='ltr' id='par_1_73' title="bbox 1781 2747 3368 2893">
     <span class='ocr_line' id='line_1_73' title="bbox 1781 2747 3368 2893; baseline -0.006 -82"><span class='ocrx_word' id='word_1_505' title='bbox 1781 2752 1911 2811; x_wconf 75' lang='lat' dir='ltr'><strong>CAP.</strong></span> <span class='ocrx_word' id='word_1_506' title='bbox 1940 2749 2028 2807; x_wconf 83' lang='lat' dir='ltr'><strong>IV.</strong></span> <span class='ocrx_word' id='word_1_507' title='bbox 2063 2752 2138 2809; x_wconf 87' lang='lat' dir='ltr'><strong>De</strong></span> <span class='ocrx_word' id='word_1_508' title='bbox 2160 2753 2392 2825; x_wconf 78' lang='lat' dir='ltr'><strong>quodam</strong></span> <span class='ocrx_word' id='word_1_509' title='bbox 2428 2753 2704 2893; x_wconf 49' lang='grc' dir='ltr'><strong>ιῖῧιὲἱιὲιέῖ</strong></span> <span class='ocrx_word' id='word_1_510' title='bbox 2741 2767 2776 2805; x_wconf 82' lang='lat' dir='ltr'><strong>u</strong></span> <span class='ocrx_word' id='word_1_511' title='bbox 2807 2748 3028 2807; x_wconf 73' lang='lat' dir='ltr'><strong>uinculis</strong></span> <span class='ocrx_word' id='word_1_512' title='bbox 3053 2747 3239 2819; x_wconf 79' lang='lat' dir='ltr'><strong>ferreis</strong></span> <span class='ocrx_word' id='word_1_513' title='bbox 3274 2762 3368 2802; x_wconf 79' lang='lat' dir='ltr'><strong>so-</strong></span> 
     </span>
    </p>
   </div>
   <div class='ocr_carea' id='block_1_74' title="bbox 1853 2910 3368 2984">
    <p class='ocr_par' dir='ltr' id='par_1_74' title="bbox 1853 2910 3368 2984">
     <span class='ocr_line' id='line_1_74' title="bbox 1853 2910 3368 2984; baseline -0.005 -13"><span class='ocrx_word' id='word_1_514' title='bbox 1853 2915 2083 2984; x_wconf 86' lang='lat' dir='ltr'><strong>Quidam</strong></span> <span class='ocrx_word' id='word_1_515' title='bbox 2117 2916 2202 2971; x_wconf 90' lang='lat' dir='ltr'><strong>vir</strong></span> <span class='ocrx_word' id='word_1_516' title='bbox 2255 2914 2391 2971; x_wconf 90' lang='lat' dir='ltr'><strong>civis</strong></span> <span class='ocrx_word' id='word_1_517' title='bbox 2441 2911 2871 2978; x_wconf 82' lang='lat' dir='ltr'><strong>Aurelianensis,</strong></span> <span class='ocrx_word' id='word_1_518' title='bbox 2910 2910 3081 2966; x_wconf 81' lang='lat' dir='ltr'><strong>Adam</strong></span> <span class='ocrx_word' id='word_1_519' title='bbox 3123 2922 3368 2974; x_wconf 81' lang='lat' dir='ltr'><strong>nomine.</strong></span> 
     </span>
    </p>
   </div>
   <div class='ocr_carea' id='block_1_75' title="bbox 1784 2998 3369 3077">
    <p class='ocr_par' dir='ltr' id='par_1_75' title="bbox 1784 2998 3369 3077">
     <span class='ocr_line' id='line_1_75' title="bbox 1784 2998 3369 3077; baseline -0.003 -15"><span class='ocrx_word' id='word_1_520' title='bbox 1784 3007 1851 3063; x_wconf 90' lang='lat' dir='ltr'><strong>de</strong></span> <span class='ocrx_word' id='word_1_521' title='bbox 1887 3008 2006 3062; x_wconf 90' lang='lat' dir='ltr'><strong>vico</strong></span> <span class='ocrx_word' id='word_1_522' title='bbox 2041 3005 2311 3062; x_wconf 86' lang='lat' dir='ltr'><strong>Pruniaco</strong></span> <span class='ocrx_word' id='word_1_523' title='bbox 2369 3002 2669 3077; x_wconf 75' lang='lat' dir='ltr'><strong>(Prunay),</strong></span> <span class='ocrx_word' id='word_1_524' title='bbox 2721 3003 2791 3059; x_wconf 91' lang='lat' dir='ltr'><strong>ob</strong></span> <span class='ocrx_word' id='word_1_525' title='bbox 2840 2998 3200 3058; x_wconf 88' lang='lat' dir='ltr'><strong>fratricidium</strong></span> <span class='ocrx_word' id='word_1_526' title='bbox 3253 3002 3369 3073; x_wconf 73' lang='lat'><strong>(27)</strong></span> 
     </span>
    </p>
   </div>
   <div class='ocr_carea' id='block_1_76' title="bbox 1779 3092 3374 3171">
    <p class='ocr_par' dir='ltr' id='par_1_76' title="bbox 1779 3092 3374 3171">
     <span class='ocr_line' id='line_1_76' title="bbox 1779 3092 3374 3171; baseline -0.001 -19"><span class='ocrx_word' id='word_1_527' title='bbox 1779 3098 1936 3171; x_wconf 82' lang='lat' dir='ltr'><strong>jussu</strong></span> <span class='ocrx_word' id='word_1_528' title='bbox 1986 3097 2229 3169; x_wconf 90' lang='lat' dir='ltr'><strong>episcopi</strong></span> <span class='ocrx_word' id='word_1_529' title='bbox 2259 3096 2411 3153; x_wconf 89' lang='lat' dir='ltr'><strong>urbis</strong></span> <span class='ocrx_word' id='word_1_530' title='bbox 2440 3095 2854 3152; x_wconf 79' lang='lat' dir='ltr'><strong>Aurelianensis</strong></span> <span class='ocrx_word' id='word_1_531' title='bbox 2901 3092 3096 3150; x_wconf 91' lang='lat' dir='ltr'><strong>ferreis</strong></span> <span class='ocrx_word' id='word_1_532' title='bbox 3136 3094 3374 3151; x_wconf 83' lang='lat' dir='ltr'><strong>nexibus</strong></span> 
     </span>
    </p>
   </div>
   <div class='ocr_carea' id='block_1_77' title="bbox 1784 3185 3371 3259">
    <p class='ocr_par' dir='ltr' id='par_1_77' title="bbox 1784 3185 3371 3259">
     <span class='ocr_line' id='line_1_77' title="bbox 1784 3185 3371 3259; baseline -0.004 -14"><span class='ocrx_word' id='word_1_533' title='bbox 1784 3197 2033 3246; x_wconf 86' lang='lat' dir='ltr'><strong>ventrem</strong></span> <span class='ocrx_word' id='word_1_534' title='bbox 2087 3188 2423 3259; x_wconf 84' lang='lat' dir='ltr'><strong>brachiaque</strong></span> <span class='ocrx_word' id='word_1_535' title='bbox 2474 3186 2827 3254; x_wconf 89' lang='lat' dir='ltr'><strong>constrictus,</strong></span> <span class='ocrx_word' id='word_1_536' title='bbox 2870 3199 2993 3241; x_wconf 89' lang='lat' dir='ltr'><strong>cum</strong></span> <span class='ocrx_word' id='word_1_537' title='bbox 3046 3200 3145 3257; x_wconf 90' lang='lat' dir='ltr'><strong>per</strong></span> <span class='ocrx_word' id='word_1_538' title='bbox 3187 3185 3371 3256; x_wconf 87' lang='lat' dir='ltr'><strong>plures</strong></span> 
     </span>
    </p>
   </div>
   <div class='ocr_carea' id='block_1_78' title="bbox 1787 3277 3373 3345">
    <p class='ocr_par' dir='ltr' id='par_1_78' title="bbox 1787 3277 3373 3345">
     <span class='ocr_line' id='line_1_78' title="bbox 1787 3277 3373 3345; baseline -0.003 -9"><span class='ocrx_word' id='word_1_539' title='bbox 1787 3296 1959 3336; x_wconf 79' lang='lat' dir='ltr'><strong>annos</strong></span> <span class='ocrx_word' id='word_1_540' title='bbox 1981 3289 2296 3338; x_wconf 88' lang='lat' dir='ltr'><strong>sanctorum</strong></span> <span class='ocrx_word' id='word_1_541' title='bbox 2323 3279 2441 3335; x_wconf 88' lang='lat' dir='ltr'><strong>loca</strong></span> <span class='ocrx_word' id='word_1_542' title='bbox 2464 3278 2753 3345; x_wconf 88' lang='lat' dir='ltr'><strong>visitando,</strong></span> <span class='ocrx_word' id='word_1_543' title='bbox 2802 3287 2966 3334; x_wconf 84' lang='lat' dir='ltr'><strong>tantae</strong></span> <span class='ocrx_word' id='word_1_544' title='bbox 3018 3277 3373 3335; x_wconf 86' lang='lat' dir='ltr'><strong>incommodi-</strong></span> 
     </span>
    </p>
   </div>
   <div class='ocr_carea' id='block_1_79' title="bbox 1788 3372 3375 3445">
    <p class='ocr_par' dir='ltr' id='par_1_79' title="bbox 1788 3372 3375 3445">
     <span class='ocr_line' id='line_1_79' title="bbox 1788 3372 3375 3445; baseline -0.002 -13"><span class='ocrx_word' id='word_1_545' title='bbox 1788 3377 1917 3433; x_wconf 90' lang='lat' dir='ltr'><strong>tatis</strong></span> <span class='ocrx_word' id='word_1_546' title='bbox 1946 3375 2143 3431; x_wconf 90' lang='lat' dir='ltr'><strong>molem</strong></span> <span class='ocrx_word' id='word_1_547' title='bbox 2167 3374 2483 3441; x_wconf 88' lang='lat' dir='ltr'><strong>sustineret,</strong></span> <span class='ocrx_word' id='word_1_548' title='bbox 2513 3373 2731 3430; x_wconf 89' lang='lat' dir='ltr'><strong>tandem</strong></span> <span class='ocrx_word' id='word_1_549' title='bbox 2759 3389 2790 3429; x_wconf 90' lang='lat' dir='ltr'><strong>a</strong></span> <span class='ocrx_word' id='word_1_550' title='bbox 2818 3374 2880 3429; x_wconf 83' lang='grc' dir='ltr'><strong>Β.</strong></span> <span class='ocrx_word' id='word_1_551' title='bbox 2912 3372 3076 3431; x_wconf 87' lang='lat' dir='ltr'><strong>Petro</strong></span> <span class='ocrx_word' id='word_1_552' title='bbox 3127 3372 3375 3445; x_wconf 86' lang='lat' dir='ltr'><strong>apostolo</strong></span> 
     </span>
    </p>
   </div>
   <div class='ocr_carea' id='block_1_80' title="bbox 1787 3464 3380 3536">
    <p class='ocr_par' dir='ltr' id='par_1_80' title="bbox 1787 3464 3380 3536">
     <span class='ocr_line' id='line_1_80' title="bbox 1787 3464 3380 3536; baseline -0.003 -13"><span class='ocrx_word' id='word_1_553' title='bbox 1787 3466 1943 3536; x_wconf 84' lang='lat' dir='ltr'><strong>cujus</strong></span> <span class='ocrx_word' id='word_1_554' title='bbox 1971 3466 2159 3521; x_wconf 85' lang='lat' dir='ltr'><strong>limina</strong></span> <span class='ocrx_word' id='word_1_555' title='bbox 2209 3465 2395 3521; x_wconf 65' lang='lat' dir='ltr'><strong>Romae</strong></span> <span class='ocrx_word' id='word_1_556' title='bbox 2421 3464 2825 3535; x_wconf 81' lang='lat' dir='ltr'><strong>frequentabat,</strong></span> <span class='ocrx_word' id='word_1_557' title='bbox 2871 3465 3103 3525; x_wconf 85' lang='lat' dir='ltr'><strong>duorum</strong></span> <span class='ocrx_word' id='word_1_558' title='bbox 3133 3481 3380 3528; x_wconf 85' lang='lat' dir='ltr'><strong>nexuum</strong></span> 
     </span>
    </p>
   </div>
   <div class='ocr_carea' id='block_1_81' title="bbox 1788 3556 3373 3630">
    <p class='ocr_par' dir='ltr' id='par_1_81' title="bbox 1788 3556 3373 3630">
     <span class='ocr_line' id='line_1_81' title="bbox 1788 3556 3373 3630; baseline -0.002 -15"><span class='ocrx_word' id='word_1_559' title='bbox 1788 3559 2112 3615; x_wconf 77' lang='lat' dir='ltr'><strong>solutionem</strong></span> <span class='ocrx_word' id='word_1_560' title='bbox 2138 3559 2386 3630; x_wconf 89' lang='lat' dir='ltr'><strong>adeptus,</strong></span> <span class='ocrx_word' id='word_1_561' title='bbox 2415 3572 2516 3628; x_wconf 90' lang='lat' dir='ltr'><strong>per</strong></span> <span class='ocrx_word' id='word_1_562' title='bbox 2544 3556 2834 3625; x_wconf 89' lang='lat' dir='ltr'><strong>visionem,</strong></span> <span class='ocrx_word' id='word_1_563' title='bbox 2857 3565 2917 3613; x_wconf 92' lang='lat' dir='ltr'><strong>ut</strong></span> <span class='ocrx_word' id='word_1_564' title='bbox 2964 3558 3084 3627; x_wconf 90' lang='lat' dir='ltr'><strong>ipse</strong></span> <span class='ocrx_word' id='word_1_565' title='bbox 3128 3557 3373 3613; x_wconf 90' lang='lat' dir='ltr'><strong>testaba-</strong></span> 
     </span>
    </p>
   </div>
   <div class='ocr_carea' id='block_1_82' title="bbox 1790 3646 3374 3712">
    <p class='ocr_par' dir='ltr' id='par_1_82' title="bbox 1790 3646 3374 3712">
     <span class='ocr_line' id='line_1_82' title="bbox 1790 3646 3374 3712; baseline -0.003 -7"><span class='ocrx_word' id='word_1_566' title='bbox 1790 3658 1897 3712; x_wconf 90' lang='lat' dir='ltr'><strong>tur,</strong></span> <span class='ocrx_word' id='word_1_567' title='bbox 1938 3649 2247 3704; x_wconf 90' lang='lat' dir='ltr'><strong>admonitus</strong></span> <span class='ocrx_word' id='word_1_568' title='bbox 2291 3655 2377 3704; x_wconf 87' lang='lat' dir='ltr'><strong>est</strong></span> <span class='ocrx_word' id='word_1_569' title='bbox 2415 3656 2474 3702; x_wconf 92' lang='lat' dir='ltr'><strong>ut</strong></span> <span class='ocrx_word' id='word_1_570' title='bbox 2524 3648 2835 3703; x_wconf 73' lang='lat' dir='ltr'><strong>cmnobium</strong></span> <span class='ocrx_word' id='word_1_571' title='bbox 2884 3647 3083 3704; x_wconf 87' lang='lat' dir='ltr'><strong>Christi</strong></span> <span class='ocrx_word' id='word_1_572' title='bbox 3141 3646 3374 3702; x_wconf 88' lang='lat' dir='ltr'><strong>militum</strong></span> 
     </span>
    </p>
   </div>
   <div class='ocr_carea' id='block_1_83' title="bbox 1785 3736 3370 3809">
    <p class='ocr_par' dir='ltr' id='par_1_83' title="bbox 1785 3736 3370 3809">
     <span class='ocr_line' id='line_1_83' title="bbox 1785 3736 3370 3809; baseline -0.003 -13"><span class='ocrx_word' id='word_1_573' title='bbox 1785 3738 2083 3796; x_wconf 79' lang='lat' dir='ltr'><strong>Audomari</strong></span> <span class='ocrx_word' id='word_1_574' title='bbox 2113 3751 2278 3809; x_wconf 88' lang='lat' dir='ltr'><strong>atque</strong></span> <span class='ocrx_word' id='word_1_575' title='bbox 2302 3736 2507 3793; x_wconf 85' lang='lat' dir='ltr'><strong>Bertini</strong></span> <span class='ocrx_word' id='word_1_576' title='bbox 2535 3749 2631 3809; x_wconf 88' lang='lat' dir='ltr'><strong>per</strong></span> <span class='ocrx_word' id='word_1_577' title='bbox 2655 3737 2815 3807; x_wconf 79' lang='lat' dir='ltr'><strong>longa</strong></span> <span class='ocrx_word' id='word_1_578' title='bbox 2867 3745 3137 3793; x_wconf 88' lang='lat' dir='ltr'><strong>terrarum</strong></span> <span class='ocrx_word' id='word_1_579' title='bbox 3193 3736 3370 3806; x_wconf 86' lang='lat' dir='ltr'><strong>spatia</strong></span> 
     </span>
    </p>
   </div>
   <div class='ocr_carea' id='block_1_84' title="bbox 1788 3812 3365 3902">
    <p class='ocr_par' dir='ltr' id='par_1_84' title="bbox 1788 3812 3365 3902">
     <span class='ocr_line' id='line_1_84' title="bbox 1788 3812 3365 3902; baseline -0.004 -14"><span class='ocrx_word' id='word_1_580' title='bbox 1788 3830 2144 3902; x_wconf 83' lang='lat' dir='ltr'><strong>exquirendo,</strong></span> <span class='ocrx_word' id='word_1_581' title='bbox 2172 3812 2361 3885; x_wconf 75' lang='lat' dir='ltr'><strong>eorum</strong></span> <span class='ocrx_word' id='word_1_582' title='bbox 2391 3844 2452 3886; x_wconf 91' lang='lat' dir='ltr'><strong>se</strong></span> <span class='ocrx_word' id='word_1_583' title='bbox 2477 3828 2797 3899; x_wconf 87' lang='lat' dir='ltr'><strong>patrociniis</strong></span> <span class='ocrx_word' id='word_1_584' title='bbox 2827 3830 3022 3885; x_wconf 86' lang='lat' dir='ltr'><strong>devote</strong></span> <span class='ocrx_word' id='word_1_585' title='bbox 3050 3829 3365 3884; x_wconf 91' lang='lat' dir='ltr'><strong>committe-</strong></span> 
     </span>
    </p>
   </div>
   <div class='ocr_carea' id='block_1_85' title="bbox 1790 3917 3373 3990">
    <p class='ocr_par' dir='ltr' id='par_1_85' title="bbox 1790 3917 3373 3990">
     <span class='ocr_line' id='line_1_85' title="bbox 1790 3917 3373 3990; baseline -0.004 -12"><span class='ocrx_word' id='word_1_586' title='bbox 1790 3932 1895 3978; x_wconf 86' lang='lat' dir='ltr'><strong>ret.</strong></span> <span class='ocrx_word' id='word_1_587' title='bbox 1928 3921 2031 3989; x_wconf 90' lang='lat' dir='ltr'><strong>Qui</strong></span> <span class='ocrx_word' id='word_1_588' title='bbox 2065 3919 2287 3975; x_wconf 89' lang='lat' dir='ltr'><strong>monitis</strong></span> <span class='ocrx_word' id='word_1_589' title='bbox 2312 3918 2431 3989; x_wconf 90' lang='lat' dir='ltr'><strong>ejus</strong></span> <span class='ocrx_word' id='word_1_590' title='bbox 2456 3933 2671 3990; x_wconf 88' lang='lat' dir='ltr'><strong>parens,</strong></span> <span class='ocrx_word' id='word_1_591' title='bbox 2703 3932 2804 3990; x_wconf 88' lang='lat' dir='ltr'><strong>per</strong></span> <span class='ocrx_word' id='word_1_592' title='bbox 2831 3919 3069 3975; x_wconf 89' lang='lat' dir='ltr'><strong>diutinos</strong></span> <span class='ocrx_word' id='word_1_593' title='bbox 3091 3917 3373 3974; x_wconf 87' lang='lat' dir='ltr'><strong>anfractus</strong></span> 
     </span>
    </p>
   </div>
   <div class='ocr_carea' id='block_1_86' title="bbox 1790 4008 3372 4085">
    <p class='ocr_par' dir='ltr' id='par_1_86' title="bbox 1790 4008 3372 4085">
     <span class='ocr_line' id='line_1_86' title="bbox 1790 4008 3372 4085; baseline -0.004 -14"><span class='ocrx_word' id='word_1_594' title='bbox 1790 4014 1967 4071; x_wconf 89' lang='lat' dir='ltr'><strong>locum</strong></span> <span class='ocrx_word' id='word_1_595' title='bbox 1993 4014 2334 4085; x_wconf 79' lang='lat' dir='ltr'><strong>designatum</strong></span> <span class='ocrx_word' id='word_1_596' title='bbox 2364 4012 2518 4076; x_wconf 91' lang='lat' dir='ltr'><strong>adiit,</strong></span> <span class='ocrx_word' id='word_1_597' title='bbox 2550 4019 2610 4067; x_wconf 88' lang='lat' dir='ltr'><strong>et</strong></span> <span class='ocrx_word' id='word_1_598' title='bbox 2641 4019 2803 4067; x_wconf 89' lang='lat' dir='ltr'><strong>nocte</strong></span> <span class='ocrx_word' id='word_1_599' title='bbox 2845 4019 3053 4068; x_wconf 61' lang='lat' dir='ltr'><strong>octava;</strong></span> <span class='ocrx_word' id='word_1_600' title='bbox 3098 4008 3372 4081; x_wconf 78' lang='lat' dir='ltr'><strong>apostolo-</strong></span> 
     </span>
    </p>
   </div>
   <div class='ocr_carea' id='block_1_87' title="bbox 1790 4099 3371 4168">
    <p class='ocr_par' dir='ltr' id='par_1_87' title="bbox 1790 4099 3371 4168">
     <span class='ocr_line' id='line_1_87' title="bbox 1790 4099 3371 4168; baseline -0.003 -8"><span class='ocrx_word' id='word_1_601' title='bbox 1790 4120 1912 4160; x_wconf 87' lang='lat' dir='ltr'><strong>rum</strong></span> <span class='ocrx_word' id='word_1_602' title='bbox 1938 4104 2176 4160; x_wconf 90' lang='lat' dir='ltr'><strong>secundo</strong></span> <span class='ocrx_word' id='word_1_603' title='bbox 2198 4102 2378 4158; x_wconf 85' lang='lat' dir='ltr'><strong>Nonas</strong></span> <span class='ocrx_word' id='word_1_604' title='bbox 2401 4100 2551 4168; x_wconf 86' lang='lat' dir='ltr'><strong>Julii,</strong></span> <span class='ocrx_word' id='word_1_605' title='bbox 2589 4102 2642 4157; x_wconf 91' lang='lat' dir='ltr'><strong>in</strong></span> <span class='ocrx_word' id='word_1_606' title='bbox 2661 4099 2975 4157; x_wconf 78' lang='lat' dir='ltr'><strong>basilicas.</strong></span> <span class='ocrx_word' id='word_1_607' title='bbox 3011 4099 3158 4157; x_wconf 88' lang='lat' dir='ltr'><strong>Petri</strong></span> <span class='ocrx_word' id='word_1_608' title='bbox 3186 4099 3371 4156; x_wconf 85' lang='lat' dir='ltr'><strong>fratri-</strong></span> 
     </span>
    </p>
   </div>
   <div class='ocr_carea' id='block_1_88' title="bbox 1790 4190 3373 4261">
    <p class='ocr_par' dir='ltr' id='par_1_88' title="bbox 1790 4190 3373 4261">
     <span class='ocr_line' id='line_1_88' title="bbox 1790 4190 3373 4261; baseline -0.003 -10"><span class='ocrx_word' id='word_1_609' title='bbox 1790 4193 1893 4251; x_wconf 89' lang='lat' dir='ltr'><strong>bus</strong></span> <span class='ocrx_word' id='word_1_610' title='bbox 1955 4202 2253 4250; x_wconf 88' lang='lat' dir='ltr'><strong>nocturuas</strong></span> <span class='ocrx_word' id='word_1_611' title='bbox 2311 4192 2495 4248; x_wconf 88' lang='lat' dir='ltr'><strong>laudes</strong></span> <span class='ocrx_word' id='word_1_612' title='bbox 2542 4190 2971 4257; x_wconf 83' lang='lat' dir='ltr'><strong>celebrantibus,</strong></span> <span class='ocrx_word' id='word_1_613' title='bbox 3029 4190 3373 4261; x_wconf 80' lang='lat' dir='ltr'><strong>primamque</strong></span> 
     </span>
    </p>
   </div>
   <div class='ocr_carea' id='block_1_89' title="bbox 1792 4280 3374 4356">
    <p class='ocr_par' dir='ltr' id='par_1_89' title="bbox 1792 4280 3374 4356">
     <span class='ocr_line' id='line_1_89' title="bbox 1792 4280 3374 4356; baseline -0.003 -14"><span class='ocrx_word' id='word_1_614' title='bbox 1792 4287 2079 4344; x_wconf 89' lang='lat' dir='ltr'><strong>lectionem</strong></span> <span class='ocrx_word' id='word_1_615' title='bbox 2111 4284 2732 4356; x_wconf 81' lang='lat' dir='ltr'><strong>lectorepronuntiante,</strong></span> <span class='ocrx_word' id='word_1_616' title='bbox 2762 4283 2991 4339; x_wconf 83' lang='lat' dir='ltr'><strong>horrore</strong></span> <span class='ocrx_word' id='word_1_617' title='bbox 3017 4296 3123 4337; x_wconf 91' lang='lat' dir='ltr'><strong>non</strong></span> <span class='ocrx_word' id='word_1_618' title='bbox 3156 4280 3374 4337; x_wconf 88' lang='lat' dir='ltr'><strong>modico</strong></span> 
     </span>
    </p>
   </div>
   <div class='ocr_carea' id='block_1_90' title="bbox 51 4372 3370 4462">
    <p class='ocr_par' dir='ltr' id='par_1_90' title="bbox 51 4372 3370 4462">
     <span class='ocr_line' id='line_1_90' title="bbox 51 4372 3370 4462; baseline -0.003 -23"><span class='ocrx_word' id='word_1_619' title='bbox 51 4401 304 4450; x_wconf 76' lang='lat' dir='ltr'><strong>rerans,</strong></span> <span class='ocrx_word' id='word_1_620' title='bbox 342 4372 589 4440; x_wconf 88' lang='lat' dir='ltr'><strong>animum</strong></span> <span class='ocrx_word' id='word_1_621' title='bbox 621 4394 682 4441; x_wconf 90' lang='lat' dir='ltr'><strong>ut</strong></span> <span class='ocrx_word' id='word_1_622' title='bbox 735 4400 924 4442; x_wconf 89' lang='lat' dir='ltr'><strong>arcum</strong></span> <span class='ocrx_word' id='word_1_623' title='bbox 967 4385 1156 4442; x_wconf 84' lang='lat' dir='ltr'><strong>habuit</strong></span> <span class='ocrx_word' id='word_1_624' title='bbox 1201 4394 1506 4453; x_wconf 85' lang='lat' dir='ltr'><strong>extentum,</strong></span> <span class='ocrx_word' id='word_1_625' title='bbox 1558 4401 1689 4456; x_wconf 88' lang='lat' dir='ltr'><strong>qua-</strong></span> <span class='ocrx_word' id='word_1_626' title='bbox 1714 4400 1766 4462; x_wconf 77' lang='lat' dir='ltr'><strong>D</strong></span> <span class='ocrx_word' id='word_1_627' title='bbox 1791 4376 2158 4436; x_wconf 87' lang='lat' dir='ltr'><strong>circumfusus</strong></span> <span class='ocrx_word' id='word_1_628' title='bbox 2179 4377 2427 4448; x_wconf 88' lang='lat' dir='ltr'><strong>protinus</strong></span> <span class='ocrx_word' id='word_1_629' title='bbox 2447 4375 2665 4443; x_wconf 85' lang='lat' dir='ltr'><strong>cecidit,</strong></span> <span class='ocrx_word' id='word_1_630' title='bbox 2716 4376 3010 4444; x_wconf 84' lang='lat' dir='ltr'><strong>statimque</strong></span> <span class='ocrx_word' id='word_1_631' title='bbox 3040 4372 3249 4431; x_wconf 90' lang='lat' dir='ltr'><strong>ferreus</strong></span> <span class='ocrx_word' id='word_1_632' title='bbox 3270 4388 3370 4428; x_wconf 90' lang='lat' dir='ltr'><strong>ne-</strong></span> 
     </span>
    </p>
   </div>
   <div class='ocr_carea' id='block_1_91' title="bbox 51 4480 1680 4557">
    <p class='ocr_par' dir='ltr' id='par_1_91' title="bbox 51 4480 1680 4557">
     <span class='ocr_line' id='line_1_91' title="bbox 51 4480 1680 4557; baseline 0.001 -22"><span class='ocrx_word' id='word_1_633' title='bbox 51 4482 231 4536; x_wconf 63' lang='lat' dir='ltr'><strong>bulis</strong></span> <span class='ocrx_word' id='word_1_634' title='bbox 261 4480 584 4549; x_wconf 66' lang='lat' dir='ltr'><strong>saepissime</strong></span> <span class='ocrx_word' id='word_1_635' title='bbox 615 4482 838 4545; x_wconf 87' lang='lat' dir='ltr'><strong>humum</strong></span> <span class='ocrx_word' id='word_1_636' title='bbox 869 4480 1123 4553; x_wconf 84' lang='lat' dir='ltr'><strong>lacrymis</strong></span> <span class='ocrx_word' id='word_1_637' title='bbox 1153 4495 1334 4549; x_wconf 78' lang='lat' dir='ltr'><strong>rigans</strong></span> <span class='ocrx_word' id='word_1_638' title='bbox 1379 4492 1680 4557; x_wconf 81' lang='lat' dir='ltr'><strong>mereretur</strong></span> 
     </span>
    </p>
   </div>
   <div class='ocr_carea' id='block_1_92' title="bbox 51 4569 1682 4642">
    <p class='ocr_par' dir='ltr' id='par_1_92' title="bbox 51 4569 1682 4642">
     <span class='ocr_line' id='line_1_92' title="bbox 51 4569 1682 4642; baseline 0.002 -18"><span class='ocrx_word' id='word_1_639' title='bbox 51 4573 270 4627; x_wconf 59' lang='lat' dir='ltr'><strong>molire</strong></span> <span class='ocrx_word' id='word_1_640' title='bbox 300 4589 318 4626; x_wconf 89' lang='lat'><strong>:</strong></span> <span class='ocrx_word' id='word_1_641' title='bbox 350 4570 645 4626; x_wconf 79' lang='lat' dir='ltr'><strong>Dimistum</strong></span> <span class='ocrx_word' id='word_1_642' title='bbox 671 4580 745 4625; x_wconf 80' lang='lat' dir='ltr'><strong>est</strong></span> <span class='ocrx_word' id='word_1_643' title='bbox 775 4581 1044 4641; x_wconf 81' lang='lat' dir='ltr'><strong>peccatum</strong></span> <span class='ocrx_word' id='word_1_644' title='bbox 1073 4582 1243 4625; x_wconf 83' lang='lat' dir='ltr'><strong>tuum.</strong></span> <span class='ocrx_word' id='word_1_645' title='bbox 1273 4569 1517 4639; x_wconf 87' lang='lat' dir='ltr'><strong>Quadam</strong></span> <span class='ocrx_word' id='word_1_646' title='bbox 1548 4587 1682 4642; x_wconf 76' lang='lat' dir='ltr'><strong>ergo</strong></span> 
     </span>
    </p>
   </div>
   <div class='ocr_carea' id='block_1_93' title="bbox 51 4661 1679 4735">
    <p class='ocr_par' dir='ltr' id='par_1_93' title="bbox 51 4661 1679 4735">
     <span class='ocr_line' id='line_1_93' title="bbox 51 4661 1679 4735; baseline 0.001 -20"><span class='ocrx_word' id='word_1_647' title='bbox 51 4662 134 4717; x_wconf 88' lang='lat' dir='ltr'><strong>lie</strong></span> <span class='ocrx_word' id='word_1_648' title='bbox 165 4679 327 4717; x_wconf 86' lang='lat' dir='ltr'><strong>cum</strong></span> <span class='ocrx_word' id='word_1_649' title='bbox 372 4661 598 4735; x_wconf 83' lang='lat' dir='ltr'><strong>synaxis</strong></span> <span class='ocrx_word' id='word_1_650' title='bbox 627 4663 775 4718; x_wconf 64' lang='lat' dir='ltr'><strong>horae</strong></span> <span class='ocrx_word' id='word_1_651' title='bbox 806 4661 1031 4716; x_wconf 73' lang='lat' dir='ltr'><strong>tertitea</strong></span> <span class='ocrx_word' id='word_1_652' title='bbox 1061 4661 1321 4717; x_wconf 86' lang='lat' dir='ltr'><strong>fratribus</strong></span> <span class='ocrx_word' id='word_1_653' title='bbox 1340 4669 1679 4727; x_wconf 88' lang='lat' dir='ltr'><strong>cantaretur,</strong></span> 
     </span>
    </p>
   </div>
   <div class='ocr_carea' id='block_1_94' title="bbox 51 4752 1681 4825">
    <p class='ocr_par' dir='ltr' id='par_1_94' title="bbox 51 4752 1681 4825">
     <span class='ocr_line' id='line_1_94' title="bbox 51 4752 1681 4825; baseline 0.002 -19"><span class='ocrx_word' id='word_1_654' title='bbox 51 4764 437 4810; x_wconf 69' lang='lat' dir='ltr'><strong>uestiat-atus</strong></span> <span class='ocrx_word' id='word_1_655' title='bbox 473 4754 646 4810; x_wconf 86' lang='lat' dir='ltr'><strong>frater</strong></span> <span class='ocrx_word' id='word_1_656' title='bbox 663 4754 820 4824; x_wconf 83' lang='lat' dir='ltr'><strong>juxta</strong></span> <span class='ocrx_word' id='word_1_657' title='bbox 849 4752 1021 4808; x_wconf 87' lang='lat' dir='ltr'><strong>altare</strong></span> <span class='ocrx_word' id='word_1_658' title='bbox 1047 4752 1192 4825; x_wconf 84' lang='lat' dir='ltr'><strong>quod</strong></span> <span class='ocrx_word' id='word_1_659' title='bbox 1216 4752 1268 4808; x_wconf 91' lang='lat' dir='ltr'><strong>in</strong></span> <span class='ocrx_word' id='word_1_660' title='bbox 1295 4753 1471 4807; x_wconf 85' lang='lat' dir='ltr'><strong>media</strong></span> <span class='ocrx_word' id='word_1_661' title='bbox 1499 4752 1681 4810; x_wconf 81' lang='lat' dir='ltr'><strong>eccle-</strong></span> 
     </span>
    </p>
   </div>
   <div class='ocr_carea' id='block_1_95' title="bbox 52 4842 1684 4916">
    <p class='ocr_par' dir='ltr' id='par_1_95' title="bbox 52 4842 1684 4916">
     <span class='ocr_line' id='line_1_95' title="bbox 52 4842 1684 4916; baseline 0.001 -16"><span class='ocrx_word' id='word_1_662' title='bbox 52 4845 121 4900; x_wconf 85' lang='lat' dir='ltr'><strong>ia</strong></span> <span class='ocrx_word' id='word_1_663' title='bbox 157 4845 370 4902; x_wconf 81' lang='lat' dir='ltr'><strong>situm</strong></span> <span class='ocrx_word' id='word_1_664' title='bbox 411 4855 518 4908; x_wconf 86' lang='lat' dir='ltr'><strong>est.</strong></span> <span class='ocrx_word' id='word_1_665' title='bbox 566 4845 660 4902; x_wconf 89' lang='lat' dir='ltr'><strong>ubi</strong></span> <span class='ocrx_word' id='word_1_666' title='bbox 709 4856 1041 4903; x_wconf 82' lang='lat' dir='ltr'><strong>venerantur</strong></span> <span class='ocrx_word' id='word_1_667' title='bbox 1096 4842 1339 4916; x_wconf 70' lang='lat' dir='ltr'><strong>reliquie:</strong></span> <span class='ocrx_word' id='word_1_668' title='bbox 1389 4843 1684 4902; x_wconf 65' lang='lat' dir='ltr'><strong>Dominica</strong></span> 
     </span>
    </p>
   </div>
   <div class='ocr_carea' id='block_1_96' title="bbox 98 5042 1648 5127">
    <p class='ocr_par' dir='ltr' id='par_1_96' title="bbox 98 5042 1648 5127">
     <span class='ocr_line' id='line_1_96' title="bbox 98 5042 1648 5127; baseline -0.003 0"><span class='ocrx_word' id='word_1_669' title='bbox 98 5042 258 5127; x_wconf 64' lang='grc' dir='ltr'><strong>(ἓξ)</strong></span> <span class='ocrx_word' id='word_1_670' title='bbox 294 5042 391 5127; x_wconf 59' lang='lat' dir='ltr'><strong>E.‘</strong></span> <span class='ocrx_word' id='word_1_671' title='bbox 425 5042 1002 5127; x_wconf 54' lang='lat' dir='ltr'><strong>&#39;““‘l“°.A&quot;°.“Y.&#39;.&#39;!°°.</strong></span> <span class='ocrx_word' id='word_1_672' title='bbox 1185 5120 1199 5127; x_wconf 84' lang='lat'><strong>-</strong></span> <span class='ocrx_word' id='word_1_673' title='bbox 1367 5124 1383 5127; x_wconf 83' lang='lat'><strong><em>_</em></strong></span> <span class='ocrx_word' id='word_1_674' title='bbox 1622 5109 1648 5127; x_wconf 25' lang='grc' dir='ltr'><strong>ν.</strong></span> 
     </span>
    </p>
   </div>
   <div class='ocr_carea' id='block_1_97' title="bbox 99 5112 1685 5185">
    <p class='ocr_par' dir='ltr' id='par_1_97' title="bbox 99 5112 1685 5185">
     <span class='ocr_line' id='line_1_97' title="bbox 99 5112 1685 5185; baseline -0.001 -16"><span class='ocrx_word' id='word_1_675' title='bbox 99 5112 257 5185; x_wconf 76' lang='lat'><strong>(27)</strong></span> <span class='ocrx_word' id='word_1_676' title='bbox 305 5114 411 5169; x_wconf 86' lang='lat' dir='ltr'><strong>Sic</strong></span> <span class='ocrx_word' id='word_1_677' title='bbox 434 5112 638 5185; x_wconf 88' lang='lat' dir='ltr'><strong>passim</strong></span> <span class='ocrx_word' id='word_1_678' title='bbox 666 5112 956 5185; x_wconf 79' lang='lat' dir='ltr'><strong>homicidia</strong></span> <span class='ocrx_word' id='word_1_679' title='bbox 988 5112 1207 5185; x_wconf 85' lang='lat' dir='ltr'><strong>luebant</strong></span> <span class='ocrx_word' id='word_1_680' title='bbox 1240 5112 1685 5185; x_wconf 63' lang='lat' dir='ltr'><strong>illiu_s__temporis</strong></span> 
     </span>
    </p>
   </div>
   <div class='ocr_carea' id='block_1_98' title="bbox 56 5179 1682 5256">
    <p class='ocr_par' dir='ltr' id='par_1_98' title="bbox 56 5179 1682 5256">
     <span class='ocr_line' id='line_1_98' title="bbox 56 5179 1682 5256; baseline -0.003 -17"><span class='ocrx_word' id='word_1_681' title='bbox 56 5179 377 5255; x_wconf 69' lang='lat' dir='ltr'><strong>oiriiries;</strong></span> <span class='ocrx_word' id='word_1_682' title='bbox 405 5179 495 5238; x_wconf 83' lang='lat' dir='ltr'><strong>alii</strong></span> <span class='ocrx_word' id='word_1_683' title='bbox 532 5198 679 5255; x_wconf 15' lang='lat' dir='ltr'><strong>ivero</strong></span> <span class='ocrx_word' id='word_1_684' title='bbox 725 5184 859 5255; x_wconf 82' lang='lat' dir='ltr'><strong>dato</strong></span> <span class='ocrx_word' id='word_1_685' title='bbox 902 5183 1095 5255; x_wconf 88' lang='lat' dir='ltr'><strong>pretio,</strong></span> <span class='ocrx_word' id='word_1_686' title='bbox 1141 5185 1288 5249; x_wconf 87' lang='lat' dir='ltr'><strong>quod</strong></span> <span class='ocrx_word' id='word_1_687' title='bbox 1351 5179 1682 5256; x_wconf 76' lang='lat' dir='ltr'><strong>Wergildum</strong></span> 
     </span>
    </p>
   </div>
   <div class='ocr_carea' id='block_1_99' title="bbox 1788 4466 3438 4540">
    <p class='ocr_par' dir='ltr' id='par_1_99' title="bbox 1788 4466 3438 4540">
     <span class='ocr_line' id='line_1_99' title="bbox 1788 4466 3438 4540; baseline -0.005 -11"><span class='ocrx_word' id='word_1_688' title='bbox 1788 4489 1888 4530; x_wconf 77' lang='lat' dir='ltr'><strong>itus</strong></span> <span class='ocrx_word' id='word_1_689' title='bbox 1915 4471 2247 4535; x_wconf 78' lang='lat' dir='ltr'><strong>confractus,</strong></span> <span class='ocrx_word' id='word_1_690' title='bbox 2273 4468 2599 4540; x_wconf 75' lang='lat' dir='ltr'><strong>longiusque</strong></span> <span class='ocrx_word' id='word_1_691' title='bbox 2631 4482 2663 4524; x_wconf 87' lang='lat' dir='ltr'><strong>c</strong></span> <span class='ocrx_word' id='word_1_692' title='bbox 2682 4467 2913 4525; x_wconf 86' lang='lat' dir='ltr'><strong>brachio</strong></span> <span class='ocrx_word' id='word_1_693' title='bbox 2952 4466 3239 4539; x_wconf 88' lang='lat' dir='ltr'><strong>propulsus</strong></span> <span class='ocrx_word' id='word_1_694' title='bbox 3263 4474 3370 4522; x_wconf 87' lang='lat' dir='ltr'><strong>est.</strong></span> <span class='ocrx_word' id='word_1_695' title='bbox 3428 4516 3438 4527; x_wconf 82' lang='lat'><strong>,</strong></span> 
     </span>
    </p>
   </div>
   <div class='ocr_carea' id='block_1_100' title="bbox 1785 4556 3375 4632">
    <p class='ocr_par' dir='ltr' id='par_1_100' title="bbox 1785 4556 3375 4632">
     <span class='ocr_line' id='line_1_100' title="bbox 1785 4556 3375 4632; baseline -0.003 -17"><span class='ocrx_word' id='word_1_696' title='bbox 1785 4563 1957 4632; x_wconf 84' lang='lat' dir='ltr'><strong>Quem</strong></span> <span class='ocrx_word' id='word_1_697' title='bbox 1987 4561 2212 4617; x_wconf 80' lang='lat' dir='ltr'><strong>vocibus</strong></span> <span class='ocrx_word' id='word_1_698' title='bbox 2236 4558 2684 4631; x_wconf 78' lang='lat' dir='ltr'><strong>laerymabilibus</strong></span> <span class='ocrx_word' id='word_1_699' title='bbox 2708 4559 2819 4614; x_wconf 87' lang='lat' dir='ltr'><strong>Deo</strong></span> <span class='ocrx_word' id='word_1_700' title='bbox 2844 4567 2899 4614; x_wconf 92' lang='lat' dir='ltr'><strong>et</strong></span> <span class='ocrx_word' id='word_1_701' title='bbox 2934 4566 3126 4614; x_wconf 90' lang='lat' dir='ltr'><strong>sancto</strong></span> <span class='ocrx_word' id='word_1_702' title='bbox 3148 4556 3375 4612; x_wconf 85' lang='lat' dir='ltr'><strong>Bertiuo</strong></span> 
     </span>
    </p>
   </div>
   <div class='ocr_carea' id='block_1_101' title="bbox 1785 4646 3374 4725">
    <p class='ocr_par' dir='ltr' id='par_1_101' title="bbox 1785 4646 3374 4725">
     <span class='ocr_line' id='line_1_101' title="bbox 1785 4646 3374 4725; baseline -0.005 -18"><span class='ocrx_word' id='word_1_703' title='bbox 1785 4653 1987 4725; x_wconf 72' lang='lat' dir='ltr'><strong>gratias</strong></span> <span class='ocrx_word' id='word_1_704' title='bbox 2014 4650 2338 4706; x_wconf 83' lang='lat' dir='ltr'><strong>referentem</strong></span> <span class='ocrx_word' id='word_1_705' title='bbox 2370 4649 2568 4705; x_wconf 88' lang='lat' dir='ltr'><strong>fratres</strong></span> <span class='ocrx_word' id='word_1_706' title='bbox 2596 4664 2627 4704; x_wconf 94' lang='lat' dir='ltr'><strong>a</strong></span> <span class='ocrx_word' id='word_1_707' title='bbox 2657 4657 2801 4704; x_wconf 87' lang='lat' dir='ltr'><strong>terra</strong></span> <span class='ocrx_word' id='word_1_708' title='bbox 2828 4648 3164 4711; x_wconf 87' lang='lat' dir='ltr'><strong>levaverunt,</strong></span> <span class='ocrx_word' id='word_1_709' title='bbox 3209 4646 3374 4705; x_wconf 89' lang='lat' dir='ltr'><strong>simul</strong></span> 
     </span>
    </p>
   </div>
   <div class='ocr_carea' id='block_1_102' title="bbox 1784 4736 3377 4813">
    <p class='ocr_par' dir='ltr' id='par_1_102' title="bbox 1784 4736 3377 4813">
     <span class='ocr_line' id='line_1_102' title="bbox 1784 4736 3377 4813; baseline -0.005 -14"><span class='ocrx_word' id='word_1_710' title='bbox 1784 4742 1950 4800; x_wconf 91' lang='lat' dir='ltr'><strong>etiam</strong></span> <span class='ocrx_word' id='word_1_711' title='bbox 1980 4742 2083 4813; x_wconf 91' lang='lat' dir='ltr'><strong>ipsi</strong></span> <span class='ocrx_word' id='word_1_712' title='bbox 2108 4739 2321 4796; x_wconf 87' lang='lat' dir='ltr'><strong>auctori</strong></span> <span class='ocrx_word' id='word_1_713' title='bbox 2348 4740 2459 4795; x_wconf 89' lang='lat' dir='ltr'><strong>Deo</strong></span> <span class='ocrx_word' id='word_1_714' title='bbox 2486 4748 2544 4794; x_wconf 90' lang='lat' dir='ltr'><strong>et</strong></span> <span class='ocrx_word' id='word_1_715' title='bbox 2569 4748 2803 4809; x_wconf 83' lang='lat' dir='ltr'><strong>patrono</strong></span> <span class='ocrx_word' id='word_1_716' title='bbox 2830 4753 2931 4795; x_wconf 91' lang='lat' dir='ltr'><strong>suo</strong></span> <span class='ocrx_word' id='word_1_717' title='bbox 2957 4736 3184 4794; x_wconf 87' lang='lat' dir='ltr'><strong>Bertino</strong></span> <span class='ocrx_word' id='word_1_718' title='bbox 3222 4736 3377 4793; x_wconf 85' lang='lat' dir='ltr'><strong>debi-</strong></span> 
     </span>
    </p>
   </div>
   <div class='ocr_carea' id='block_1_103' title="bbox 1785 4829 2748 4914">
    <p class='ocr_par' dir='ltr' id='par_1_103' title="bbox 1785 4829 2748 4914">
     <span class='ocr_line' id='line_1_103' title="bbox 1785 4829 2748 4914; baseline -0.004 -24"><span class='ocrx_word' id='word_1_719' title='bbox 1785 4842 1871 4891; x_wconf 88' lang='lat' dir='ltr'><strong>tas</strong></span> <span class='ocrx_word' id='word_1_720' title='bbox 1894 4841 2078 4906; x_wconf 72' lang='lat' dir='ltr'><strong>grates</strong></span> <span class='ocrx_word' id='word_1_721' title='bbox 2107 4831 2405 4914; x_wconf 69' lang='lat' dir='ltr'><strong>laudesque</strong></span> <span class='ocrx_word' id='word_1_722' title='bbox 2424 4829 2748 4889; x_wconf 84' lang='lat' dir='ltr'><strong>referentes.</strong></span> 
     </span>
    </p>
   </div>
   <div class='ocr_carea' id='block_1_104' title="bbox 1788 5031 3379 5107">
    <p class='ocr_par' dir='ltr' id='par_1_104' title="bbox 1788 5031 3379 5107">
     <span class='ocr_line' id='line_1_104' title="bbox 1788 5031 3379 5107; baseline -0.006 -16"><span class='ocrx_word' id='word_1_723' title='bbox 1788 5036 1955 5107; x_wconf 75' lang='lat' dir='ltr'><strong>fratre</strong></span> <span class='ocrx_word' id='word_1_724' title='bbox 1975 5051 2094 5100; x_wconf 84' lang='lat' dir='ltr'><strong>suo,</strong></span> <span class='ocrx_word' id='word_1_725' title='bbox 2121 5033 2214 5107; x_wconf 87' lang='lat' dir='ltr'><strong>qui</strong></span> <span class='ocrx_word' id='word_1_726' title='bbox 2235 5031 2526 5107; x_wconf 77' lang='lat' dir='ltr'><strong>quemdam</strong></span> <span class='ocrx_word' id='word_1_727' title='bbox 2554 5031 2781 5107; x_wconf 59' lang='lat' dir='ltr'><strong>socium</strong></span> <span class='ocrx_word' id='word_1_728' title='bbox 2799 5046 2958 5107; x_wconf 82' lang='lat' dir='ltr'><strong>suu_m__</strong></span> <span class='ocrx_word' id='word_1_729' title='bbox 2996 5031 3294 5107; x_wconf 78' lang='lat' dir='ltr'><strong>occiderat,</strong></span> <span class='ocrx_word' id='word_1_730' title='bbox 3320 5038 3379 5107; x_wconf 71' lang='lat' dir='ltr'><strong>et</strong></span> 
     </span>
    </p>
   </div>
   <div class='ocr_carea' id='block_1_105' title="bbox 1787 5099 3377 5175">
    <p class='ocr_par' dir='ltr' id='par_1_105' title="bbox 1787 5099 3377 5175">
     <span class='ocr_line' id='line_1_105' title="bbox 1787 5099 3377 5175; baseline -0.008 -14"><span class='ocrx_word' id='word_1_731' title='bbox 1787 5099 1845 5161; x_wconf 63' lang='lat' dir='ltr'><strong>ut</strong></span> <span class='ocrx_word' id='word_1_732' title='bbox 1866 5106 1915 5160; x_wconf 81' lang='lat' dir='ltr'><strong>ei</strong></span> <span class='ocrx_word' id='word_1_733' title='bbox 1934 5099 2166 5161; x_wconf 70' lang='lat' dir='ltr'><strong>membri:</strong></span> <span class='ocrx_word' id='word_1_734' title='bbox 2186 5099 2562 5175; x_wconf 69' lang='lat' dir='ltr'><strong>perdouentur.</strong></span> <span class='ocrx_word' id='word_1_735' title='bbox 2590 5103 2658 5175; x_wconf 73' lang='lat' dir='ltr'><strong>Et</strong></span> <span class='ocrx_word' id='word_1_736' title='bbox 2698 5101 2857 5172; x_wconf 87' lang='lat' dir='ltr'><strong>epist.</strong></span> <span class='ocrx_word' id='word_1_737' title='bbox 2890 5101 2963 5158; x_wconf 73' lang='lat'><strong>25</strong></span> <span class='ocrx_word' id='word_1_738' title='bbox 3012 5117 3114 5172; x_wconf 88' lang='lat' dir='ltr'><strong>pro</strong></span> <span class='ocrx_word' id='word_1_739' title='bbox 3143 5101 3256 5175; x_wconf 74' lang='lat' dir='ltr'><strong>alio</strong></span> <span class='ocrx_word' id='word_1_740' title='bbox 3276 5099 3377 5175; x_wconf 81' lang='lat' dir='ltr'><strong>qni</strong></span> 
     </span>
    </p>
   </div>
   <div class='ocr_carea' id='block_1_106' title="bbox 1787 5167 3381 5256">
    <p class='ocr_par' dir='ltr' id='par_1_106' title="bbox 1787 5167 3381 5256">
     <span class='ocr_line' id='line_1_106' title="bbox 1787 5167 3381 5256; baseline -0.005 -24"><span class='ocrx_word' id='word_1_741' title='bbox 1787 5176 1977 5256; x_wconf 77' lang='lat' dir='ltr'><strong>eodem</strong></span> <span class='ocrx_word' id='word_1_742' title='bbox 2003 5192 2064 5232; x_wconf 92' lang='lat' dir='ltr'><strong>se</strong></span> <span class='ocrx_word' id='word_1_743' title='bbox 2096 5167 2382 5256; x_wconf 66' lang='lat' dir='ltr'><strong>receperat</strong></span> <span class='ocrx_word' id='word_1_744' title='bbox 2404 5171 2700 5256; x_wconf 66' lang='lat' dir='ltr'><strong>homicidio</strong></span> <span class='ocrx_word' id='word_1_745' title='bbox 2729 5167 3062 5242; x_wconf 79' lang='lat' dir='ltr'><strong>perpetrato.</strong></span> <span class='ocrx_word' id='word_1_746' title='bbox 3087 5181 3144 5256; x_wconf 60' lang='lat' dir='ltr'><strong>ut</strong></span> <span class='ocrx_word' id='word_1_747' title='bbox 3166 5167 3381 5256; x_wconf 54' lang='lat' dir='ltr'><strong>iuduffg</strong></span> 
     </span>
    </p>
   </div>
  </div>
