3960 5320
569 293 706 351 “03

707 407 837 463 CAP.
872 405 939 462 V.
969 405 1047 462 De
1077 406 1308 478 quadam
1357 405 1530 476 puella
1560 417 1829 461 contraria
1866 409 2002 479 (‘28).

636 499 818 555 Puella
840 501 1086 570 quaedam
1102 499 1169 556 de
1181 499 1382 554 familia
1408 499 1777 568 ipsiussaneti,
1794 502 1860 555 de
1873 503 2150 557 territorio

564 601 874 662 nuncupato
931 591 1310 663 Meilingasele,
1349 607 1378 646 a
1405 592 1662 662 primaevo
1695 603 1937 663 tempore
1975 593 2149 649 otilrio

564 682 876 739 ambulandi
914 682 1129 753 penitus
1178 682 1413 752 privata,
1447 681 1519 736 ita
1561 690 1619 736 ut
1667 683 1754 736 vix
1789 683 2038 737 manibus
2067 697 2146 739 re-

561 774 739 845 pendo
767 773 944 844 spatia
999 773 1310 828 necessaria
1362 772 1465 827 sibi
1517 772 1766 828 manibus
1816 781 2147 843 permearet.

561 862 756 918 octavo
784 863 1053 919 Kalendas
1097 862 1226 916 Julii
1275 864 1728 918 concurrentibus
1775 864 1976 918 nostris
2020 881 2145 934 pru-

562 956 886 1012 vincialihus
929 969 1081 1010 more
1133 954 1375 1025 regionis
1411 955 1479 1009 ad
1515 953 1871 1009 festivitatem
1920 955 2147 1012 Joannis

560 1049 837 1118 Baptism,
889 1049 1004 1118 ipsa
1055 1063 1272 1120 quoque
1335 1047 1668 1103 adminiculo
1712 1049 2146 1104 necessariorum

559 1143 692 1196 fulta
725 1141 994 1197 interfuit.
1022 1142 1090 1197 Et
1141 1157 1266 1199 cum
1301 1143 1516 1212 signum
1563 1141 1885 1212 vespertina:
1926 1141 2147 1213 synaxis

550 1235 664 1304 jam
696 1237 911 1290 tertium
939 1244 1180 1299 sonaret,
1206 1234 1321 1304 ipsa
1353 1233 1541 1304 procul
1567 1235 1635 1289 ab
1675 1234 1914 1289 Ecclesia
1937 1249 2144 1303 quous-

558 1341 662 1397 que
689 1327 1010 1382 feminarum
1039 1341 1291 1382 accessus
1328 1327 1509 1384 licitus
1548 1335 1655 1393 est,
1701 1341 1821 1382 sese
1845 1327 1897 1381 in
1940 1334 2142 1382 terram

559 1421 725 1484 dedit,
756 1427 810 1474 et
845 1419 1275 1490 omnipotentem
1306 1420 1592 1475 Dominum
1623 1436 1719 1490 per
1747 1421 1888 1475 beati
1917 1421 2015 1475 viri
2052 1436 2146 1490 pa-

556 1510 850 1568 trocinium
891 1509 1170 1582 propitiari
1220 1512 1322 1568 sibi
1369 1511 1782 1582 deprecabatur.
1839 1513 2144 1584 Statimque

555 1607 782 1662 horrore
810 1620 1098 1672 concusso,
1128 1605 1383 1660 omnibus
1406 1605 1570 1675 carpit
1591 1606 1853 1661 membris
1883 1606 2143 1674 distendl,

554 1699 912 1767 protinusque
958 1707 1142 1766 erepta
1177 1697 1373 1767 pedum
1409 1697 1614 1768 recepit
1652 1695 1847 1762 ollicia,
1895 1697 2139 1753 Creatori

554 1803 655 1842 suo
683 1789 889 1858 gratias
911 1802 1095 1859 agens,
1128 1789 1220 1858 qni
1268 1804 1388 1843 eam
1441 1789 1652 1843 meritis
1699 1789 1871 1843 sancti
1927 1789 2140 1858 patroni

552 1880 635 1934 sui
661 1879 864 1936 Bertiui
892 1882 981 1936 diu
1005 1890 1204 1951 optata:
1227 1881 1458 1935 reddidit
1481 1881 1698 1936 sanitati
1735 1881 1868 1953 (29).

606 1992 751 2048 Car.
794 1992 880 2046 Vl.
926 1991 1080 2059 Quod
1115 1992 1450 2074 Fridogisus,
1493 1991 1729 2074 expulsis
1768 1995 2068 2060 monac/cis,

1068 2081 1349 2118 εακοηιευε
1380 2074 1630 2118 manum.

623 2155 786 2210 Multa
811 2158 1028 2226 quidem
1061 2165 1115 2211 et
1141 2155 1247 2210 alia
1273 2156 1424 2227 signa
1462 2155 1592 2212 fecit
1619 2156 1778 2216 .lesus
1807 2174 1905 2229 per
1949 2162 2140 2220 merita

549 2239 882 2304 confessoris
926 2249 1007 2304 sui
1059 2247 1296 2312 Bertini,
1351 2264 1473 2319 qua:
1522 2265 1626 2304 non
1667 2261 1794 2306 sunt
1833 2253 2036 2323 scripta
2085 2255 2138 2310 in

552 2338 694 2396 libro
741 2340 863 2395 hoc.
910 2340 1090 2406 Quare
1135 2348 1314 2393 autem
1355 2340 1717 2410 praatermissa
1758 2353 1884 2397 sunt
1921 2345 2008 2416 vel
2047 2360 2141 2400 ne-

530 2431 748 2501 .glecta,
775 2432 1112 2500 ignoramus,
1141 2429 1242 2485 nisi
1272 2430 1410 2485 forte
1445 2439 1666 2502 propter
1693 2431 1959 2489 incuriam
1997 2437 2138 2491 scri-

545 2531 787 2590 ptorum,
828 2521 910 2576 vel
953 2531 1176 2593 propter
1215 2521 1485 2576 maximas
1524 2525 1927 2591 persecutiones
1959 2537 2013 2582 et
2050 2529 2135 2582 in-

537 2613 925 2668 convenientia
971 2629 1092 2682 qua:
1135 2622 1262 2668 tunc
1318 2614 1578 2683 temporis
1607 2625 1794 2670 sancta
1825 2628 2001 2671 mater
2031 2619 2136 2673 Ec-

547 2704 734 2768 clesia,
766 2714 823 2758 et
853 2705 1091 2759 maxime
1136 2705 1188 2758 in
1237 2705 1340 2760 isto
1378 2704 1496 2761 loco
1527 2722 1684 2776 passa
1723 2717 1825 2762 est.
1863 2709 1905 2763 Ε
1942 2711 2138 2778 quibus

545 2795 798 2852 omnibus
822 2810 989 2848 unum
1014 2795 1187 2850 solum
1223 2795 1622 2851 incommodum
1657 2814 1750 2852 seu
1782 2797 2138 2856 infortunium

547 2889 613 2942 ad
645 2895 988 2957 posterorum
1017 2885 1334 2941 memoriam
1363 2885 1450 2941 hic
1483 2887 1732 2942 duximus
1763 2890 2132 2945 inserendum.

543 2975 794 3035 Glorioso
842 2977 1010 3048 igitur
1050 2975 1376 3045 imperatore
1423 2976 1696 3032 Ludovico
1737 2977 1917 3036 Caroli
1960 2979 2135 3050 Magni

546 3078 709 3138 atque
742 3065 1087 3137 imperatoris
1125 3065 1236 3120 lilio
1273 3075 1529 3136 regnante
1551 3105 1567 3133 ,
1599 3082 1721 3122 cum
1766 3077 1991 3123 eatenus
2034 3071 2135 3127 hoc
2163 3103 2204 3160 ρ

544 3157 829 3228 antiquum
851 3166 906 3210 et
935 3163 1064 3210 tunc
1095 3154 1278 3226 regale
1303 3156 1611 3211 coenobium
1641 3171 1706 3210 ex
1743 3165 1985 3228 tempore
2008 3160 2136 3214 bea-

544 3249 742 3303 tissimi
780 3247 985 3301 Bertini
1029 3247 1269 3316 ejusdem
1323 3246 1628 3301 fundatoris
1674 3249 1932 3318 praecipui
1980 3265 2133 3306 sacra

544 3336 836 3391 monastici
862 3336 1072 3391 ordinis
1098 3335 1358 3406 religione
1386 3336 1677 3391 admodum
1715 3337 2132 3409 nobilitarctur,

541 3417 710 3498 atque
762 3427 1060 3482 secundum
1133 3426 1379 3482 instituta
1436 3443 1702 3484 canonum
1751 3429 1986 3486 fratrum
2041 3434 2135 3490 ad-

543 3519 767 3588 optione
795 3518 964 3589 ipsius
993 3519 1232 3589 regimen
1261 3522 1754 3590 commendaretur,
1803 3526 2030 3598 contigit
2073 3539 2134 3583 ut

543 3612 763 3681 quidam
791 3611 1106 3682 Fridogisus
1148 3611 1260 3682 (50)
1289 3627 1490 3683 genere
1530 3614 1734 3684 Anglus
1767 3626 1822 3672 et
1857 3620 2028 3676 abbas
2072 3622 2132 3677 S.

546 3701 762 3755 Martini
800 3700 1036 3755 Turonis
1082 3716 1228 3756 anno
1281 3699 1442 3757 Verbi
1485 3704 1756 3760 incarnati
1797 3709 2135 3780 octingente-

542 3795 682 3848 simo
711 3795 1005 3866 vigesimo,
1035 3803 1091 3849 et
1120 3794 1328 3864 praefati
1373 3797 1516 3867 regis
1559 3797 1820 3860 Ludovici
1858 3805 2092 3874 septimo
2113 3848 2128 3873 ,

541 3885 815 3940 abhatiam
860 3885 1148 3940 Sithieusis
1177 3886 1412 3942 ρωποι)ἱί
1443 3888 1591 3959 regia
1619 3890 1912 3949 donatione
1949 3898 2126 3952 susci-

542 3984 694 4043 peret
715 3975 1145 4044 gubernandam.
1167 3975 1268 4042 Qui
1293 3977 1346 4031 in
1371 3977 1523 4033 initio
1538 3981 1844 4050 tyrannidis
1868 3999 1979 4040 sua:
2005 4003 2128 4042 cum

541 4067 1076 4122 cerneretabbatiam
1107 4067 1417 4123 universam
1439 4078 1519 4124 tot
1534 4073 1925 4130 monachorum
1945 4079 2131 4136 usibus

540 4162 864 4230 detegatam,
908 4167 1097 4228 utputa
1129 4169 1347 4213 centum
1394 4169 1448 4216 et
1479 4162 1696 4234 triginta
1737 4169 2127 4224 monachorum

540 4252 684 4305 inter
713 4259 942 4320 utraque
962 4251 1294 4306 monaSteria
1329 4251 1388 4306 S.
1409 4251 2130 4332 Bertiniscilicetsanctiqne

537 4339 835 4396 Audomari
880 4341 1218 4410 degentium,
1250 4342 1490 4411 nihilque
1526 4359 1745 4401 suarum
1793 4349 2125 4419 voluptatum

1621 293 1957 352 FOLCARDI
2011 293 2314 351 MONSCHI
2357 291 2780 351 SlTlilVENSlS

2174 416 2220 474 Α
2249 406 2315 462 de
2367 407 2701 462 monasterio
2735 406 3012 477 expellens
3040 407 3192 463 abire
3225 409 3499 478 permisit.
3541 409 3599 464 In
3638 412 3698 465 S.
3732 417 3831 468 An-

3711 296 3830 350 HM

2252 497 2460 554 domari
2492 499 2604 571 (3i)
2633 513 2848 569 quoque
2883 501 3246 568 monasterio,
3273 502 3367 558 ubi
3400 504 3734 573 regulariter
3759 509 3828 560 vi.

2253 603 2439 649 ventes
2464 593 2690 648 aderant
2713 595 3070 665 quadraginta
3100 597 3353 650 monachi
3379 638 3393 662 ,
3422 598 3649 668 triginta
3687 617 3835 654 cano.

2251 686 2403 740 uicos
2434 686 2631 740 ibidem
2660 687 2728 740 ad
2760 687 3103 742 serviendum
3136 689 3423 758 deputavit
3457 691 3516 745 in
3549 693 3838 748 ministerio

2249 774 2472 832 Christi.
2503 777 2572 830 At
2603 778 2841 846 posthaec
2873 778 3041 833 totius
3072 779 3306 834 abbatiaa
3341 781 3630 837 circuiens
3660 783 3835 840 villas.

2249 873 2306 920 et
2330 869 2453 936 quia
2482 866 2675 937 duplex
2712 869 2963 924 exstabat
2992 870 3386 925 monachorum
3422 887 3720 935 numerus,
3750 874 3834 924 du—

2247 955 2391 1026 plam
2417 958 2498 1012 eis
2539 959 2840 1026 portionem
2871 959 3120 1014 villarum
3150 969 3233 1016 est
3266 961 3533 1032 largitus;
3573 965 3840 1016 canonicis

2250 1056 2429 1102 autem
2461 1050 2586 1119 quia
2627 1051 2911 1120 pauciores
2939 1062 3093 1106 erant
3126 1067 3357 1108 numero
3409 1053 3613 1117 simpla
3661 1065 3834 1108 eorum

2249 1140 2547 1196 monachos
2578 1151 2661 1196 est
2686 1143 2808 1196 data
2839 1144 3014 1213 portio
3043 1160 3056 1197 :
3087 1144 3202 1214 ipse
3229 1160 3292 1198 ea
3317 1161 3445 1214 quae
3470 1144 3577 1200 sibi
3615 1145 3838 1198 maxime

2247 1232 2586 1301 placuerunt,
2615 1235 2681 1288 ad
2733 1251 2845 1290 sua:
2887 1237 3263 1305 perversitatis
3311 1253 3474 1291 usum
3525 1240 3834 1292 reservaviz.

2248 1323 2314 1378 Et
2343 1324 2468 1394 quia
2500 1325 2794 1380 canonicus
2823 1337 2975 1392 erat,
3002 1342 3124 1381 cum
3155 1327 3445 1382 canonicis
3476 1327 3537 1380 in
3569 1327 3632 1380 S.
3663 1327 3833 1380 Audo-

2229 1415 2382 1468 -mari
2409 1415 2740 1470 monasterio
2761 1417 3095 1472 smculariter
3117 1417 3356 1472 vivebat.
3378 1418 3528 1483 Quid
3553 1417 3676 1487 plus
3697 1418 3840 1485 hujus

2248 1509 2460 1564 abbatis
2488 1509 2721 1565 referam
2753 1512 3080 1580 versutiam,
3120 1528 3244 1566 cum
3283 1511 3476 1567 veraci
3519 1526 3736 1582 possem
3765 1511 3832 1562 fa~

2247 1599 2393 1653 mine
2421 1601 2606 1657 dicere
2638 1601 2782 1656 hunc
2824 1602 3058 1672 primum
3103 1605 3205 1659 loci
3248 1603 3413 1672 hujus
3460 1619 3656 1659 casum
3683 1605 3835 1658 exsti-

2249 1689 2411 1743 tisse?
2447 1690 2534 1744 hic
2567 1691 2732 1746 etiam
2779 1693 3075 1745 secundum
3109 1690 3415 1748 veridicam
3440 1692 3715 1746 Veritatis
3755 1709 3836 1745 vo-

2245 1792 2361 1832 cem
2376 1793 2498 1833 cum
2511 1779 2602 1835 alii
2627 1779 2984 1845 laborassent,
3011 1781 3062 1835 iu
3093 1781 3310 1837 labores
3339 1797 3543 1838 eorum
3575 1781 3833 1842 introivit;

2244 1887 2345 1928 nec
2370 1872 2541 1928 solum
2582 1875 2845 1939 introivit,
2872 1876 2966 1929 sed
2995 1876 3158 1931 etiam
3181 1890 3304 1945 quae
3323 1874 3740 1942 laboraverant,
3767 1888 3833 1929 tc-

2243 1966 2477 2021 meraria
2508 1968 2926 2038 praesumptione
2947 1969 3235 2024 destruxit.
3263 1969 3363 2023 Hic
3389 1970 3571 2023 etiam
3601 1969 3833 2025 fraterna~

2243 2059 2530 2114 charitatis
2567 2059 2851 2129 utriusque
2894 2061 3212 2114 monasterii
3240 2059 3577 2115 destructor
3603 2064 3832 2116 exstitit.

2243 2153 2368 2208 dum
2399 2161 2452 2207 et
2481 2150 2731 2208 monachi
2759 2151 2860 2207 sibi
2882 2151 3088 2222 justum
3119 2163 3174 2208 et
3203 2152 3272 2207 ab
3304 2153 3567 2222 antiquis
3595 2152 3838 2206 Parit-:9

2245 2245 2502 2300 traditum
2541 2245 2861 2300 reverentia:
2899 2246 3160 2301 honorem
3191 2246 3522 2310 vindicant,
3565 2247 3833 2302 canonico-

2241 2349 2472 2404 rumque
2506 2334 2895 2404 sulijectionem
2941 2337 3040 2392 sibi
3085 2336 3360 2392 veraciter
3402 2337 3742 2399 defendunt;
3787 2349 3833 2389 ri

2241 2428 2494 2483 canonici
2528 2429 2598 2481 ab
2633 2427 2750 2497 ipso
2777 2428 2973 2482 abbate
3003 2429 3268 2484 canonico
3313 2427 3507 2484 fallaci
3549 2429 3832 2485 assertiorc

2237 2519 2603 2590 principatum
2633 2521 2698 2572 ad
2726 2533 2785 2573 se
2828 2519 3285 2575 monasteriorum
3319 2520 3614 2590 pertinere
3640 2520 3825 2572 dicunt-

2238 2611 2345 2664 Pro
2376 2611 2462 2666 his
2491 2611 2745 2666 clunibus
2780 2623 2832 2666 et
2865 2610 3091 2680 reliquis
3120 2611 3431 2681 tyrannidis
3481 2626 3604 2666 sua:
3638 2611 3830 2665 actibus

2239 2701 2502 2756 hactenus
2551 2700 2962 2771 blasphematur
3007 2701 3075 2756 ab
3127 2701 3407 2766 omnibus,
3468 2716 3580 2756 nec
3625 2700 3828 2755 dubiam

2237 2795 2381 2864 quod
2403 2784 2873 2863 blasphemabitur
2895 2801 2950 2848 et
2971 2807 3002 2847 a
3027 2792 3472 2849 succedentibus.

2238 2905 2366 2960 CAP.
2400 2905 2512 2960 VII.
2554 2905 2630 2959 De
2666 2904 2985 2974 subjectione
3015 2905 3390 2958 canonicorum
3433 2903 3500 2960 S.
3539 2906 3819 2958 Audonzri

2829 2976 2953 3030 huic
2976 2977 3230 3031 ecclesiw.

2310 3063 2519 3120 Mortuo
2551 3079 2681 3120 vero
2723 3063 2868 3119 dicto
2904 3063 3184 3134 Fridogiso
3208 3073 3412 3133 quarto
3445 3065 3672 3120 decimo
3701 3064 3825 3134 regi—

2237 3154 2400 3208 minis
2435 3171 2528 3210 seu
2571 3156 2748 3226 potius
2777 3155 3082 3226 tyrannidis
3110 3169 3223 3209 suae
3253 3171 3420 3222 anno,
3471 3157 3743 3211 successit
3778 3158 3821 3208 in

2236 3245 2476 3316 regimen
2499 3246 2733 3301 cmnobii
2766 3245 2919 3316 [iugo
2944 3247 3275 3302 venerabilis
3306 3247 3452 3303 filius
3476 3248 3666 3304 Caroli
3697 3249 3822 3319 regis

2239 3337 2420 3408 magni
2458 3345 2513 3392 et
2549 3336 2720 3391 frater
2752 3336 3012 3391 Ludovici
3055 3336 3310 3392 Caesaris.
3351 3339 3458 3406 Qui
3504 3338 3666 3408 [Iugo
3694 3354 3818 3392 anno

2236 3429 2500 3484 iucarnati
2527 3429 2687 3484 Verbi
2709 3429 3164 3499 octingentesimo
3185 3430 3617 3500 quadragesimo
3643 3439 3818 3498 quam

2234 3521 2528 3576 condolens
2570 3519 2950 3576 infelicissima:
2996 3529 3050 3576 et
3089 3520 3418 3577 miserrima:
3463 3522 3729 3577 divisioni
3773 3534 3816 3575 et

2233 3611 2539 3667 discissioni
2569 3611 2896 3667 venerabilis
2926 3610 3218 3667 Sithiensis
3246 3614 3487 3669 cmnobii
3511 3615 3584 3670 ab
3611 3614 3814 3668 infando

2233 3702 2514 3773 Fridogiso
2545 3703 2720 3769 facta),
2751 3719 2780 3757 a
2809 3703 3009 3759 domno
3042 3704 3305 3761 Folovino
3335 3714 3466 3762 tunc
3494 3706 3814 3761 Morinorum

2231 3794 2528 3849 venerabili
2574 3794 2814 3850 antistite
2853 3796 3120 3850 unitatem
3160 3796 3546 3852 ccenobiorum
3599 3798 3816 3865 pristino

2232 3897 2381 3937 more
2424 3881 2711 3937 reformari
2751 3881 3060 3952 impetravit
3090 3901 3106 3935 :
3137 3883 3285 3953 quod
3313 3892 3373 3938 et
3415 3885 3699 3955 privilegio
3726 3885 3812 3937 σὺ

2231 3973 2366 4028 mari
2395 3972 2542 4029 fecit.
2565 3973 2733 4044 Hujus
2763 3982 2946 4028 autem
2979 3974 3244 4046 privilegii
3273 3976 3382 4031 hoc
3406 3985 3494 4031 est
3517 3977 3807 4047 exemplar:

2424 4061 2710 4134 Exemplar
2733 4065 2931 4118 charta:
2953 4063 3013 4119 S.
3049 4062 3304 4134 Folquini
3337 4067 3407 4121 de
3438 4067 3642 4121 eodem.

2301 4157 2413 4227 Ego
2458 4156 2754 4226 Folquinus
2795 4157 2890 4212 Dei
2931 4157 3102 4228 gratia
3150 4157 3493 4214 Morinorum
3517 4160 3803 4230 episcopus,

2230 4245 2483 4302 omnibus
2540 4245 2788 4301 ﬁdelibus
2835 4255 2942 4300 tam
2989 4247 3185 4302 futuris
3225 4265 3393 4318 quam
3442 4251 3800 4320 prmsentibus.

2229 4337 2452 4407 Reliqua
2499 4338 2612 4391 vi“
2667 4337 2723 4391 in
2777 4336 3118 4392 Charlulario
3163 4337 3448 4410 Folquini,
3503 4339 3805 4410 Patrologirr

540 4430 730 4484 usibus
750 4438 1172 4498 sequestratum;
1201 4429 1646 4499 avaritiacjaculo
1660 4445 1909 4502 Caecatus,
1939 4456 2126 4496 mona-
2157 4441 2204 4499 ο
2233 4439 2358 4484 tom.
2391 4426 2678 4492 CXXXVI,
2710 4429 2810 4483 col.
2844 4429 3002 4483 {225.

541 4524 770 4574 chorum
823 4519 1166 4587 impudenter
1197 4529 1372 4574 tentat
1412 4522 1576 4577 vitam
1611 4525 1912 4596 destruere,
1942 4540 2000 4585 ut
2041 4549 2126 4589 res

541 4624 728 4662 evrum
759 4608 947 4662 usibus
989 4623 1021 4662 a
1065 4609 1314 4665 fidelibus
1356 4613 1582 4669 traditas
1613 4631 1722 4671 sua:
1758 4617 1994 4674 lasciviae
2039 4637 2122 4692 po~

544 4703 734 4756 tuisset
748 4699 956 4756 facilius
973 4703 1303 4772 mancipare.
1321 4704 1473 4770 Quod
1493 4706 1763 4764 diabolica
1780 4713 2125 4782 suggestione

542 4801 722 4847 mente
751 4801 1100 4863 conceptum,
1139 4794 1368 4849 nefanda
1397 4805 1479 4851 est
1512 4797 1580 4852 ab
1604 4798 1696 4854 illo
1722 4804 2124 4870 perpetrationc

541 4897 838 4956 peractum.
859 4883 992 4939 Nam
1017 4885 1069 4938 in
1091 4885 1372 4954 capitaneo
1401 4887 1771 4956 apostolorum
1799 4906 1892 4946 seu
1917 4891 1975 4948 S.
1998 4892 2142 4949 Der--

541 4977 640 5031 tini
671 4976 812 5043 loco,
837 4975 926 5030 ubi
949 4976 1228 5046 octoginta
1257 4984 1312 5030 et
1335 4984 1444 5032 tres
1464 4980 1719 5035 monachi
1746 4979 2123 5038 deservicbant

543 5069 769 5106 hmninn
818 5067 1096 5108 cnvnointa
1135 5081 1234 5110 nm
1276 5067 1506 5112 Immmm
1549 5070 1731 5114 nntium
1770 5071 1930 5114 lamin,
1959 5089 2119 5116 annm

2229 4541 2356 4596 Car.
2415 4539 2547 4596 Vill.
2603 4540 2680 4596 De
2732 4542 3222 4665 lranslqtioneaire
3286 4546 3554 4602 relatione
3606 4547 3661 4602 S.
3715 4549 3804 4600 Au-

2901 4630 3126 4665 roman.

2901 4630 3126 4667 (tonum.

2260 4743 2262 4746 μ
2299 4703 2412 4758 Sub
2451 4703 2554 4757 hac
2597 4711 2918 4772 tempestate
2949 4704 3256 4762 invenimus
3291 4707 3364 4761 ita
3409 4710 3724 4764 adnotatum
3759 4710 3800 4763 in

2227 4791 2816 4846 decemnovennalibus
2849 4806 3113 4847 annorqu
3143 4794 3449 4852 Dominicar.
3483 4798 3800 4854 Nativitatis.

2227 4882 2369 4949 quod
2399 4890 2485 4934 est
2509 4881 2964 4952 octingentesimo
2995 4885 3424 4955 quadragesimo
3455 4890 3651 4952 tertio,
3679 4889 3798 4942 indi-

2226 4976 2408 5030 ctione
2435 4986 2608 5038 sexta,
2641 4976 2787 5044 quod
2823 4985 3103 5044 postquam
3139 4977 3297 5046 llugo
3343 4979 3522 5035 abbas
3557 4979 3670 5047 jam
3709 4994 3798 5032 mc-

2230 5074 2494 5116 moratus.
2523 5075 2750 5116 excepta
2769 5081 2930 5116 causa
2961 5081 3122 5116 uuam
3153 5067 3359 5116 refero-
3386 5071 3475 5116 vir
3503 5085 3602 5116 nor
3629 5079 3796 5116 οιιιιεοιλ
