3960 5320
122 343 244 398 “05

119 459 172 510 S.
225 458 424 514 Bertini
475 460 637 515 etiam
698 479 793 532 per
852 466 1267 541 descriptionem
1325 481 1676 548 capitularem

112 547 250 615 jus-te
297 549 619 620 subjugavit,
681 560 1110 630 monacbnmqne
1155 566 1223 618 ab
1268 569 1507 624 inferiori
1561 588 1680 628 m0-

131 640 361 694 nasterio
392 644 456 695 ad
494 643 551 697 S.
592 646 881 702 Anilomari
921 655 1218 708 custodiam
1273 665 1352 721 (ut
1395 676 1556 730 supra
1597 663 1679 716 di-

119 741 254 784 ctum
279 734 382 801 est)
407 733 678 803 deputavit
697 753 711 801 ;
730 738 989 795 diabolica
1016 745 1207 814 Sagitta
1223 745 1682 822 jacultatus(sie,)

120 821 273 890 erepit
297 825 606 892 excogitare
627 828 861 896 qualiter
881 831 940 884 S.
967 835 1258 891 Andomari
1283 855 1499 909 corpus,
1529 821 1682 910 cujus

116 925 212 979 ope
243 920 300 964 et
322 913 526 968 auxilio
565 932 668 969 una
699 933 821 972 cum
852 921 1019 976 sodali
1058 940 1156 979 suo
1185 927 1408 984 Bertino
1438 932 1679 987 Tarven-

119 1002 260 1055 uicus
294 1002 631 1070 gubernatur
666 1009 918 1076 populus,
950 1011 1271 1070 Vermandis
1311 1019 1376 1072 ad
1414 1017 1472 1072 S.
1515 1021 1683 1086 Quin-

121 1090 208 1142 tiui
245 1094 654 1160 monasterium,
685 1099 940 1164 quoniam
973 1102 1077 1156 hoc
1104 1104 1282 1172 ipsum
1323 1109 1680 1177 gubernabat.

118 1199 285 1255 posset
315 1191 525 1248 deferre
549 1199 890 1264 quantocius.
924 1200 1164 1259 Metuens
1196 1215 1376 1262 tamen
1423 1210 1682 1265 animosi-

123 1293 270 1337 tatem
310 1285 504 1354 plebis,
537 1302 858 1360 congregata
901 1294 1388 1354 Vertnandensium
1435 1302 1682 1356 multitu-

119 1374 247 1437 dine,
279 1385 449 1430 tentat
495 1377 540 1431 vi
571 1380 922 1447 abstrahere,
962 1385 1007 1438 si
1048 1386 1229 1442 forsan
1261 1389 1620 1460 impediretur
1645 1407 1680 1447 a

118 1465 281 1532 plebe.
318 1467 564 1524 Accessit
589 1471 804 1525 interim
825 1513 840 1538 ,
871 1483 926 1528 et
952 1479 1221 1534 monacho
1260 1483 1491 1550 quodam
1530 1482 1682 1537 Mero

120 1563 317 1618 nomine
341 1575 592 1622 exstante
619 1570 862 1638 (.nstode,
899 1588 1111 1630 sacrum
1137 1580 1310 1633 sancti
1337 1581 1586 1650 praesulis
1616 1597 1680 1637 ac

116 1658 312 1724 patroni
352 1661 522 1715 nostri
565 1677 762 1732 corpus
805 1680 1058 1729 sumens,
1103 1667 1284 1722 villam
1325 1684 1496 1740 usque
1537 1671 1681 1728 Lies-

117 1746 374 1810 gensburtz
400 1749 621 1820 (lperio,
654 1750 928 1825 Lisbonrg)
960 1757 1178 1810 nomine
1203 1772 1323 1812 eum
1357 1774 1452 1814 sua
1483 1761 1680 1831 depor-

118 1837 240 1890 tavit
273 1838 639 1895 multitudine.
673 1843 766 1896 Dei
798 1853 976 1900 autem
1015 1848 1351 1917 providentia
1380 1860 1669 1920 operante,

117 1927 278 1981 triduo
311 1927 362 1982 in
394 1931 621 1998 praefata
653 1931 776 1986 villa
807 1945 1121 1990 manserunt
1149 1953 1270 1991 eum
1312 1949 1528 1994 sacrato
1551 1957 1674 1996 eor-

117 2029 248 2082 pore.
277 2017 426 2083 Quod
451 2034 574 2074 cum
602 2031 791 2078 sancto
819 2026 1034 2094 praesuli
1069 2026 1336 2097 Folquino
1367 2031 1672 2085 nuntiatum

117 2119 258 2169 esset,
305 2125 424 2164 cum
471 2113 705 2167 maxima
756 2116 1100 2174 multitudine
1143 2120 1324 2189 populi
1366 2137 1462 2191 per
1501 2131 1673 2178 totum

119 2198 330 2252 triduum
360 2204 680 2274 congregati
732 2205 1037 2275 insequitur
1062 2210 1377 2278 praedictum
1423 2213 1672 2267 abbatem

117 2302 222 2340 cum
250 2291 357 2344 suis
387 2308 561 2362 usque
590 2295 656 2349 ad
695 2295 876 2350 villam
907 2301 1157 2367 superius
1189 2302 1520 2357 nominatam
1549 2319 1672 2358 cum

117 2380 242 2431 omni
268 2380 453 2435 festina
468 2383 628 2438 tioae.
664 2386 732 2439 At
764 2385 840 2440 illi
877 2389 1172 2458 gestientes
1199 2405 1395 2459 carpas
1423 2401 1673 2446 sanetum

120 2471 381 2528 sustollere
425 2472 722 2546 fugamque
769 2478 940 2543 inire,
991 2480 1134 2534 nulla
1187 2482 1289 2535 hoc
1333 2483 1678 2539 multitudine

121 2576 322 2626 prorsus
350 2565 603 2620 valebant
631 2584 658 2620 a
685 2577 828 2622 terra
858 2569 1057 2626 levare.
1091 2570 1241 2628 Tunc
1268 2572 1472 2644 absque
1503 2584 1674 2629 retar-

119 2650 314 2706 datione
365 2654 528 2710 ullius
575 2659 841 2729 commodi
899 2661 1210 2716 accelerant
1257 2661 1438 2734 fugam
1484 2665 1677 2721 relicto

120 2756 320 2813 corpore
349 2749 557 2813 sancti;
592 2751 780 2805 beatus
823 2762 1003 2807 autem
1053 2755 1348 2824 Folqninus
1391 2757 1526 2812 dans
1568 2759 1676 2816 illis

120 2831 272 2886 locum
303 2833 560 2905 fugiendi,
589 2839 857 2910 accipiens
886 2843 1201 2897 thesaurum
1229 2845 1340 2915 (52)
1365 2844 1495 2900 illud
1523 2849 1673 2901 omni

119 2937 236 2976 auro
280 2927 753 2995 pretiosissimum,
799 2935 1032 3002 repetito
1073 2936 1207 2990 calle
1245 2953 1366 2993 eum
1412 2947 1522 2994 tota
1565 2940 1678 3010 ple-

121 3013 243 3068 bium
269 3017 609 3075 multitudine
644 3025 968 3094 reportavit;
1001 3036 1055 3082 et
1088 3043 1403 3096 praecavens
1446 3031 1499 3086 in
1532 3031 1679 3086 ἴσως

124 3128 224 3168 nun
260 3131 323 3170 ne
346 3117 500 3186 parili
536 3119 692 3174 modo
728 3129 820 3175 aut
859 3122 962 3178 alio
998 3124 1189 3192 quovis
1225 3124 1440 3194 ingenio
1481 3140 1677 3196 corpus

120 3207 401 3260 atierretur
452 3216 721 3276 sanctum,
777 3210 905 3266 illud
955 3212 1007 3267 in
1065 3213 1236 3269 insu‘a
1289 3215 1465 3270 Sithiu
1512 3215 1671 3287 juxta

121 3307 293 3363 corpus
311 3297 366 3350 Β.
400 3298 603 3352 Bertini
628 3299 727 3355 sub
758 3310 900 3356 terra
934 3305 1254 3359 recondidit.

122 3405 232 3462 Car.
266 3409 352 3464 IX.
386 3410 630 3482 Qualiter
667 3429 853 3482 corpus
891 3411 1070 3468 Patris
1116 3416 1282 3469 nostri
1309 3415 1510 3470 Bertini
1538 3434 1569 3470 a
1607 3416 1671 3474 S.

411 3480 676 3551 Folquino
706 3480 873 3550 primo
913 3484 1226 3538 translatum
1257 3496 1353 3539 est.

181 3565 386 3638 Legitur
417 3571 472 3625 in
499 3569 660 3639 hujus
697 3570 798 3626 loei
834 3574 1072 3629 archivis
1114 3574 1343 3642 publicis
1374 3576 1516 3644 quod
1551 3591 1673 3630 san-

121 3667 225 3712 ctus
264 3659 554 3731 Folquinus
584 3671 780 3716 nostra:
808 3665 951 3719 sedis
989 3665 1272 3734 episc0pus
1306 3665 1478 3734 (cujus
1510 3667 1672 3722 etiam

123 3763 297 3817 corpus
329 3753 533 3822 magnis
559 3752 771 3807 celebre
791 3754 1082 3810 virtutibus
1110 3755 1164 3808 in
1207 3757 1305 3810 hac
1328 3757 1555 3824 quiescit
1578 3771 1666 3812 ec-

124 3837 268 3892 clesia
313 3841 421 3911 (53)
467 3853 753 3910 grassante
794 3844 918 3912 igne
963 3853 1017 3899 et
1061 3843 1207 3900 ferro
1251 3846 1521 3900 Danorum
1552 3846 1678 3899 bar-

124 3927 257 3982 barie
282 3946 373 4000 per
399 3931 514 3987 loca
543 3933 836 3999 maritima,
860 3933 1018 4004 paulo
1039 3943 1165 3989 ante
1191 3932 1328 3990 hanc
1359 3935 1677 3991 vastationis

125 4019 247 4073 diem
271 4039 464 4093 corpus
488 4024 548 4078 S.
581 4024 785 4080 Bertini
817 4034 968 4082 certa
992 4027 1078 4081 die
1111 4027 1212 4081 sub
1245 4035 1388 4080 terra
1421 4027 1676 4083 recondi-

125 4111 267 4164 derit.
296 4114 447 4180 Quod
475 4117 690 4184 quando
724 4115 989 4185 quibusve
1027 4130 1093 4172 ex
1124 4119 1306 4182 causis
1336 4116 1557 4184 fecerit,
1590 4117 1676 4173 vel

123 4204 340 4266 quandiu
373 4207 474 4259 sub
504 4216 646 4260 terra
677 4215 786 4260 tam
819 4221 970 4262 sacra
1015 4209 1255 4262 membra
1289 4208 1576 4273 latuerint,
1608 4209 1674 4263 ad

126 4290 315 4348 laudent
349 4297 440 4351 Dei
471 4308 524 4352 et
551 4297 810 4352 honorem
840 4297 1000 4366 hujus
1032 4301 1203 4354 sancti
1240 4299 1524 4369 perpaucis
1557 4315 1677 4368 ape-

129 4382 334 4439 riamus.
366 4386 614 4442 Glorioso
641 4389 802 4458 igitur
832 4390 1159 4457 imperatore
1190 4389 1463 4444 Ludovico
1496 4390 1672 4445 Caroli

1179 364 1526 425 MIRACULA
1562 371 1621 425 S.
1656 371 1947 430 ΒΕΙΠΊΝΙ.
1976 409 2040 430 ν
2063 385 2187 441 LIB.
2221 390 2259 446 1.

3216 397 3352 454 “06

1712 497 1754 552 Α
1787 489 1932 547 tione
1959 494 2124 565 ipsius
2157 500 2392 570 regimen
2427 507 2920 575 commendaretur,
2944 509 3156 566 cuidam
3194 525 3356 565 cano-

1787 583 1908 637 nico
1932 600 2130 651 genere
2169 590 2361 659 Anglo,
2396 591 2676 665 Fridogiso
2709 599 2954 662 nomine,
2986 610 3046 654 ut
3074 598 3188 667 jam
3219 613 3355 667 pra:—

1785 671 1986 728 dictum
2017 685 2122 742 est,
2161 680 2213 732 in
2243 672 2565 738 beneﬁcium
2599 686 2734 753 proh
2765 687 2944 741 dolor!
2971 687 3177 748 datum,
3214 703 3242 741 a
3274 695 3355 742 to-

1787 763 1892 817 tius
1919 775 2118 821 sancta:
2154 769 2434 840 religionis
2475 775 2710 829 candore
2748 790 3121 842 marcescere,
3163 778 3219 832 iu
3259 793 3355 834 ex-

1787 863 1931 910 teras
1957 873 2148 913 manus
2177 860 2452 930 devenire,
2495 875 2548 920 et
2579 866 2834 921 minorari
2861 884 2893 920 a
2941 883 3037 922 sua
3083 865 3355 938 cmpitin-

1786 947 2058 1014 tegritate.
2093 950 2336 1022 Denique
2387 971 2673 1011 numerum
2719 959 3105 1014 monachorum
3155 959 3353 1016 ibidem

1784 1038 2153 1103 militantium,
2200 1045 2291 1112 qui
2340 1049 2612 1116 octoginta
2659 1058 2772 1104 tres
2823 1058 3019 1116 erant,
3079 1049 3351 1114 diminuit,

1783 1129 1940 1186 villas
1966 1143 2021 1186 et
2043 1131 2302 1190 fertiliora
2332 1137 2531 1205 przedia
2553 1139 2718 1193 victui
2761 1140 3150 1194 monachorum
3189 1141 3355 1210 depu-

1785 1229 1894 1274 tata
1925 1222 1976 1276 in
2009 1223 2303 1280 dominium
2333 1227 2432 1279 sibi
2466 1223 2775 1298 usurpavit;
2806 1231 3194 1284 monasterium
3224 1244 3353 1283 vero

1783 1311 1846 1366 S.
1875 1311 2167 1370 Audomari
2189 1316 2330 1383 quod
2355 1331 2478 1370 cum
2509 1319 2836 1373 monasterio
2874 1321 2934 1373 S.
2979 1319 3179 1374 Bertini
3211 1318 3354 1373 idem

1779 1411 1920 1466 erat,
1955 1404 2170 1474 penitus
2209 1406 2437 1468 evertit,
2473 1408 2732 1476 quoniam
2769 1409 3129 1478 quadraginta
3169 1420 3356 1463 mona-

1781 1493 1901 1548 chis
1927 1493 2242 1560 eliminatis,
2271 1495 2489 1566 triginta
2533 1497 2826 1552 canonicos
2865 1496 2982 1553 loco
3007 1511 3194 1552 eorum
3221 1498 3354 1550 sub-

1782 1583 1980 1650 stituit,
2004 1585 2330 1655 tertiamque
2356 1595 2566 1656 partem
2594 1588 2834 1643 omnium
2863 1589 3126 1644 bonorum
3147 1590 3214 1644 ad
3241 1603 3360 1644 mo-

1781 1677 2078 1731 nasterium
2125 1679 2184 1733 S.
2234 1678 2440 1737 Bertini
2487 1682 2902 1751 pertinentium,
2936 1697 3124 1738 eorum
3151 1684 3359 1752 ;usibus

1782 1765 2077 1835 deputavit.
2105 1768 2243 1836 Quid
2271 1770 2435 1838 igitur
2462 1771 2564 1827 iste
2606 1771 2748 1826 aliud
2775 1788 2939 1842 quam
2971 1772 3129 1842 hujus
3171 1787 3360 1828 mona-

1781 1858 1930 1912 sterii
1971 1857 2237 1929 ﬂagellum
2272 1860 2411 1916 fuit?
2445 1862 2536 1931 qui
2580 1863 2743 1917 etiam
2774 1879 2805 1917 a
2835 1863 2895 1916 B.
2927 1863 3148 1919 Bertino
3176 1863 3230 1918 in
3255 1880 3360 1946 ἠυ-

1776 1965 1927 2006 mero
1958 1952 2216 2008 abbatum
2255 1955 2450 2012 merito
2497 1956 2816 2011 undecimus
2847 1958 3088 2024 exstitit;
3131 1958 3258 2027 quia
3297 1958 3353 2012 in

1774 2053 1839 2094 eo
1870 2041 2013 2110 quod
2041 2057 2102 2096 ea
2125 2059 2244 2112 qua:
2270 2059 2300 2098 a
2336 2045 2520 2101 decem
2560 2046 3045 2115 przedeeessoribus
3068 2047 3181 2102 suis
3217 2046 3374 2101 bene

1775 2129 2026 2184 ordinata
2063 2130 2280 2188 fuerant
2326 2134 2525 2189 evertit
2583 2134 2827 2205 decalogi
2856 2143 3053 2201 _metas
3095 2135 3356 2192 excessit.

1777 2217 2009 2274 Tantilla
2037 2237 2168 2277 vero
2191 2223 2305 2278 haec
2336 2225 2535 2278 nostris
2568 2225 2808 2296 tetigisse
2836 2225 3100 2291 sulliciat,
3136 2235 3196 2282 ut
3236 2226 3359 2298 qui-

1775 2305 1876 2361 bus
1922 2311 2157 2376 peccatis
2205 2327 2234 2366 a
2285 2315 2597 2370 sanctuario
2646 2315 2738 2370 Dei
2789 2316 2993 2370 exortis
3034 2325 3181 2371 tanta
3214 2317 3356 2371 mala

1778 2411 2262 2466 consurrexerunt,
2291 2419 2355 2458 ac
2385 2405 2581 2473 quibus
2609 2408 2928 2475 urgentibus
2962 2408 3140 2462 causis
3181 2409 3360 2462 sancti

1775 2502 1973 2556 corpus
2007 2491 2298 2558 margarita
2329 2493 2609 2546 recondita
2641 2494 2748 2558 sit,
2787 2496 3124 2550 manitestins
3150 2501 3353 2564 pateat.

1987 2582 2116 2640 CAP.
2147 2582 2213 2637 Χ.
2252 2583 2330 2637 De
2355 2583 2606 2638 divisione
2627 2587 2770 2656 regni
2793 2584 3143 2641 Francorum.

1847 2673 2180 2745 lmperatore
2219 2674 2442 2744 prmfato
2479 2676 2774 2734 decedente
2803 2693 2833 2733 a
2863 2678 3085 2744 saeculo,
3125 2679 3218 2734 lilii
3242 2678 3356 2747 ejus

1777 2761 2084 2828 Lotharius,
2110 2762 2414 2820 Ludovicus
2439 2771 2495 2820 et
2523 2763 2751 2822 Carolus
2771 2805 2788 2830 ,
2823 2767 3017 2837 singuli
3065 2777 3354 2839 paternum

1779 2852 2063 2916 imperium
2089 2853 2322 2908 munulati
2371 2870 2496 2908 mox
2514 2854 2580 2909 ab
2602 2855 2831 2911 invicem
2859 2858 3149 2915 dissentire
3172 2873 3355 2930 coepe-

1780 2952 1924 2997 runt.
1973 2942 2212 2999 Tandem
2255 2960 2388 3014 pace
2440 2951 2608 3012 facta,
2634 2947 2970 3004 Francorum
3007 2965 3229 3020 regnum
3257 2949 3358 3005 sibi

1779 3027 2098 3101 diviserunt,
2134 3044 2368 3105 tuncque
2389 3041 2604 3092 'nostrae
2633 3048 2817 3106 partes
2843 3041 3138 3097 orientales
3165 3040 3378 3097 Carolo.

1705 3153 1750 3216 Ο
1781 3123 1894 3193 regi
1942 3135 2246 3179 cesserunt.
2300 3124 2466 3193 Cujus
2521 3127 2672 3196 pacis
2731 3128 2956 3184 obtentu
3014 3143 3370 3202 nequaquam

1778 3215 1923 3270 mala
1953 3216 2255 3284 desierunt;
2293 3217 2389 3272 sed
2419 3218 2542 3273 dum
2577 3219 2774 3290 singuli
2809 3236 2906 3290 per
2942 3221 3153 3293 singula
3187 3238 3346 3294 regns

1774 3305 2093 3376 principari,
2139 3321 2307 3376 seque
2353 3308 2652 3363 secundum
2691 3317 2974 3380 paternam
3006 3311 3366 3382 magnificen-

1779 3395 1905 3450 tiam
1955 3397 2220 3465 protelare
2269 3399 2508 3469 cnpiunt,
2551 3413 2670 3453 sese
2710 3415 2916 3470 suaque
2962 3399 3374 3458 confundentes

1777 3473 2053 3556 dejiciunt.

1775 3578 1906 3633 Car.
1946 3577 2030 3631 Xl.
2075 3578 2416 3652 QualiIerAS.
2473 3579 2765 3652 Fot’qninns
2817 3599 3002 3652 corpus
3046 3581 3108 3639 8.
3157 3582 3374 3637 Bertini

2259 3649 2356 3703 sub
2391 3659 2530 3702 terra
2563 3649 2871 3704 recondidit.

1847 3755 2124 3826 Regnante
2155 3757 2342 3813 eodem
2394 3757 2616 3821 Carolo,
2672 3761 2837 3814 tertio.
2885 3761 3164 3831 regiminis
3215 3762 3364 3817 Ada-

1776 3847 1908 3900 lardi
1944 3845 2054 3918 ('54)
2083 3847 2294 3901 abbatis
2341 3862 2506 3912 anno,
2554 3846 2811 3916 praefatus
2860 3848 3054 3918 pracsul
3100 3849 3362 3905 emeritos

1776 3938 1947 3992 sancti
1992 3937 2194 3991 Bertini
2237 3947 2389 3992 artus
2432 3952 2575 3992 anno
2624 3937 2918 3994 Dominica:
2963 3937 3362 3994 lncarnatiouis

1776 4027 2224 4099 octingentesimo
2301 4030 2717 4100 quadragesimo
2796 4040 2994 4098 sexto,
3071 4031 3362 4086 secretiori

1777 4135 1940 4188 quam
1969 4119 2119 4189 prius
2157 4120 2336 4176 fuerat
2377 4120 2499 4176 loco
2544 4123 2685 4177 mire
2731 4123 3090 4192 compositum
3137 4122 3356 4178 locavit.

1776 4207 1942 4276 Cujus
1979 4209 2142 4263 etiam
2195 4217 2441 4265 sanctam
2483 4209 2890 4266 translationem
2924 4211 3192 4268 distinctis
3224 4221 3361 4266 tem-

1779 4314 1967 4369 porum
1995 4300 2182 4355 dichus
2208 4317 2237 4354 a
2268 4311 2465 4357 cuncto
2494 4302 2692 4372 populo
2727 4302 2980 4359 dioecesis
3007 4319 3120 4359 sua:
3151 4304 3356 4374 magni-

1780 4390 2026 4444 licentius
2055 4390 2433 4447 celebrandam
2478 4392 2706 4447 sancivit
2725 4433 2740 4458 ,
2770 4402 2827 4446 ut
2857 4394 3117 4464 quidquid
3149 4395 3203 4453 in
3241 4395 3378 4464 ejus.

129 4477 285 4542 magni
307 4493 455 4546 mque
485 4479 825 4549 imperatoris
855 4479 964 4534 lilio
995 4488 1270 4550 regnante,
1299 4496 1421 4536 curn
1451 4490 1674 4536 eatenus
1706 4479 1750 4536 D
1777 4490 1965 4536 sancta
2009 4482 2366 4552 depositione,
2395 4499 2580 4540 mense
2627 4484 2930 4554 Septembri
2979 4495 3355 4548 concurrente,

125 4565 216 4620 hoc
243 4569 515 4639 antiquum
546 4579 600 4624 et
625 4579 750 4626 tunc
785 4569 959 4640 regale
985 4570 1291 4626 coenobium
1321 4588 1388 4627 ex
1435 4581 1678 4642 tempore

128 4653 404 4712 beatissimi
428 4660 629 4714 Bertini
661 4659 897 4728 ejusdem
930 4661 1676 4733 funtlatorisprteeipuisacra

130 4749 392 4802 monastici
418 4750 623 4804 ordinis
659 4751 916 4819 religione
951 4752 1240 4807 admodum
1276 4753 1674 4817 nobilitaretnr,

129 4840 271 4902 atque
306 4840 595 4894 secundum
641 4839 885 4896 instituta
929 4857 1201 4896 canonum
1247 4842 1477 4897 fratrum
1519 4845 1678 4913 adop-

189 4962 291 5032 (32)
333 4965 423 5019 Sic
451 4969 748 5022 thesaurum
789 4979 979 5025 neutro
1001 4984 1199 5038 genere
1227 4988 1332 5027 non
1366 4986 1492 5025 raro
1518 4988 1680 5026 usur-

130 5042 243 5109 pant
277 5044 517 5112 auctores
559 5039 745 5091 media:
779 5042 977 5112 aztatis.
1021 5041 1282 5112 Alcninus
1315 5042 1474 5111 epist.
1527 5044 1597 5098 49
1627 5053 1681 5098 et.

132 5101 294 5186 ευξξζχ
313 5104 696 5186 ίξιᾷιοιήςηδαμντξ
725 5110 962 5163 adhibet.

1780 4582 2006 4642 urgente
2057 4576 2249 4631 messis
2301 4579 2658 4641 necessitate,
2691 4579 2870 4632 minus
2919 4579 3080 4648 digne
3121 4579 3364 4634 celebra-

1781 4673 1922 4726 rent,
1976 4666 2077 4720 hac
2111 4675 2297 4721 sancta
2346 4668 2720 4722 translationis
2763 4668 3106 4724 solemnitate
3140 4670 3364 4724 liberius

1779 4752 2061 4809 exsolvere
2115 4763 2352 4821 possent.
2415 4753 2590 4811 Tanto
2641 4756 2805 4824 igitur
2858 4756 3118 4812 thesauro
3165 4755 3375 4809 abditis

1782 4843 1914 4900 locis
1941 4846 2238 4916 assignato,
2271 4861 2378 4902 non
2424 4847 2592 4903 multo
2622 4857 2743 4916 post
2775 4847 3038 4916 temporis
3083 4845 3374 4903 intervallo

1853 4979 1968 5048 ('54)
2025 4979 2490 5049 Hichdalardus
2565 4979 2713 5049 ﬁl’us
2767 4980 2986 5036 Πρηήοὶ
3055 4977 3256 5049 comitis
3317 4977 3385 5049 de

1782 5043 1975 5129 militia
2008 5047 2186 5102 Caroli
2228 5043 2679 5129 Heaut-juvenis
2724 5069 2758 5104 a
2801 5059 2950 5129 patre
2976 5065 3110 5128 suo,
3154 5043 3391 5129 Dect-fg.

1786 5117 1943 5169 Petro
1989 5129 2268 5186 sanctoque
2317 5106 2535 5173 Βενὶίἶιο
2591 5106 2811 5172 oblatus.
2856 5127 2932 5170 est
2977 5118 3050 5170 in
3086 5106 3408 5186 monasteria
