3960 5320
551 360 692 423 HO"!

1573 371 1910 433 FOLCARDl
1946 373 2250 432 HONACHI
2287 368 2708 431 SITHIVENSIS

3681 363 3802 420 κα

556 485 740 529 omnes
782 470 937 530 istius
975 472 1165 543 patriae
1190 473 1456 545 nationes,
1504 478 1631 537 hinc
1671 484 1944 556 surgentis
1993 497 2119 555 gra-
2143 487 2195 546 Α
2219 482 2463 552 Augusti,
2497 481 2757 548 instabat,
2803 485 2861 534 et
2899 476 3184 549 presbyter
3228 472 3476 530 futurum
3533 471 3803 531 celdirau»

553 562 790 620 vissima
834 563 995 620 famis
1021 566 1264 638 angustia
1303 572 1666 639 consternati,
1699 573 1848 631 illinc
1887 574 2126 631 subitam

554 652 956 711 Nortmannica:
998 655 1324 721 incursionis
1370 659 1574 716 rabiem
1638 652 1896 733 suspecti,
1947 665 2126 721 omnis

552 757 695 814 pene
749 745 1003 800 nobilitas
1054 745 1208 802 istius
1260 757 1439 816 terrae,
1472 763 1666 822 prteter
1721 769 1941 824 paucas,
1992 768 2128 825 quos

555 848 717 904 opum
757 848 821 890 ac
855 833 1139 893 fundorum
1163 838 1317 907 copia
1362 847 1416 895 et
1459 843 1800 899 castellorum
1841 845 1924 907 vel
1951 849 2129 901 muni-

557 927 763 981 tionum
813 925 1009 981 ﬁducia
1045 927 1373 997 detinuerat,
1422 942 1542 1000 post
1587 935 1837 992 dominos
1875 952 2002 993 suos
2045 937 2128 993 vel

557 1028 879 1085 quocunque
923 1017 1090 1071 tutius
1118 1017 1202 1073 eis
1246 1020 1528 1077 videbatur
1571 1024 1937 1080 discedebant.
1984 1024 2130 1082 Prte-

559 1115 705 1160 terea
752 1104 995 1161 residuos
1051 1107 1108 1161 in
1153 1123 1317 1163 manu
1367 1109 1546 1177 lautis,
1596 1122 1869 1184 utcunque
1936 1124 2129 1172 exutos

558 1193 818 1262 periculo,
847 1194 1062 1250 domum
1087 1196 1275 1252 rabida
1305 1199 1576 1257 Danorum
1617 1205 1911 1261 crudeliter
1954 1208 2129 1263 lania-

560 1293 681 1341 tura
721 1285 914 1342 invasit
962 1287 1244 1357 insectatio
1279 1307 1294 1344 :
1328 1291 1418 1362 qui
1458 1302 1740 1363 postquam
1772 1297 1974 1351 rabiem
2018 1313 2133 1355 sum

562 1374 859 1446 tyrannidis
900 1377 1142 1432 exacturi
1179 1378 1283 1432 huc
1333 1380 1602 1436 hostiliter
1646 1384 1975 1451 irruperunt,
2007 1387 2130 1446 nul-3

558 1462 670 1518 lum
702 1463 788 1517 hic
834 1461 1099 1530 fratrum,
1138 1474 1336 1535 prmter
1379 1478 1612 1537 quatuor
1652 1471 1884 1540 palmam
1920 1473 2006 1537 (de
2048 1472 2130 1529 his

561 1550 655 1613 lib.
687 1568 748 1617 tt,
776 1567 898 1622 cap.
930 1554 983 1623 l)
1029 1557 1272 1627 martyrii
1324 1559 1698 1628 priestolautes
1718 1601 1732 1625 ,
1786 1563 2127 1619 invenerunt.

563 1640 698 1710 Quid
730 1642 894 1712 igitur
918 1643 963 1698 si
994 1652 1120 1699 tunc
1149 1645 1355 1715 pust-fati
1384 1649 1557 1705 sancti
1585 1664 1782 1721 corpus
1808 1653 2131 1710 eminentio-

529 1735 713 1799 ribus
747 1733 831 1788 vel
858 1734 1023 1794 certis
1071 1735 1305 1792 locatum
1359 1738 1492 1795 locis
1535 1742 1714 1798 debite
1758 1755 2129 1813 veneraretur,

2225 571 2462 641 dumque
2504 570 2666 639 digno
2707 582 2858 624 more
2904 581 2971 622 ac
3010 566 3168 620 solita
3196 563 3614 620 consuetudinis
3660 578 3803 617 rere-

2229 662 2402 717 reutia
2436 657 2730 715 indicebat.
2763 656 3023 711 Eumdem
3054 656 3237 722 itaque
3268 653 3468 708 festum
3500 653 3801 708 translatio.

2230 751 2314 806 nis
2363 751 2503 806 diem
2554 750 2798 821 qumdam
2866 746 3061 801 mulier
3124 755 3465 814 postponens
3530 745 3803 813 neglexit,

2225 856 2469 911 opusque
2519 840 2713 897 servile
2752 852 2922 907 usque
2969 837 3038 891 ad
3080 836 3312 892 mediam
3362 836 3508 888 diem
3555 849 3808 903 peragere

2227 930 2431 986 studuit
2462 946 2476 982 :
2503 940 2623 997 post
2653 936 2847 989 vestes,
2877 925 2980 979 sibi
3012 924 3275 978 tnnnditie
3302 925 3578 994 parandas
3600 922 3809 976 abluere

2225 1020 2527 1084 festinavit;
2576 1018 2668 1074 sed
2720 1018 2863 1072 aliud
2913 1031 3076 1086 quam
3122 1026 3237 1068 rata
3273 1024 3431 1075 erat.
3463 1013 3651 1067 eadem
3684 1016 3809 1067 iter:

2230 1114 2337 1169 sibi
2385 1111 2630 1181 contigit.
2701 1108 2834 1162 Nam
2880 1107 3056 1162 subito
3099 1108 3333 1176 primum
3388 1104 3575 1158 rubrae
3617 1101 3813 1157 (ﬁert:

2227 1211 2391 1266 sunt,
2463 1208 2575 1257 tum
2639 1197 2850 1254 infecta:
2913 1212 3107 1252 cruore
3178 1196 3503 1264 sanguinem
3556 1194 3814 1247 distillare

2235 1300 2536 1363 coeperunt.
2569 1292 2738 1349 lnstat
2789 1289 2873 1343 illa
2905 1288 3071 1341 lotum
3100 1297 3281 1343 vestes
3320 1302 3587 1355 superare
3632 1301 3813 1341 accre-

2231 1398 2467 1444 scentem
2498 1386 2673 1459 nitens
2703 1384 3049 1455 sanguinem;
3076 1382 3170 1437 sed
3199 1396 3308 1448 quo
3337 1378 3517 1447 inagis
3538 1377 3813 1441 abluebat,

2230 1496 2294 1538 eo
2324 1480 2497 1550 magis
2521 1480 2634 1548 ipse
2678 1476 2902 1547 sanguis
2942 1476 3278 1529 incremento
3320 1470 3657 1526 abundabat.
3688 1467 3816 1523 Nat

2232 1572 2289 1627 iu
2316 1570 2507 1641 primis
2530 1569 2780 1639 guttatim
2829 1565 3074 1629 stillavit,
3100 1572 3309 1632 postea,
3358 1561 3440 1615 uti
3470 1577 3573 1630 per
3612 1560 3815 1614 stillici-

2232 1661 2380 1716 dium
2407 1675 2542 1731 aqua
2573 1659 2835 1714 distillare
2857 1657 3017 1721 solet,
3041 1653 3367 1720 ﬂuxit.Quid
3395 1651 3624 1722 ageret?
3647 1650 3819 1704 stabat

2232 1749 2558 1821 stupefacta,
2607 1762 2877 1819 superque
2918 1754 3069 1801 tanto
3095 1741 3363 1799 miraculo
3402 1740 3661 1795 attonita.
3686 1737 3816 1792 Pro-

563 1825 1026 1896 exportaudumne
1090 1829 1291 1896 putatis
1346 1829 1401 1883 in
1448 1830 1624 1887 valida
1688 1847 1854 1889 manu
1918 1835 2129 1892 Domini
2161 1835 2206 1896 Β
2236 1840 2379 1903 tinus
2402 1837 2545 1897 fama
2575 1837 2712 1907 signi
2744 1837 2906 1898 volat,
2936 1840 3266 1889 concurrunt
3292 1829 3459 1884 vicini
3481 1869 3499 1893 ,
3529 1837 3818 1897 prasente:

564 1914 904 1993 eriperetur?
934 1916 1018 1971 An
1066 1932 1173 1973 non
1224 1926 1352 1975 tunc
1378 1920 1546 1976 multo
1592 1926 1959 1981 necessarium
1990 1935 2131 1995 erat,

565 2005 705 2074 quod
731 2006 843 2074 jam
875 2006 1048 2062 dictus
1095 2010 1349 2064 sacerdos
1400 2008 1493 2071 Dei
1544 2020 1816 2069 tantorum
1871 2014 2134 2070 malorum

565 2097 840 2167 praesagiis
886 2096 938 2151 in
968 2099 1354 2155 conservandis
1403 2102 1609 2161 sanctis
1634 2104 1949 2175 pignoribus
1977 2110 2138 2178 paulo

556 2196 693 2249 ante
718 2185 1011 2243 eﬂ‘ecerat?
1039 2186 1276 2245 Necdum
1312 2189 1486 2246 locum
1518 2192 1662 2250 hunc
1706 2194 1884 2265 aliqua
1931 2198 2136 2254 castelli

567 2276 653 2333 vel
689 2277 810 2330 valli
839 2278 1155 2335 defendebat
1181 2281 1413 2338 munitio
1441 2297 1456 2336 :
1480 2292 1536 2339 et
1564 2284 1719 2349 ideo,
1759 2287 1931 2358 magis
1957 2297 2139 2344 autem

568 2381 912 2441 peceatorum
960 2371 1100 2426 mole
1148 2382 1397 2443 urgente,
1444 2374 1550 2431 huc
1579 2377 1854 2447 perfacilis
1896 2379 2141 2436 inimico~

569 2473 689 2517 rum
736 2458 930 2530 irrupit
978 2460 1236 2517 incursio.
1285 2462 1392 2520 Nec
1414 2462 1574 2521 modo
1614 2467 1806 2533 semel,
1839 2483 2024 2523 verum
2056 2471 2142 2529 Lis

571 2559 763 2616 terque
807 2547 1111 2606 Sithienses
1160 2552 1292 2608 lines
1340 2554 1629 2623 proﬂigare
1673 2572 1779 2612 non
1831 2568 2141 2626 cessarunt,

556 2637 744 2705 {donec
772 2639 1014 2710 praedicti
1050 2641 1224 2698 sancti
1250 2643 1461 2699 meritis
1489 2644 1859 2716 multipliciter
1879 2649 2052 2706 auriti
2088 2650 2142 2703 in

571 2728 821 2799 vaginam
893 2743 1048 2784 suam
1120 2731 1382 2801 compulsi
1458 2742 1586 2788 sunt
1665 2737 1902 2806 regredi.
1955 2736 2145 2793 Tantis

571 2816 768 2878 divina:
800 2815 1018 2877 ultionis
1048 2817 1288 2874 cladibus
1315 2820 1454 2875 hanc
1485 2830 1683 2877 terram
1712 2823 1881 2880 ferme
1930 2834 2144 2881 centum

572 2907 732 2965 attnis
780 2908 1206 2978 occupantibus,
1255 2912 1432 2965 denuo
1486 2913 1640 2982 quasi
1687 2916 1918 2983 quodam
1948 2906 2146 2969 diluvio

572 3001 795 3057 diluitur
833 3000 916 3056 his
947 3001 1170 3057 decocta
1203 3001 1662 3061 tribulationibus.
1691 3006 1986 3062 Tantorum
2017 3021 2147 3076 ergo

548 3090 838 3155 malorum
885 3095 1139 3153 sacerdos
1198 3094 1291 3150 Dei
1341 3095 1855 3169 Folquinttssattcti
1906 3099 2146 3169 Spiritus

2232 1929 2513 1990 tnirantur,
2530 1934 2584 1982 et
2608 1927 2823 1996 quidam
2848 1937 2915 1978 ex
2944 1924 3047 1977 illis
3069 1936 3256 1976 verum
3278 1919 3509 1989 protulit
3530 1919 3816 1989 inquiens:

2232 2010 2452 2074 Festum
2477 2019 2620 2074 diem
2651 2019 2794 2073 hunc
2822 2015 3046 2076 solvisti,
3077 2021 3302 2082 operata
3331 2027 3396 2067 es
3422 2028 3553 2066 cum
3603 2011 3818 2064 minime

2195 2142 2199 2147 ι
2236 2110 2334 2166 tibi
2381 2110 2623 2165 licuisset
2666 2107 2901 2179 operari.
2950 2105 3301 2172 Acceleratur
3366 2104 3439 2158 ad
3487 2103 3816 2168 ecclesiam,

2235 2203 2392 2257 venia
2443 2202 2646 2273 petitur
2676 2238 2693 2268 ,
2742 2197 3058 2271 ptenitentia
3103 2195 3389 2262 indicitur,
3441 2210 3618 2251 cruor
3665 2194 3819 2249 ﬂuere

2238 2291 2455 2346 desinit.

2238 2381 2366 2439 CAP.
2408 2379 2542 2436 XIII.
2582 2379 2663 2436 De
2701 2379 2930 2453 quadam
2968 2376 3185 2453 muliere
3221 2375 3421 2447 festum
3460 2376 3818 2430 trutalutioaia

2851 2465 2954 2503 non
2990 2447 3206 2502 colente.

2309 2563 2492 2618 Altera
2520 2569 2699 2617 autem
2728 2559 2922 2615 mulier
2948 2558 3134 2614 eodem
3166 2558 3273 2622 die,
3325 2573 3519 2611 vanno
3565 2570 3819 2611 annonam

2239 2654 2506 2726 purgavit,
2530 2661 2817 2723 purgatam
2840 2649 3041 2705 molere
3063 2648 3268 2702 volens.
3300 2648 3513 2703 Verum
3544 2657 3818 2716 antequam

2242 2744 2296 2801 id
2324 2745 2504 2815 operis
2552 2744 2963 2814 aggrederetur,
3009 2755 3040 2793 a
3089 2738 3363 2794 nonnullis
3412 2740 3571 2806 quod
3620 2738 3822 2792 minime

2242 2839 2552 2895 observaret
2590 2835 2788 2890 festum
2834 2833 2976 2887 diem
3021 2830 3555 2899 reprehendebatur.
3600 2828 3820 2895 Quorum

2242 2930 2423 2985 verbis
2459 2928 2665 2983 irritata
2699 2925 2870 2981 fertur
2896 2923 3236 2992 respondisse
3267 2921 3458 2988 :Quot
3487 2930 3645 2985 sunt,
3678 2929 3819 2989 φοι·

2246 3031 2351 3088 que
2383 3025 2735 3071 numerantur
2771 3013 2898 3068 anni
2935 3011 3114 3073 soles,
3167 3020 3244 3063 tot
3306 3010 3489 3064 nostri
3539 3008 3819 3080 presbyteri

2248 3109 2415 3166 codex
2447 3106 2732 3175 inscriptas
2758 3104 2921 3159 habet
2951 3101 3291 3156 festivitates.
3328 3101 3508 3165 Dixit,
3540 3111 3601 3154 et
3622 3100 3822 3156 omnis»

575 3181 940 3244 ίιίυείτίὶίίοιιθ
982 3185 1352 3252 Ριωτιιοηίῑυεο
1401 3187 1528 3242 dum
1578 3188 1802 3254 advitit.
1834 3190 2145 3249 νοιειετδὺίιο
2171 3171 2217 3237 c
2249 3202 2453 3259 molere
2478 3171 2665 3256 voluit.
2693 3198 2749 3252 lu
2797 3197 2969 3268 primo
3007 3195 3163 3252 mola:
3189 3201 3371 3248 rotatu
3403 3192 3623 3263 lignum
3655 3189 3823 3261 palma:

575 3272 630 3329 S.
662 3274 863 3329 Bertiui
895 3290 1091 3345 corpus
1124 3276 1307 3345 ignoto
1341 3276 1459 3332 loco
1490 3288 1544 3333 et
1588 3281 1681 3336 ubi
1708 3285 1886 3334 Mnus
1914 3290 2140 3350 putare-

504 3434 513 3441 ,
578 3369 684 3424 tur,
711 3363 967 3426 occuluit,
1006 3363 1056 3419 id
1095 3364 1252 3418 nullis
1290 3374 1486 3434 praeter
1523 3384 1723 3437 paucos
1763 3372 2142 3440 cognoscenti-

576 3449 675 3503 bus
707 3464 721 3502 :
753 3466 818 3505 ac
850 3467 916 3505 ne
962 3452 1138 3521 palam
1186 3468 1401 3523 quoquo
1430 3460 1588 3513 modo
1637 3459 1998 3530 detegeretur,
2024 3474 2147 3532 gra-

578 3543 733 3595 vibus
791 3543 1005 3599 eosdem
1071 3544 1595 3604 interminationibus
1657 3565 1721 3605 ac
1789 3555 2145 3609 sacramentis

576 3634 939 3701 constrinxit,
995 3635 1398 3707 solemnemque
1441 3639 1584 3693 diem
1636 3640 1778 3694 hunc
1824 3643 1977 3698 nobis
2027 3657 2146 3699 esse

574 3725 824 3792 sancivit,
849 3725 944 3796 qui
970 3735 1052 3785 est
1088 3728 1318 3798 septimo
1347 3728 1555 3783 decimo
1578 3728 1845 3785 Kalendas
1874 3733 2098 3803 Augusti
2126 3752 2140 3787 :

577 3818 670 3872 ubi
697 3832 869 3887 usque
895 3817 963 3872 ad
1009 3816 1124 3872 hmc
1151 3829 1337 3872 nostra
1372 3819 1663 3877 novissima
1702 3830 1964 3888 tempora,
1992 3822 2142 3876 scili-

576 3918 662 3970 cet
687 3910 932 3975 ducentis
954 3910 1339 3983 quinquaginta
1366 3912 1527 3970 annis
1548 3912 1684 3984 (35),
1714 3910 1855 3968 altor
1882 3922 1937 3968 et
1958 3924 2146 3985 pastor

579 4009 761 4059 uoster
789 3999 967 4055 latuit.

579 4135 708 4192 Car.
747 4115 863 4193 ΧΗ.
925 4136 1358 4281 Miraculumf-i;
1415 4139 1761 4205 translatione
1820 4141 1884 4198 S.
1942 4139 2146 4197 Bertiui

1275 4228 1305 4264 ιι
1363 4227 1471 4265 unt.

544 4232 547 4237 ’
1253 4227 1471 4265 ιιιοηηη.

650 4321 774 4376 Dies
822 4319 989 4378 festus
1056 4322 1426 4379 translationis
1475 4322 1720 4394 corporis
1776 4322 1918 4378 beati
1969 4321 2146 4379 Patris

577 4409 805 4479 Bertiui,
854 4428 975 4482 qua:
1016 4414 1323 4470 celebratur
1355 4414 1584 4491 septimo
1627 4414 1840 4470 decimo
1878 4411 2146 4470 Kalendas

2245 3293 2537 3362 digitisque
2581 3288 2807 3343 adhmsit
2833 3326 2849 3352 ,
2903 3298 3015 3340 tum
3057 3284 3343 3340 brachium
3396 3295 3626 3352 quoque
3670 3288 3821 3334 tota

2245 3382 2486 3455 diriguit.
2518 3381 2635 3435 Mox
2659 3381 2821 3436 etiam
2853 3378 2992 3432 mola
3023 3374 3313 3430 immobilis
3339 3373 3519 3435 stetit,
3555 3371 3821 3425 adhaerens

2245 3474 2424 3529 manui
2457 3472 2655 3544 lignum
2686 3473 2752 3525 ad
2798 3483 2921 3524 sese
2967 3466 3157 3528 traxit;
3202 3473 3400 3520 cottata
3454 3470 3543 3517 est
3587 3458 3821 3518 avellere,

2245 3565 2339 3621 sed
2370 3579 2474 3619 non
2527 3562 2721 3633 potuit.
2771 3559 3009 3615 Tandem
3057 3556 3257 3610 rubore
3289 3553 3551 3609 confessa
3578 3562 3823 3605 verecun-

2244 3654 2411 3721 diam,
2439 3655 2680 3708 dextram
2698 3651 2840 3723 ligno
2862 3650 3225 3705 adhaerentem
3244 3646 3511 3709 ostendit,
3534 3654 3823 3710 noxamque

2244 3746 2411 3800 errati
2443 3744 2705 3800 conﬁtens
2742 3740 3027 3796 ecclesiam
3076 3737 3233 3792 adiit.
3280 3736 3495 3790 Monitu
3541 3730 3823 3787 sacerdotis

2244 3835 2545 3892 orationem
2596 3840 2888 3903 praesentes
2929 3828 3200 3892 fundunt,
3248 3825 3576 3895 lignumque
3619 3819 3819 3876 cecidit.

2246 3926 2363 3997 ipsa
2400 3925 2521 3979 iteta
2576 3924 2796 3979 domum
2849 3920 3054 3977 rediit:
3088 3917 3176 3974 cui
3219 3930 3398 3986 usque
3442 3914 3623 3971 omnis
3667 3910 3823 3966 [estus

2244 4016 2359 4072 dics
2389 4014 2565 4069 timori
2598 4011 2718 4067 fuit.

2383 4124 2512 4181 Car.
2552 4124 2690 4179 XlV.
2730 4122 2806 4177 De
2841 4120 3093 4191 sanguine
3126 4133 3193 4174 ea:
3224 4117 3386 4187 spicis
3422 4120 3693 4169 manante.

2314 4234 2436 4289 Alio
2465 4245 2679 4305 quoque
2710 4239 2954 4298 tempore
2986 4228 3171 4282 eodem
3201 4224 3547 4281 celebritatis
3590 4234 3701 4276 sua
3739 4218 3821 4272 die

2244 4327 2424 4398 spicas
2462 4324 2679 4379 avulsas
2728 4322 2990 4392 sanguine
3034 4318 3314 4374 auenter
3364 4317 3604 4383 imbuit,
3646 4315 3819 4382 sicque

2243 4415 2498 4472 humanis
2524 4414 2714 4470 usibus
2744 4410 2959 4467 inutiles
2986 4408 3238 4465 réddidit.

2744 4542 2815 4577 μ.

536 4596 543 4603 ’
587 4602 2150 4626 W

2240 4586 3792 4622 _________________________.——

1195 4674 1553 4797 LIBER
1606 4701 2215 4797 SECUNDUS
2265 4693 3141 4795 MIRACULORUM
3171 4755 3203 4804 ,

978 4871 1071 4940 Ab
1097 4869 1228 4935 alio
1254 4876 1514 4935 auctore
1546 4887 1870 4952 anonymo
1900 4875 2181 4949 scriptus
2209 4876 2462 4931 circiter
2486 4879 2747 4931 tomum
2779 4882 3000 4931 saeculi
3034 4865 3122 4937 X,
3157 4877 3302 4941 cap.
3334 4862 3436 4924 1ο.

1108 4978 1111 4979 ί
1774 5007 2201 5075 ranarum
2254 5007 2670 5073 AUCTORIS.

655 5258 753 5314 llis
773 5241 961 5318 itaque
1001 5271 1033 5312 a
1075 5252 1538 5312 reverendissimis
1567 5251 1817 5314 Patribus
1842 5253 2042 5307 nostris
2067 5267 2153 5308 sui

2259 5266 2526 5309 commata
2564 5248 2905 5308 solidissimis
2950 5260 3111 5317 quam
3156 5244 3462 5299 luminibus
3489 5238 3809 5312 pmlarissi-
