3960 5320
179 385 321 441 1139

1249 373 1602 432 MiilACULA
1635 374 1695 429 S.
1737 372 2030 430 BERTINI.
2066 406 2134 416 —-
2161 372 2289 430 LIB.
2328 370 2390 428 ll.

3322 361 3456 421 κιο

176 503 420 569 mdum,
451 515 554 555 non
607 500 770 570 (quod
792 498 935 555 absit
959 498 1001 569 ε)
1047 495 1226 566 inepia
1270 494 1594 551 dictatorum
1618 532 1632 555 ,
1680 492 1767 548 vel
1796 508 1843 567 Α
1869 492 2049 548 dimur
2077 461 2405 546 notifleanda
2429 527 2444 554 ,
2489 499 2596 543 non
2638 479 3170 556 ventosajactantiaa
3192 478 3458 570 vanitate,

175 594 392 651 defectu
470 592 797 662 scriptorum
831 631 847 658 ,
908 590 1004 648 sed
1069 587 1388 644 multimoda
1459 586 1772 652 insurgente

175 687 510 741 adversitate
565 695 864 753 temporum
926 691 1146 740 exstant
1214 681 1524 736 intermissa
1597 678 1768 733 relatu

168 775 517 846 dignissima.
567 774 808 842 Quorum
857 788 889 829 e
937 774 1326 830 numerositate
1357 787 1558 841 pauca,
1604 785 1669 824 ac
1705 785 1771 824 ne

170 867 318 923 forte
365 867 677 922 frivolitatis
721 868 802 922 vel
836 869 1045 924 mendze
1085 877 1338 920 notemnr
1385 881 1548 928 noxa,
1596 862 1767 918 solum

170 976 241 1015 ea
269 976 390 1031 quae
434 969 528 1015 aut
577 961 677 1030 ipsi
712 961 942 1014 vidimus
972 1001 989 1023 ,
1035 969 1127 1013 aut
1168 957 1237 1013 ab
1285 958 1492 1012 idoneis
1523 954 1769 1027 personis

169 1051 294 1104 visa
343 1049 718 1120 cognovimus,
768 1064 874 1104 non
926 1049 1161 1118 propriae
1192 1047 1514 1102 temeritatis
1560 1045 1640 1099 fisi
1679 1059 1770 1098 au-

171 1141 356 1204 dacia,
406 1142 500 1196 sed
548 1140 729 1210 potius
781 1140 924 1196 illius
973 1139 1100 1195 freti
1148 1139 1346 1194 fiducia
1397 1137 1489 1208 qui
1557 1136 1768 1206 linguas

169 1231 467 1287 infantium
508 1231 639 1287 facit
680 1231 936 1296 disertos,
982 1246 1294 1302 quanquam
1327 1228 1507 1284 minus
1535 1227 1759 1297 elegan-

170 1332 286 1390 ter,
316 1323 622 1380 subinferre
657 1325 956 1395 satagimus
985 1323 1279 1378 humiliter.
1310 1321 1376 1375 Et
1402 1320 1528 1375 licet
1555 1317 1769 1389 ingenio

170 1414 345 1483 tardi,
375 1430 625 1473 sermone
651 1416 915 1488 imperiti,
961 1415 1078 1471 hac
1109 1413 1556 1486 qualitercunque
1581 1424 1766 1482 aggre-

906 1578 913 1583 ’
931 1585 1048 1601 ότι-ν»-

1873 581 1966 636 sed
2019 580 2283 649 simplicis
2333 577 2498 633 animi
2565 575 2892 638 devotione,
2946 587 3010 628 ac
3050 567 3459 642 prmsumptibili

1873 672 2192 731 humilitate.
2221 671 2484 726 malentes
2509 667 2708 739 potius,
2732 667 2776 723 si
2797 665 2887 737 qui
2913 664 3090 721 aemuli
3108 663 3224 720 fieri
3247 662 3457 726 volunt,

1871 775 2063 836 patere
2095 764 2368 819 morsibus
2413 760 2878 834 degannientium,
2909 773 3069 829 quam
3105 754 3363 813 miracula
3391 754 3463 812 ad

1872 854 2085 909 laudem
2126 862 2179 907 et
2228 853 2457 924 gloriam
2503 849 2740 907 nominis
2788 848 2882 904 Dei
2930 846 3088 902 electi
3134 845 3217 900 sui
3251 842 3462 899 meritis

1874 945 2032 1001 nobis
2089 945 2446 1013 praesentibus
2518 941 2806 996 celebriter
2859 945 3169 1010 perpetrata
3223 929 3483 1020 segniter:

1874 1039 2112 1093 reticere
2143 1075 2158 1101 ,
2212 1044 2267 1090 et
2337 1048 2369 1088 a
2435 1033 2696 1089 memoria
2761 1029 2966 1086 aboleri
3035 1025 3485 1083 succedentium."

1873 1127 2048 1192 Unde,
2079 1140 2386 1198 quanquam
2415 1123 2584 1180 simus
2634 1122 2880 1185 inertes,
2926 1133 3070 1174 nunc
3114 1114 3266 1173 cordi
3308 1114 3462 1168 adest

1864 1218 2145 1291 proposita
2177 1217 2458 1280 inchoare,
2500 1223 2556 1270 et
2597 1213 2850 1272 inchoata
2878 1225 3087 1270 summa
3125 1223 3251 1268 cum
3300 1207 3488 1263 devo-a

1873 1311 2016 1366 tione
2046 1324 2145 1382 pro
2183 1323 2344 1382 posse
2378 1308 2562 1364 edere.

1839 1475 1912 1520 1‘!
1919 1465 2029 1521 ἐξ·κά
2041 1501 2044 1504 ~

1166 1610 1806 1708 INCIPIUNT
1874 1601 2532 1696 MIRACULA.

495 1792 626 1850 Car.
653 1792 694 1850 l.
730 1792 806 1848 De
831 1792 1054 1848 adventu
1089 1809 1437 1864 paganorum.

244 1886 606 1959 Temporibus
637 1887 772 1942 diva:
811 1886 1084 1942 memoria:
1113 1885 1417 1956 Caroli(36)
1451 1881 1543 1940 filii
1586 1883 1764 1940 Ludo-

171 1980 310 2047 vici,
345 1980 496 2049 prius
536 1978 700 2050 regis,
729 1986 914 2048 postea
940 1977 1300 2048 imperatoris,
1336 1991 1460 2032 cum
1502 1991 1644 2032 saeva
1687 1985 1768 2046 ty-

170 2073 436 2128 rannides
487 2085 822 2140 paganorum
884 2077 1230 2138 emergeret,
1285 2068 1490 2123 famosa
1544 2067 1766 2124 flumina

171 2164 446 2232 Sequanae
471 2178 534 2216 ac
550 2161 758 2230 Ligeris
781 2159 1058 2222 advolans,
1078 2169 1132 2214 et
1155 2175 1252 2230 per
1275 2169 1441 2214 totam
1465 2159 1766 2230 grassando

170 2250 507 2306 Neustriam.
537 2249 682 2304 ferro
703 2250 931 2320 igneque
956 2265 1058 2302 non
1086 2258 1292 2304 tantum
1321 2250 1767 2318 circnmjacentes

170 2344 467 2407 tlrminos,
499 2356 682 2396 verum
725 2341 888 2396 etiam
918 2341 1216 2394 Armoricae
1255 2356 1508 2410 magnam
1553 2351 1763 2410 partem

169 2443 556 2498 consumeret,
583 2442 704 2504 post
746 2448 850 2487 non
883 2433 1177 2487 multorum
1233 2432 1446 2486 tandem
1497 2445 1766 2486 annorum

170 2531 388 2578 rotatus
435 2522 628 2590 partim
662 2523 939 2593 ingeniose
983 2523 1186 2586 adacti,
1237 2522 1648 2592 prmscrtitnque
1680 2537 1767 2576 re-

170 2623 364 2682 spectu
388 2614 754 2669 miserationis
775 2615 971 2668 divina:
992 2613 1214 2682 repulsi,
1239 2613 1592 2668 abscedentes
1614 2629 1766 2684 repao

171 2705 498 2772 triaverunt,
515 2705 1035 2775 protestantes‘nullo
1053 2704 1210 2759 modo
1223 2719 1447 2773 usquam
1465 2719 1523 2758 se
1536 2703 1766 2772 amplius

171 2798 321 2854 illius
349 2799 500 2869 regni
524 2797 658 2854 lines
697 2799 942 2854 vastandi
966 2798 1185 2853 laesione
1212 2798 1556 2867 repetituros.
1611 2797 1764 2864 Quod

171 2900 361 2946 tamen
392 2907 498 2945 non
551 2889 721 2944 multo
750 2898 872 2960 post
920 2890 1092 2945 amica
1142 2890 1243 2944 sibi
1281 2889 1470 2945 fraude
1515 2889 1760 2955 inliciati,

170 2996 329 3038 more
353 2981 549 3039 canino
569 2981 660 3052 qui
686 2993 888 3052 quanto
917 2981 1037 3052 plus
1061 2979 1394 3045 alliciuntur,
1415 2988 1568 3035 tanto
1592 2981 1764 3051 magis

166 3073 823 3142 insequuntur,pccunia
873 3074 1038 3139 avidi,
1080 3073 1268 3141 rapina
1319 3072 1522 3134 usitati,
1580 3074 1758 3140 praeda

1784 1791 1832 1852 Β
1858 1792 2090 1850 verunt,
2129 1783 2247 1840 haec
2287 1792 2414 1841 sunt
2462 1800 2476 1838 :

2528 1781 2831 1839 Worarons
2871 1779 3003 1856 [al.,
3047 1778 3342 1857 Woradus]
3386 1788 3470 1842 et‘

1870 1875 2228 1932 Winebaldus
2271 1874 2617 1941 sacerdotes,
2669 1874 2989 1931 Gervraldus
3039 1883 3095 1932 et
3137 1873 3463 1948 Raynardus

1869 1967 2101 2023 diaconi.
2127 1966 2368 2032 Quorum
2398 1963 2718 2031 Worardus,
2745 1966 2835 2036 qui
2873 1966 2941 2020 ab
2965 1965 3097 2037 ipsis
3125 1980 3262 2036 pene
3290 1980 3463 2022 cuna-

1870 2054 2014 2112 bulis
2041 2056 2141 2110 sub
2187 2071 2378 2110 norma
2408 2056 2721 2112 monastica:
2755 2055 3048 2127 religionis
3093 2057 3374 2119 educatus,
3404 2064 3463 2112 et

1869 2147 2033 2201 veluti
2065 2156 2190 2202 tunc
2209 2145 2323 2216 jam
2355 2147 2680 2217 decrepitus,
2711 2148 2784 2202 ita
2808 2156 2862 2202 et
2890 2148 2941 2201 in
2968 2145 3172 2204 Christi
3203 2147 3458 2204 tirocinio

1867 2239 2129 2293 emeritus
2166 2239 2322 2294 miles
2365 2248 2504 2302 erat,
2536 2239 2669 2294 diris
2716 2239 3069 2302 colaphorum
3120 2238 3464 2294 tunsionibus

1874 2328 2016 2384 ictus
2046 2331 2397 2400 nuditateque
2429 2331 2676 2385 triduana
2726 2341 2781 2386 et
2827 2331 2949 2402 algu
2984 2321 3264 2387 ΓείτέῙξῖῐιο
3308 2341 3465 2386 tenus

1867 2420 2184 2488 prolligatus
2243 2423 2482 2486 exstitit;
2543 2422 3129 2479 Winebaldusantem
3189 2423 3318 2478 licet
3364 2438 3465 2494 pro

1868 2512 2159 2567 afﬂictione
2184 2513 2348 2567 nimia
2373 2514 2453 2568 sui
2484 2515 2726 2584 corporis
2757 2531 3003 2570 macrore
3032 2524 3344 2570 attenuatus
3366 2529 3466 2583 pro

1868 2599 1962 2654 Dei
1992 2602 2209 2655 nomine
2255 2600 2462 2666 fuisset,
2507 2604 2726 2658 aeribus
2771 2604 3088 2659 verberibus
3128 2613 3466 2670 maceratus,

1869 2704 2031 2761 atque
2077 2693 2241 2747 etiam
2284 2709 2384 2762 per
2412 2710 2571 2749 nares
2603 2693 2872 2751 inlusione
2909 2695 3117 2750 viscera
3165 2695 3458 2760 distentus,

1866 2783 2158 2836 semivivus
2179 2793 2260 2837 est
2290 2783 2525 2838 relictus.
2557 2784 2871 2840 Gerwaldus
2901 2785 3107 2854 itidem,
3141 2799 3457 2855 quanquam

1870 2875 2086 2938 senior,
2116 2875 2370 2944 quoniam
2403 2876 2644 2946 vegetior
2675 2886 2728 2931 et
2759 2875 2952 2931 fortior
2981 2876 3104 2933 aliis
3149 2876 3457 2940 videbatur,

1863 2961 1991 3019 licet
2029 2965 2255 3021 diversis
2295 2965 2572 3035 multoque
2619 2967 2959 3036 gravioribus
2994 2977 3222 3024 vexatus
3261 2966 3460 3021 fuisset

1865 3055 2220 3111 ludibriorum
2246 3073 2464 3112 suorum
2488 3058 3118 3124 irrisionibus,servante
3141 3075 3262 3115 eum
3277 3068 3462 3112 tamen

169 3163 445 3227 famelici,
483 3163 850 3233 sanguineque
879 3164 1279 3218 mentiebantur
1311 3163 1591 3218 sitibundi.
1627 3163 1758 3217 Nam

1868 3150 2123 3213 Domino,
2148 3151 2248 3204 etsi
2283 3165 2387 3203 non
2429 3151 2672 3220 pristinae
2713 3152 2960 3216 sanitati,
2988 3152 3182 3208 saltem
3219 3160 3305 3207 est
3337 3151 3463 3206 vita!

167 3267 316 3307 anno
354 3252 744 3308 incarnationis
798 3253 1009 3306 Domini
1061 3253 1262 3307 (lhristi
1315 3252 1763 3324 octingentesimo

167 3343 514 3412 sexagesimo
543 3342 826 3398 immodica
858 3341 1054 3397 iterato
1082 3343 1383 3398 coadunata
1418 3359 1579 3397 manu
1603 3383 1619 3409 ,
1654 3343 1766 3414 plu-

167 3432 312 3487 rima
343 3433 644 3487 classeiter
674 3443 860 3488 notum
908 3443 1307 3503 repetentes,ac
1349 3443 1461 3488 toto
1500 3435 1619 3488 nisu
1656 3433 1765 3488 alto

166 3524 312 3579 mari
332 3523 683 3587 velificantes,
711 3528 1019 3596 spumantia
1039 3526 1288 3581 certatim
1308 3526 1586 3580 suleabant
1604 3526 1762 3593 freta,

167 3613 551 3684 pertinacique
587 3630 749 3670 cursu
777 3617 1151 3687 applicuerunt
1179 3617 1230 3670 in
1257 3617 1455 3670 linibus
1491 3617 1770 3687 Menapio-

169 3721 322 3771 rum,
357 3706 410 3759 in
453 3709 576 3760 sinu
626 3707 717 3776 qui
764 3719 992 3763 vocatur
1018 3709 1129 3778 (37)
1158 3708 1318 3763 lserte
1349 3716 1534 3777 portus
1562 3725 1574 3761 :
1607 3718 1661 3762 et
1691 3708 1765 3764 ibi

167 3795 523 3865 prosilientes
555 3796 810 3868 nulloque
849 3813 878 3850 a
918 3798 1130 3868 publico
1181 3798 1366 3867 pervio
1413 3797 1762 3864 divertentes,

171 3886 448 3942 incendiis
477 3903 693 3959 quoque
723 3905 786 3944 ac
811 3890 1048 3944 credibus
1074 3889 1219 3944 illius
1241 3905 1372 3960 ergo
1404 3889 1762 3960 indulgentes,

170 3987 239 4034 ut
258 3978 326 4032 ad
358 3979 779 4035 famosissimum
813 3980 991 4036 locum
1026 3981 1362 4052 pansationis
1401 3981 1599 4036 Christi
1633 3996 1765 4037 con-

171 4067 451 4126 fessorem
493 4072 786 4127 Audomari
827 4085 991 4143 atque
1032 4075 1235 4129 Bertini
1274 4074 1459 4129 furtim
1511 4091 1767 4146 prepera-

170 4170 324 4221 rent.
349 4160 604 4214 ariditate
633 4162 916 4218 thesauros
939 4163 1294 4218 ecclesiarum
1324 4163 1557 4218 latenter
1585 4163 1766 4218 subri-

167 4248 356 4318 piendi
389 4262 455 4304 ac
501 4265 598 4319 spe
638 4267 822 4306 servos
863 4251 952 4306 Dei
1011 4253 1302 4322 improviso
1340 4253 1472 4307 inibi
1522 4267 1767 4322 compre-

167 4339 470 4403 henelendi,
487 4341 987 4398 brrvibusnoctinm
1007 4345 1293 4409 meatibus,
1311 4345 1517 4400 scilicet
1533 4344 1766 4401 Sabbato

168 4429 536 4489 hebdomadis
583 4433 931 4491 Pentecostes
962 4437 1094 4491 hora
1138 4441 1372 4492 secunda
1405 4446 1768 4508 pervenerunt

1866 3257 2157 3297 concessus
2190 3259 2206 3297 :
2248 3257 2312 3296 ac
2341 3242 2420 3297 sic
2449 3259 2554 3297 non
2585 3254 2712 3299 sunt
2741 3245 2972 3300 fraudati
3008 3245 3288 3316 martyrio,
3319 3243 3464 3314 quod

1866 3334 2142 3389 iuhianter
2191 3343 2300 3389 toto
2349 3337 2680 3406 appetebant
2727 3346 2872 3393 voto.
2937 3338 3176 3405 Quartus
3234 3338 3464 3409 proinde

1865 3438 2054 3478 eorum
2081 3423 2249 3492 quiet
2273 3423 2457 3492 jnnior
2485 3441 2548 3480 ac
2580 3426 2948 3482 succulentior
2975 3431 3056 3497 (ut
3090 3428 3449 3498 praetulimus)

1868 3516 2192 3587 Raynardns
2249 3517 2506 3579 nomine.
2561 3519 2728 3573 variis
2777 3520 3199 3575 contritionibus
3251 3515 3456 3575 fractus

1868 3605 2080 3675 illisque
2115 3606 2529 3661 abscedentibus
2560 3618 2612 3662 et
2645 3624 2828 3663 secum
2859 3609 3058 3664 ducere
3103 3611 3450 3677 conantibus,

1868 3713 1990 3752 cum
2014 3698 2223 3752 viribus
2250 3699 2447 3766 quibus
2476 3701 2651 3769 potuit
2688 3717 2755 3756 ne
2783 3717 2904 3755 cum
2940 3703 3020 3756 eis
3052 3702 3154 3756 iret
3189 3704 3464 3759 obnitere-

1869 3793 2212 3862 tur,"eligcns
2241 3794 2419 3864 potius
2466 3796 2519 3848 in
2559 3795 2761 3851 Christi
2807 3797 3043 3852 nominis
3094 3798 3457 3864 confessione,

1868 3887 1914 3940 si
1939 3886 1991 3940 id
2015 3903 2232 3956 quoquo
2258 3887 2418 3943 modo
2447 3887 2515 3941 ab
2549 3889 2782 3944 inimicis
2827 3891 3141 3960 extorqueri
3169 3892 3474 3962 quivissct,‘

1868 3979 2130 4048 martyrio
2159 3979 2228 4033 ibi
2268 3979 2504 4034 animam
2548 3979 2657 4034 Deo
2687 3984 3112 4046 commendare,
3159 3991 3213 4037 et
3261 3999 3484 4054 corpus.

1867 4071 2111 4139 paternis
2130 4071 2459 4125 cmmeteriis
2482 4072 2842 4137 concinerari,
2869 4088 3172 4143 nomenque
3200 4073 3460 4132 fraternis

1866 4161 2101 4232 dypticis
2142 4161 2398 4223 inscribi,
2430 4177 2592 4231 quam
2638 4161 2994 4217 ludibriorum
3039 4179 3260 4218 suorum
3303 4178 3462 4220 exse-

1869 4253 2245 4308 crabilissimis
2277 4253 2550 4323 spurcitiis
2598 4254 2795 4324 pollui;
2829 4255 2963 4310 diris
3005 4265 3181 4312 tamen
3232 4267 3292 4312 ut
3335 4266 3458 4313 erat

1870 4345 2099 4402 nexibus
2130 4346 2362 4412 vinctus,
2389 4346 2774 4402 miserabiliter
2803 4357 3110 4416 protractus
3137 4358 3220 4403 est
3249 4349 3316 4404 ad
3357 4349 3461 4404 vil-

1869 4431 1974 4487 lam
2002 4435 2232 4505 propria:
2263 4436 2618 4490 humanitatis
2648 4438 2714 4492 de
2755 4447 2927 4492 matre
2973 4435 3323 4508 profusionis,
3375 4439 3460 4494 di-

167 4523 243 4574 ad
274 4521 448 4576 locum
480 4539 588 4593 quo
623 4525 935 4581 tendebant.
978 4525 1084 4581 Sed
1127 4527 1434 4596 provisione
1471 4529 1674 4598 jngiter
1707 4529 1759 4583 in
1794 4514 1842 4573 Ῑ)
1867 4535 2102 4581 stantem
2126 4542 2154 4581 a
2187 4528 2519 4583 monasterio
2547 4529 2708 4584 tertio
2725 4530 2978 4584 miliiario
3001 4530 3067 4585 ad
3099 4518 3455 4600 aquilonalem

166 4626 234 4664 se
266 4610 653 4668 confidentium
705 4617 930 4671 tutantis
979 4617 1106 4681 Dei,
1157 4617 1334 4672 nullos
1383 4632 1448 4671 ex
1502 4619 1760 4674 fratribus

167 4703 374 4758 ibidem
405 4716 756 4776 repererunt;
799 4723 987 4762 verum
1017 4708 1221 4763 monitu
1260 4708 1500 4778 jubentis
1547 4709 1760 4765 Domini

165 4793 635 4864 obtemperantes,
660 4814 768 4866 quo
795 4799 925 4854 dicit
956 4818 968 4852 :
1003 4798 1060 4852 Si
1085 4815 1170 4852 vos
1198 4802 1453 4864 persecuti
1486 4800 1678 4868 fuerint
1702 4803 1758 4856 in

165 4902 279 4938 una
303 4887 536 4949 civitate,
565 4888 726 4957 fugite
748 4890 801 4942 in
827 4892 986 4943 aiiam
1012 4889 1224 4960 (Matth.
1259 4908 1313 4955 x,
1340 4891 1458 4960 23),
1486 4893 1758 4946 subduxe-

164 4986 298 5030 runt
336 4991 396 5030 se
429 4978 495 5030 ad
528 4987 760 5048 tempus,
797 4990 1072 5036 servantes
1102 4982 1350 5038 secundis
1372 4992 1425 5036 et
1446 4983 1762 5040 melioribus

165 5068 336 5123 rebus
411 5082 613 5135 praeter
649 5082 881 5140 quatuor
925 5073 1015 5140 qui
1074 5073 1407 5130 devoverunt
1435 5087 1493 5126 se
1539 5072 1607 5143 (si
1646 5075 1761 5131 Deo

166 5159 482 5196 ninnium-an
675 5167 934 5196 ιηηνοοιηιξιι
975 5164 1147 5196 ηηνῗηο
1200 5165 1338 5196 “alia
1391 5165 1553 5196 I-:Inn\
1603 5167 1757 5196 (tut..-

1865 4621 2077 4694 plagam
2111 4622 2309 4675 dictam
2344 4623 2593 4678 Miramo.
2625 4623 2866 4694 Stipatus
2900 4624 3084 4696 itaque
3113 4625 3458 4682 multitudine

1868 4711 2176 4780 iniquorum
2231 4727 2294 4766 ac
2345 4721 2452 4766 tam
2509 4729 2609 4783 pro
2656 4715 2887 4783 plurima
2935 4716 3247 4772 vallantium
3291 4733 3456 4786 quam

1866 4798 2140 4854 densitate
2169 4801 2368 4865 noctis,
2412 4802 2540 4870 quia
2573 4803 2625 4856 in
2663 4803 2779 4871 ipso
2834 4804 3154 4874 crepusculo
3205 4820 3300 4877 per
3335 4820 3461 4861 eam

1867 4889 2242 4956 transierunt,
2295 4890 2547 4946 nesciens
2595 4893 2684 4947 ubi
2717 4903 2891 4957 esset,
2935 4894 3140 4950 dictum
3190 4904 3274 4951 est
3329 4895 3380 4949 ei
3429 4911 3470 4953 a

1867 4981 2205 5051 concaptivis
2233 4981 2380 5035 notis
2410 4998 2423 5036 :
2459 4981 2600 5038 Ecce
2635 4999 2667 5038 e
2707 4984 2928 5053 regione
2963 4997 3135 5054 portae
3183 4985 3473 5055 quondam

1825 5071 1828 5074 ’
1868 5071 2171 5128 nativitatis
2206 5077 2309 5124 tua:
2341 5072 2500 5125 imus.
2539 5073 2694 5140 Quod
2731 5088 2852 5128 cum
2895 5075 3241 5136 advertisset,
3280 5073 3486 5132 subito

1867 5161 1919 5196 in
1953 5170 2155 5196 Inv-ram
2188 5163 2391 5196 nnrrnil
2445 5162 2692 5196 Pinna...“
2733 5164 2933 5196 ηυρλ-»οἷο
2973 5165 3096 5196 σηιξη
3129 5165 3194 5196 ..1-
3229 5161 3496 5196 ἷηῖηὶῖῆῗι.
