3960 5320
518 327 648 383 “il

1545 323 1883 381 FOLCARDI
1922 324 2227 383 MONACHI
2266 325 2695 389 SlTlllVENSlS

3656 330 3782 385 lli!

517 416 1061 487 bnsperfossusuna.
1089 431 1210 471 cmn
1239 416 1517 488 sanguinis
1563 415 1825 473 cll‘nsione
1862 419 2094 474 animam
2125 425 2171 480 Λ
2201 420 2569 490 mirabilisque
2642 420 2858 476 fabrica:
2915 421 3237 477 studuerunt
3288 421 3600 483 :cdilicarc,
3643 422 3785 486 cujus

517 513 705 569 elilaus
721 510 937 568 Chri..to
965 511 1174 568 libavit.

660 601 789 658 CAP.
818 599 880 673 ll.
913 600 1156 669 Qualiter
1177 601 1317 656 Dani
1348 602 1528 658 Danos
1553 604 1968 673 suspenderunt,

592 690 701 747 Nec
728 691 894 747 etiam
954 706 1079 747 reor
1129 692 1393 749 silendum
1442 695 1520 750 rei
1572 703 1864 758 eventum,
1918 693 2103 748 divino

512 784 722 854 judicio
750 784 962 840 meritis
995 784 1041 839 B
1110 785 1313 840 Bertini
1364 787 1417 841 in
1454 788 1564 857 ipsa
1596 786 1926 855 egressionis
1968 787 2102 842 hora

520 884 822 946 peractum.
894 876 1126 930 Donaria
1194 877 1341 931 enim
1399 876 1686 932 immodica
1753 876 2104 947 conjicientcs

522 965 756 1036 argenti,
785 981 949 1036 super
976 964 1147 1046 altare
1187 966 1433 1021 ecclesia:
1474 967 1680 1036 requiei
1717 966 1836 1036 ejus
1863 966 2104 1022 cumula-

520 1068 736 1125 verunt,
765 1067 817 1113 et
838 1058 929 1113 uni
953 1074 1019 1113 ex
1042 1057 1155 1127 jam
1179 1058 1338 1115 dictis
1361 1059 1619 1114 fratribus
1648 1074 1715 1114 ne
1740 1061 1809 1114 ab
1836 1059 2104 1128 aliquibus

522 1160 808 1221 raperetur
828 1150 1150 1205 servandam
1179 1150 1592 1222 delegaverunt.
1631 1148 1741 1204 Illis
1779 1157 1960 1205 autem
2003 1164 2102 1203 cu-

522 1242 724 1297 neatim
756 1240 1119 1312 globatimqne
1158 1242 1309 1296 exire
1360 1256 1701 1312 praepropere
1750 1242 2102 1307 certantibus,

521 1336 843 1393 restiterunt
875 1336 1105 1392 latenter
1139 1335 1360 1407 quidam
1390 1337 1638 1403 illorum,
1688 1348 1891 1393 temere
1943 1351 2106 1407 pecu-

521 1427 667 1481 niam
694 1428 1016 1484 involantes.
1045 1428 1199 1495 Quod
1233 1445 1356 1484 cum
1399 1430 1730 1501 primoribus
1782 1428 2107 1484 innotuisset

519 1517 631 1590 iam
663 1520 921 1590 egressis,
957 1521 1317 1577 subsistentes
1361 1522 1718 1578 iusonuerunt
1751 1522 1892 1577 tubis
1921 1522 1972 1577 in
2025 1523 2107 1576 in-

522 1611 757 1666 terstitio
780 1611 944 1667 duum
966 1613 1440 1681 monasteriorum,
1459 1615 1815 1671 subsistentes
1839 1622 1893 1669 et
1915 1614 2108 1670 condu-

521 1712 716 1758 nantcs
774 1718 835 1758 se
866 1702 1002 1767 sibi,
1051 1704 1402 1774 quoadusque
1449 1706 1529 1761 rei
1580 1713 1707 1761 sunt
1750 1706 1994 1776 requisiti
2047 1714 2099 1761 et

522 1793 731 1849 inventi
750 1809 1044 1869 coramque
1062 1795 1274 1852 deducti
1300 1814 1314 1851 :
1337 1796 1523 1867 eisque
1547 1797 1806 1852 convictis
1826 1806 1881 1852 et
1894 1796 2100 1866 judicio

521 1883 907 1953 sacrilegorum
939 1884 1338 1952 condemnatis,
1366 1886 1615 1956 suspensi
1643 1896 1767 1941 sunt
1796 1887 1848 1941 in
1876 1882 2100 1941 australi

520 1974 848 2045 partejuxta
882 1975 1156 2031 introitum
1189 1985 1363 2047 porta:
1407 1977 1754 2041 monasterii,
1799 1977 2099 2034 evidentis-

521 2064 659 2119 sime
684 2066 1056 2137 promulgante
1082 2067 1552 2139 Domino,judicio
1581 2068 1746 2122 etiam
1780 2068 2099 2136 inlidelium,

521 2171 678 2227 paena
712 2157 858 2212 brevi
898 2158 1041 2229 quali
1070 2160 1310 2216 cruciatu
1353 2159 1618 2230 plcctcudi
1669 2170 1798 2216 sunt
1839 2170 2100 2231 perpetuo

518 2246 623 2300 sub
647 2254 909 2315 prtetentu
940 2246 1395 2312 Christianitatis,
1436 2249 1539 2303 nisi
1572 2250 1899 2319 recipiscant
1925 2251 2097 2305 sacri-

520 2336 645 2407 legi.
680 2335 855 2402 llnde,
902 2339 1232 2403 charissimi,
1296 2340 1767 2395 elucubratis~ima
1823 2340 2099 2411 diligentia

520 2426 908 2481 advertendum
955 2427 1114 2483 nobis
1169 2438 1251 2484 est
1296 2445 1455 2498 quam
1496 2433 1789 2486 clementer
1841 2432 2100 2486 Donuuus

521 2514 798 2571 trahentes
825 2516 978 2586 quasi
1003 2517 1218 2587 longum
1242 2517 1421 2572 Funem
1446 2518 1856 2589 irrumpibiliter
1878 2529 2097 2591 peccata

521 2615 703 2661 nostra
728 2647 744 2673 ,
782 2608 1107 2678 improvisa,
1152 2610 1261 2667 imo
1310 2609 1485 2666 invisa
1526 2612 1763 2666 hostium
1821 2613 2100 2667 iuvasionc

522 2695 805 2766 dignanter
839 2699 1156 2770 castigando
1186 2716 1287 2755 nos
1325 2701 1598 2771 redarguit
1627 2720 1640 2757 :
1668 2702 1895 2773 parique
1939 2705 2099 2759 modo

520 2787 866 2843 exactissima
915 2790 1401 2860 circumspectione
1449 2791 1900 2847 considerandum
1956 2796 2099 2866 quod

523 2878 949 2936 misericorditer
981 2890 1035 2936 et
1060 2878 1236 2936 locum
1270 2891 1401 2937 tunc
1420 2884 1680 2949 servavit,
1721 2894 1777 2939 et
1827 2884 2099 2939 habitato-

527 2968 673 3023 ribus
690 2968 923 3038 gratuita
952 2971 1167 3041 pictatis
1195 2972 1542 3028 miseratione
1585 2975 1842 3044 pepercit.
1895 2974 2099 3032 Meritis

523 3075 736 3130 quoque
764 3069 1115 3131 patronorum
1143 3062 1244 3118 loci
1291 3063 1512 3134 dignum
1545 3065 1921 3131 annumerari,
1954 3067 2097 3136 quod

524 3154 712 3208 eodem
762 3160 1002 3223 tempore
1046 3154 1302 3225 captivati
1334 3155 1386 3210 in
1410 3155 1558 3211 brevi
1594 3156 1791 3212 reversi
1817 3166 1943 3212 sunt
1968 3173 2101 3226 gau-

526 3241 711 3298 dentes
742 3244 981 3299 univcrsi
1011 3254 1066 3298 et
1090 3246 1219 3301 keti.

524 3332 652 3387 CAP.
691 3332 775 3405 Ill.
814 3333 1055 3405 Qualiter
1092 3336 1307 3405 quidam
1345 3336 1520 3405 apifex
1567 3354 1598 3388 (ι
1663 3338 1963 3394 summitate
2020 3357 2103 3395 ec-

702 3401 873 3458 clesia:
905 3403 959 3455 in
996 3401 1189 3457 terram
1228 3401 1386 3459 ruens
1416 3401 1548 3459 nihil
1591 3407 1718 3460 muli
1755 3409 1958 3463 sentit.-

597 3488 725 3545 Post
795 3490 1129 3551 discriminis
1196 3494 1401 3563 prmfati
1475 3494 1854 3552 liberationem
1906 3497 2101 3555 fratres

526 3581 767 3651 ejusdem
808 3582 1042 3639 cccnobii
1105 3586 1511 3650 convenientes,
1575 3587 1936 3660 lacrymisque
1993 3605 2099 3644 non

528 3673 706 3728 minus
756 3675 935 3744 gaudii
990 3691 1151 3745 quam
1213 3679 1463 3733 Inmroris
1513 3678 1673 3743 illiti,
1725 3689 1847 3748 post
1920 3689 2100 3736 tamen

480 3824 483 3827 ἰ
526 3763 943 3834 ςιιιίιιιαιαυὶοτεε
991 3767 1141 3832 facti,
1196 3780 1480 3838 coeperunt
1517 3772 1943 3842 pramordialiter
1990 3784 2103 3827 tra-

527 3864 674 3910 ctare
729 3855 962 3926 qualiter
1018 3856 1229 3912 Domini
1305 3857 1563 3915 oﬂims'nm
1621 3860 1935 3929 placabilem
1998 3863 2097 3918 sibi

526 3947 828 4016 potuissent
876 3948 1076 4016 facere,
1106 3964 1332 4019 seseque
1361 3952 1409 4004 ci
1448 3950 1737 4021 placabiles
1768 3953 2011 4008 reddere.
2042 3954 2099 4011 In

527 4048 903 4107 argumentum
931 4040 1093 4095 etiam
1144 4041 1304 4111 hujus
1357 4042 1459 4108 rei,
1489 4041 1652 4097 veluti
1704 4046 1972 4099 mansueti
2006 4044 2098 4098 lilii

527 4128 950 4188 admonitionem
979 4131 1149 4200 patris
1187 4132 1258 4201 pii
1306 4133 1543 4204 generali
1600 4142 1758 4204 pacto
1807 4150 2100 4191 consense-

526 4225 668 4278 runt,
702 4217 1051 4286 gratiosiorcs
1107 4234 1165 4273 se
1207 4235 1371 4290 super
1425 4223 1526 4277 hac
1582 4224 1956 4293 castigatione,
1991 4226 2101 4283 imo

524 4308 923 4365 emendatiores
953 4308 1079 4370 lieri,
1104 4307 1256 4363 velle.
1288 4309 1482 4365 Snlerti
1506 4326 1716 4382 quoque
1737 4316 1947 4384 priores
1969 4331 2123 4374 cura

2202 512 2479 582 longitudo
2504 513 2846 568 consistentis
2875 512 2925 567 in
2968 521 3108 567 terra
3153 516 3409 581 azqnabat
3442 511 3785 566 altitudinem

2203 602 2455 659 culminis
2523 604 2770 659 ecclesia:
2820 605 2906 658 cui
2960 604 3438 674 superponendnm
3484 611 3632 656 erat.
3688 600 3788 657 Nec

2203 694 2423 760 mirum,
2489 695 2770 765 tristegum
2818 694 2963 748 enim
3011 696 3092 766 (ut
3137 692 3437 765 vulgaritcr
3484 691 3787 761 loquamur)

2208 786 2369 840 trium
2430 787 2699 855 tripodum
2737 786 3022 841 ordinibus
3064 784 3266 839 factum
3320 783 3529 849 fuerat,
3568 790 3789 849 excepta

2204 895 2415 935 summa
2440 879 2754 934 claxendice
2786 879 2918 949 (58).
2946 879 3129 950 Itaque
3154 876 3406 933 ecclesia:
3451 875 3789 944 superposito

2205 982 2260 1025 et
2283 979 2488 1035 erecto,
2519 986 2616 1038 per
2646 970 2993 1043 singulasque
3027 969 3378 1040 compagines
3425 964 3646 1032 iuncto,
3674 978 3790 1017 cum

2205 1058 2385 1113 tholus
2408 1057 2637 1128 pomifer
2679 1058 2735 1113 in
2764 1059 2908 1113 edito
2944 1074 3050 1113 una
3098 1073 3221 1112 cum
3278 1053 3605 1124 triumphali
3643 1054 3793 1122 signo

2204 1149 2382 1206 crucis
2405 1150 2708 1221 erigeretur
2731 1164 2795 1206 ac
2828 1148 2879 1204 iu
2907 1163 3042 1220 gyro
3074 1145 3316 1215 ejusdem
3363 1143 3574 1212 stipitis
3611 1155 3792 1208 super-

2206 1239 2342 1296 rima
2370 1250 2511 1307 rnta,
2542 1240 2631 1294 ubi
2661 1238 2888 1295 hastulze
2920 1246 2976 1292 et
3004 1237 3254 1291 tabulatac
3299 1232 3550 1305 praelate
3585 1230 3795 1285 clama-

2206 1330 2344 1386 dicis
2372 1328 2692 1399 superinuiti
2742 1343 2805 1382 ac
2828 1327 3022 1399 conﬁgi
3076 1325 3413 1389 debuerant,
3458 1320 3793 1375 numerando

2204 1421 2571 1490 copularetur,
2620 1435 2762 1474 unus
2811 1418 3080 1474 artiﬁcum
3127 1416 3349 1471 nomine
3378 1413 3607 1472 Bertus,
3653 1420 3796 1464 stans

2208 1526 2371 1580 super
2404 1513 2593 1566 eodem
2624 1512 2772 1565 circo
2803 1509 3035 1579 arripuit
3078 1507 3352 1570 malleum,
3399 1515 3460 1558 ct
3490 1501 3652 1573 quasi
3676 1516 3794 1570 gra-

2210 1602 2535 1656 tulabundus
2563 1617 2664 1671 pro
2686 1601 3113 1671 appropinquata
3144 1614 3283 1668 pene
3321 1596 3793 1652 consummatione

2213 1703 2319 1746 tam
2353 1693 2472 1746 miri
2502 1691 2702 1760 operis,
2728 1692 2892 1745 ictum
2917 1689 3081 1744 veluti
3106 1688 3385 1757 jactauter
3408 1685 3633 1756 longius
3656 1682 3796 1737 aetii—

2202 1799 2334 1855 gcus
2391 1783 2609 1839 incaute
2654 1782 2810 1851 iecit.
2866 1780 2972 1837 Sed
3032 1779 3200 1835 eheu!
3256 1776 3546 1833 resiliente
3593 1784 3707 1829 rota
3744 1780 3794 1826 et

2202 1877 2503 1946 quatiente,
2533 1876 2796 1931 vacillans
2837 1875 3171 1945 pedibusque
3214 1870 3523 1931 lubricans,
3563 1869 3633 1921 de
3658 1876 3792 1919 tanta

2201 1968 2485 2025 altitudine
2497 1983 2738 2038 prmceps
2759 1976 2904 2021 terra
2931 1975 3087 2020 tenus
3102 1964 3269 2018 Venit.
3286 1961 3424 2027 Sed,
3437 1959 3646 2013 mirum
3660 1958 3792 2012 dicta

2182 2058 2611 2129 .tnirabiliusque
2640 2057 2836 2111 miratu
2853 2056 3022 2113 iadeo
3045 2051 3245 2107 nullam
3279 2050 3571 2104 laesionem
3590 2060 3793 2116 passos,

2202 2152 2303 2207 nisi
2334 2151 2478 2220 quod
2514 2158 2677 2204 tantae
2734 2147 3037 2202 altitudinis
3065 2142 3512 2215 praacipitatiune
3565 2148 3793 2194 conster-

2201 2252 2362 2297 natus
2418 2240 2545 2305 fuit,
2596 2247 2865 2310 quatenus
2919 2236 3233 2306 ambiguum
3288 2231 3415 2286 fieri
3450 2230 3543 2285 fas
3577 2245 3684 2284 non
3732 2226 3795 2281 sit

2200 2341 2576 2404 supportattun
2620 2346 2741 2385 esse
2775 2344 2899 2383 eum
2950 2328 3050 2386 alis
3099 2325 3537 2391 subventionum
3602 2320 3791 2376 beatis-

2201 2427 2327 2480 simi
2384 2425 2562 2479 Patris
2605 2422 2692 2478 cui
2739 2421 2964 2477 servivit
3016 2418 3238 2474 Bertiui.
3298 2415 3795 2486 Astipulatiouique

2204 2519 2334 2573 tanti
2364 2515 2608 2573 miraculi
2640 2515 2961 2585 opponimus
2997 2529 3158 2583 quam
3191 2509 3399 2565 risibile
3427 2518 3483 2563 ct
3518 2505 3793 2578 plausibile

2203 2624 2521 2679 responsum
2552 2606 2984 2669 accurrentibus,
3007 2614 3063 2661 et
3097 2619 3295 2674 aquam
3330 2602 3441 2656 sibi
3497 2601 3661 2671 quasi
3706 2614 3793 2670 pro

2201 2702 2593 2759 refecillalione
2640 2698 3013 2761 oli‘erentibus,
3058 2696 3178 2751 sine
3244 2693 3456 2749 doloris
3527 2692 3793 2746 anxietate

2200 2795 2445 2866 protulit.
2489 2791 2699 2849 scilicet
2743 2790 2999 2861 quoniam
3049 2789 3103 2844 in
3151 2801 3317 2857 opere
3348 2799 3455 2840 suo
3504 2792 3790 2855 scmperct

2200 2887 2385 2941 labore
2423 2882 2713 2955 jucundus—
2746 2890 2883 2946 erat,
2930 2895 3030 2951 pro
3077 2887 3229 2934 certo
3275 2877 3471 2932 aiebat
3498 2892 3603 2932 eos
3639 2876 3790 2937 scire,

2200 2974 2346 3047 quod
2374 2974 2520 3031 sitim
2574 2974 2909 3042 restinguere
2933 2971 3115 3041 potius
3142 2969 3419 3040 gaudi-nat
3439 2965 3653 3037 jugiter
3678 2964 3790 3017 vino

2126 3093 2171 3154 ρ
2202 3080 2363 3136 quam
2408 3078 2571 3134 aqua,
2605 3079 2706 3118 nec
2733 3061 2915 3154 oblato
2949 3055 3786 3154 tuncegerelyntplneﬂliquore.

2201 3155 2457 3210 Actutum
2483 3154 2627 3207 enim
2655 3152 2808 3222 quasi
2840 3151 2975 3206 tanti
2999 3149 3255 3219 opinione
3277 3145 3579 3202 infortunii
3600 3145 3789 3199 fratres

2203 3260 2326 3300 cum
2370 3251 2570 3299 cetera
2611 3242 2814 3297 familia
2855 3240 3060 3299 mistint
3110 3235 3612 3306 manipulatimqae
3659 3236 3791 3290 sicut

2202 3339 2269 3393 ad
2299 3337 2588 3406 exsequias
2638 3336 2780 3389 illius
2825 3332 2958 3404 lapsi
2984 3340 3359 3393 accurrentes,
3406 3344 3537 3383 cum
3582 3342 3787 3396 conme-

2203 3430 2402 3485 rissent
2449 3436 2592 3482 stare
2634 3425 2978 3487 incolumem,
3011 3423 3286 3478 duxerunt
3323 3434 3455 3474 eum
3497 3419 3788 3488 gaudentes

2204 3525 2258 3581 in
2287 3519 2593 3582 ecclesiam,
2649 3519 2806 3573 lletus
2843 3516 3026 3572 tristes
3054 3516 3107 3570 in
3136 3513 3338 3568 hetitizc
3370 3511 3648 3583 lacrymas
3673 3525 3787 3578 per-

2205 3622 2501 3677 mutantcs,
2527 3621 2824 3680 campauas
2852 3608 3012 3663 solito
3039 3605 3250 3677 prolixo
3284 3604 3555 3673 clangore
3576 3601 3785 3672 grandi-

2203 3724 2369 3766 sonas
2418 3707 2816 3776 increpitantes
2866 3702 3092 3772 pariter,
3140 3697 3417 3767 simulque
3471 3695 3785 3753 solutunitct-

2203 3801 2337 3856 OlitlS
2360 3798 2587 3852 Domino
2610 3793 2820 3848 auctori
2850 3802 2906 3847 et
2933 3791 2996 3845 B.
3018 3787 3514 3856 Bertinocjnsdem
3544 3780 3785 3839 miraculi

2203 3889 2520 3948 subveutori
2547 3885 2824 3958 ps;illeudo
2849 3882 3106 3939 ferentes.
3151 3880 3412 3937 Artifices
3442 3891 3658 3948 quoque
3686 3875 3781 3928 hac

2203 3984 2407 4037 virtute
2446 3980 2642 4033 nedum
2693 3975 2939 4031 dicamus
2981 3970 3226 4035 animati,
3257 3970 3393 4040 quin
3436 3968 3603 4022 etiam
3631 3964 3782 4018 robo.

2204 4074 2436 4128 ratiores
2474 4079 2528 4126 ct
2567 4067 2888 4123 audaciores
2918 4062 3092 4121 elIecti
3114 4102 3129 4127 ,
3175 4062 3495 4116 inchoatum
3521 4073 3655 4127 opus
3690 4069 3779 4109 es-

2201 4163 2508 4234 plicuerunt
2527 4165 2838 4213 constantes
2861 4164 2913 4210 et
2940 4153 3066 4209 lmti.

2202 4257 2329 4312 CAP.
2372 4252 2464 4308 ιγ.
2499 4252 2576 4305 De
2624 4248 2850 4319 quadam
2915 4247 3022 4319 cire
3090 4242 3443 4319 Virjduneusi
3476 4238 3781 4296 naturaliter

2304 4325 2466 4380 surdo
2494 4333 2540 4375 et
2566 4313 2709 4375 muto
2739 4319 2806 4370 ad
2832 4315 3127 4382 sepulcrum
3156 4313 3214 4368 S.
3238 4315 3443 4368 Bri-{ini
3468 4322 3675 4367 “nato.

527 4409 649 4449 cum
682 4396 983 4451 senioribus
1029 4398 1416 4453 consuluerunt
1439 4439 1453 4460 ,
1507 4403 1701 4471 quibus
1758 4406 2098 4472 potissimum
2128 4425 2176 4484 ι)
2275 4416 2609 4472 succedente
2633 4421 2851 4481 quoque
2893 4421 3132 4475 tempore
3165 4406 3369 4462 accidit
3400 4413 3459 4457 ut
3484 4401 3700 4471 quidam
3729 4409 3780 4451 et

527 4483 972 4550 occupationibus
1021 4485 1321 4553 quivissent
1368 4486 1606 4555 priorum
1656 4491 2098 4562 negligentiarum

529 4570 945 4627 redhibitioncm
973 4575 1219 4631 reddere.
1253 4576 1450 4646 Sicque
1492 4582 1851 4637 communiter
1902 4592 2103 4641 tracta-

533 4668 642 4713 tum
675 4671 774 4725 est,
809 4672 865 4717 ut
895 4672 1036 4720 tecta
1057 4664 1406 4722 cccle$iaruut
1453 4678 1721 4727 vetustate
1761 4685 2099 4744 consumpta,

528 4758 954 4823 ceterarumque
1000 4754 1332 4811 olliciuarnm
1390 4761 1743 4828 perstillantia
1788 4780 1893 4821 non
1926 4768 2098 4822 solmn

530 4844 875 4912 resarcircnt,
908 4862 1093 4902 verum
1131 4849 1249 4904 sine
1298 4850 1699 4909 intermissione
1742 4857 1824 4911 vel
1877 4857 2101 4915 alterius

529 4942 726 5010 negotii
789 4943 1191 5015 interpositione
1245 4946 1477 5019 plenitctj
1542 4961 1884 5006 renovarent.
1947 4953 2100 5022 Quod

528 5034 667 5088 sient
689 5050 895 5089 summa
918 5036 1204 5093 devotione
1232 5038 1564 5106 inchoatum,
1599 5039 1672 5094 ita
1700 5051 1892 5096 nostro
1935 5058 2101 5109 opere

526 5124 678 5177 ocius
703 5140 862 5193 quam
883 5127 1193 5194 putabatur,
1215 5125 1323 5180 Deo
1344 5127 1594 5183 cll'ectum
1627 5130 2096 5195 subministrante,

525 5214 749 5283 pulchre
801 5215 1285 5284 strenuissimcque
1348 5229 1431 5274 est
1495 5221 1819 5289 perfectura.
1859 5222 2098 5278 Ecclesia

2203 4507 2423 4562 natione
2451 4514 2507 4560 et
2533 4506 2752 4559 nomine
2784 4503 3019 4573 ignotus,
3044 4513 3145 4553 nec
3170 4497 3392 4558 mirum,
3418 4495 3546 4564 quia
3573 4490 3779 4561 gemina

2202 4596 2583 4654 miserabiliter
2621 4596 2811 4650 morbo
2849 4593 3025 4648 fuerat
3059 4588 3411 4652 constrictus,
3450 4586 3663 4656 (auditu
3696 4592 3781 4635 εις

2201 4691 2345 4746 etaim
2387 4704 2416 4742 a
2456 4688 2725 4759 primaevae
2760 4683 3090 4755 profusionis
3133 4682 3269 4735 hora
3312 4678 3529 4734 exstitit
3557 4691 3777 4735 vacuus.

2201 4791 2258 4835 et
2286 4779 2495 4850 loquela
2527 4776 2793 4848 privatus)
2817 4775 3027 4830 veniret
3072 4768 3474 4841 peregrinando
3498 4766 3565 4818 ad
3598 4781 3775 4819 mona-

2202 4869 2429 4924 sterium
2471 4864 2679 4938 prscfati
2713 4863 2917 4919 Patris.
2960 4862 3061 4929 Qui
3102 4874 3227 4914 cum
3265 4859 3338 4912 ibi
3375 4856 3608 4911 multum
3649 4864 3779 4908 teuto

2200 4959 2351 5031 poris
2397 4963 2712 5030 perageret,
2755 4965 2922 5024 utque
2966 4950 3303 5022 praetulimus
3342 4947 3469 5016 quia
3522 4945 3627 4999 fari
3675 4960 3777 4997 non

2202 5050 2401 5121 potuit,
2431 5049 2731 5119 pulsatibus
2767 5043 3179 5101 taratarantiutu
3225 5039 3552 5095 tabellarum
3590 5035 3779 5102 stipem

2201 5139 2561 5199 mendicaret,
2603 5138 2857 5205 nulloque
2883 5150 2943 5189 se
2972 5129 3167 5188 alicubi
3199 5128 3531 5187 diverteret,
3559 5125 3778 5195 ejusque

2200 5229 2471 5284 continuae
2509 5228 2825 5281 constantiae
2855 5225 3137 5290 jugltatetn
3175 5218 3645 5284 ecclesiarumquc
3674 5216 3775 5265 ire-
