3960 5320
121 146 245 203 “13

1244 129 1603 189 MIRACULA
1638 130 1699 186 S.
1728 130 2026 187 BERTINI.
2060 131 2279 187 -—LIB.
2317 128 2361 185 ῐΙ

3238 120 3379 176 HN

119 276 233 316 nem
262 256 338 312 illi
365 253 668 325 designare.
702 249 777 305 lbi
800 255 980 305 autem
1011 261 1148 319 pene
1173 260 1373 301 annum
1402 259 1694 301 conversa-
1725 249 1772 306 Α
1801 243 1997 301 atratus
2023 260 2051 299 a
2079 242 2491 315 primatioribus
2517 251 2577 296 ut
2609 252 2792 296 secum
2822 238 2950 303 iret,
2984 234 3374 306 appellaretur;

122 363 220 414 tus,
246 354 366 418 post
394 341 742 400 hebdomade:
764 340 1058 397 Dominieae
1083 336 1521 393 Resurrectiouis
1547 351 1698 392 com-

120 443 421 515 pletionem,
452 437 664 492 decimo
690 437 796 499 die,
823 436 873 490 id
895 442 980 490 est
1003 442 1200 504 quarta
1230 431 1387 495 feria,
1417 431 1697 486 monachis

121 528 415 601 vespertina
445 525 623 581 debila
668 524 720 578 in
752 523 980 579 ecclesia
1028 519 1459 592 persolventibus
1487 530 1543 575 et
1571 535 1698 574 cau-

123 635 228 680 tore
258 622 543 676 inchoante
572 617 923 686 autiphonam
962 615 1030 669 ad
1084 626 1301 667 erucem
1331 609 1695 673 salutandam,

122 716 189 769 ita
215 709 601 780 incipientem:
633 706 735 771 Ite,
771 706 1005 760 nuntiate
1034 703 1286 773 fratribus
1331 703 1479 765 meis,
1505 716 1700 772 puero-

123 820 218 877 que
259 802 652 871 subsequenter
701 796 1086 867 pronuntiante
1141 810 1357 850 versum
1391 810 1404 847 :
1442 793 1608 847 Dicite
1645 792 1698 845 in

125 897 436 961 nationibus,
459 892 670 949 caeteris
697 892 867 948 etiam
896 899 1052 948 sueto
1090 905 1239 945 more
1276 888 1454 958 ipsum
1483 885 1696 942 tractim

123 1008 180 1047 ac
226 988 493 1046 submisse
545 984 1021 1057 persequentibus,
1070 983 1122 1038 in
1162 982 1277 1052 ipsa
1314 981 1466 1051 quasi
1497 979 1698 1034 silentii

125 1085 245 1140 hora
285 1081 453 1150 empit
496 1078 610 1149 jam
638 1078 818 1133 dictus
847 1076 1046 1131 surdus
1072 1090 1136 1131 ac
1172 1085 1354 1130 mutus
1383 1071 1701 1127 hlaterando

126 1171 316 1229 iuitari
370 1170 587 1226 auditas
638 1166 980 1240 psallentium
1032 1179 1214 1221 voces.
1256 1163 1478 1218 Fratres
1520 1161 1702 1230 itaque

127 1265 186 1319 ad
215 1274 319 1318 tam
345 1260 626 1318 insolitum
676 1258 1116 1328 horrendumque
1168 1270 1362 1311 sonum
1410 1254 1700 1325 pavefacti,

127 1353 475 1409 substiterunt
538 1360 840 1407 annuentes
925 1362 1209 1405 oeconomo
1281 1361 1580 1418 pauperum
1644 1355 1704 1400 ut

129 1445 417 1514 inquireret
454 1457 695 1498 causam.
723 1440 826 1509 Qui
862 1455 983 1496 cum
1015 1439 1174 1495 solito
1214 1437 1265 1493 ei
1293 1448 1576 1503 annueret,
1604 1448 1705 1491 nec

128 1537 423 1607 proliceret,
471 1533 763 1591 iraseibilis
823 1540 883 1587 ut
937 1541 1054 1588 erat
1082 1571 1098 1597 ,
1142 1530 1307 1602 coepit
1355 1545 1480 1585 eum
1523 1529 1704 1585 verbis

129 1632 420 1699 increpare.
451 1628 520 1682 At
550 1627 637 1682 ille
666 1627 780 1698 ipsa
811 1624 999 1682 eadem
1023 1624 1210 1688 verba,
1232 1623 1359 1693 quia
1390 1620 1534 1676 aliud
1561 1619 1709 1691 loqui

132 1720 367 1784 nescivit,
393 1717 673 1775 blissando
703 1715 1032 1786 respondere
1057 1714 1318 1770 tentabat.
1343 1712 1498 1768 Tunc
1516 1710 1714 1766 fratres

131 1814 361 1883 protinus
388 1811 755 1882 intelligentes
779 1809 827 1864 ei
857 1824 887 1863 a
913 1807 1141 1864 Domino
1179 1805 1388 1861 meritis
1419 1804 1479 1858 Β.
1507 1802 1710 1860 Bertini

132 1918 439 1960 concessum
497 1917 620 1958 esse
675 1901 921 1957 auditum
963 1908 1018 1955 et
1072 1898 1263 1963 fatum,
1306 1895 1712 1969 hymnieanoris

131 1993 419 2064 psallentiis
467 2008 591 2047 eum
642 1993 920 2065 signorum
961 1988 1265 2060 pulsatibus
1303 1989 1411 2043 Deo
1440 1999 1624 2060 grates
1648 2000 1714 2041 ac

134 2087 356 2142 sanatori
384 2086 506 2157 ejus
536 2086 665 2141 totis
695 2084 1006 2140 referebant
1035 2083 1266 2140 viribus.
1295 2082 1571 2152 Hujusque
1598 2081 1710 2136 vir-

136 2177 256 2234 tutis
282 2178 580 2234 exhilarati
640 2173 909 2248 tripudio,
931 2177 1058 2247 quia
1124 2176 1178 2230 in
1232 2175 1425 2246 primis
1457 2171 1714 2242 auspiciis

135 2269 323 2328 florida:
344 2271 651 2341 juventutis
685 2280 826 2335 erat,
857 2269 1123 2324 miserunt
1156 2282 1281 2323 eum
1328 2267 1394 2322 ad
1424 2268 1714 2322 canonico-

138 2379 245 2420 mm
282 2363 551 2429 scholam,
590 2363 894 2418 litterarum
968 2361 1166 2416 studiis
1211 2359 1474 2430 quantulo
1534 2367 1715 2428 posset

138 2458 497 2521 imbuendum,
527 2455 892 2525 continuoque
920 2455 1010 2509 ubi
1043 2452 1306 2510 diurnalia
1336 2451 1568 2522 capitula
1590 2466 1713 2507 cum

137 2548 577 2620 vespertinalibus
604 2547 829 2619 psalmis
859 2546 1067 2613 didicit,
1116 2560 1328 2601 comam
1376 2543 1478 2599 sibi
1524 2543 1718 2613 capitis

141 2642 390 2712 deponere
416 2642 685 2713 poposcit.
715 2638 786 2696 At
811 2655 916 2696 non
951 2639 1108 2708 longo
1134 2646 1255 2708 post
1284 2637 1483 2692 cedere
1527 2629 1714 2707 coepit,

141 2737 513 2805 professusque
540 2741 624 2789 est
676 2732 828 2789 cordi
885 2731 985 2786 sibi
1040 2730 1158 2785 fore
1208 2730 1434 2785 Romam
1477 2728 1715 2799 petendi,

144 2823 715 2903 acceptaqueliwntia,
738 2821 991 2891 junxitse
1009 2819 1317 2875 Saxonibus
1345 2819 1718 2873 ultramariuis

1740 1585 1789 1645 Β

1801 339 1997 394 nedum
2029 339 2297 401 dicamus,
2340 337 2459 401 ivit,
2488 350 2674 392 verum
2703 334 2866 391 etiam
2903 333 3105 389 monita
3136 329 3379 385 salubria

1800 431 2059 485 adversus
2105 429 2293 485 audire
2336 424 2726 499 dissimulavit,
2766 437 2999 493 pergens
3040 420 3106 474 ad
3153 416 3381 491 paucula

1800 536 1996 591 pecora
2027 536 2147 590 quae
2186 520 2511 576 videbantur
2543 533 2664 574 esse
2708 516 2792 572 sui
2826 513 2966 584 juris
3005 510 3376 584 procuranda.

1800 615 1899 669 Cui
1934 614 2249 684 priusquam
2274 612 2611 683 pervenisset
2651 610 2718 664 ad
2754 620 3082 679 pascnarum
3111 604 3254 667 loca,
3287 616 3389 655 ae-

1800 704 1966 759 cessit
2004 719 2174 774 angor
2199 692 2363 757 animi
2394 717 2517 757 cum
2552 700 2748 755 timore
2778 695 3105 753 intolerabili
3136 702 3193 749 et
3215 692 3382 746 nimia

1802 794 2216 863 horripilatione
2247 807 2261 846 :
2290 802 2471 862 atque,
2502 801 2557 846 ut
2586 792 2654 846 ab
2678 790 2797 861 ipso
2819 797 2944 859 post
2967 783 3277 846 didicimus,
3305 781 3387 835 vi-

1802 891 2032 945 debatur
2068 889 2116 944 ei
2147 889 2303 960 quasi
2355 881 2842 958 tntum‘perfusum
2892 897 2952 939 se
2993 880 3159 936 fuisse
3203 877 3386 934 calore

1801 982 2062 1038 ferventis
2104 996 2258 1052 aqua:
2292 998 2307 1034 :
2346 988 2402 1034 et
2446 978 2609 1033 veluti
2661 976 2860 1047 ignotis
2903 973 3210 1044 loquamur,
3257 967 3385 1039 quia

1803 1075 1942 1129 situs
1970 1072 2208 1143 ejusdem
2252 1071 2400 1125 fundi
2454 1071 2542 1125 ubi
2578 1072 2680 1125 hoc
2730 1065 2984 1138 provenit
3032 1063 3158 1118 talis
3189 1069 3296 1125 est,
3327 1067 3390 1114 ut

1804 1168 1915 1223 illic
1943 1165 2206 1221 viantium
2234 1163 2516 1219 obtutibus
2555 1161 2819 1216 clarescat
2846 1163 3164 1228 prospectus
3208 1151 3389 1208 eccle-

1803 1260 2006 1316 siarum
2029 1253 2231 1312 Christi
2258 1251 2633 1309 eonfessorum
2657 1246 2950 1304 Audomari
2972 1254 3135 1315 atque
3158 1241 3388 1296 Bcrtiuii

1807 1350 1974 1405 miser
2001 1347 2090 1403 ille
2118 1345 2249 1401 licet
2282 1344 2352 1399 ob
2380 1342 2637 1398 duritiam
2668 1340 2753 1394 sui
2783 1353 2879 1393 seu
2913 1338 3251 1404 subsequens
3281 1331 3385 1385 mi-

1807 1443 2050 1500 raculum
2099 1440 2324 1496 minime
2369 1434 2717 1500 miserabilis,
2762 1432 2919 1487 nisus
2956 1444 3022 1483 eo
3074 1438 3386 1498 quanquam

1812 1550 1935 1592 sero
1962 1549 2023 1590 se
2059 1534 2351 1592 divertere,
2381 1536 2652 1603 quatenus
2692 1524 2910 1580 illorum
2939 1520 3197 1592 precibus
3229 1516 3389 1584 jnvao

1813 1639 1981 1695 retur,
2013 1640 2119 1680 non
2145 1623 2341 1695 potuit,
2368 1622 2462 1678 sed
2487 1634 2623 1689 pene
2649 1614 2916 1671 exanimis
2941 1621 3066 1667 ante
3098 1611 3150 1663 in
3186 1618 3388 1663 terram

1810 1718 2039 1788 proruit,
2064 1729 2406 1787 nequaquam
2439 1720 2498 1766 ut
2542 1709 2796 1781 passione
2824 1702 3175 1763 scotomatica
3204 1699 3363 1772 (verti
3391 1723 3395 1728 ·

1811 1807 2023 1879 ginosa)
2055 1807 2217 1872 ictus,
2262 1803 2356 1860 sed
2389 1818 2487 1874 pro
2516 1800 2712 1854 anima:
2760 1796 2906 1851 illius
2932 1794 3014 1864 (ut
3047 1798 3236 1862 postea
3276 1788 3393 1843 cla-

1813 1900 1942 1971 ruit)
1989 1898 2306 1959 salvatione,
2338 1901 2448 1951 lmo
2490 1893 2663 1962 magis
2697 1887 2934 1943 nominis
2965 1885 3060 1940 Dei
3105 1880 3275 1936 laude-
3311 1880 3395 1948 ip-

1814 1968 2035 2059 siusque
2091 1985 2446 2058 dispositione
2502 1981 2765 2035 luminum
2817 1973 3217 2031 delectabilium
3274 1968 3395 2023 visu

1813 2052 2079 2150 privatus,
2107 2092 2168 2132 ac
2181 2052 2401 2130 vbimatu
2433 2071 2517 2126 vel
2547 2083 2611 2126 eo
2639 2067 2871 2138 amplius
2901 2066 2956 2120 in
2987 2063 3147 2132 hujus
3172 2061 3396 2126 excita:
3458 2086 3483 2095 ν
3512 2075 3524 2081 ”
3604 2052 3609 2057 ’

1814 2169 1889 2225 tis
1926 2165 2227 2238 permansit
2259 2163 2581 2217 amaricatu.
2625 2157 2728 2226 Qui
2772 2172 2896 2213 cum
2933 2154 3114 2210 adhuc
3162 2150 3396 2222 torpor's

1818 2268 2026 2330 teperet
2046 2256 2276 2319 desidia,
2297 2254 2454 2325 quasi
2502 2250 2745 2306 funditus
2779 2248 2846 2303 de
2873 2246 2991 2301 suae
3032 2242 3279 2299 sanitatis
3306 2254 3395 2294 re-

1815 2350 2142 2407 formatione
2173 2346 2444 2409 diﬂidens,
2499 2345 2716 2399 hortatu
2746 2338 2960 2394 tandem
2986 2349 3230 2400 suorunt,
3259 2334 3392 2388 bea-

1818 2440 2013 2497 tissimi
2058 2438 2233 2494 Patris
2259 2435 2461 2492 Bertini
2492 2431 2732 2505 perrexit
2754 2429 2975 2484 visitare
3019 2425 3229 2487 limina,
3266 2423 3397 2477 affe-

1817 2547 1947 2588 rens
1991 2545 2112 2602 qua:
2154 2530 2403 2585 obtinere
2447 2525 2645 2596 putuit,
2675 2521 2912 2577 maxime
2950 2531 3106 2574 cerea
3149 2530 3374 2571 munera

1818 2639 1926 2694 quo
1950 2623 1996 2679 si
2044 2623 2152 2678 Deo
2192 2629 2247 2675 ct
2276 2615 2704 2675 clementissimo
2744 2611 2857 2680 jam
2907 2611 3053 2665 dicto
3088 2608 3238 2661 Patri
3280 2605 3399 2677 pla-

1820 2716 2060 2780 cuisset,
2109 2713 2228 2783 ejus
2283 2708 2494 2765 meritis
2543 2706 2788 2775 recipere
2833 2710 3138 2758 mereretur
3198 2700 3401 2756 antissa

1824 2817 2104 2878 captorum
2133 2805 2349 2860 orbium
2392 2801 2616 2862 lumina,
2640 2798 2920 2868 spondens
2960 2810 3022 2850 ac
3069 2791 3408 2849 conﬁrmans

145 2884 1000 2985 Rom-am.petentibusTCumque
1031 2923 1135 2963 una
1157 2923 1279 2962 cum
1309 2906 1413 2962 illis
1439 2906 1717 2978 pervenis-
1743 2926 1785 2984 ο
1825 2897 2085 2969 quidquid
2112 2909 2276 2965 super
2301 2908 2366 2949 eo
2390 2892 2588 2947 divinae
2622 2888 2809 2960 pietati
2851 2887 3110 2959 placeret,
3133 2884 3404 2953 reliquum

145 3014 215 3059 set
244 3006 379 3061 ultra
404 3005 707 3075 Lingonum
757 3003 1054 3077 civitatem,
1084 3001 1533 3056 eonsociaverunt
1555 3015 1613 3055 se
1637 3000 1718 3056 eis

154 3099 522 3155 t'nidunenses
553 3096 917 3166 negotiatores
945 3094 1192 3149 eamdem
1239 3093 1381 3147 viam
1439 3093 1720 3147 tendentes

146 3201 300 3259 usque
328 3189 397 3243 ad
439 3186 889 3242 divaricationem
942 3185 1042 3237 via:
1087 3184 1335 3238 ducentis
1382 3181 1717 3252 Hispaniam.

147 3280 316 3350 Ibique
344 3291 472 3336 tunc
496 3277 730 3334 tunotuit
758 3276 901 3347 quod
926 3285 1082 3330 antea
1125 3276 1224 3329 fuit
1259 3275 1519 3345 ignotum,
1546 3274 1719 3329 civem

148 3374 383 3429 videlicet
405 3373 581 3444 ipsum
607 3385 728 3425 esse
755 3369 1170 3425 Viridunensem
1197 3382 1211 3431 ;
1244 3364 1369 3435 quia
1400 3363 1473 3418 ibi
1504 3364 1725 3435 agnovit

150 3477 285 3527 Suos,
330 3463 461 3518 licet
513 3459 805 3516 difficiliter
851 3459 920 3514 ab
970 3457 1050 3511 eis
1080 3463 1265 3526 posset
1297 3454 1412 3525 ipse
1470 3454 1722 3524 cognosci

149 3564 355 3622 propter
433 3553 767 3623 insperatam
838 3547 1278 3603 reformationem
1363 3544 1722 3616 ingenitorum

151 3646 474 3700 morborum.
507 3644 615 3698 lter
663 3651 844 3697 tamen
890 3648 1127 3709 ereptura
1181 3647 1401 3693 strenue
1437 3649 1722 3706 peragens,

150 3737 370 3807 indeque
397 3736 637 3801 rediens,
670 3735 789 3791 sine
819 3731 1115 3787 divertendi
1148 3731 1213 3784 ad
1255 3729 1473 3799 propria
1516 3728 1724 3783 deside-

153 3825 227 3879 rio
253 3826 519 3880 directmn
548 3822 723 3879 locum
755 3820 1053 3876 sanationis
1075 3834 1185 3874 sua:
1213 3817 1418 3881 revisit,
1447 3832 1512 3871 ac
1537 3816 1648 3870 Deo
1672 3825 1727 3870 et

153 3915 436 3985 reparatori
489 3929 591 3968 suo
631 3912 832 3983 gratias
876 3908 1082 3965 retulit.
1116 3908 1319 3964 Nomen
1357 3907 1604 3962 etiamin
1634 3905 1728 3960 ba-

153 4007 335 4079 ptismo
356 4003 461 4061 sibi
493 4003 722 4058 inditqu
746 4001 886 4070 quod
915 4000 1063 4069 prius
1085 3998 1313 4054 nescivit
1334 4011 1500 4068 quam
1531 4010 1560 4050 a
1584 3994 1728 4050 notis

152 4098 346 4163 didicit,
371 4105 501 4151 tunc
526 4094 853 4158 notiﬁcavit;
885 4090 1259 4147 Ermenfridus
1314 4089 1459 4145 enim
1497 4088 1732 4143 vocaba-

154 4200 269 4245 tur:
304 4191 492 4259 sicque
520 4188 634 4244 suis
659 4184 1099 4243 henefaetoribus
1137 4182 1465 4248 valedieeus,
1496 4180 1729 4237 refertus

154 4279 579 4336 benedictionum
608 4278 763 4348 copia
784 4277 939 4332 laetus
961 4276 1221 4331 remeavit
1241 4274 1307 4329 ad
1339 4274 1577 4344 propria.

154 4386 272 4442 Car.
292 4389 356 4446 ν.
403 4388 478 4443 De
500 4382 739 4458 quodam
773 4402 866 4455 per
888 4384 1150 4458 biennium
1191 4392 1478 4448 exerceam,
1500 4383 1725 4453 pristino
1783 4448 1789 4455 .

723 4455 908 4510 lumini
937 4457 1195 4508 restituto.

222 4550 367 4605 Sicut
415 4548 658 4605 nonnulli
694 4562 808 4604 sua:
851 4545 1192 4615 negligentia:
1232 4553 1477 4614 tempore
1504 4544 1726 4615 pericli-

158 4651 348 4706 tantur,
380 4643 455 4698 ita
493 4641 691 4697 divina:
713 4635 1135 4708 dispensationis
1177 4635 1531 4691 saluberrima
1562 4635 1727 4690 casti-

159 4735 364 4805 gatione
408 4739 501 4805 (ut
549 4734 603 4790 in
649 4732 901 4805 praesenti
943 4739 1143 4785 eventu
1192 4726 1479 4798 perspicue
1534 4725 1725 4796 claret)

162 4830 301 4884 multi
328 4831 629 4886 salvantur.
671 4826 897 4894 Quidam
925 4824 1068 4881 enim
1110 4821 1194 4875 vir
1218 4818 1446 4875 colonia:
1483 4816 1727 4887 ejusdem
1794 4806 1814 4820 ”

160 4921 421 4989 Ecclesiae,
460 4921 529 4976 de
570 4918 766 4990 oppido
810 4919 858 4975 ei
901 4898 1241 4988 appeudcnte
1289 4917 1599 4979 nuncupato
1628 4907 1723 4964 Gi-

162 5012 345 5081 miaco,
375 5010 655 5068 Letfridus
704 5009 945 5075 nomine,
984 5006 1037 5060 in
1081 5000 1512 5059 Christianitatis
1559 4998 1725 5053 devo-

163 5100 298 5156 tione
340 5102 421 5171 (ut
467 5100 547 5155 rei
594 5099 942 5168 congruentia
985 5102 1109 5163 post
1153 5086 1470 5161 declaravit)
1512 5090 1726 5144 caeteris

160 5190 684 5264 communieipalibus
699 5190 812 5246 suis
840 5190 1021 5245 minus
1041 5185 1293 5242 curiosus
1320 5183 1548 5236 exstitit.
1575 5181 1726 5236 Ideo-

161 5289 257 5320 mm
282 5293 331 5320 nl
377 5281 568 5320 nor-id“
598 5288 653 5320 ιιι
707 5280 831 5320 (itnn
860 5277 1092 5320 ntrmiﬁlll
1137 5274 1228 5320 die
1273 5271 1551 5320 Dnminica
1581 5272 1727 5320 cives

1820 2991 1943 3045 vita:
1997 3004 2108 3045 sua:
2154 2988 2387 3060 spatium
2438 2986 2510 3041 ibi
2571 2996 2833 3055 peragere
2867 2980 3021 3035 velle.
3067 2977 3238 3045 Quam
3286 2974 3412 3044 ejus

1822 3081 2068 3136 intimam
2136 3078 2317 3135 cordis
2384 3075 2731 3131 devotionem
2796 3068 3413 3135 constantissimamque

1824 3172 2221 3229 confessionem
2249 3160 2548 3239 inspiciens
2572 3165 2911 3221 occultorum
2957 3162 3206 3230 cognitor
3237 3160 3398 3220 Deus,

1824 3264 2037 3321 meritis
2068 3272 2123 3317 et
2147 3261 2401 3332 precibus
2427 3255 2841 3314 clementissimi
2876 3253 3055 3309 Patris
3080 3250 3312 3306 reddidit
3338 3248 3402 3301 il-

1824 3354 1932 3408 lum
1962 3353 2097 3407 visui
2120 3361 2176 3406 et
2205 3352 2387 3407 visum
2422 3349 2544 3414 sibi,
2585 3356 2733 3403 tanta
2761 3344 2971 3400 scilicet
2996 3338 3415 3413 perspicuitatis,

1823 3446 2093 3506 claritate,
2125 3451 2205 3508 ut,
2234 3440 2490 3511 quoniam
2521 3455 2553 3493 a
2598 3435 2833 3508 pueritia
2859 3436 2913 3489 in
2942 3434 3104 3488 domo
3131 3429 3420 3498 cujusdam.

1826 3534 2142 3591 nobilissimi
2169 3532 2410 3602 ejusdem
2438 3531 2673 3601 regionis
2695 3525 2996 3583 viriadulto
3025 3534 3182 3578 tenus
3207 3524 3374 3576 educa
3393 3551 3406 3565 -

1829 3637 1915 3684 tus
1944 3638 1999 3682 et
2021 3625 2161 3680 altus
2184 3623 2308 3689 fuit,
2336 3631 2497 3691 atque
2527 3622 2579 3675 in
2611 3618 2848 3691 gentecio
2890 3615 3060 3685 ipsius
3094 3613 3276 3677 nemli,
3307 3627 3407 3665 cu-

1826 3720 1978 3777 sandi
2011 3720 2088 3789 (id
2125 3708 2221 3783 est,
2245 3712 2590 3785 consuendi),
2621 3709 2869 3775 texendi,
2895 3707 3152 3776 omnique
3178 3704 3411 3759 artiﬁcio

1830 3812 2106 3870 muliebris
2124 3810 2304 3881 operis
2323 3808 2569 3873 edoctus,
2598 3803 2862 3875 quidquid
2892 3803 2945 3857 in
2978 3799 3233 3871 praedicta
3266 3805 3414 3867 post-

1829 3906 2046 3962 modum
2071 3903 2299 3961 eeclesia
2326 3901 2591 3972 pallorum
2612 3899 2792 3954 ornari
2819 3894 3009 3953 habuit
3036 3905 3089 3948 et
3111 3889 3423 3957 emendari‘

1828 4015 1925 4055 seu
1977 3996 2475 4053 ecclesiasticarum
2511 3993 2743 4048 vestium
2799 3988 2989 4051 lavari,
3024 3986 3139 4056 ipse
3181 3983 3420 4039 sollicita

1831 4089 2134 4146 intentione
2170 4093 2531 4157 procuraret,
2561 4083 2885 4139 anhelanter
2925 4079 3172 4153 aspirans
3205 4085 3260 4131 ct
3288 4089 3417 4144 sup-

1831 4181 2044 4251 pliciter
2067 4178 2384 4250 implorans,
2398 4192 2505 4247 quo
2527 4175 2671 4232 velut
2699 4175 2814 4245 ipse
2836 4170 3167 4229 elaborando
3189 4167 3420 4223 desudat

1750 4260 1801 4320 Β
1827 4287 2056 4343 qumque
2084 4270 2380 4328 emendare
2429 4267 2738 4324 necessaria
2779 4275 2833 4322 et
2863 4264 3162 4320 emundare
3200 4258 3371 4313 lurida
3399 4275 3427 4325 ξ

1828 4368 1909 4423 sic
1950 4366 2147 4422 divinat
2184 4362 2547 4419 miserationis
2589 4358 2875 4415 clementia
2918 4352 3425 4424 deliuqueatiarum

1828 4475 2048 4515 suarum
2095 4457 2337 4512 omnium
2379 4456 2632 4525 dignetur
2658 4450 2801 4506 ablui
2852 4447 3284 4516 inquinamenta,
3314 4456 3435 4511 quo

1829 4561 2103 4606 mereatur
2146 4549 2215 4603 ad
2261 4546 2516 4602 Auctoris
2568 4558 2681 4601 sua:
2736 4538 3147 4596 reformationis
3197 4532 3437 4591 (elicite:

1829 4642 2119 4713 pervenire
2140 4638 2448 4705 vocamiua.

1866 4732 1873 4739 ’
1968 4730 2098 4786 CAP.
2137 4728 2224 4783 Vl.
2261 4726 2415 4791 Quod
2457 4724 2595 4779 Duni
2632 4724 2800 4777 altera
2831 4722 2946 4775 rice,
2986 4721 3292 4778 redierunt.

1900 4822 1976 4877 Ea
2006 4821 2170 4877 etiam
2220 4824 2542 4887 tempestate
2565 4830 2674 4887 qua
2702 4814 3197 4885 pt'tegraVutuihtts
3223 4812 3467 4887 supra}

1832 4909 2259 4982 ponderantibus
2287 4883 2647 4970 multimodis,
2677 4883 2785 4959 non
2802 4883 2968 4958 modo
2998 4905 3204 4965 sonus
3228 4883 3482 4982 suleavis
3514 4889 3521 4895 “

1830 4968 2037 5073 populi,
2067 5002 2175 5056 imo
2221 4998 2462 5052 omnium
2509 4998 2837 5070 dignitatum
2870 5001 2927 5047 et
2975 4990 3281 5073 ordinum
3310 4968 3496 5073 delin-

1829 5096 2089 5163 quentiis,
2131 5106 2235 5144 non
2285 5097 2493 5142 tantum
2520 5087 2768 5144 Francia:
2809 5086 2969 5145 ﬁnes,
3039 5080 3165 5144 sed
3197 5062 3365 5156 etiam
3402 5064 3501 5109 lo-

1833 5184 1939 5238 tius
1984 5181 2135 5253 regni
2197 5175 2518 5248 principalia
2576 5190 2807 5250 quaeque
2858 5171 2988 5223 loca
3060 5159 3513 5253 Αγιηυνιξξιίμιέ

1830 5234 2104 5320 ητηνίηιξῖει
2129 5267 2336 5320 diutina
2366 5269 2535 5320 tuuod
2566 5234 2714 5320 n‘unc
2739 5271 3118 5320 enumerare
3135 5246 3369 5313 longum
3388 5234 3521 5302 est)
