3960 5320
490 217 630 277 lli5

1542 216 1884 275 FOLCARDI
1921 213 2228 274 MONAClll
2268 214 2702 275 SlTlllVEbSlS

3627 218 3749 282 1116

490 347 721 404 magnus
753 331 1026 391 exercitus
1055 332 1125 390 ab
1145 331 1399 390 omnibus
1439 330 1717 390 dicebatur
1749 350 1763 386 :
1796 348 1940 390 anno
1968 331 2068 387 ad-
2097 345 2147 397 Α
2174 336 2489 406 eompuncti
2519 334 2600 409 se]
2643 343 2828 392 mutua
2871 335 3214 408 comessione
3259 337 3751 412 rebaptiuvernnt,

492 437 689 479 ventus
726 424 810 478 sui
863 425 916 479 in
968 439 1195 496 regnum
1242 422 1586 490 duodecimo,
1617 424 1686 480 ab
1717 423 1868 479 omni
1918 423 2075 494 plaga

490 515 584 570 ubi
618 515 851 571 ditlnsus
884 524 1000 569 erat
1039 515 1308 571 adnnatus
1353 515 1406 569 in
1442 514 1561 570 loco
1594 516 1708 583 qui,
1739 515 1809 570 ob
1846 530 2078 570 concur-

489 621 610 663 sum
656 606 952 680 insignium
997 606 1130 661 inibi
1162 620 1427 677 aquarum
1462 604 1806 660 Coulluentia
1829 613 2073 671 vocatur,

490 697 742 751 ascendit
769 696 968 753 flumen
994 697 1195 754 dictum
1224 699 1444 762 Iseratn,
1469 697 1823 768 pervenitque
1847 704 1898 749 et
1926 694 2078 764 equi-

493 796 608 843 tatu
638 800 694 842 et
724 783 940 858 navigio
966 791 1243 857 subusqne
1274 789 1587 843 Noviomatn
1621 786 1857 857 (Noyun)
1884 785 2075 840 civita-

499 891 554 936 te
580 917 586 929 ι
615 920 632 944 ,
659 879 866 937 faciens
895 882 964 935 ibi
999 881 1355 935 munitionem
1382 880 1525 933 circa
1552 878 1732 932 villam
1761 892 1825 932 ex
1851 875 2074 931 australi

494 973 673 1044 plaga,
707 984 902 1028 natura
927 974 1215 1034 inunitam,
1245 971 1453 1026 scilicet
1478 986 1618 1040 aqua
1644 980 1697 1024 et
1723 971 1880 1036 silva,
1913 984 2076 1022 voca-

495 1071 607 1117 tam
644 1061 1015 1132 Chyrisiacus,
1050 1059 1170 1134 [αι.,
1204 1059 1563 1132 Kyrisiacus],
1611 1060 1898 1115 intendens
1926 1059 1977 1114 si
2021 1059 2076 1114 in

497 1156 647 1212 brevi
679 1156 932 1225 nequiret
953 1165 1111 1211 arcta
1141 1165 1194 1211 et
1226 1155 1436 1211 diutina
1465 1155 1749 1210 obsidione
1777 1156 2074 1222 civitatem,

493 1249 620 1321 quia
667 1264 831 1318 parva
867 1250 1175 1312 videbatur.
1203 1264 1400 1319 capere
1443 1264 1623 1320 posse.
1675 1248 1779 1304 Sed
1817 1264 1940 1303 cum
1986 1250 2079 1303 he-

496 1342 865 1410 misphaerium
894 1339 1029 1394 nihil
1062 1340 1131 1394 ibi
1160 1339 1515 1407 prtcvalentes
1538 1348 2000 1403 consutmnarent,
2026 1347 2081 1393 et

494 1432 718 1500 (nedum
767 1430 1036 1503 dicamus)
1061 1429 1262 1502 aliquid
1291 1431 1637 1499 proﬁcerent,
1674 1446 1866 1486 verum
1907 1431 2079 1501 magis

495 1523 638 1579 faiixe
659 1540 720 1578 ne
742 1524 829 1577 siti
854 1524 1114 1591 omnique
1137 1522 1362 1590 penuria
1391 1520 1586 1575 arctati
1609 1536 1742 1590 pene
1763 1520 2077 1585 deficerent,

495 1614 801 1671 consultum
834 1618 919 1683 (ut.
962 1621 1218 1668 eventum
1265 1614 1607 1681 subsequens
1655 1610 1931 1681 patefecit)
1983 1611 2080 1663 ha-

495 1710 762 1776 buerunt,
810 1719 868 1765 ut
914 1710 967 1765 in
1026 1724 1248 1779 regnum
1299 1707 1569 1778 quondam
1618 1706 1861 1761 Lotharii
1911 1706 2073 1767 irent,
2109 1677 2153 1737 Β

497 1813 799 1858 tractantes
845 1818 941 1873 per
989 1801 1261 1856 maritima
1315 1802 1585 1862 transire,
1637 1808 1693 1855 ct
1735 1797 1953 1856 castella
2002 1796 2075 1852 ibi

495 1910 687 1952 recens
710 1894 852 1949 facta
879 1894 1145 1955 attinere.
1177 1891 1490 1962 incolasque
1524 1907 1736 1956 omnes,
1766 1890 1864 1945 nisi
1896 1905 1956 1945 se
1981 1890 2076 1944 de-

496 1987 709 2049 derent,
735 1984 1084 2040 mortiﬁcare.
1121 1983 1238 2050 Quo
1260 1991 1539 2052 comperto
1561 1982 1954 2051 parsjnventnn
1987 1981 2079 2049 qui

498 2075 602 2132 sibi
638 2076 852 2130 (veteris
885 2074 1135 2144 agiliores
1155 2074 1580 2141 audacioresque
1609 2073 1724 2127 ﬁeri
1741 2072 2078 2134 videbantur,

499 2183 631 2222 lillm
653 2184 729 2223 'ro
752 2166 1028 2237 quingenti
1053 2166 1467 2236 quinquaginta,
1493 2165 1798 2234 selegernnt
1820 2180 1877 2217 se
1897 2163 2081 2217 insciis

500 2258 623 2314 aliis
652 2259 983 2328 abripientes
1031 2257 1168 2312 clam
1214 2270 1377 2312 noctu
1424 2256 1580 2325 quasi
1618 2255 1777 2310 solito
1817 2254 1870 2308 in
1920 2253 2079 2307 aliam

500 2359 712 2423 partem
759 2350 1055 2423 pergendo,
1085 2359 1413 2420 arreptoque
1455 2350 1651 2405 itinere
1702 2347 2081 2404 insubsistibili

498 2457 660 2496 cursu
691 2442 937 2496 directim
967 2441 1260 2496 tendebant
1288 2443 1355 2494 ad
1376 2441 1822 2495 munitiuncnlam
1849 2454 2086 2511 paupere

504 2530 663 2603 (proh
695 2531 901 2600 dolor!)
926 2540 1141 2601 sumptu
1170 2545 1446 2600 parvoque
1476 2531 1605 2585 licet
1634 2540 1857 2586 strenuo
1880 2531 2086 2585 incola-

504 2640 623 2680 rum
661 2624 919 2679 comitatu
954 2621 1152 2677 lactant
1198 2624 1249 2677 in
1289 2638 1426 2695 pago
1468 2622 1831 2687 Tarvaneosi,
1863 2624 1917 2676 in
1967 2622 2086 2677 loco

501 2718 594 2787 qui
633 2724 863 2769 vctatur
900 2713 1096 2779 Sithiu,
1129 2712 1273 2769 circa
1305 2712 1693 2768 monasterium
1723 2713 1907 2766 eximii
1947 2728 2087 2781 pra:-

503 2810 641 2864 sulis
673 2806 991 2869 Audomari,
1026 2805 1190 2871 fuste,
1219 2805 1373 2876 gleba
1404 2814 1459 2859 et
1508 2804 1714 2873 cespite
1752 2804 1893 2858 sicut
1921 2804 2089 2858 artill-

500 2901 827 2963 (iosissinte,
878 2898 954 2953 ita
1000 2898 1167 2953 etiam
1220 2896 1532 2951 ﬁrmissime
1568 2904 1960 2961 constructam,
2006 2894 2088 2962 ja—

2177 441 2242 481 ac
2272 427 2457 481 humili
2483 427 2827 499 perceptione
2850 429 3093 499 mysterii
3123 433 3374 501 corporis
3395 443 3452 488 et
3485 434 3756 503 sanguinis

2176 532 2235 573 se
2271 519 2602 581 munierunt,
2634 519 2827 575 dantes
2852 519 3085 575 invicem
3117 523 3340 576 dextras
3367 538 3476 592 pro
3516 524 3757 580 libertate

2177 618 2231 662 et
2270 609 2371 662 loci
2418 610 2644 664 tuitione
2690 624 2749 665 se
2784 610 2921 665 velle
2965 620 3060 665 aut
3103 613 3319 677 agiliter
3359 622 3646 683 oppetere.
3678 625 3757 668 aut

2177 708 2399 755 strenue
2428 698 2740 764 defendere,
2785 717 3105 771 murumque
3135 707 3385 773 protinus
3431 707 3663 774 optimis
3688 708 3759 775 (ut

2179 804 2296 845 mos
2343 791 2640 846 incolarum
2690 793 2927 862 regionis
2955 802 3060 861 est)
3092 797 3264 850 armis
3319 798 3621 865 prccparati
3652 814 3762 850 cou-

2177 882 2516 940 scendeJttes.
2543 898 2646 935 una
2674 898 2795 937 cum
2815 885 2963 952 prius
2985 887 3304 954 prscparatis
3328 886 3547 940 pellicis
3574 888 3763 940 instrn-

2180 974 2377 1027 mentis
2424 973 2789 1028 rnunitissime
2838 990 3020 1028 arcem
3049 977 3376 1031 vestierunt.
3408 975 3535 1029 Tali
3589 993 3761 1032 eorum

2177 1063 2478 1119 constantia
2511 1064 2671 1132 paulo
2700 1076 2829 1117 ante
2859 1076 3179 1135 arrogantes
3226 1067 3439 1122 inimici
3469 1080 3762 1134 comperta,

2177 1168 2277 1207 nec
2308 1170 2415 1207 non
2441 1163 2495 1207 et
2526 1162 2679 1223 parte
2703 1155 3037 1209 inclusorum
3064 1157 3327 1212 audacter
3348 1157 3458 1212 sibi
3480 1157 3677 1210 obvios
3695 1158 3766 1211 ire

2178 1252 2334 1300 extra
2360 1246 2714 1300 munitionem
2746 1246 2883 1312 visa,
2922 1246 3033 1301 Deo
3064 1248 3186 1302 illos
3215 1248 3635 1318 quammaxime
3668 1258 3767 1301 ter-

2180 1337 2455 1401 rilicaute,
2496 1338 2859 1394 animositatis
2907 1339 3157 1408 superbia
3204 1339 3418 1395 mollita
3446 1382 3463 1407 ,
3511 1339 3765 1408 iactantia

2179 1443 2389 1497 pressa,
2421 1430 2647 1484 audacia
2696 1431 2922 1485 remissa
2952 1447 3017 1486 ac
3042 1432 3332 1502 liquefacta
3393 1434 3629 1489 minime
3674 1449 3765 1488 au-

2181 1520 2371 1575 dentes
2398 1522 2614 1591 aggredi
2645 1532 2845 1590 cmpta,
2875 1523 3215 1578 diverterunt
3248 1539 3311 1579 se
3340 1524 3412 1579 ad
3446 1539 3651 1595 pecora
3680 1540 3769 1593 per

2182 1626 2341 1681 agros
2368 1615 2642 1681 pascentia
2675 1614 2958 1684 capienda,
3005 1616 3159 1671 ocius
3189 1617 3460 1686 repedare
3493 1618 3768 1687 cupientes

2183 1702 2265 1757 vel
2318 1720 2440 1757 cum
2496 1705 2702 1760 tantilla
2761 1708 2970 1775 prteda;
3005 1706 3203 1761 residui
3238 1722 3372 1761 vero
3408 1707 3653 1763 virorum
3680 1724 3770 1765 no-

2181 1806 2416 1849 strorum
2449 1797 2550 1851 hac
2597 1798 2872 1852 invasione
2919 1799 3200 1862 commoti,
3234 1800 3665 1870 prasertimque
3708 1803 3771 1854 de

2182 1887 2275 1941 Dei
2307 1888 2507 1943 auxilio
2534 1897 2964 1959 testatornmque
2998 1891 3275 1960 proprium
3314 1891 3634 1946 interventu
3660 1892 3763 1956 tisi,

2183 1987 2404 2046 repente
2450 1991 2748 2049 eruperunt
2790 1980 2855 2037 de
2887 1982 3207 2040 munitione,
3243 1981 3619 2050 irrumpente;
3651 1990 3765 2049 post

2182 2084 2292 2134 eos,
2321 2072 2533 2138 equites
2561 2072 2777 2140 quidem
2814 2086 2910 2139 per
2938 2072 3259 2139 compendia
3301 2072 3773 2141 precantieipando

2184 2160 2305 2214 illos
2356 2162 2407 2213 in
2456 2161 2680 2229 planitie
2727 2162 2927 2215 moatis
2977 2163 3125 2215 unde
3174 2172 3303 2214 ante
3352 2162 3769 2227 descenderant,

2184 2254 2311 2322 quia
2351 2252 2537 2307 lentim
2569 2267 2764 2323 pecora
2795 2253 3101 2317 minabant,
3128 2253 3403 2309 habentes
3438 2262 3771 2326 contemptor

2187 2347 2315 2399 talia
2347 2361 2442 2401 eos
2476 2349 2709 2412 audere;
2751 2349 2963 2416 pedites
3002 2358 3186 2403 autem
3216 2358 3342 2418 post
3382 2358 3599 2421 tergum
3632 2352 3769 2404 iuse-

2186 2447 2436 2506 quentcs,
2477 2449 2740 2508 ponentes
2781 2438 2965 2494 hostes
3000 2440 3053 2493 in
3085 2440 3288 2494 medio.
3321 2440 3515 2510 Itaque
3553 2456 3772 2509 compe-

2190 2529 2388 2585 rientes
2415 2539 2644 2585 cunctos
2684 2547 2743 2585 se
2771 2533 3008 2601 undique
3046 2546 3208 2587 secus
3250 2532 3437 2601 fugam
3474 2534 3768 2597 molientes,

2188 2618 2601 2686 desperabiliter
2642 2631 2910 2691 ruperunt
2945 2622 3013 2676 ad
3054 2623 3380 2679 orientalem
3427 2624 3645 2695 plagam
3682 2638 3774 2692 per

2188 2712 2467 2765 sinistrum
2499 2728 2667 2767 cornu
2698 2714 3034 2781 vallantium,
3070 2716 3363 2772 tendentes
3385 2719 3454 2771 ad
3491 2718 3771 2786 quemdam

2190 2814 2484 2869 qucrcuum
2520 2802 2721 2866 lucum,
2746 2812 3000 2871 putantes
3032 2821 3091 2860 se
3123 2805 3197 2859 ibi
3232 2804 3438 2860 frustra
3471 2816 3565 2859 aut
3596 2804 3773 2859 defen-

2190 2891 2317 2945 dere
2349 2901 2442 2945 ant
2470 2890 2705 2961 etfugere
2734 2908 2912 2963 posse.
2942 2891 3120 2947 Nostri
3151 2894 3339 2963 itaque
3363 2910 3461 2949 eos
3485 2894 3774 2949 occidendo

502 2999 717 3044 ctantcr
766 2989 819 3043 in
852 2988 942 3043 via
995 2987 1347 3057 proludentes
1394 2987 1570 3057 primo
1618 2986 1818 3056 impetu
1852 3002 1970 3040 eam
2006 2986 2084 3040 ia-
2115 3019 2157 3075 C
2194 2982 2538 3052 insequentes
2584 2984 2738 3052 (hora
2791 2985 2938 3039 enim
2997 2984 3127 3039 fuit,
3156 2964 3261 3041 diei
3325 3002 3468 3042 nona
3495 3028 3512 3050 ,
3565 2986 3775 3056 quando

505 3082 744 3153 fringere
771 3079 926 3144 velle,
963 3094 1026 3134 ac
1051 3093 1147 3149 pro
1179 3078 1442 3133 tenuitate
1484 3092 1581 3131 seu
1626 3076 1898 3146 pact-isaze
1926 3076 2083 3132 inha-

509 3170 798 3226 bitantium
832 3168 988 3222 facile
1032 3167 1148 3236 capi
1192 3181 1371 3237 posse.
1409 3166 1721 3221 Auxiliaute
1768 3176 1948 3221 tamen
1981 3167 2088 3222 illis

508 3258 622 3313 Deo
672 3268 727 3314 et
770 3255 1087 3326 patrociniis
1117 3266 1454 3320 sanctorum,
1485 3256 1577 3325 qui
1624 3255 1978 3325 requietiouis
2016 3256 2088 3312 ibi

508 3351 792 3411 elegerunt
819 3349 921 3402 sibi
951 3348 1157 3412 locum,
1186 3361 1337 3402 more
1376 3348 1536 3403 solito
1559 3347 2087 3415 intervenientibus,

515 3442 834 3513 indignante
881 3441 1102 3498 Christo
1167 3452 1597 3512 prtesumptuosa
1633 3442 1844 3497 illorum
1879 3441 2092 3510 jactan-

517 3534 591 3588 tia
646 3548 799 3587 versa
845 3543 930 3587 est
977 3532 1226 3589 cominus
1275 3533 1329 3587 in
1392 3534 1612 3605 dignam
1671 3534 2093 3601 vindictam,ad

514 3639 678 3693 quam
707 3623 1151 3697 promulgandam
1195 3625 1463 3681 calamum
1497 3640 1641 3682 nunc
1672 3626 1936 3682 vertimus
1989 3641 2090 3682 no-

514 3723 709 3769 sintut.

589 3804 718 3860 Car.
748 3803 860 3860 Vll.
888 3803 957 3860 In
982 3823 1080 3878 quo
1101 3818 1329 3881 tempore
1356 3817 1624 3878 venerunt,
1652 3818 1700 3864 et
1728 3809 1868 3881 quod
1892 3808 2024 3864 nihil

1102 3879 1514 3948 prrcvalueruut.

587 3964 719 4020 Nam
764 3976 883 4037 post
920 3977 1167 4023 sanctum
1194 3952 1471 4025 Paschalis
1514 3971 1929 4027 resurrectionis
1956 3971 2097 4026 diem

521 4068 606 4113 tra
633 4062 848 4113 .scursis
869 4060 1276 4128 quatuordccim
1305 4060 1518 4125 diebus,
1546 4061 1632 4115 die
1666 4061 1945 4117 Dominico
1968 4061 2099 4117 hora

522 4164 628 4219 qua
675 4149 968 4205 cardinalis
1014 4151 1194 4206 missa:
1234 4162 1532 4207 conventus
1571 4153 1784 4223 publice
1815 4155 2099 4223 agebatur,

524 4249 890 4309 apparuerunt
917 4242 1164 4309 protinus
1178 4240 1386 4310 przel'ati
1412 4244 1688 4297 invasores
1710 4243 2103 4298 descendentes

2190 3072 2410 3128 exibant
2462 3073 2529 3127 de
2580 3073 2843 3146 castello)
2900 3083 3190 3144 antequam
3246 3086 3770 3147 pervesperasceret,

2188 3175 2408 3215 onmem
2451 3161 2598 3219 illam
2631 3162 2942 3232 plurimam,
2975 3175 3033 3219 nt
3069 3165 3169 3234 ipsi
3206 3165 3525 3233 iactabant,
3557 3167 3776 3223 selecto-

2191 3265 2311 3313 rum
2358 3261 2718 3321 pugnatorum
2765 3253 2860 3307 Dei
2916 3253 3058 3309 bello
3099 3267 3601 3325 consumpserant,
3649 3255 3768 3312 licet

2190 3358 2299 3396 non
2340 3357 2459 3398 sine
2492 3352 2678 3398 nostro
2705 3343 2928 3409 damno,
2960 3360 3165 3414 majore
3211 3356 3397 3401 tamen
3431 3364 3555 3402 suo.
3610 3346 3765 3403 Facta

2192 3441 2278 3486 est
2320 3443 2500 3487 autent
2548 3433 2726 3488 caedes
2766 3433 2880 3488 bzec
2924 3434 2977 3487 in
3019 3434 3138 3491 loco
3179 3436 3403 3491 nomine
3437 3435 3781 3507 Windigamo

2195 3523 2318 3597 [al.,
2342 3523 2847 3598 Windingabamo].
2893 3525 3097 3581 Omnes
3125 3528 3270 3582 enim
3316 3529 3393 3582 ibi
3423 3530 3598 3584 occisi
3635 3537 3773 3592 sunt,

2192 3623 2392 3685 praeter
2419 3617 2564 3685 quod
2589 3623 2721 3683 quot
2748 3616 2815 3670 de
2838 3615 3040 3671 nostris
3066 3617 3288 3680 mortui,
3316 3626 3397 3671 tot
3426 3627 3561 3673 sunt
3586 3634 3653 3673 ex
3682 3618 3778 3671 illis

2195 3705 2319 3773 fuga
2344 3703 2531 3789 elapsi,
2564 3720 2757 3760 novem
2789 3715 2970 3761 autem
3009 3708 3384 3762 tantummodo
3411 3723 3484 3763 ex
3516 3710 3665 3764 omni
3696 3708 3775 3761 illa

2197 3796 2426 3866 plurima
2465 3806 2774 3861 evaserant,
2802 3807 2852 3852 et
2880 3813 2946 3853 ex
2985 3798 3117 3868 ipsis
3145 3800 3312 3855 etiam
3347 3816 3377 3853 a
3407 3801 3779 3870 persequenti-

2197 3887 2298 3943 bus
2319 3904 2414 3943 eos
2441 3888 2493 3942 in
2520 3889 2606 3943 via
2635 3890 2832 3943 mortui
2859 3899 2985 3943 sunt
3008 3890 3247 3960 quinque
3279 3893 3512 3961 reperti,
3548 3902 3768 3960 quatuor

2202 3985 2410 4031 tantum
2465 3980 2872 4048 protendentes,
2924 3987 2983 4034 ut
3041 3981 3390 4050 postmodum
3442 3982 3518 4035 ab
3575 3985 3659 4036 eis
3696 3982 3779 4051 qui

2202 4074 2333 4122 tunc
2381 4067 2682 4123 interfuere
2731 4069 2992 4124 exercitui
3045 4070 3360 4134 didicimus,
3420 4080 3783 4140 pervenerunt

2203 4162 2271 4216 ad
2305 4164 2506 4228 socios,
2553 4164 2877 4218 temeritatis
2918 4164 3202 4221 audaciora
3242 4165 3648 4234 vituperantes,
3678 4176 3783 4219 tan-

2204 4270 2368 4324 quam
2417 4256 2813 4326 prlesumptiva:
2856 4256 2932 4310 rei
2974 4265 3226 4310 eventum
3273 4257 3646 4312 cluenbratixn
3675 4274 3783 4327 per-

525 4345 622 4399 per
669 4331 867 4384 clivum
899 4331 1100 4385 montis
1151 4332 1508 4402 prominentis
1534 4334 1692 4399 villze,
1721 4349 1840 4400 qure
1896 4333 2088 4389 Locus-

2206 4356 2528 4400 scrutantes.
2585 4346 2657 4400 De
2688 4346 2899 4400 exuviis
2924 4361 3139 4414 quoque
3173 4355 3284 4400 tres
3309 4347 3618 4402 divisiones
3654 4348 3785 4401 fece-

527 4419 766 4472 ccclesile
795 4418 906 4487 (39)
938 4429 1176 4480 vocatur,
1214 4436 1313 4488 pro
1342 4436 1407 4476 eo
1434 4425 1576 4491 (ιιιυά
1616 4423 1916 4478 beatissimi
1961 4441 2104 4478 mar—

530 4518 615 4580 tyr
637 4526 675 4561 ις
699 4509 996 4564 Fuscianus
1019 4519 1075 4566 et
1096 4509 1398 4568 Victoricus
1427 4514 1482 4568 in
1506 4512 1812 4585 fronticipio
1838 4513 2104 4570 Christia-

526 4601 715 4658 nitatis
746 4602 1041 4657 incolarum
1071 4612 1232 4659 terra:
1263 4605 1576 4674 primariam
1602 4606 1849 4660 feruntur
1879 4606 1951 4661 ibi
1982 4622 2108 4661 con-

528 4694 794 4747 struxisse
825 4686 1143 4760 ecclesiam,
1167 4695 1462 4766 respiciens
1496 4705 1682 4752 contra
1715 4696 2106 4751 monasterium

529 4798 591 4835 ex
625 4791 777 4850 parte
811 4783 1159 4840 occidentali.
1188 4785 1342 4852 Quod
1391 4796 1677 4843 cernentes
1717 4785 1982 4851 excubias,
2014 4802 2110 4840 au-

531 4864 909 4945 tmnsntosque
963 4878 1108 4943 quod
1158 4878 1389 4947 plurima
1441 4881 1606 4935 totius
1661 4879 2107 4948 subsequeretur,

529 4963 699 5017 veluti
729 4966 878 5031 prius
902 4968 1114 5021 essendi
1144 4968 1285 5023 fatua
1311 4971 1639 5038 percrebuit.
1664 4972 1963 5034 exercitus,
1993 4984 2113 5039 pro-

532 5054 676 5109 tinus
707 5056 906 5126 populo
945 5057 997 5111 in
1033 5058 1261 5113 ecclesia
1306 5059 1623 5114 consistenti
1665 5059 2107 5135 noxiﬁeaverunt,

532 5142 612 5197 llli
634 5160 766 5200 vero
791 5160 897 5199 non
928 5146 1064 5200 adeo
1087 5147 1180 5201 tali
1206 5149 1396 5203 nuntio
1416 5150 1772 5213 consternati,
1804 5150 1911 5203 imo
1940 5148 2113 5217 magis

536 5234 952 5304 animaequiores
995 5235 1162 5300 facti,
1196 5236 1306 5291 Deo
1349 5232 1425 5291 et
1451 5236 1766 5308 patrociniis
1799 5246 2115 5292 sanctorum

2210 4446 2354 4500 runt,
2389 4454 2546 4492 uuam
2578 4438 2835 4492 Ecclesiis
2870 4448 3258 4500 concedentes,
3292 4438 3457 4491 aliam
3487 4441 3786 4493 oratorii-us

2206 4539 2260 4583 et
2288 4530 2613 4598 pauperibus
2653 4530 2864 4591 dantes,
2911 4530 3126 4583 tertiam
3165 4544 3320 4600 aequa
3357 4529 3523 4583 lance
3568 4531 3787 4583 nobilio-

2209 4633 2298 4673 res
2347 4635 2467 4674 cum
2532 4619 2882 4676 inferioribus
2931 4620 3378 4688 comparticntes.
3451 4620 3523 4674 Et
3580 4621 3785 4675 merito.

2213 4710 2533 4766 Scrutemur
2583 4712 2727 4767 enim
2789 4713 3102 4767 lmmanitns
3166 4713 3321 4767 verbi
3369 4715 3551 4784 gratia
3607 4716 3789 4781 quibus

2212 4804 2383 4871 magis
2413 4801 2713 4863 addicenda
2750 4803 2824 4856 sit
2848 4802 3153 4871 huiusmodi
3188 4804 3445 4869 victoria,
3487 4803 3789 4860 oratoribus

2213 4909 2281 4947 an
2312 4894 2686 4957 bellatoribus,
2726 4904 2833 4949 etc.

2282 4984 2410 5039 CAP.
2445 4982 2575 5038 Vill.
2606 4982 2758 5049 Quod
2783 4983 2842 5039 S.
2863 4983 3195 5064 Audomorus
3225 4983 3443 5037 cuidam
3474 4982 3727 5037 monacho

2866 5062 3131 5121 apparuit.

2284 5143 2581 5208 Przeterea,
2621 5144 2820 5199 fratres
2847 5142 3027 5198 dilecti
3059 5151 3113 5195 ct
3140 5142 3551 5196 commilitones
3579 5139 3785 5202 Christi,

2216 5236 2408 5303 quibus
2452 5235 2697 5290 cordiqu
2736 5236 2874 5289 votis
2907 5233 2988 5288 vel
3021 5233 3239 5286 laudum
3274 5232 3586 5291 psallentiis
3624 5226 3786 5283 idonei
