3960 5320
280 283 425 342 1117

1309 304 1677 378 ωιιιΑευω
1715 309 1773 368 8.
1808 309 2104 374 BER'I’INI.
2126 347 2197 361 -—-
2218 316 2348 378 ΜΒ.
2391 319 2446 377 η.

279 403 565 507 ereptione
594 408 726 466 tanti
758 408 1105 507 discriminis,
1131 431 1306 507 quave
1331 424 1634 479 temeritate
1658 439 1847 494 possu-
1874 425 1923 481 Α
1949 425 2112 495 risue,
2144 422 2332 499 frater,
2361 448 2578 504 sopore,
2624 450 2692 491 an
2737 435 2964 507 vigilas?
3010 435 3111 506 Qut
3155 451 3277 493 cum
3330 435 3379 491 ei
3425 450 3525 505 pro

279 508 411 549 mus
460 495 644 553 dicere
686 501 830 568 quod
874 503 1170 561 istiusmodi
1220 520 1385 566 ausus
1424 519 1569 567 esset
1617 521 1848 584 cceptus,

278 584 391 639 nisi
423 596 619 653 magno
645 588 762 644 zelo
796 591 1161 651 misericordis
1181 595 1275 653 Dei
1304 599 1495 655 fuisset
1529 602 1852 658 instinctus?

196 746 215 753 ἢ
278 673 563 765 horribilis
603 678 747 733 enim
797 679 900 737 fuit
946 684 1091 740 dictu
1119 727 1135 751 ,
1176 687 1488 746 borribilior
1531 701 1587 748 et
1632 704 1845 765 emptu;

277 764 410 831 quia
436 780 574 833 pene
601 767 853 825 nobilitas
894 781 1051 829 terrm
1090 775 1232 832 illius
1264 792 1331 834 ex
1371 780 1538 836 multo
1561 782 1673 852 jam
1714 764 1854 839 tem-

275 866 416 921 pore
453 855 524 909 ob
569 872 808 913 amorem
856 861 938 916 vel
984 865 1315 924 dominatum
1362 870 1463 925 sibi
1506 873 1849 931 dominorum

276 943 573 1000 cbarorum
636 948 977 1007 abscesserat
1046 956 1347 1014 nativitatis
1396 964 1572 1030 patria
1639 965 1867 1030 relicta,‘

274 1042 482 1101 praeter
523 1051 725 1104 paucos
771 1041 863 1110 qui
909 1043 983 1098 ita
1029 1045 1389 1105 hereditariis
1435 1053 1644 1120 praediti
1692 1065 1848 1111 erant

274 1123 645 1191 patrimoniis,
686 1138 746 1182 ut
791 1146 896 1186 non
940 1147 1083 1189 esset
1132 1139 1214 1192 eis
1264 1154 1485 1196 necesse
1534 1144 1689 1200 subdi
1746 1146 1848 1201 nisi

272 1213 649 1271 sanctionibus
674 1219 919 1287 publicis.
965 1223 1163 1280 llorum
1191 1242 1318 1296 pars
1345 1245 1467 1284 cum
1499 1232 1849 1292 nobilissimis

272 1315 347 1355 ac
382 1302 646 1373 religiosis
680 1306 824 1363 illius
865 1309 967 1365 loci
999 1317 1280 1371 monachis
1321 1319 1588 1389 simulque
1614 1321 1724 1377 Deo
1749 1324 1847 1379 de-

270 1393 575 1451 votissimis
622 1410 688 1453 ac
732 1402 1127 1460 strenuissimis
1174 1410 1472 1475 canonicis,
1523 1427 1659 1481 quos
1706 1431 1846 1469 nun-

271 1499 441 1556 quam
488 1490 881 1558 persecutionis
923 1493 1030 1550 ulla
1082 1495 1358 1552 tribulatio
1402 1508 1685 1557 exterrere
1708 1520 1849 1574 prte-

269 1577 469 1642 valuit,
505 1578 679 1634 locum
712 1584 971 1653 propositi
1015 1586 1099 1641 sui
1134 1588 1537 1661 derelinquendi
1569 1602 1847 1650 sustenta-

268 1665 430 1732 bant,
451 1668 761 1741 pariterque
784 1673 1169 1737 ,confortabaut
1206 1679 1557 1748 reliquiarum
1585 1686 1844 1741 remissos

267 1754 391 1812 fere
446 1759 657 1816 animos
704 1770 761 1817 et
791 1761 1094 1819 “invalidam
1146 1767 1392 1836 plebe-am
1439 1786 1680 1826 manum.
1727 1773 1843 1831 Hoc

267 1849 574 1916 praesertim
609 1849 664 1904 in
702 1853 983 1909 tutissima:
1014 1859 1128 1926 spei
1165 1860 1456 1914 anchoram
1497 1866 1842 1935 praesumpti-

264 1937 504 2010 bilisque
534 1941 586 1995 in
612 1941 897 1999 Dominum
933 1946 1172 2013 ﬁducia);
1215 1950 1301 2021 (ac
1327 1952 1451 2021 quia
1482 1967 1581 2022 pro
1616 1954 1724 2009 vita
1756 1970 1844 2012 res

262 2031 411 2097 erat)
449 2034 774 2088 necessariae
823 2036 1062 2091 audaciae
1099 2038 1466 2096 indubitanter
1502 2055 1842 2101 assumentcs

262 2118 413 2184 quod
443 2120 705 2176 anteactis
752 2124 1112 2194 temporibus,
1162 2126 1415 2184 Folconis
1452 2131 1706 2187 videlicet
1735 2149 1841 2203 ge-

262 2208 606 2264 nerosissimi
651 2208 890 2278 ejusdem
922 2214 1023 2269 loci
1077 2226 1207 2271 tunc
1253 2220 1487 2286 abbatis,
1530 2232 1652 2290 post
1712 2240 1843 2279 vero

263 2308 472 2352 sancite
496 2302 687 2357 matris
711 2302 963 2359 Romanae
984 2306 1096 2377 (40)
1126 2307 1379 2365 Ecclesia:
1404 2314 1837 2369 reverendissimi
1874 2349 1879 2355 -

264 2390 681 2462 archiepiscopi.
711 2395 904 2451 incolis
934 2407 1090 2453 terra:
1123 2401 1301 2457 adhuc
1325 2403 1470 2458 omni
1505 2406 1837 2463 abundantia

263 2481 484 2538 refertis
502 2493 556 2538 et
580 2488 783 2555 absque
807 2489 888 2543 sui
913 2488 1270 2546 diminutione
1294 2494 1636 2564 integerrime
1656 2497 1839 2567 vigen-

263 2569 438 2636 tibus,
473 2574 710 2629 ambitus
734 2578 938 2632 castelli
970 2595 1090 2633 cum
1114 2596 1379 2638 consensu
1419 2586 1596 2655 populi
1621 2596 1679 2642 et
1712 2604 1840 2657 pro-

258 2676 454 2718 cerum
500 2668 840 2723 comlictatus
866 2709 885 2734 ,
930 2682 1300 2739 meusuratus,
1342 2692 1405 2730 ac
1429 2690 1523 2744 per
1543 2687 1837 2747 potestates

258 2761 323 2806 et
349 2754 648 2812 ministeria
671 2759 737 2811 ad
765 2760 1151 2828 perliciendum
1195 2765 1537 2831 distributus,
1586 2780 1835 2839 receptus

258 2859 332 2900 ex
358 2845 639 2905 immodica
668 2852 953 2921 partejam
982 2863 1210 2922 emptus,
1238 2856 1329 2910 sed
1354 2859 1484 2926 prob
1508 2860 1692 2916 dolor!
1724 2873 1833 2917 tam

1870 1749 1918 1809 B

1952 521 2063 570 tam
2097 517 2311 576 insolita
2344 523 2651 579 visitationc
2677 539 2923 595 persona:
2952 536 3191 583 tremens
3220 540 3319 581 nec
3352 526 3406 579 in
3437 534 3522 579 to-

1952 613 2062 659 tum
2090 622 2150 663 se
2173 610 2409 667 dormire
2437 616 2823 684 respondisset,
2851 632 2949 673 nec
2976 632 3074 688 pro
3102 617 3259 672 insita
3289 630 3523 686 genera-

1951 694 2075 752 liter
2103 702 2347 768 angustia
2392 705 2539 774 (quia
2572 706 2731 761 timor
2754 708 3168 763 somnolentiam
3208 707 3345 762 solet
3372 706 3528 774 iuge-

1952 788 2092 856 rere)
2129 806 2287 859 posse
2322 808 2382 848 se
2418 796 2706 859 contineri,
2738 812 2846 867 quo
2892 799 3058 852 nimio
3087 798 3270 854 labore
3299 799 3441 854 fessa
3465 802 3524 851 et

1950 877 2224 935 anxietate
2260 880 2381 936 laxa
2413 899 2517 938 non
2548 886 2873 942 rcl'ocillaret
2906 889 3161 951 membra,
3189 897 3376 943 exerto
3399 887 3523 943 bra-

1948 966 2074 1021 chio
2100 984 2315 1024 manum
2344 974 2497 1041 quasi
2521 989 2708 1031 versus
2732 976 2877 1030 illum
2902 978 3180 1048 porrigens
3203 974 3516 1031 subintulit:

1950 1061 2289 1136 Vigilandum
2329 1072 2506 1140 potius
2533 1073 2683 1128 vobis
2718 1084 2801 1129 est
2834 1085 2889 1129 et
2925 1075 3106 1130 animo
3154 1081 3210 1129 et
3262 1088 3518 1144 corpore,

1951 1156 2276 1228 monitisque
2304 1161 2439 1216 meis
2471 1162 2740 1220 salubrius
2762 1180 3103 1237 summopere
3132 1166 3513 1229 insudandum,

1947 1261 2108 1317 quam
2141 1252 2289 1321 segni
2313 1251 2530 1323 pigritia
2559 1253 2885 1310 tricandum.
2918 1255 3069 1312 Unde
3102 1272 3283 1328 surge,
3306 1265 3361 1311 et
3391 1255 3519 1311 reli-

1947 1340 2091 1409 quiis
2129 1344 2306 1413 populi
2344 1358 2410 1400 cx
2442 1361 2564 1401 asse
2599 1347 2776 1403 devoti
2819 1348 3133 1405 salvationis
3175 1364 3287 1405 suae
3330 1356 3519 1404 tenore

1946 1430 2145 1484 obnixe
2188 1441 2494 1490 contestare
2524 1445 2813 1505 quatenus,
2832 1436 2986 1505 juxta
3017 1438 3158 1507 quod
3185 1438 3284 1494 sibi
3308 1438 3520 1492 videtur

1945 1518 2240 1586 praevalere
2281 1536 2460 1591 posse,
2498 1539 2609 1579 non
2648 1534 2864 1595 cessent
2909 1540 3089 1580 arcem
3127 1526 3213 1580 die
3252 1535 3518 1595 nocteque

1947 1604 2184 1664 firmare.
2236 1611 2340 1679 Qui
2391 1628 2515 1667 cum
2544 1615 2739 1684 partim
2784 1615 2977 1688 gaudio
3024 1615 3277 1684 refertus,
3318 1616 3514 1687 partim

1946 1698 2170 1754 visionis
2214 1709 2420 1757 terrore
2444 1702 2787 1772 pavefactus,
2820 1715 2941 1776 post
2968 1706 3271 1761 consultum
3313 1716 3513 1761 tamem

1944 1804 2109 1860 super
2139 1805 2205 1845 eo
2250 1792 2399 1861 prius
2431 1792 2744 1850 idonearum
2774 1811 3128 1866 personarum
3156 1796 3351 1867 populo
3380 1810 3512 1850 cons

1942 1888 2155 1943 vocato,
2180 1881 2459 1949 praefatam
2499 1882 2761 1938 visionem
2819 1883 2995 1939 Patris
3039 1884 3328 1950 mouentis,
3377 1882 3511 1938 alfe-

1942 1977 2127 2024 ctuose
2155 1970 2441 2034 hortantis,
2468 1971 2707 2026 studiose
2729 1970 2971 2042 jubentis
3016 1981 3238 2027 strenue
3270 1972 3513 2029 intimas-

1941 2071 2041 2126 set,
2069 2061 2450 2133 compuuctivo
2474 2062 2637 2117 corde
2660 2061 2926 2127 ltetautes,
2959 2062 3214 2134 lacrymis
3239 2064 3510 2135 gaudiosis

1938 2149 2350 2215 ﬂcntes,omnes
2372 2153 2700 2208 unanimiter
2719 2154 2855 2209 ccelo
2874 2154 3057 2224 pansis
3076 2154 3331 2225 utrinque
3369 2156 3514 2210 votis

1939 2242 2274 2297 succlamare
2302 2253 2584 2314 coeperunt
2610 2244 2850 2300 dicentes
2876 2262 2889 2299 :
2914 2244 3127 2301 Gratias
3155 2246 3509 2315 omnipotenti

1940 2334 2050 2389 Deo
2107 2336 2413 2401 referimus,
2441 2338 2532 2406 qui
2564 2353 2664 2394 nos
2707 2338 2928 2393 salutari
2978 2338 3285 2393 visitatione
3331 2336 3510 2393 Patris

1938 2425 2109 2479 nostri
2138 2425 2487 2493 providendo,
2510 2428 2796 2492 monendo,
2818 2427 3254 2495 consolandoque
3281 2425 3509 2481 reticere

1937 2523 1991 2568 et
2018 2517 2313 2571 confortari
2366 2517 2617 2588 dignatus
2663 2527 2765 2574 est.
2816 2517 3014 2573 Monita
3041 2519 3277 2573 salubria
3303 2518 3510 2573 viribus

1937 2606 2134 2678 quibus
2173 2616 2394 2675 possent
2445 2608 2838 2664 studiosissime
2869 2609 3164 2678 adimplere
3210 2608 3345 2663 velle
3385 2624 3510 2679 pro-

1937 2699 2248 2762 mittentes,
2321 2714 2591 2769 quamque
2648 2699 3057 2769 promissionem
3116 2699 3507 2754 instantissimo

1936 2790 2179 2858 protinus
2217 2788 2606 2843 inchoaveruut
2641 2797 2852 2857 coeptu,
2891 2804 2953 2843 ac
2983 2802 3143 2856 quam
3184 2788 3509 2857 pervicacis-

1935 2881 2073 2934 simo
2098 2879 2624 2949 quibant,‘petliccre
2651 2882 2969 2951 satagebant
3000 2876 3220 2945 cﬂ‘ec’tu,
3244 2877 3508 2952 digneque

256 2939 714 3008 prtepedientibtts
741 2944 1490 3014 pecam's‘incomtmnams,
1541 2964 1702 3021 quam
1734 2968 1831 3021 pro

1938 2988 2065 3035 nou_
2090 2973 2245 3025 modo
2276 2974 2343 3025 de
2370 2962 2479 3039 jam
2504 2971 2686 3035 dicte”
2720 2972 2814 3029 sed
2856 2984 2931 3038 et,
2971 2975 3113 3044 quod
3142 2973 3311 3040 majus
3340 2972 3507 3026 multo

258 3027 383 3097 gyri
410 3029 760 3099 amplitudine
796 3036 1147 3091 excusatione
1177 3037 1378 3093 nefaria
1421 3053 1584 3111 atque
1629 3043 1826 3100 infelici

263 3112 370 3167 fuit
395 3114 687 3185 impeditus
712 3127 770 3174 et
797 3120 1154 3177 intermissus.
1187 3123 1448 3182 Processu
1484 3140 1665 3185 autem
1692 3141 1830 3186 teut-

259 3204 433 3272 poris,
470 3206 717 3263 videlicet
744 3225 885 3264 anno
910 3213 1098 3281 gratiae
1126 3216 1571 3286 octingentesimo
1598 3237 1834 3294 nonage-

260 3292 402 3345 simo
432 3293 627 3362 primo,
657 3313 778 3351 cum
810 3308 915 3352 tota
940 3299 1049 3366 jam
1081 3310 1222 3357 terra
1268 3305 1485 3360 incensa
1508 3318 1561 3362 et
1589 3292 1829 3381 depopu-

261 3379 373 3434 lata
395 3391 449 3434 et
475 3382 705 3452 plurima
730 3386 1005 3441 hominum
1042 3387 1153 3445 fere
1182 3403 1499 3464 consumpta
1527 3395 1669 3452 fame
1694 3379 1834 3454 atte-

258 3482 452 3539 nuata,
481 3474 918 3547 dispersioneque
977 3480 1115 3550 fugae
1155 3484 1463 3553 propulsata
1509 3491 1827 3559 exstitisset,

259 3574 513 3634 respectu
530 3567 744 3622 tandem
768 3568 1050 3626 clementis
1073 3588 1339 3643 superque
1354 3592 1552 3646 paucas
1573 3580 1829 3649 reliquias

257 3656 571 3711 miserantis
594 3656 710 3721 Dei,
738 3659 1030 3714 ostendens
1071 3663 1350 3731 quodnon
1384 3666 1437 3719 in
1490 3667 1829 3724 multitudine

255 3749 441 3818 populi
466 3750 612 3804 salus
636 3751 753 3819 ejus
785 3754 1054 3818 consistit,
1098 3756 1192 3811 sed
1222 3760 1399 3826 potius
1428 3758 1482 3813 in
1511 3761 1825 3817 misericor-

255 3838 365 3893 diis
388 3848 443 3893 et
469 3840 905 3897 miserationibus
957 3844 1093 3912 suis,
1140 3846 1428 3915 propalans
1468 3850 1631 3904 etiam
1682 3854 1825 3920 quod

254 3931 692 3998 competentibus
716 3942 1156 3989 neccstuosorum
1191 3937 1590 4009 (indigentium)
1622 3941 1826 3996 vicissi-

256 4017 537 4077 tudinibus
563 4020 813 4090 dignatur
844 4023 1096 4092 precibus
1122 4025 1415 4081 electorum
1452 4044 1673 4085 suorum
1711 4048 1810 4101 pro

251 4108 358 4164 sibi
404 4111 598 4166 v0tivis
637 4112 1025 4182 supplicatibus
1052 4117 1293 4184 prtebere
1321 4117 1611 4187 edoctum;
1655 4124 1822 4181 voluit

248 4195 315 4252 B.
339 4200 705 4255 Audomarum
738 4205 1229 4261 exorabilissimnm
1273 4209 1568 4265 antistitem
1603 4215 1818 4270 cuidam

248 4291 518 4345 monacho
546 4293 775 4347 eteuobii
794 4293 852 4348 S.
877 4295 1102 4362 Bertini,
1128 4300 1323 4354 zedituo
1347 4300 1552 4357 scilicet
1577 4306 1819 4361 ecclesiae

1857 3082 1901 3142 ρ
1935 3078 1999 3116 ac
2058 3062 2412 3132 periculosius
2470 3061 2592 3127 fuit,
2624 3063 2974 3133 snhs'cqucnti
3032 3062 3344 3116 discrimine
3397 3069 3504 3115 tam

1935 3153 2218 3207 clementis
2242 3153 2333 3207 Dei
2358 3154 2666 3224 provisione
2689 3154 2857 3224 adiuti
2881 3152 3061 3223 piique
3087 3150 3260 3205 Patris
3287 3152 3502 3205 hortatu

1936 3243 2182 3306 animati,
2215 3242 2324 3298 imo
2350 3244 2413 3299 de
2442 3249 2661 3313 experta
2687 3242 2909 3296 Patrum
2938 3242 3315 3296 intestatorum
3345 3240 3500 3296 solita

1932 3346 1986 3388 et
2015 3332 2233 3402 provida
2260 3332 2576 3387 defensione
2613 3331 2823 3396 salvati,
2860 3329 3056 3386 merito
3091 3330 3285 3384 exhinc
3314 3327 3513 3401 profu-r

1932 3424 2044 3477 sius
2066 3423 2350 3475 Dominum
2380 3432 2433 3475 et
2462 3422 2710 3492 proprios
2745 3430 3077 3491 protectores
3107 3419 3243 3475 inibi
3269 3417 3504 3475 devotis-

1930 3515 2066 3569 siu'ie
2091 3517 2295 3586 jugiter
2327 3515 2634 3570 collaudant
2662 3523 2719 3569 et
2748 3514 2876 3569 laeti.

1928 3612 2057 3681 Cir.
2090 3624 2181 3678 IX.
2209 3623 2360 3690 Quod
2390 3626 2620 3694 sequenti
2641 3623 2723 3677 die
2745 3624 3020 3677 Damtch
3050 3623 3244 3694 venerit
3271 3621 3499 3694 reliquus

1999 3696 2273 3764 exercitus,
2311 3692 2631 3764 paganorum
2652 3761 2679 3764 Α
2701 3694 2945 3764 ampliori
2991 3692 3326 3745 multitudine
3344 3731 3360 3757 ,
3380 3692 3384 3693 ⁷
3408 3693 3500 3746 sed

1998 3765 2198 3818 meritis
2237 3760 2521 3817 S.'Bértiut
2550 3761 2679 3816 nihil
2705 3760 3106 3831 pra'valuerunt.

1997 3851 2116 3913 Nec
2138 3853 2302 3907 etiam
2333 3853 2486 3921 longa
2523 3861 2643 3922 post
2670 3850 2982 3921 praedictam
3030 3850 3265 3905 hostium
3292 3850 3495 3905 credent

1924 3943 2322 4006 intercurrente
2345 3959 2516 4007 mora,
2531 3958 2706 4012 neque
2729 3943 2875 3997 enim
2897 3944 3098 4012 patitur
3124 3942 3212 3997 ille
3246 3942 3496 4011 antiquus

1930 4030 2228 4089 Leviatban
2267 4033 2660 4103 inexplebiliter
2689 4033 2934 4088 esuriens
2960 4048 3024 4087 ac
3047 4032 3237 4088 sitiens
3262 4033 3495 4086 lmmauo

1923 4112 2109 4192 generi
2135 4123 2312 4183 moliri
2352 4123 2596 4189 insidias,
2626 4123 2828 4178 habere
2848 4123 3091 4178 membra
3116 4137 3212 4179 sua
3237 4137 3414 4178 uzoras
3438 4123 3492 4176 in

1921 4220 2297 4288 persecutione
2313 4234 2374 4274 ac
2389 4219 2605 4274 lwsione
2616 4218 2849 4288 piorum.
2866 4218 3137 4286 Siquidem
3151 4218 3360 4272 invidiae
3372 4232 3495 4273 suc-

1921 4324 2119 4366 census
2177 4310 2349 4365 livore
2405 4310 2661 4379 quoniam
2717 4317 2935 4363 nostros
2988 4309 3193 4363 recenti
3232 4305 3492 4366 beneﬁcis

249 4379 460 4447 prmfati
492 4384 752 4450 praesulis,
787 4389 1154 4443 memorabilis
1181 4405 1423 4459 persontc
1448 4394 1564 4449 viro
1603 4398 1818 4454 nomine
1837 4405 1896 4469 ι)
1923 4416 1987 4455 ac
2009 4416 2219 4456 summa
2238 4401 2520 4456 devotione
2545 4400 2715 4455 doluit
2741 4400 2970 4454 fervere.
2995 4398 3104 4452 Nec
3130 4400 3327 4453 mirum
3366 4400 3489 4469 quia

247 4468 475 4525 llerrico
497 4486 757 4540 apparere
783 4475 838 4529 in
862 4476 1084 4532 visione.
1111 4478 1235 4546 Qui,
1260 4491 1317 4535 ut
1343 4482 1457 4552 ipse
1481 4488 1821 4554 postmodum

247 4559 641 4616 delectabiliter
704 4563 888 4620 multis
940 4568 1539 4628 audientibus‘relerre
1589 4575 1819 4643 solebat,

244 4666 487 4721 procera:
508 4662 628 4708 erat
650 4664 893 4721 staturae,
916 4660 1238 4715 venerandm
1264 4662 1502 4729 canitiei,
1531 4665 1733 4721 habens
1762 4668 1817 4723 in

245 4742 429 4798 fronte
457 4745 711 4814 stigmata
735 4746 965 4822 nitorem
995 4748 1370 4818 pulcherrima:
1404 4753 1639 4810 calvitiei
1667 4758 1819 4814 diva-

245 4834 499 4899 ricantia,
530 4834 668 4895 facie
694 4846 953 4894 venustus
984 4847 1039 4894 et
1059 4840 1277 4909 gracili,
1310 4856 1441 4896 naso
1469 4846 1820 4904 mediocriter

241 4921 408 4993 longo
436 4932 492 4977 et
513 4938 701 4993 parum
730 4926 960 4992 adunco,
983 4928 1232 4985 manibus
1253 4945 1375 4984 cum
1405 4931 1587 5001 digitis
1616 4934 1816 5006 longis-

239 5010 399 5066 simis
438 5013 801 5081 pnlcberrima
842 5019 1105 5073 maeroris
1135 5023 1397 5078 tenuitate
1427 5024 1815 5083 trauslureuti-

236 5099 362 5164 bus,
397 5101 564 5161 infula
592 5103 882 5174 episcopali
917 5108 1173 5174 vestitus,
1214 5125 1374 5181 quem
1413 5112 1513 5166 sibi
1549 5123 1815 5183 protesta-

232 5187 401 5245 batur
421 5189 567 5245 dulci
586 5188 786 5249 famine
812 5195 1112 5251 subinferre
1131 5197 1207 5255 ita
1228 5199 1578 5272 appellando:
1601 5203 1812 5264 Grava-

1924 4508 1989 4547 co
2022 4502 2260 4561 tempore
2285 4492 2519 4546 maxime
2550 4500 2699 4546 tanto
2733 4491 2923 4546 assidit
2971 4489 3233 4553 infestior,
3288 4499 3491 4559 quanto

1921 4597 2163 4653 quosque
2193 4584 2247 4637 iu
2277 4583 2551 4652 proposito
2573 4582 2863 4638 voluntatis
2890 4581 2983 4636 Dei
3010 4584 3338 4651 persenserit
3366 4584 3485 4636 licri

1924 4670 2193 4727 fortiores.
2221 4671 2448 4740 Ideoque
2471 4672 2900 4726 occumbentium
2917 4680 3173 4740 cognatos
3203 4671 3285 4724 vel
3313 4672 3490 4727 socios

1919 4762 2357 4829 contribulesque
2383 4775 2449 4815 ac
2498 4759 2803 4828 complures
2845 4761 2973 4814 totis
3017 4776 3126 4815 suae
3153 4759 3491 4816 crudelitatis

1920 4852 2125 4907 viribus
2170 4852 2396 4907 furendo
2454 4850 2889 4913 excandescere,
2935 4851 3195 4919 compulit
3255 4850 3310 4903 iu
3353 4851 3491 4907 iram

1918 4941 2383 5009 Stevissimamque
2408 4954 2629 4994 suorum
2656 4940 2723 5007 (si
2764 4941 2908 4995 Deus
2932 4941 3293 5009 permisisset)
3324 4941 3496 4996 vituli.

1914 5041 2081 5088 ctam.
2126 5032 2343 5089 Pondus
2383 5031 2528 5086 enim
2557 5032 2791 5086 hostium
2841 5031 3005 5086 totius
3060 5033 3207 5102 regni
3262 5033 3502 5091 adunari

1915 5125 2186 5195 suggessit
2220 5121 2275 5175 in
2305 5120 2454 5176 brevi
2512 5123 2849 5178 arctissimas
2907 5123 2960 5176 in
2998 5123 3275 5194 angustias
3329 5123 3504 5182 unius

1914 5210 2086 5268 fundi.
2111 5214 2248 5267 Nam
2291 5220 2508 5279 peracta
2534 5220 2655 5281 post
2697 5213 2979 5284 praefatam
3011 5223 3247 5281 stragem
3279 5212 3508 5269 revolu-
