3960 5320
426 293 565 357 1119

1490 289 1835 350 POLCARDI
1872 281 2181 347 MONAClll
2214 283 2637 342 Sl'l'lilVENSlS

3575 286 3700 341 ΝΞΟ

427 408 596 470 tione,
631 403 683 460 ni
708 401 881 467 fallor,
908 398 1139 471 proximi
1167 399 1428 456 Dominici
1449 401 1555 455 diei
1586 400 1718 455 hora
1746 396 2007 461 secunda,
2040 397 2086 458 Α
2116 394 2237 461 bus,
2261 409 2413 465 reque
2444 396 2622 466 ignem
2637 404 2694 449 ut
2714 394 2943 465 idipsnm
2961 392 3041 449 eis
3066 393 3699 462 facerentinferentibot,

427 493 624 549 nebula
684 506 784 561 pro
833 497 1023 545 natura
1089 488 1191 544 loci
1239 483 1590 544 'manicanter
1634 482 1838 560 (mane)
1886 492 2009 538 nata

428 582 605 657 adhuc
635 577 1166 645 aercmmaculante,
1215 585 1581 647 apparuerunt
1645 574 1852 647 pedites
1884 572 2014 626 ina:-

429 670 718 727 stimabilis
747 671 992 742 plurima:
1019 668 1133 741 (Η)
1161 670 1351 726 eodem
1380 667 1518 726 clivo
1550 682 1658 738 quo
1683 678 1737 721 et
1769 664 2013 719 anterio-

430 779 521 821 res
547 762 893 825 descendere,
924 774 1195 829 cursuque
1222 760 1439 815 concito
1469 757 1754 813 castellum
1785 755 2015 810 tenden-

431 868 517 909 tes
542 853 762 909 minime
802 852 1144 916 introierunt,
1173 848 1580 919 subsequendos
1624 855 1751 902 ante
1794 843 2018 914 januam

431 945 722 1003 exterioris
745 942 999 1000 introitus
1028 942 1423 1014 praestolantes.
1448 940 1675 1011 Equites
1702 953 1831 993 vero
1861 933 2017 1006 quasi

435 1057 599 1097 arena
632 1039 913 1094 innumera
956 1035 1317 1092 multitudinis
1360 1034 1701 1089 diverterunt
1741 1030 1808 1085 ad
1839 1028 2018 1083 locum

434 1131 724 1199 quemdam
768 1127 1104 1193 certaminis,
1147 1125 1223 1181 ttil
1249 1141 1409 1182 secus
1467 1138 1631 1195 quam
1678 1120 1842 1177 sicuti
1898 1135 2026 1190 pro-

436 1230 625 1291 speetu
663 1234 817 1275 nova:
864 1217 1089 1273 visionis
1117 1217 1302 1273 dolore
1327 1231 1552 1272 suorum
1585 1214 1887 1270 occisorum
1939 1225 2025 1265 re-

435 1312 814 1377 crudescente,
841 1324 994 1365 more
1013 1306 1357 1378 elephantum
1385 1307 1476 1377 qui
1505 1304 1787 1376 sanguinis
1816 1301 2027 1357 visione

437 1401 750 1456 excitantur
789 1401 842 1457 in
882 1400 1020 1455 iram
1048 1399 1117 1454 ad
1149 1398 1536 1468 praeliandum;
1566 1397 1638 1450 ita
1664 1395 1753 1450 isti
1793 1406 2024 1449 exacue-

444 1500 568 1545 runt
594 1492 661 1548 ad
711 1506 932 1547 suorum
990 1489 1236 1577 severius
1278 1496 1335 1545 et
1382 1485 1653 1544 crudelius
1704 1483 2027 1556 sanguinem

444 1586 847 1644 vindicandum.
895 1585 962 1640 Et
1002 1600 1125 1640 cum
1175 1552 1488 1653 aliquandiu
1520 1581 1748 1637 dolendo
1781 1581 1853 1635 ibi
1895 1579 2031 1636 deli-

446 1682 722 1741 berarent,
765 1676 951 1746 nilque
992 1674 1134 1729 aliud
1158 1673 1501 1744 proﬁcerent,
1539 1671 1644 1726 nisi
1674 1670 1816 1741 quod
1849 1669 2029 1723 tabida

446 1776 502 1839 et
563 1768 778 1839 putrida
837 1781 1067 1837 corpora
1120 1764 1534 1835 conspicerent,
1592 1761 1741 1815 facto
1809 1758 2027 1828 praepeti

447 1877 610 1917 ettrsn
650 1870 907 1931 tanquam
955 1860 1131 1930 primo
1156 1858 1360 1929 impetu
1413 1853 1875 1911 munitiuneulam
1905 1865 2038 1921 cap-

453 1955 562 2009 turi
618 1961 986 2025 pervenerunt
1028 1951 1097 2007 ad
1132 1950 1334 2015 socios,
1396 1964 1612 2019 unaque
1667 1947 1857 2004 rabido
1915 1960 2040 2001 cum

453 2046 674 2102 fremitu
714 2047 1099 2116 irrumpentes,
1154 2042 1429 2113 peditibus
1469 2042 1743 2098 decretum
1792 2047 1877 2094 est
1924 2036 2044 2092 dira

459 2137 866 2209 impnguatione
913 2135 1242 2191 castellanos
1288 2132 1600 2189 incendere.
1652 2128 1876 2200 Equites
1927 2126 2047 2197 qui-

456 2229 582 2283 dem
620 2228 731 2284 Deo
769 2228 1038 2283 tribuente
1067 2223 1438 2296 properabant
1480 2224 1550 2277 ad
1581 2221 1760 2279 locum
1784 2218 2049 2275 naturali-

462 2328 546 2375 ter
593 2319 882 2385 munitnm,
927 2317 1141 2394 scilicet
1191 2315 1251 2371 S.
1298 2314 1506 2369 Bertini
1541 2311 1771 2384 piissimi
1825 2324 2049 2366 suorum

461 2412 786 2482 proteetoris
829 2427 896 2467 ac
931 2407 1321 2483 promptissimi
1347 2406 1599 2461 maximis
1627 2405 1683 2459 in
1708 2401 2051 2460 necessitati-

350 2531 365 2541 ο
462 2501 565 2556 bus
602 2501 909 2558 liberatoris
937 2499 1299 2556 monasticum
1351 2496 1465 2569 (42)
1508 2495 1923 2553 monasterium.
1949 2492 2057 2547 Ta-

461 2591 535 2645 lia
580 2606 796 2662 quoque
819 2606 920 2649 nec
946 2591 1064 2646 sine
1090 2590 1183 2646 Dei
1215 2588 1617 2659 dispensatione
1638 2586 1913 2641 exstitisse
1936 2597 2058 2638 crc-

464 2674 667 2745 dimus,
705 2680 863 2738 sicuti
894 2679 1142 2749 protinus
1155 2678 1443 2748 perspicue
1469 2674 1681 2746 experti
1695 2689 1884 2730 sumus
1902 2681 2054 2739 nutu,

470 2782 531 2826 ut
556 2771 644 2827 ubi
677 2771 849 2840 major
871 2770 1049 2827 ﬂenda
1092 2777 1215 2823 erat
1245 2768 1551 2824 communis
1600 2767 1826 2822 victoria
1854 2774 1910 2820 et
1936 2779 2061 2834 per-

471 2861 968 2924 licicuda,ctelitus
1025 2859 1213 2915 auxilii
1267 2857 1435 2914 divini
1480 2857 1659 2928 copia.
1719 2855 2062 2911 numerosior

473 2954 545 3007 ibi
573 2962 995 3025 congregaretur
1037 2951 1276 3025 hosﬁum
1318 2934 1573 3021 plurima.
1628 2945 1920 3003 Venientes
1962 2961 2064 3000 au—

478 3050 592 3097 tem
619 3024 801 3095 statim
832 3039 1020 3096 eodem
1055 3024 1351 3104 momento,
1380 3039 1707 3094 remiserunt
1756 3049 1925 3106 equos
1968 3049 2065 3105 per

480 3132 824 3202 pabulatores
867 3130 921 3185 in
975 3145 1175 3200 pascua
1236 3132 1302 3185 ad
1347 3129 1595 3184 villarum
1650 3127 1765 3183 loca
1794 3167 1810 3194 ,
1864 3125 2063 3197 talique

480 3224 659 3297 studio
703 3223 1144 3279 acceleraverunt
1196 3220 1508 3276 mansiones
1556 3219 1848 3284 aediﬁcare,
1896 3217 2063 3272 veluti

480 3326 606 3393 post
657 3316 1064 3372 tuunitiunculte
1102 3313 1481 3369 infractionem
1530 3328 1627 3383 pro
1660 3312 1917 3366 ﬁrmitate
1961 3310 2065 3365 loci

481 3422 943 3480 gromnarmuque
984 3406 1099 3478 (45)
1145 3405 1550 3476 opportunitate
1615 3405 1775 3476 longo
1828 3412 2067 3474 tempore

484 3501 619 3561 inibi
649 3500 815 3555 velint
843 3498 1160 3554 consistere.
1212 3498 1433 3554 Interim
1492 3498 1700 3569 pedites
1721 3512 1785 3553 ex
1818 3507 2061 3567 tempore

488 3591 744 3649 introitus
772 3599 938 3645 totam
989 3591 1130 3646 diem
1161 3606 1284 3646 cum
1314 3591 1629 3662 agilioribus
1677 3590 1952 3661 equitibus
2003 3588 2069 3643 ad

488 3683 699 3739 castelli
723 3682 1075 3738 munitionem
1109 3696 1347 3753 pugnare
1401 3698 1506 3738 non
1537 3692 1838 3745 cessantes,
1900 3681 2071 3736 diver-

490 3774 568 3828 sis
596 3783 643 3829 et
671 3772 897 3828 insolitis
925 3773 1277 3829 artificiorum
1316 3775 1601 3845 generibus
1631 3789 1730 3844 per
1766 3773 1912 3827 vices
1953 3788 2076 3827 suc-

491 3863 798 3917 cessionum
844 3862 1101 3933 globatim
1132 3870 1190 3918 et
1235 3863 1509 3918 cuneatim
1558 3862 1861 3918 contrarios
1906 3860 2078 3916 laees-

497 3957 668 4012 sendo
713 3958 981 4025 respirare
1022 3955 1107 4009 vel
1136 3955 1204 4010 ad
1241 3956 1514 4011 modicum
1555 3970 1660 4009 non
1711 3954 2075 4024 patiebantur.

498 4049 777 4119 Siquidem
805 4048 972 4118 ignita
1005 4047 1285 4102 ustensilia
1331 4057 1385 4103 et
1416 4046 1585 4101 frusta
1616 4047 1903 4102 candentis
1949 4044 2080 4099 ferri

502 4156 653 4197 more
678 4142 958 4212 grandinis
989 4141 1269 4197 fundibilis
1307 4143 1361 4196 in
1406 4156 1502 4198 eos
1539 4141 1828 4211 iacientes,
1856 4141 2082 4211 sagitta-

502 4246 623 4289 rum
651 4247 865 4302 quoque
892 4232 1096 4287 imbres
1125 4232 1179 4287 in
1205 4246 1300 4287 eos
1326 4232 1513 4302 pluere
1562 4248 1670 4289 non
1717 4232 2083 4287 intermitten-

2114 484 2543 540 excaudesceute
2606 485 2867 557 stramine
2927 484 3167 552 plerique
3216 499 3412 540 eorum
3490 486 3702 541 ustulati

2117 586 2263 642 sunt,
2301 578 2390 633 vix
2418 578 2662 649 subrepti
2722 579 2914 633 mortis
2960 578 3302 634 discrimine.
3361 577 3478 632 Deo
3533 587 3704 632 autern

2118 668 2374 737 propitio,
2406 668 2533 723 nttlli
2562 683 2629 724 ex
2654 668 2857 724 nostris
2901 669 3070 723 vitam
3126 668 3345 739 prolixo
3394 668 3706 723 scammatis

2124 759 2460 833 (conﬂictus)
2489 762 2667 831 spatio
2705 777 3033 832 magnopere
3081 761 3570 830 periclitabantur,
3614 761 3707 814 nisi

2125 865 2333 911 tantum
2362 872 2500 910 unus
2536 855 2707 911 frater
2732 854 2847 925 (Η)
2871 855 3151 910 monastici
3183 853 3394 908 ordinis
3426 854 3538 907 ictu
3556 852 3712 919 sagit-

2126 956 2193 1001 ta:
2222 947 2365 1001 inter
2393 946 2501 1001 duo
2534 945 2771 1001 tabulata
2812 945 3201 1016 propugnaculi
3227 944 3317 998 ubi
3363 944 3575 1007 stabat,
3600 957 3711 1010 per-

2123 1054 2321 1093 cussus
2348 1046 2433 1092 est
2461 1036 2562 1093 sub
2586 1037 2805 1107 inguina
2840 1038 2975 1107 :qui
2999 1045 3055 1090 et
3100 1036 3216 1107 ipse
3253 1034 3562 1090 convaluit.
3614 1034 3713 1088 Ve-

2124 1144 2430 1188 rumtamen
2463 1132 2530 1187 ad
2568 1133 2862 1187 vindictam
2905 1133 3084 1187 minus
3113 1132 3284 1186 armis
3323 1129 3577 1193 excitati,
3633 1144 3715 1183 ac-

2127 1224 2249 1279 idco
2269 1224 2451 1279 minus
2469 1224 2611 1279 cauti
2644 1223 2974 1295 plagiatique
2995 1224 3079 1278 sui
3111 1223 3322 1290 famuli,
3369 1222 3543 1276 alium
3572 1236 3718 1290 aque

2127 1313 2368 1383 ejusdem
2398 1314 2609 1370 ordinis
2642 1313 2870 1370 fratrem
2909 1314 3157 1385 permisit
3206 1313 3517 1370 retribuere
3552 1311 3716 1367 hosti-

2128 1406 2231 1461 bus
2256 1406 2472 1476 dignam
2506 1406 2907 1475 repensionem.

2131 1520 2261 1577 CAP.
2316 1520 2385 1575 Χ.
2448 1520 2527 1576 De
2581 1520 2836 1576 monacho
2886 1521 2977 1591 qui
3054 1531 3342 1592 tyrannum
3420 1517 3725 1590 sagittam

2811 1592 3021 1645 occidit.

2206 1681 2330 1736 Fuit
2354 1695 2587 1750 namque
2642 1688 2903 1752 tyrannus
2930 1680 3150 1750 quidam
3197 1680 3374 1750 partis
3421 1677 3731 1735 contrario-

2142 1790 2259 1831 rum
2282 1773 2497 1829 catteris
2543 1773 2819 1835 omnibus,
2845 1783 2903 1828 ut
2928 1774 3236 1837 videbatur,
3277 1773 3530 1843 asperior
3565 1781 3621 1828 et
3646 1787 3730 1827 ro-

2138 1866 2369 1932 bustior,
2394 1882 2458 1922 ac
2483 1866 2538 1922 in
2560 1874 2678 1922 arte
2717 1866 2987 1938 pugnandi
3043 1865 3453 1935 argumentosis
3478 1863 3731 1919 factioni-

2141 1958 2243 2014 bus
2268 1958 2521 2021 astutior,
2547 1956 2638 2025 qui
2694 1970 2795 2011 nec
2845 1955 2913 2009 ad
2941 1963 3199 2025 punctum
3230 1952 3475 2009 cessavit
3522 1951 3736 2007 leuiter

2143 2064 2407 2123 pugnare.
2438 2049 2681 2119 aliosque
2702 2049 2857 2119 quasi
2893 2047 3012 2102 sine
3038 2061 3191 2102 mora
3238 2045 3446 2101 muenia
3475 2052 3738 2113 capturus

2146 2143 2429 2212 instigare.
2455 2141 2532 2196 Ex
2572 2148 2755 2196 nostra
2783 2154 2999 2211 quoque
3043 2147 3218 2208 parte,
3276 2150 3597 2208 quanquam
3637 2148 3739 2205 pro

2148 2235 2345 2291 crebra
2373 2233 2611 2288 hostium
2640 2232 2948 2303 ingestione
2977 2229 3226 2285 tenacius
3248 2227 3530 2281 instarent
3556 2223 3733 2279 defen-

2151 2326 2291 2381 sioni
2311 2339 2475 2394 quam
2505 2321 2820 2392 objectioni,
2845 2321 3054 2375 artibus
3068 2328 3249 2374 tamen
3277 2317 3605 2385 viribusque
3625 2314 3740 2384 qui-

2150 2417 2255 2472 bus
2292 2421 2627 2484 poterantet
2670 2411 2851 2468 babile
2887 2411 3008 2476 fuit.
3062 2420 3286 2465 strenue
3323 2417 3494 2476 atque
3532 2405 3746 2478 agiliter

2154 2508 2506 2571 resistelant,
2534 2518 2726 2561 omnes
2767 2502 3130 2559 intentissime
3157 2499 3492 2555 omnimodis
3532 2504 3743 2551 certan-

2157 2614 2261 2668 tes,
2309 2602 2354 2657 si
2400 2615 2510 2672 quo
2547 2599 2710 2655 modo
2761 2597 3174 2653 infestissimum
3233 2593 3388 2647 illum
3440 2590 3743 2661 quivissent

2159 2695 2421 2765 impedire
2448 2692 2744 2748 inimicum.
2778 2689 2885 2744 Sed
2915 2703 3021 2743 non
3062 2686 3163 2741 fuit
3193 2684 3285 2739 ulli
3332 2697 3529 2738 eorum
3578 2681 3745 2736 tribu-

2162 2793 2299 2850 tum,
2324 2798 2423 2854 pro
2445 2797 2510 2838 eo
2530 2781 2674 2852 quod
2704 2780 2867 2834 voluit
2897 2778 3015 2832 illos
3047 2779 3189 2833 Deus
3234 2774 3574 2843 intelligere,
3599 2782 3654 2827 et
3691 2771 3745 2825 in

2162 2876 2396 2933 conﬁnio
2458 2876 2586 2929 vitae
2626 2873 2927 2941 mortisque
2961 2867 3272 2925 constitutis
3307 2863 3647 2930 signiﬁcare,
3684 2876 3748 2916 ex

2163 2982 2268 3039 qua
2298 2977 2452 3037 parte
2474 2964 2805 3020 imminentis
2825 2961 3070 3017 levamen
3091 2957 3315 3029 periculi
3333 2952 3747 3012 deliberaretcis

2090 3082 2134 3141 ο
2166 3059 2459 3114 clementer
2481 3055 2867 3111 transmittere.
2890 3052 2970 3107 Ae
3011 3052 3132 3106 ideo
3169 3047 3443 3111 decrevit,
3470 3055 3535 3102 ut
3554 3055 3747 3115 praetu-

2167 3149 2349 3214 limus,
2401 3146 2689 3203 monastici
2713 3144 2929 3200 habitus
2976 3141 3228 3212 juvenem
3260 3154 3456 3194 arcttm
3490 3138 3745 3207 arripere.

2167 3255 2475 3313 quanquam
2505 3238 2753 3295 illicitum
2777 3237 2863 3291 vel
2890 3233 3126 3290 inhabile
3154 3232 3225 3287 sit
3250 3233 3382 3287 huic
3400 3230 3586 3285 ordini
3608 3243 3750 3282 arma

2171 3345 2427 3401 tractare;
2446 3331 2835 3401 intendensque
2859 3328 3009 3384 illum
3039 3325 3285 3398 diligenti
3313 3322 3751 3379 consideratione

2164 3422 2805 3496 jactanteprosiliendum
2817 3463 2831 3486 ,
2849 3421 2913 3475 de
2928 3417 3162 3490 propriis
3180 3416 3390 3471 viribus
3405 3413 3752 3474 liectdubins,

2171 3519 2267 3575 sed
2294 3518 2385 3573 Dei
2401 3527 2580 3572 tamen
2594 3513 2793 3569 auxilio
2813 3512 3033 3567 minime
3046 3507 3353 3579 ambiguus,
3381 3507 3595 3561 inserta
3607 3503 3751 3559 arcui

2174 3608 2365 3679 sagitta
2419 3606 2715 3677 implorans
2739 3603 2830 3659 Dei
2883 3601 3144 3657 auxilium
3174 3608 3326 3653 tensa
3369 3594 3757 3651 cltordatraxit

2177 3698 2410 3761 fortiter,
2442 3710 2507 3750 ac
2525 3694 2722 3749 divinae
2752 3689 3091 3762 impnlsionis
3117 3687 3338 3740 datione
3386 3683 3573 3738 inﬁxit
3602 3680 3756 3737 fronti

2172 3788 2282 3859 jam
2309 3784 2666 3857 dictityranni
2691 3782 2940 3837 viriliter.
2970 3778 3084 3833 lloe
3105 3786 3285 3832 autem
3308 3783 3553 3836 mortuo,
3583 3786 3759 3828 cessa-

2178 3887 2373 3936 verunt
2430 3876 2519 3932 alii
2567 3874 2636 3930 ab
2709 3869 3133 3943 impugnationis
3171 3865 3434 3931 tumultu,
3487 3865 3763 3919 mittentes

2181 3973 2429 4043 protinus
2455 3968 2546 4037 qui
2574 3976 2825 4021 eventum
2878 3963 2955 4018 rei
2996 3958 3301 4014 senioribus
3326 3971 3524 4011 eorum
3555 3954 3762 4009 nuntia~

2183 4069 2326 4124 rent,
2364 4055 2697 4112 morandoin
2730 4051 3001 4119 atriojam
3031 4049 3161 4103 dicti
3192 4044 3543 4110 monasterii,
3594 4043 3764 4099 curia-

2185 4152 2326 4206 libus
2357 4161 2538 4205 tamen
2569 4148 2621 4202 in
2652 4144 2880 4200 ecclesia
2921 4138 3217 4196 beatissimi
3267 4136 3415 4190 Petri
3450 4135 3507 4189 in
3540 4131 3764 4188 concilio

2185 4240 2551 4299 residentibus
2581 4254 2594 4291 :
2634 4237 2777 4307 quod
2807 4236 3009 4288 factum
3042 4246 3163 4284 cum
3195 4244 3225 4283 a
3263 4225 3641 4282 referentibus
3669 4222 3765 4277 illis

506 4334 617 4386 tes,
647 4323 923 4390 multaque
970 4321 1074 4375 alia
1132 4337 1252 4390 qua:
1302 4336 1626 4377 enumerare
1687 4334 1746 4377 et
1773 4321 1985 4376 fastidit
2031 4328 2087 4374 et
2187 4337 2636 4402 conquereretur,
2662 4339 2865 4395 eosque
2887 4325 2988 4378 hoc
3012 4319 3430 4388 aliquantisper,
3462 4330 3571 4369 non
3598 4322 3766 4366 tam

507 4415 722 4471 tlilﬁeile
748 4416 826 4480 lit,
851 4413 1173 4467 offendicula
1190 4414 1499 4480 molientes;
1528 4414 1594 4467 ad
1622 4424 1955 4483 postremum
1973 4411 2085 4466 fos~
2113 4415 2161 4475 ι)
2190 4400 2518 4495 magnopere
2561 4422 2832 4489 gravaret,
2892 4413 3197 4479 lentiusqne
3242 4423 3307 4461 ac
3363 4404 3619 4459 secun'ns
3649 4400 3765 4470 quid

508 4523 599 4571 sas
623 4508 768 4561 circa
815 4506 1171 4560 munitionem
1226 4505 1375 4559 mirae
1412 4514 1469 4560 et
1496 4505 1799 4559 altitudinis
1827 4514 1883 4558 et
1907 4503 2090 4572 ampli-
2192 4490 2813 4581 mo'wgpemgendu.“
2844 4499 3399 4558 ρεςειειριίιηι-ποηι,
3443 4494 3498 4546 in
3550 4491 3646 4545 ιδιί
3691 4490 3767 4542 in-

511 4595 713 4656 tudinis
754 4594 924 4649 factas
972 4594 1301 4658 munientes,
1356 4608 1456 4648 ceu
1496 4594 1746 4648 vimineis
1793 4593 2092 4657 parietibus
2195 4601 2425 4658 [el-stitio
2454 4597 2697 4654 cucurrit
2721 4593 2917 4660 aliquis
2937 4605 3002 4645 ex
3035 4589 3134 4650 eis.
3164 4597 3220 4640 et
3257 4582 3515 4653 deposuit
3559 4592 3769 4635 crucem

510 4687 774 4745 Stramiue
831 4696 887 4742 et
930 4686 1218 4757 omnigeuo
1296 4687 1591 4743 siccamiue
1661 4685 2091 4754 compleverunt,
2194 4700 2342 4747 rem
2374 4689 2547 4743 altare
2589 4686 2650 4739 Β.
2705 4681 2910 4737 Bcrtiui
2965 4686 3229 4738 stantem;
3289 4684 3663 4738 reversusque
3711 4668 3771 4721 ad

515 4787 778 4834 conantes
811 4779 1058 4834 incendio
1086 4778 1403 4850 proﬂigare,
1434 4778 1628 4849 quibus
1654 4777 1884 4832 aliorum
1926 4773 2098 4830 artiﬁ-
2197 4782 2393 4844 socios,
2424 4779 2731 4833 irreverens
2762 4787 2943 4829 coram
2974 4770 3055 4826 eis
3101 4766 3268 4836 cmpit
3292 4778 3415 4818 eam
3452 4757 3771 4817 delabricari

516 4870 618 4924 ciis
669 4880 1107 4939 argumentorum
1150 4885 1254 4924 non
1300 4869 1583 4939 potuerint
1613 4866 1928 4938 praevalere.
1987 4864 2099 4921 Sed
2199 4878 2340 4949 stylo
2393 4876 2591 4937 ferreo,
2641 4871 2733 4941 qui
2792 4869 2870 4923 sol
2900 4875 3138 4925 vocatur,
3216 4863 3362 4916 unde
3414 4860 3556 4915 solet
3600 4855 3770 4914 excuti

516 4962 910 5032 aliquantisper
931 4960 1012 5015 eis
1038 4974 1097 5015 se
1112 4959 1575 5025 subtrahentibus,
1594 4960 1765 5014 nostri
1796 4959 1847 5012 in
1877 4957 2099 5013 eosdem
2203 4944 2348 5035 ig'nis
2376 4963 2553 5018 silice.
2586 4958 2769 5014 Nuntii
2801 4966 2981 5009 autem
3009 4952 3217 5029 praefati
3250 4959 3416 5003 tantze
3445 4944 3772 5002 tuorosilalis

520 5065 604 5108 str
621 5055 844 5109 zminum
867 5053 1486 5126 aggeresliguornmque
1499 5060 1698 5116 strues,
1715 5051 1825 5106 Deo
1842 5050 2099 5114 donante,
2204 5032 2383 5123 spatio
2411 5053 2464 5105 in
2499 5052 2635 5104 iram
2662 5039 3229 5111 accensi,procacilttts
3255 5037 3521 5091 comiciis
3546 5032 3773 5105 888N353

522 5124 999 5188 “vocitarant-ninia
1041 5146 1190 5188 νρηιί
1237 5144 1451 5188 ίιιι-ιιῑηρ
1503 5142 1666 5188 ﬂant»
1714 5142 1891 5188 immm
1942 5148 2104 5190 caule
2205 5150 2331 5190 sunt
2370 5155 2464 5190 eos
2538 5139 2824 5190 increpare
2863 5134 3050 5188 durius
3101 5129 3346 5183 dicentes
3393 5124 3773 5181 :Calumniosa
