3960 5320
205 255 343 314 1121

1260 241 1609 303 MIRACL'LA
1648 243 1706 301 S.
1753 240 2053 301 BEBTINI.
2082 272 2155 285 -—
2191 241 2321 299 LIB.
2361 231 2419 300 ιι

3340 237 3479 296 1198

204 370 280 425 de
309 367 545 424 vindicta
566 364 869 424 occisorum
915 368 1230 419 nostrorum
1278 360 1660 432 indignamini,
1693 342 1792 415 uec
1822 366 1867 423 Α
1896 358 2078 430 fugam
2129 373 2292 430 quam
2339 360 2591 414 hortante
2632 356 2701 412 ad
2730 369 2989 427 pugnam.
3044 352 3200 423 Quod
3254 353 3483 409 audiens

206 461 279 515 de
320 457 474 516 nobis
502 456 837 512 certantibus
860 454 1167 525 partimque
1220 466 1319 521 pro
1367 450 1523 506 nobis
1544 450 1796 525 delieienn

208 550 359 603 tibus
420 545 841 611 suecensemiui,
895 557 999 604 nec
1045 520 1454 613 supericastelli
1505 520 1793 610 captione,

204 654 334 709 quae
421 636 556 693 nihil
617 635 886 701 tardaret',
963 633 1139 690 soluat
1229 630 1275 687 si
1357 630 1630 695 libuisset,
1677 629 1797 685 illos

210 729 478 801 impetere
530 727 800 784 Studetis:
834 725 1054 795 insuper
1098 735 1313 792 quoque
1355 736 1457 776 nec
1493 720 1560 775 de
1614 718 1798 789 praeda

206 818 457 875 inhabita
474 818 778 883 advertitis,
802 816 1056 887 quoniam
1086 814 1132 871 si
1170 813 1223 868 hi
1262 820 1470 867 tantum
1492 811 1799 864 habuerunt

208 913 447 983 spatium
464 911 658 975 noctis,
675 910 853 964 omnia
870 925 966 964 sua
979 917 1074 962 aut
1093 906 1376 971 inl'odient,
1407 905 1571 959 autin
1597 903 1797 974 puteis,

208 1019 313 1058 seu
326 1003 524 1058 abditis
534 1000 983 1072 quibusquelocis
996 998 1364 1060 abscondent;
1386 995 1513 1065 quia
1529 995 1727 1049 timent
1742 1008 1800 1049 se

207 1107 315 1162 pro
331 1090 552 1146 certoin
578 1090 907 1145 deditionem
932 1087 1014 1142 vel
1039 1087 1094 1142 in
1127 1094 1356 1141 mortem
1394 1086 1494 1138 ire.
1524 1084 1703 1153 Atque
1725 1081 1798 1137 illi

210 1183 270 1237 in
298 1183 432 1236 iram
449 1182 590 1236 versi
609 1180 883 1235 l‘uribuute
911 1188 1255 1237 exarserunt.
1283 1176 1542 1231 continuo
1572 1175 1638 1230 de
1686 1188 1801 1230 ses-

210 1274 428 1328 siouum
452 1273 585 1328 locis
609 1272 942 1335 exsilientes,
994 1270 1214 1338 suisque
1230 1268 1334 1323 diis
1358 1275 1482 1321 vota
1509 1265 1800 1332 solventes,

212 1362 429 1419 scilicet
447 1364 493 1419 si
518 1363 869 1417 munitionem
894 1360 986 1415 illo
1005 1359 1217 1430 vesperi
1249 1373 1445 1428 capere
1478 1357 1801 1427 potuissent,

216 1453 423 1509 nemini
440 1451 663 1508 masculi
685 1467 847 1507 sexus
870 1464 1042 1520 usque
1066 1449 1121 1503 in
1155 1463 1316 1502 mane
1345 1461 1590 1517 parcere.
1640 1443 1805 1514 Cujus

214 1542 476 1636 fastupsae
498 1542 774 1614 iactantia-
794 1539 1182 1612 supezbissima
1213 1537 1380 1594 verba
1406 1537 1802 1606 horrendaeque

214 1630 546 1693 temeritatis
573 1636 806 1691 minacia
851 1633 1079 1705 prolata,
1116 1632 1248 1688 nulli
1301 1631 1384 1687 fas
1414 1641 1498 1687 est
1545 1630 1662 1685 ﬁeri
1692 1645 1806 1685 am-

1897 454 2077 507 omnis
2100 454 2332 524 plurima
2361 450 2447 526 [i.,
2483 450 2717 523 turma],
2756 451 3069 520 ubicunque
3114 447 3331 504 fuerant
3368 448 3486 503 sive

1898 542 2040 598 circa
2065 544 2344 600 castellum
2394 558 2488 600 seu
2520 544 2575 599 in
2609 542 2974 599 tabrnaculis
3025 541 3111 596 vel
3157 541 3213 596 in
3265 554 3335 611 pa
3367 539 3489 595 cuis

1898 635 2200 699 COIISlilllli,
2232 645 2363 692 noto
2385 637 2644 709 plangore
2690 637 2829 708 fugae
2879 632 3172 706 pavefacti,
3200 632 3485 704 magisque

1898 725 2083 780 divina
2125 726 2326 783 virtute
2379 728 2687 790 conterriti,
2716 727 3112 792 necdomiuos,
3150 739 3253 781 nec
3282 726 3485 789 socios,-

1899 830 2001 870 nec
2030 825 2187 873 notos
2214 826 2542 888 repetentes,
2592 819 2855 890 praecipiti
2887 818 3010 889 fuga
3040 817 3350 887 ubicunque
3405 816 3489 871 via

1901 919 2021 960 sum
2058 906 2221 961 fuerit
2245 922 2353 976 quo
2368 909 2520 964 ocius
2546 919 2640 963 aut
2668 908 2876 979 fugere,
2901 918 2995 964 aut
3028 908 3364 965 absctindere
3388 922 3487 978 po.

1904 998 2136 1053 tuissent
2157 999 2469 1055 tendebant.
2501 999 2782 1069 Principes
2802 1010 2982 1056 autem
3012 1000 3222 1071 praelati
3246 1015 3371 1056 cum
3406 1000 3488 1055 eis

1902 1103 2041 1157 quos
2069 1104 2256 1144 secum
2289 1090 2490 1146 habere
2538 1101 2789 1160 poterant
2817 1107 2878 1147 se
2901 1093 3154 1147 adunant'
3175 1106 3229 1156 s,
3254 1100 3311 1146 et
3333 1098 3388 1146 et
3405 1106 3489 1146 re-

1903 1181 2064 1251 gione
2086 1181 2404 1237 munitionis
2435 1197 2535 1251 per
2555 1193 2767 1251 portam
2798 1183 3056 1239 intratus
3102 1183 3185 1238 sui
3216 1182 3366 1238 exire
3391 1195 3488 1237 ve-

1904 1272 2095 1328 lociter
2114 1272 2456 1339 anhelantes,
2500 1274 2699 1329 nedum
2747 1274 2993 1330 dicamus
3052 1271 3321 1345 quodiis
3357 1287 3488 1343 prc-

1905 1365 2280 1436 pinquassent,
2304 1381 2407 1422 nec
2428 1365 2639 1422 vultum
2663 1365 2789 1423 illuc
2817 1368 3086 1422 divertere
3113 1366 3195 1423 vel
3237 1364 3489 1435 quamvis

1909 1463 2038 1510 tunc
2092 1463 2520 1525 vesperaseeret,
2574 1454 2664 1510 illa
2715 1463 2873 1511 nocte
2900 1455 3041 1509 infra
3082 1469 3180 1510 sex
3235 1452 3487 1509 milliaria

1908 1553 2116 1601 restare
2169 1545 2464 1612 audebant,
2509 1545 2603 1602 sed
2627 1545 2878 1602 directim
2915 1544 3209 1600 tendebant
3250 1542 3494 1611 adusque

1910 1655 2092 1696 arcem
2122 1639 2392 1709 quondam
2421 1639 2854 1711 opinatissimam
2905 1636 3212 1708 Menapum,
3268 1634 3494 1690 Domino

214 1728 444 1801 biguum
492 1728 801 1783 interventu
847 1726 906 1780 Β.
963 1725 1111 1780 Petri
1167 1724 1394 1797 apostoli
1441 1724 1807 1794 precibusque

1923 1732 2031 1788 ullos
2057 1730 2453 1804 Christosicut
2475 1745 2604 1787 suos
2634 1729 3062 1787 misericorditer
3087 1727 3387 1790 liberando,
3422 1726 3493 1779 ita

215 1819 545 1875 exaudibilis
593 1818 800 1875 Christi
855 1816 1188 1874 confessoris
1235 1816 1465 1883 Bertini,
1494 1815 1550 1870 in
1579 1831 1809 1885 quorum

215 1910 377 1980 quasi
408 1910 462 1965 in
492 1925 679 1966 eorum
707 1909 1094 1965 contumeliam
1145 1906 1391 1963 ecclesiis
1425 1893 1541 1963 haec
1593 1907 1811 1961 fuerunt

217 2000 366 2056 facta
395 2008 451 2056 et
478 1999 643 2066 dicta,
670 1999 738 2055 ad
765 2014 926 2056 aures
948 1998 1165 2070 pietatis
1188 1999 1279 2054 Dei
1310 1997 1572 2068 superhis
1595 1997 1812 2067 indigne

217 2091 452 2149 ferentis
472 2091 639 2149 fuisse
676 2091 991 2163 suppliciter
1017 2090 1250 2163 prolata.
1304 2091 1566 2147 Actutum
1605 2092 1809 2147 etenim

212 2182 333 2253 jam
386 2182 532 2240 fatus
562 2175 794 2241 violat'or
818 2182 1082 2239 salutiferi
1114 2183 1282 2253 signi,
1319 2191 1380 2238 ut
1408 2183 1715 2250 credimus,
1744 2183 1812 2238 ad

221 2275 634 2348 impeditionem
679 2284 787 2330 tam
828 2274 1062 2331 crudelis
1107 2273 1291 2339 edicti,
1322 2288 1617 2345 percussus
1647 2273 1815 2345 proti-

220 2384 334 2424 nus
361 2374 447 2423 est
480 2366 638 2439 plaga
668 2366 979 2422 insanabili.
1030 2365 1166 2421 Nam
1217 2381 1279 2421 os
1306 2366 1356 2421 ei
1382 2374 1565 2421 sui)th
1595 2374 1815 2421 contra-

222 2473 380 2519 ctum
410 2472 494 2518 est
534 2477 657 2518 cum
716 2476 846 2516 aure
886 2461 1128 2532 adusque
1177 2460 1515 2531 occipitium,
1564 2460 1818 2531 oculique

226 2557 588 2614 subversione
609 2555 821 2620 retorti,
850 2563 906 2610 et
932 2569 1193 2625 spumans
1238 2562 1294 2611 et
1344 2563 1583 2609 tremens
1605 2552 1818 2610 voluta-

224 2651 395 2706 batur
419 2664 519 2721 per
551 2659 777 2704 terram.
801 2645 953 2715 Quod
977 2656 1266 2702 cernentes
1309 2644 1470 2716 paulo
1512 2654 1638 2701 ante
1666 2660 1819 2699 arru-

228 2756 429 2820 ganter
451 2746 736 2804 saevientes
758 2752 1041 2815 coeperunt
1086 2742 1412 2814 angustiari,
1458 2740 1679 2814 pallere,
1711 2751 1819 2796 tre-

231 2851 410 2902 mere,
436 2847 834 2906 percussosque
882 2831 1372 2902 commanipulares
1417 2830 1646 2888 dilectos
1666 2829 1819 2901 prius

232 2934 369 2982 tunc
400 2921 955 2981 velutabominabiles
970 2922 1266 2990 exsecrati,
1291 2921 1464 2979 solum
1491 2920 1590 2977 sibi
1612 2921 1820 2993 asylum

1912 1823 2118 1879 alienos
2146 1837 2177 1878 a
2206 1837 2267 1879 se
2295 1821 2477 1894 dignis
2520 1822 2895 1878 calamitatum
2936 1818 3268 1877 cruciatibus
3300 1830 3499 1887 percu-

1915 1917 2120 1981 tiemlo,
2144 1914 2518 1984 divinitusque
2550 1914 2828 1979 terrendo,
2859 1911 3019 1983 longe
3069 1909 3378 1981 perditione
3420 1917 3503 1963 te-

1912 2021 2125 2078 nnsque
2162 2006 2550 2077 propulsando.
2607 2003 2891 2060 “elatione
2929 2003 3076 2058 enim
3131 2015 3322 2057 eorum
3361 1998 3496 2053 lide-

1914 2098 2045 2153 lium
2094 2098 2187 2168 qui
2232 2097 2424 2168 praelia
2461 2094 3144 2153 interfueruntdidicimus
3195 2091 3340 2162 quod
3372 2104 3502 2158 per-

1914 2191 2201 2246 venientes
2248 2191 2315 2245 ad
2364 2190 2545 2245 locum
2606 2204 2718 2259 quo
2774 2186 3088 2248 tendebant,
3118 2185 3173 2239 in
3201 2197 3309 2237 uno
3328 2179 3501 2251 prrlii

1915 2297 2206 2353 congressu
2264 2281 2549 2337 duodecim
2589 2277 2853 2335 nobilium
2899 2283 3259 2347 pugnatorum
3286 2272 3354 2328 de
3394 2271 3501 2326 illis

1915 2372 2184 2445 proﬂigati
2236 2379 2381 2435 sunt,
2427 2369 2540 2426 Deo
2604 2369 2714 2424 illis
2772 2369 3059 2439 dignanter
3114 2364 3166 2419 in
3216 2375 3503 2417 numerum

1916 2465 2256 2522 occisionem
2309 2470 2367 2517 et
2423 2460 2837 2531 sacrilegiorum
2887 2456 3143 2513 meritam
3191 2453 3511 2523 pensionem

1918 2565 2390 2626 recompensante.
2802 2549 2808 2559 ’

1919 2671 2047 2728 CAP.
2071 2669 2163 2725 XI.
2199 2667 2444 2735 Qualiter
2472 2665 2715 2721 labarum
2747 2662 3037 2734 (vexillum)
3064 2676 3389 2735 paganorum
3419 2670 3505 2729 po:

1989 2743 2146 2797 situm
2170 2732 2271 2811 fuit
2294 2738 2688 2802 nitidissimum,
2716 2732 2764 2791 et
2792 2732 3430 2803 inventum’werrimum.

1989 2852 2258 2912 Antelatis
2304 2851 2468 2909 etiam
2519 2849 2739 2920 dignum
2770 2846 2984 2904 caelitus
3017 2843 3400 2902 transmissum
3448 2852 3505 2899 et

1922 2947 2110 3005 eodem
2138 2946 2190 3000 in
2214 2954 2456 3015 tempore
2470 2942 2665 2997 visum.
2696 2940 2828 2996 Post
2850 2937 3089 2995 exterius
3113 2934 3310 2990 atrium
3340 2942 3507 3005 porta:

232 3019 469 3092 perfugii
495 3025 827 3089 reputantes,
876 3017 920 3072 si
971 3016 1115 3071 viam
1145 3015 1296 3085 prius
1323 3024 1538 3071 veniam
1576 3024 1819 3085 repetere

1927 3035 2244 3094 coenobialis
2272 3032 2587 3090 monasterii
2636 3048 2744 3086 non
2794 3030 2952 3100 longe
2983 3025 3270 3084 retroactis
3299 3033 3507 3095 tempo-

233 3113 653 3170 concederetur.
681 3111 795 3167 Tali
830 3111 1011 3180 itaque
1059 3108 1155 3163 Dei
1188 3108 1419 3163 vindicta
1471 3107 1560 3162 alii
1590 3107 1705 3174 icti,
1731 3106 1822 3164 alii

236 3204 459 3268 territi,
507 3215 852 3275 praepropere
923 3199 1273 3270 arripuerunt
1346 3198 1566 3273 propria
1630 3196 1825 3263 vexilla

234 3291 540 3366 parietibus
591 3290 946 3348 ecclesiarum
1002 3288 1231 3354 innixa,
1282 3304 1404 3360 qua:
1473 3288 1607 3344 inibi
1660 3288 1827 3344 missa

235 3384 465 3455 byssino
518 3381 801 3454 splendore
865 3378 1153 3435 candentia
1224 3378 1588 3449 recipientes,
1643 3379 1827 3434 mirati

237 3485 371 3532 sunt
422 3476 576 3547 piceo
604 3474 786 3532 colore
834 3471 1141 3544 nigrantia;
1188 3485 1373 3539 sucque
1423 3470 1612 3538 rapido
1664 3485 1827 3525 cursu

238 3586 342 3642 per
372 3570 578 3626 medias
606 3570 906 3640 praccipites
929 3567 1233 3623 vacillando
1263 3573 1631 3636 proruperunt
1655 3566 1830 3621 eccle-

238 3666 379 3730 sias,
404 3680 511 3720 non
541 3664 664 3721 viuo
690 3664 858 3731 ebrii,
890 3664 986 3719 sed
1013 3661 1387 3733 indignatione
1413 3660 1505 3715 Dei
1527 3668 1582 3715 et
1608 3658 1830 3717 offensis

240 3765 561 3813 sanctorum
608 3754 986 3832 consternati:
1026 3753 1346 3822 tardumque
1410 3750 1491 3806 eis
1549 3750 1833 3806 videbatur

242 3850 565 3907 monasterii
587 3859 772 3920 portas
795 3849 1088 3920 attingere,
1118 3846 1189 3901 ita
1215 3854 1272 3900 ut
1298 3844 1477 3915 potius
1518 3841 1833 3898 laetarentur

244 3958 383 4002 tunc.
402 3946 472 4002 de
490 3946 658 4011 exitu,
682 3943 1026 4016 quam'paulo
1054 3953 1180 3998 ante
1207 3956 1372 4012 super
1400 3939 1492 3994 diu
1523 3936 1834 3994 desiderato

245 4038 501 4092 introitu.
529 4037 747 4107 Egressi
773 4052 901 4092 vero
944 4043 1002 4090 et
1049 4032 1447 4103 aliquantisper
1483 4044 1621 4100 pene
1650 4028 1835 4098 elapso

245 4128 447 4198 spiritu
500 4135 798 4196 resumpto,
838 4126 1176 4181 residuorum
1229 4119 1500 4176 recordati
1531 4126 1659 4174 sunt
1682 4118 1836 4173 debi-

248 4221 409 4277 limn.
440 4220 550 4277 Nec
573 4232 751 4277 tamen
782 4220 922 4277 ullus
951 4233 1139 4275 eorum
1183 4220 1350 4272 ausus
1401 4223 1486 4270 est
1515 4228 1614 4283 pro
1633 4213 1713 4271 eis
1752 4228 1834 4270 reo

246 4312 420 4380 verti,
448 4312 544 4368 sed
571 4321 826 4367 vocantes
853 4309 921 4365 ad
946 4324 1006 4365 se
1028 4308 1317 4379 quemdam
1354 4314 1638 4360 strenuum
1673 4301 1832 4370 juve-

1928 3130 2078 3186 ribus
2135 3145 2166 3185 a
2224 3128 2475 3200 religioso
2525 3125 2760 3197 quodam
2815 3122 3055 3194 ejusdem
3104 3120 3209 3176 loci
3246 3117 3539 3173 monaclm'

1927 3237 2118 3278 nemus
2137 3220 2409 3292 quoddam
2432 3214 2754 3288 frugiferum
2801 3211 3169 3285 pulcherrime
3197 3209 3429 3280 plantatt
3452 3222 3502 3259 m

1929 3308 2033 3366 fuit
2063 3326 2076 3363 :
2110 3309 2265 3380 cujus
2315 3308 2370 3364 in
2418 3306 2595 3362 medio
2624 3304 2777 3375 quasi
2805 3302 2960 3358 collis
2996 3300 3251 3355 tumhalis
3273 3297 3507 3360 exstitit,

1928 3403 2142 3458 habens
2197 3400 2248 3455 in
2276 3397 2590 3454 summitate
2635 3396 2719 3451 sui
2773 3394 2973 3466 pirum,
3006 3389 3160 3459 cujus
3182 3389 3295 3461 pira
3330 3387 3517 3444 nimia:

1929 3490 2313 3563 grossitudinis
2367 3486 2775 3557 dulcissimique
2839 3485 3050 3555 saporis
3076 3490 3272 3546 erant;
3310 3478 3512 3534 refere-

1930 3561 2197 3651 baturque
2218 3596 2247 3635 a
2271 3579 2577 3635 senioribus
2608 3592 2675 3633 ex
2702 3576 2987 3647 plantariis
3012 3561 3177 3629 fuisse
3207 3570 3506 3628 beatissimi

1931 3673 2109 3729 Patris
2162 3671 2389 3727 Bertini.
2435 3668 2798 3736 Quamobrem
2865 3665 3089 3721 Patrum
3139 3662 3373 3718 sancivit
3428 3661 3520 3715 ἰη-⁴

1932 3764 2162 3830 dustria,
2192 3762 2391 3818 fratres
2429 3759 2577 3816 omni
2620 3771 2764 3812 anno
2812 3755 3130 3812 solemniter
3168 3751 3395 3806 vestitos
3421 3748 3523 3819 ζευέ

1933 3855 2108 3913 cunda
2131 3852 2264 3909 feria
2292 3850 2515 3906 Pascha:
2538 3863 2660 3904 cum
2690 3846 2937 3916 reliquiis
2962 3853 3017 3900 et
3037 3839 3335 3913 psallentiis
3354 3837 3525 3908 (sicut

1934 3963 2053 4004 mos
2078 3954 2161 4002 est
2191 3952 2358 4000 totam
2383 3942 2530 3998 illam
2564 3937 2961 3996 hebdomadam
2998 3948 3098 4003 per
3130 3932 3373 3988 diversas
3396 3925 3514 3982 olli-

1936 4040 2088 4095 cinas
2139 4035 2365 4106 facere),
2415 4034 2555 4088 idem
2602 4029 2905 4101 pomarium
2932 4025 3175 4086 visitare,
3205 4027 3261 4076 ct
3291 4020 3342 4073 in
3398 4017 3514 4088 ipso

1937 4130 2233 4188 monticulo
2260 4126 2525 4197 completa
2578 4121 2829 4179 oratione
2880 4118 2946 4173 ad
3000 4113 3215 4187 publica
3247 4110 3509 4166 solemnia

1936 4220 2158 4279 reverti.
2201 4218 2355 4286 Quod
2403 4230 2593 4271 nemus
2651 4210 2778 4283 quia
2832 4210 2976 4264 inter
3026 4207 3132 4261 duo
3184 4200 3513 4257 nionasteria

1938 4324 2079 4380 erat,
2133 4327 2203 4369 ne
2247 4311 2386 4366 forte
2428 4304 2655 4363 latibulo
2709 4301 2941 4358 inimicis
2998 4305 3179 4362 esset,
3222 4290 3527 4351 Christiani-

248 4420 384 4461 nem
438 4404 710 4475 quondam
772 4404 1102 4473 captivatum
1131 4401 1198 4456 de
1220 4398 1433 4455 colonia
1482 4397 1543 4453 S.
1587 4395 1813 4452 Wlmari

1943 4407 2248 4475 exstirpare
2293 4401 2670 4457 decreverunt.
2728 4392 3023 4448 Venientes
3053 4388 3256 4456 itaque,
3290 4390 3349 4437 ut
3378 4394 3531 4453 prata

251 4498 351 4570 qui
379 4498 447 4553 ab
477 4497 631 4554 initio
660 4496 785 4552 huic
840 4494 989 4551 facto
1035 4494 1319 4555 intererat,
1372 4497 1748 4562 praeceperunt
1788 4487 1841 4542 ei

252 4601 322 4647 ut
350 4593 676 4664 quantocius
732 4598 967 4647 tentaret
1000 4588 1201 4653 redire,
1250 4600 1316 4641 ac
1363 4585 1408 4639 si
1461 4582 1565 4637 vivi
1611 4582 1845 4637 fuissent

252 4700 357 4741 eos
379 4684 694 4741 adduceret.
723 4681 823 4750 Qui
857 4694 1107 4736 reversus
1141 4677 1380 4746 iniuncta
1411 4673 1695 4744 perlicere,
1754 4687 1843 4726 re-

252 4781 405 4852 perit
429 4790 489 4835 ut
518 4790 646 4835 ante
673 4776 905 4833 errando
955 4777 1062 4830 huc
1114 4771 1347 4840 illucque
1376 4782 1470 4823 eos
1495 4767 1843 4836 palpitantes,

254 4891 328 4933 ac
384 4882 726 4950 contractum
779 4880 838 4925 ut
890 4870 1038 4940 prius
1062 4867 1333 4937 jacentcm
1372 4861 1485 4916 fere
1511 4860 1843 4923 exanimem,

253 4969 351 5040 qui
383 4979 440 5023 et
469 4966 624 5032 inibi,
651 4965 781 5034 quia
814 4963 994 5033 egredi
1040 4958 1307 5031 nequivit,
1343 4954 1627 5017 remansit,
1673 4952 1844 5023 pluri-

256 5064 477 5132 misque
523 5062 718 5117 diebus
770 5057 1154 5113 miserabiliter
1176 5054 1464 5108 tabescens
1485 5047 1845 5121 eleemosynis

1148 5162 1200 5176 ιη.
1212 5156 1222 5176 I
1235 5148 1462 5176 “unauna
1510 5143 1704 5176 tinnula

570 5154 585 5176 ι
614 5152 718 5176 -.δ’
742 5164 794 5176 ...
920 5152 931 5163 '
976 5150 989 5161 '
1070 5148 1082 5176 1

282 5170 524 5176 .--α-4----
590 5172 600 5176 μ
709 5170 741 5176 ι-
804 5166 850 5176 ιυ-
883 5160 1014 5176 αι...ιο
1090 5157 1134 5176 ul

1749 5158 1844 5176 1111-

1951 4471 2193 4560 tulimus,
2224 4492 2439 4565 pagani,
2500 4489 2553 4544 in
2609 4484 2835 4544 antelati
2862 4481 3014 4539 collis
3060 4476 3344 4535 cacumine
3375 4471 3525 4565 prin.

1949 4588 2123 4660 cipale
2160 4559 2436 4647 vexillum,
2489 4578 2634 4650 quod
2673 4578 2921 4632 latratum
2971 4572 3150 4626 vocari
3180 4565 3375 4631 ft'rtur,
3413 4559 3537 4647 alii;

1951 4652 2123 4751 stipiti
2157 4693 2257 4746 pro
2309 4684 2517 4728 terrore
2575 4669 2887 4729 inlixerunt,
2927 4675 3036 4732 quo
3072 4652 3535 4723 cuiinusprosm:

1941 4746 2207 4827 cientibus
2247 4775 2512 4821 terrorem
2539 4762 2827 4815 incuteret.
2861 4756 2971 4812 Sed
2992 4761 3049 4807 et
3082 4750 3305 4819 regione
3329 4746 3529 4801 eodem

1944 4860 1995 4915 in
2029 4860 2146 4914 loco
2173 4853 2483 4913 misericors
2513 4848 2774 4903 Dominus
2800 4840 3209 4901 cvidcntissime
3247 4833 3555 4891 declarare

1943 4951 2113 5005 voluit
2164 4944 2308 5018 quod
2335 4942 2448 5011 ipse
2480 4940 2546 4994 de
2570 4937 2696 4992 cazlo
2743 4934 2972 5007 respicit
2997 4947 3156 5001 super
3183 4928 3322 5000 ﬁlios
3363 4924 3563 5018 110ιηὶ-

1943 5058 2095 5104 num,
2121 5009 2368 5093 att-videat
2397 5031 2442 5084 si
2487 5038 2561 5082 est
2610 5025 2906 5095 intelligens
2944 5030 3035 5076 aut
3065 5009 3577 5104 requirenslleunr

1957 5097 2132 5176 (Phil-
2161 5143 2284 5176 XIII.
2311 5120 2390 5176 il.
2424 5117 2559 5173 Nam
2585 5116 2831 5170 labarum
2879 5110 3169 5176 prmi-«tum
3211 5097 3354 5173 quod
3407 5097 3582 5151 niti...
